2562 4279
216 105 295 147 140

70 174 148 207 Ann.
162 172 323 210 D·San‹stae
333 173 481 208 Romanae
495 175 627 207 Ecclesiae
646 168 890 203 Vicecancellario
927 166 1141 211 Qinquaginta
1164 163 1277 207 Marcas

97 221 183 252 1317.
210 217 247 248 de
263 216 344 248 Festo
362 216 474 246 Paschae
494 214 635 247 Proximo
652 209 791 252 praeterito
806 230 816 247 ,
837 206 874 242 de
897 190 1034 251 Feniione
1060 205 1277 244 Qiinquaginta

70 253 138 281 ΠΨ·
149 261 176 279 ²·
216 254 400 290 Marmrum,
421 263 504 291 quam
520 253 555 282 de
572 251 654 281 nobis
670 255 787 286 percipit
801 255 957 277 ammaum.
1096 282 1101 287 .

284 292 372 324 Teste
386 290 469 328 Rege
483 290 554 329 apud
569 286 794 328 Wyndesoram,
815 293 858 324 15.
877 285 923 316 die
937 282 1124 317 Novembris

285 424 335 455 De
353 418 494 463 Potestate
506 446 516 462 ,
542 417 586 451 ad
602 419 747 462 Penfiones
767 414 980 451 Cardinalibus
995 410 1203 448 concedendas.

67 512 148 544 Ann.
163 508 202 543 D.
223 505 345 561 REX
359 505 507 541 Omnibus,
522 503 555 534 ad
571 513 641 542 quos
651 527 660 543 ,
677 504 738 536 &c.
756 503 877 535 salutem.
1135 537 1141 542 ι

94 560 178 592 ¹317·
318 545 415 575 Sciatis
427 543 523 583 quod,
540 544 611 573 cum
624 553 675 573 nos
692 553 797 582 nuper,
814 540 1015 573 considerantes
1027 539 1159 575 Negotia
1172 533 1265 566 nostra
1274 554 1284 571 ,

67 594 121 620 Aa.
145 599 186 620 ιι,
219 586 249 614 in
264 581 369 614 saneta
382 581 514 613 Romana
530 580 635 619 Curia,
653 592 701 620 per
715 581 931 612 Promotionem
948 580 982 610 δε
997 578 1185 622 maturitatem
1193 572 1284 617 ¹Con-

67 632 100 655 Ε.
122 637 149 654 2.
219 623 284 660 silii,
302 621 513 652 Venerabiliiim
529 620 664 659 Patrum,
681 620 881 651 Domitiorum
890 617 1080 649 Cardinalium
1116 615 1150 644 δε
1165 612 1285 643 aliorum

68 670 118 694 Par
138 675 184 695 1i.
214 662 280 700 juris
297 661 451 698 peritorum
467 659 575 691 ibidem
585 682 596 699 ,
614 669 667 698 pro
683 659 778 694 nostro
793 658 943 689 honore&
959 638 1120 687 commodo
1127 650 1207 691 posse
1214 659 1285 681 con-

66 707 98 731 Ε.
110 713 132 730 2.
140 711 164 741 p.
179 714 201 731 i.
217 699 309 730 sultius
323 699 492 736 pertractari:
1048 733 1052 738 ι
1187 729 1191 735 Ι

67 752 103 770 m.
122 751 163 778 ¹5·
255 737 291 768 Et
306 737 384 776 qubd
399 737 487 767 iidem
501 736 678 779 cardinales,
695 737 730 769 &
746 736 791 768 alii
804 736 886 766 nobis
896 758 906 774 ,
922 735 952 764 in
968 732 1067 777 nostris
1089 728 1210 776 agendis.
1220 750 1230 765 ,
1249 737 1286 772 eo

218 777 309 807 utilius
324 777 357 807 &
372 776 521 808 ferventius
534 775 705 814 assisterent,
719 785 777 814 quo
791 776 807 805 a
821 773 914 805 nostra
931 771 1125 804 munificentia
1141 766 1286 806 gratiosius

218 816 245 845 se
260 815 407 846 noscerent
422 815 586 850 honoratos:
1086 847 1091 852 ι
1116 845 1125 855 Α
1188 845 1192 850 ,

258 854 321 891 Ac,
338 853 373 884 de
389 852 518 884 fidelitate
534 853 668 892 probata,
686 853 719 883 &
743 850 998 889 circumspeffione
1013 845 1148 886 provida,
1164 843 1286 888 dilecto-

218 902 282 924 rum
297 893 330 923 &
345 891 472 923 fidelium
484 892 662 930 nostrorum,
671 891 880 922 Venerabilium
889 888 1002 919 Parrum
1015 909 1025 924 ‚
1041 884 1197 928 *johannus
1205 881 1286 912 Nor-

218 931 362 969 wicensis,
380 930 559 968 &Johannis
574 930 705 968 Eliensis,
724 929 931 971 Episcoporum
949 950 958 965 ,
976 925 1115 970 Adorriari
1130 922 1167 952 de
1180 920 1285 950 Valen-

215 969 256 1000 tia
271 968 395 1000 Comitis
408 969 606 1000 Pembrochia:
621 968 832 1005 Consanguinei
845 966 933 997 nostri
947 964 1096 1001 carissimi,
1114 961 1149 993 &
1170 958 1286 990 Bartho-

214 1008 314 1039 lomaei
327 1007 362 1039 de
377 1008 563 1039 Badelesmere
581 1006 701 1046 Militis,
719 1007 830 1044 plenam
844 1005 978 1048 fiduciam
993 1008 1177 1046 reportantes,
1194 1037 1209 1043 ..
1241 1035 1248 1041 .

254 1046 441 1077 Concedendi
458 1047 576 1079 nomine
589 1045 704 1085 nostro,
724 1045 870 1076 Pensiones
883 1041 1097 1086 Cardinalibus,
1116 1039 1150 1069 ὃς
1166 1036 1224 1080 aliis
1236 1045 1282 1074 Ju-

212 1085 340 1124 risperitis
354 1085 389 1115 de
405 1084 539 1116 Romana
553 1083 643 1114 Curia
663 1083 821 1122 supradiffiffi
835 1106 845 1121 ,
868 1083 943 1120 juxta
966 1080 1164 1111 discretionem
1190 1075 1284 1105 dic‘to-

213 1134 297 1161 rum,
313 1123 521 1161 Episcopoi·um
530 1146 541 1162 ,
560 1122 702 1162 Comitis,
720 1123 753 1154 &
769 1121 887 1158 Militis,
904 1120 937 1151 &
950 1127 1032 1158 prout
1039 1127 1091 1156 pro
1106 1116 1217 1147 honore
1231 1123 1285 1144 no-

215 1162 273 1194 stro
287 1163 320 1193 &
334 1163 494 1193 commodo
506 1162 632 1192 viderent
646 1171 679 1192 ex
701 1161 789 1192 edire:
1046 1195 1051 1200 ⁵
1213 1192 1218 1196 .

255 1201 300 1232 Ac
317 1201 420 1231 Literas
435 1201 490 1232 suas
504 1201 570 1231 inde
586 1200 678 1232 facien
698 1202 723 1238 i,
741 1199 860 1230 nomine
883 1196 980 1227 nostro
994 1219 1004 1235 ,
1027 1193 1148 1231 eisdem,
1165 1190 1283 1230 Episco-

218 1241 262 1279 pis
296 1239 425 1279 Comiti,
443 1241 477 1271 &
491 1239 581 1270 Militi
616 1239 809 1277 conjunctim,
933 1274 937 1279 ⁵

258 1262 375 1309 Flenam
385 1301 394 1316 ,
411 1289 460 1316 per
476 1277 581 1308 nostras
588 1262 718 1308 Fatentes
733 1276 856 1319 Literas,
874 1273 1045 1305 dedissemus
1059 1268 1246 1310 potestatem3

257 1317 304 1348 Ac
320 1317 421 1355 iidem,
439 1316 590 1354 Episcopi,
608 1315 734 1354 Comes,
753 1315 787 1345 δε
803 1313 908 1352 Miles,
1004 1352 1009 1357 ¹
1147 1348 1152 1353 ¹
1178 1347 1183 1352 ¹

255 1355 438 1386 Attendentes
455 1355 599 1387 laudabilia
619 1354 732 1392 merita,
750 1353 915 1383 venerabilis
933 1350 1042 1394 Patris,
1059 1348 1185 1393 Domini
1195 1345 1285 1390 Ὀψ-

217 1394 329 1432 cellini,
347 1394 417 1425 tituli
431 1394 601 1424 Sanctorum
622 1392 784 1423 Marcellini
805 1392 838 1423 &
852 1390 929 1421 Petri
949 1389 1095 1433 Presbiteri
1115 1384 1286 1430 Cssfdmallsy

214 1434 301 1465 dietae
325 1432 429 1463 Rornae
450 1431 584 1462 Ecclefiae
599 1430 848 1468 vicecancellarii,
864 1430 897 1460 &
921 1429 1104 1460 sinceritatem
1125 1424 1288 1456 dileetionis

214 1474 327 1504 intimae
337 1494 345 1510 ‚
363 1471 420 1510 quii
434 1470 526 1501 didius
541 1469 697 1502 Cardinalis
712 1479 781 1508 nos,
798 1469 832 1501 &
844 1468 982 1508 Regnum
1003 1465 1132 1497 nostrum
1154 1462 1288 1494 haetenus

230 1511 253 1542 st
287 1511 437 1541 rosecutus:

211 1522 228 1544 e
304 1549 468 1580 nsiderantes
481 1548 568 1578 etiarn
603 1546 660 1578 uod
682 1546 775 1577 nostra
789 1569 799 1585 ,
819 1546 853 1577 ὃς
868 1545 940 1588 dicti
963 1544 1061 1581 Regni
1081 1542 1169 1588 nostri
1181 1540 1288 1576 Nego-

218 1590 274 1627 tia,
291 1589 321 1618 in
336 1587 415 1618 dicita
429 1586 564 1617 Romana
607 1585 665 1616 uria
677 1595 712 1616 eo
728 1593 858 1623 poterunt
873 1583 1014 1616 subiistere
1032 1582 1157 1626 firmius,
1174 1581 1207 1612 &
1217 1579 1287 1623 ube-

215 1628 271 1658 risis
286 1626 454 1665 prosperari,
474 1635 533 1664 quo
546 1625 639 1663 magis
651 1624 753 1655 fuerint
766 1623 838 1655 dieti
851 1623 977 1654 Domini
991 1619 1148 1653 Cardinalis
1162 1618 1289 1658 praesidio

218 1674 412 1698 communita·

255 1704 359 1736 Eidem
373 1689 511 1735 Dbmino
532 1700 680 1734 Cardinali
695 1701 911 1740 Quinquaginta
932 1698 1047 1730 Marcas
1065 1697 1290 1744 sterlingorum,

219 1753 319 1775 annuae
330 1742 491 1780 Pensionis,
508 1741 558 1773 sibi
573 1742 714 1772 annuatim
729 1741 760 1770 iri
778 1740 858 1770 dicta
876 1738 966 1770 Curia
982 1737 1118 1768 Romana
1133 1734 1289 1778 persolveri-

220 1783 286 1822 das,
304 1783 334 1811 in
348 1782 490 1812 Termino
504 1779 618 1811 Paschae
628 1803 637 1817 ‚
655 1779 729 1809 Vice
742 1779 775 1810 &
790 1780 907 1808 nomine
921 1776 1017 1807 nostro
1032 1799 1043 1816 ,
1067 1786 1100 1806 ac
1110 1784 1174 1818 ¹pro
1188 1774 1290 1811 nobis,

224 1820 427 1858 concesserint,
446 1827 530 1857 prout
545 1820 574 1849 in
590 1818 687 1848 Literis
702 1816 860 1847 Patentibus
873 1816 1017 1846 dictorum
1034 1838 1044 1853 ,
1060 1813 1269 1858 Episcoporum
1282 1834 1292 1850 ,

221 1859 362 1898 Comitis,
380 1859 413 1890 &
431 1858 553 1896 Militis,
571 1857 637 1887 inde
649 1855 789 1887 confectis
803 1856 886 1893 (quas
899 1854 1084 1893 inspeximus)
1108 1853 1213 1891 plenius
1221 1860 1292 1882 con-

219 1906 337 1930 tinetur:
1231 1928 1236 1934 ι

257 1936 322 1966 Nos
336 1934 548 1966 concessionem
568 1944 668 1965 annuae
690 1932 834 1964 Pensionis
849 1931 994 1970 praedistae
1010 1954 1019 1969 ,
1036 1930 1134 1962 nostro
1154 1937 1293 1966 nomine,

219 1975 253 2006 δε
270 1984 321 2012 pro
335 1974 432 2004 nostro
448 1975 558 2003 honore
574 1973 612 2004 sic
634 1971 740 2003 saetam
757 1993 767 2010 ,
788 1979 984 2009 acceptamus,
1003 1970 1037 2001 ὅ(
1058 1977 1157 2000 tenore
1175 1966 1295 2006 paesen-

220 2013 310 2051 tium,
326 2012 521 2050 approbamus.

259 2050 295 2082 In
310 2051 404 2088 cujus,
422 2051 482 2081 &c.
988 2085 994 2091 ἢ

292 2089 362 2121 Dat.
375 2089 448 2127 apud
463 2087 670 2131 Wyndesoram
678 2111 689 2127 ‚
711 2095 753 2127 ις.
770 2086 816 2118 die
828 2084 1017 2117 Novembris.

82 900 103 920 *³
123 901 176 929 ΙΙΙ.

83 940 148 975 678.

521 2168 575 2196 Per
593 2165 676 2206 ipfinw
693 2168 788 2203 Regem
805 2166 964 2194 Nunciante
981 2160 1169 2202 Thqfizurario.

374 2293 434 2324 Pro
454 2288 637 2324 Hominibus
652 2291 688 2327 (3-
710 2286 939 2321 Mercatoribus
955 2286 991 2320 de
1003 2287 1135 2333 Biftaia.

66 2335 143 2412 Αιγέῃι
147 2333 197 2411 71).
224 2375 342 2432 REX
357 2376 491 2420 omnibus
507 2374 617 2421 Ballix'is
630 2375 664 2406 δι’
679 2373 820 2417 Ρίἀρίὼυε
834 2373 901 2417 suis,
918 2373 954 2403 ad
968 2383 1054 2411 quOS,
1072 2373 1132 2417 &0
1151 2372 1273 2404 salutern.

66 2416 130 2469 ΔΛ,
142 2421 184 2440 1¹·
307 2414 419 2469 ‘Sciatis'
431 2413 527 2458 quod,
543 2423 613 2445 cum
632 2412 804 2455 Magnificus
821 2412 972 2481 prlioeps'
983 2411 1133 2479 &ominus
1147 2412 1292 2481 Ablsofi‘sus,

66 2455 187 2517 {lusit
226 2452 419 2537 {QffiRpSi
425 2451 866 2536 ssssssissgziffeffiisssssssfffossss
884 2460 1000 2533 ιῖἴῑᾶἓὲζ
1015 2461 1104 2531 ¹333}
1121 2462 1295 2534 3432}ssssssss

67 2531 204 2606 {Zp-13*
225 2529 651 2600 gigzigessetpgrtitlgtrismffispaiae
666 2552 675 2567 ‚
700 2538 752 2568 pro
772 2528 854 2566 ipsius
870 2527 960 2565 Regis
980 2527 1155 2559 Vassalorum
1170 2528 1294 2568 deliciis,

265 2608 347 2647 Nos,
362 2608 397 2639 ad
412 2608 622 2646 requisitionem
636 2606 767 2645 praedic‘ti
781 2605 873 2642 Regis
885 2628 895 2643 ,
920 2604 1107 2637 concessimus
1120 2605 1296 2638 Hominibus

222 2647 257 2678 ὃ(
272 2646 478 2679 Mercatoribus
491 2646 527 2677 de
539 2646 620 2676 Villis
638 2645 673 2676 de
695 2645 831 2683 Bermeo,
849 2643 946 2674 Bilbao
959 2666 968 2682 ‚
986 2643 1141 2684 Placentia,
1162 2645 1295 2683 Alleque-

222 2687 289 2724 cio,
304 2696 336 2716 ac
352 2686 436 2716 etiam
451 2684 508 2715 aliis
522 2683 619 2723 Villis,
636 2684 706 2714 infra
726 2683 833 2714 distani
847 2682 969 2713 Terram
987 2681 1101 2714 Biscai'ae
1122 2683 1293 2724 constitutis,

245 2724 304 2755 uod
318 2724 385 2762 ipsi,
402 2723 446 2755 vel
461 2733 559 2754 eorum
574 2723 651 2754 bona
664 2732 845 2760 quocumque
862 2721 1026 2759 Locorum,
1044 2723 1075 2752 in
1092 2722 1226 2760 potestate
1240 2734 1294 2753 no-

252 2763 281 2794 ra
293 2763 417 2801 inventi,
434 2772 488 2800 pro
504 2762 596 2800 aliquo
609 2761 706 2793 debito
723 2760 776 2798 (de
792 2770 851 2798 quo
866 2759 1067 2804 Fidejusi'ores,
1083 2770 1127 2792 aut
1148 2760 1294 2800 Principa-

225 2802 263 2837 les
275 2801 415 2832 debitores
437 2810 497 2831 nori
518 2801 674 2837 extiterint)
699 2809 752 2829 nec
776 2800 860 2829 etiam
883 2808 935 2837 pro
956 2798 1047 2836 aliqua
1065 2799 1294 2841 transgressione,

224 2840 270 2875 seu
284 2839 407 2877 delicto,
425 2839 459 2870 ali
481 2838 577 2877 uibus,
592 2839 627 2869 de
641 2837 774 2882 potestate
787 2837 898 2876 nostra,
918 2847 967 2875 per
987 2838 1127 2870 Homines
1142 2840 1174 2870 ἃ
1190 2840 1294 2871 Subdi-

223 2888 268 2910 tos
281 2878 351 2913 dicti
367 2877 459 2915 Regis
489 2878 610 2915 spamiiae
625 2876 770 2907 inferenda
780 2899 789 2913 ,
807 2876 959 2907 nullatenus
979 2877 1146 2917 arestentur,
1170 2879 1219 2910 nisi
1234 2879 1294 2910 for-

223 2919 270 2956 te,
294 2916 466 2954 Principales
487 2915 692 2954 Perpetratores
717 2914 818 2946 fuerint
838 2914 874 2946 de
894 2914 1035 2946 Potestate
1049 2939 1058 2955 ,
1082 2917 1126 2948 vel
1149 2916 1294 2950 Comunia

226 2956 327 2988 Terrae
343 2955 457 2986 Biscaiae
471 2954 649 2993 supradictae:

263 2993 300 3024 Et
316 2994 380 3024 ideo
394 2995 477 3024 vobis
491 2992 656 3023 mandamus
671 2991 749 3030 quod
764 2990 914 3030 praedictos
928 3015 938 3030 ,
962 2992 1106 3024 Homines
1127 2995 1160 3025 &
1177 2995 1293 3026 Merca-

226 3042 316 3071 tores,
333 3033 370 3063 de
382 3031 517 3070 praedicta
531 3030 627 3062 Terra
643 3030 773 3068 Biscaiae,
797 3039 895 3061 contra
914 3030 987 3062 hanc
1008 3033 1219 3065 concessionem
1240 3045 1293 3066 no—

228 3071 313 3102 stram
323 3094 332 3110 ,
351 3081 410 3101 non
424 3070 576 3100 molestetis
589 3071 619 3099 in
634 3070 727 3107 aliquo
742 3069 786 3098 seu
802 3070 929 3106 gravetis.

264 3109 298 3140 ln
312 3111 406 3148 cujus,
423 3110 482 3140 &c.
501 3108 634 3148 quamdiu
648 3108 729 3138 nobis
740 3107 872 3145 placuerit
885 3107 1030 3139 duraturas.

302 3148 392 3178 Teste
405 3147 488 3215 Rege
500 3147 575 3186 apud
590 3144 872 3177 westmonasterium
881 3168 890 3184 ,
908 3156 955 3176 20.
974 3147 1019 3178 die
1032 3147 1217 3180 Novembris.

336 3189 414 3224 Dupp
428 3190 494 3216 icat.

294 3261 444 3292 Onfimiles
461 3261 562 3293 Literoe
576 3263 734 3300 diriguntur
747 3260 904 3293 Senescallis
928 3260 1094 3302 Vaseoniae,
1112 3265 1146 3295 δε
1163 3264 1295 3296 Comita-

311 3300 355 3331 tsis
370 3300 502 3339 Pontivi,
521 3303 568 3339 qui
585 3311 660 3331 nunc
676 3300 752 3338 sunt,
771 3300 816 3330 vel
830 3302 878 3338 qui
892 3309 946 3337 pro
960 3310 1089 3339 tempore
1104 3313 1199 3341 erunt,
1218 3304 1295 3335 Prae-

227 3340 338 3378 positis,
357 3339 512 3378 Ministris,
531 3341 564 3370 ὅε
580 3340 713 3370 omnibus
733 3339 842 3369 Ballivis
855 3339 888 3369 &
904 3337 1029 3370 fidelibus
1044 3340 1134 3379 Regis
1147 3365 1157 3380 ,
1183 3343 1213 3373 in
1228 3342 1295 3374 Du-

229 3386 300 3445 catli}¹
309 3379 341 3409 δε
356 3377 505 3447 Gomgffu
522 3378 664 3416 praediffls
676 3376 849 3416 constitutis,
865 3377 898 3408 ad
915 3387 1001 3417 quos,
1016 3379 1077 3410 &c.

305 3427 496 3523 {Esiss'Rege
512 3453 584 3494 apud
602 3453 907 3494 Westmonasterium,
926 3464 975 3486 20.
993 3455 1039 3487 die
1053 3456 1240 3490 Novembris.

366 3502 413 3532 upp
423 3506 445 3523 u·
482 3516 488 3522 .

105 3635 123 3655 ,μ
144 3636 199 3663 HL
264 3614 284 3633 *
308 3618 357 3648 De
374 3615 540 3663 affignaris,
565 3618 608 3652 ad
623 3621 780 3653 Petitiones
799 3619 1008 3653 cardinalium
1023 3621 1247 3656 examinandis.

83 3678 212 3743 Anfixissbn
232 3700 312 3769 ΚΕΙ
321 3702 368 3749 XN,
383 3705 490 3736 dilectis
503 3706 674 3751 &fidelibus
692 3710 742 3740 suis
751 3709 908 3752 ,yValtero
921 3709 958 3741 de
972 3710 1132 3755 NorwicO,
1159 3711 1293 3744 Heniico

103 3758 190 3788 13¹7·
313 3752 328 3771 e
341 3743 429 3780 berop
439 3767 448 3781 ,
466 3746 626 3777 willielmo
639 3747 673 3777 de
688 3748 834 3788 Bereiord,
852 3748 884 3780 δε
897 3748 1021 3788 Johanni
1042 3749 1077 3780 de
1099 3749 1202 3790 Foxle,
1225 3751 1293 3782 salu-

111 3803 117 3814 r
130 3809 136 3815 .
188 3809 194 3816 .
232 3787 300 3810 tem‘

83 3792 181 3857 ς’,ῃῖι
243 3857 248 3862 .
270 3816 349 3847 Cum
360 3840 368 3855 ‚
386 3822 553 3852 venerabiles
573 3822 681 3866 PatreS,
698 3824 839 3863 Domini,
857 3825 1020 3859 Gauselinus
1035 3826 1188 3867 Johannis‚
1207 3828 1293 3860 Titu-

84 3869 141 3893 Pas.
161 3874 202 3893 1¹,
231 3855 250 3886 li
267 3855 434 3885 Sanctorum
450 3857 609 3890 Marcellini
628 3862 661 3892 &
678 3862 753 3894 Petri
768 3887 777 3901 ,
801 3862 984 3905 presbiterus,
1001 3866 1034 3896 &
1050 3865 1161 3905 Lucas,
1178 3866 1290 3898 San&ae

84 3908 113 3930 E.
133 3913 157 3929 2,
172 3910 196 3941 ρ,
236 3893 339 3938 ΝῘβΥίπ
354 3895 382 3923 in
406 3894 460 3924 Via
476 3897 532 3936 Alata
546 3899 691 3943 Diaconus
704 3924 714 3940 2
738 3901 918 3942 Cardinales,
942 3905 972 3937 'm
986 3904 1096 3943 Regno
1118 3905 1217 3937 nostro
1227 3907 1289 3947 jam

88 3951 111 3970 3,
125 3951 160 3969 m,
174 3953 216 3971 30·
234 3932 397 3969 existentes,
415 3934 542 3970 quaIdam
558 3945 719 3977 petitiones,

268 3970 356 4010 Super
377 3970 487 4003 diversis
501 3972 703 4029 Collauonibus
724 3977 945 4015 Proebendarum
957 3980 990 4012 ὅς
1010 3980 1203 4025 Hospitaliiarn
1223 4005 1235 4023 ,
1256 3982 1291 4016 δι’

659 75 1463 129 CONVENTIONES‚

1520 78 1913 129 LITERAE,

1316 165 1579 197 Praestentationibus
1593 166 1780 198 Ecclefiarurn
1794 190 1804 205 ‚
1827 178 1876 206 per
1896 178 1947 198 nos
1969 167 2048 198 sactis
2063 189 2072 204 ,
2098 166 2133 197 de
2154 168 2253 204 quibus
2269 166 2326 205 illi,
2343 167 2391 205 qui
2412 154 2486 187 Asm-
2500 154 2540 192 D·

1316 206 1390 243 prius
1397 204 1558 243 poffeffioni
1565 205 1704 236 dictarum
1712 205 1944 245 Praebendarum,
1953 206 2139 244 Hospitalium
2147 205 2191 244 ,&
2200 206 2389 236 Ecciefiamm
2433 204 2444 224 ¹
2452 204 2465 236 3
2473 206 2483 226 1
2490 205 2516 235 7»

1317 244 1539 281 incumbebant,
1556 244 1582 274 se
1595 243 1715 275 sentiunr
1730 253 1873 284 gravatos,
1891 254 1921 276 ut
1934 243 2071 282 asseritur,
2249 276 2251 278 ,
2411 236 2478 262 fdv.
2495 244 2520 264 ²·

1355 281 1453 313 Nobis
1473 281 1650 314 liberaverint
1663 306 1673 321 ,
1698 283 1881 321 supplicantes
1894 293 1942 323 ut,
1959 284 1978 314 fi
1993 294 2058 322 quae
2081 291 2130 320 per
2152 291 2218 320 nos,
2237 281 2282 313 seu
2306 283 2392 322 alios,

1320 321 1441 351 nomine
1456 320 1569 359 nostro,
1588 322 1619 351 in
1636 321 1858 360 Collationibus,
1876 322 1921 353 seu
1945 320 2205 353 Praesentationibus
2231 320 2390 359 praedietis,

1322 359 1417 389 minus
1430 360 1484 389 rite
1501 358 1576 390 fadisa
1592 359 1695 391 fuerint
1710 384 1720 399 ,
1742 359 1787 391 seu
1809 362 1892 391 etiam
1914 369 2090 400 attemptata,
2109 371 2140 391 ca
2166 358 2285 390 velimus
2300 359 2392 390 modo

1322 397 1423 429 debito
1438 397 1533 429 facere
1548 398 1706 429 emendari:

1357 435 1441 474 Nos,
1461 436 1585 467 volentes
1598 437 1757 476 hujusmodi
1771 436 1980 476 supplicationi,
1998 446 2130 476 quatenus
2142 437 2198 468 {ine
2213 434 2340 476 offensa,
2358 437 2392 467 δε

1321 474 1408 505 nostri
1423 475 1586 513 praejudicio
1599 475 1658 507 fieri
1673 477 1792 515 poterit,
1802 475 2041 515 condescendere,
2059 485 2141 514 prout
2156 476 2239 506 decet
2273 473 2393 512 affigna-
2454 493 2456 495 >

1322 514 1416 544 vimus
1427 523 1479 544 vos
1493 523 1612 554 omnes,
1632 515 1730 546 &tres
1742 514 1869 546 vestrum
1878 537 1888 553 ,
1906 514 1941 545 ad
1953 524 2051 546 omnes
2066 516 2099 545 &
2109 515 2226 552 singulas
2242 497 2394 544 f’etitiones

1323 552 1468 590 praedieias
1484 552 1568 590 (quas
1586 554 1668 584 vobis
1691 555 1830 585 mittimus
1846 577 1855 591 ,
1872 553 1922 584 sub
1952 553 2023 592 pede
2043 552 2136 590 Sigilli
2157 551 2264 588 nostri)
2283 551 2393 589 plenius

1323 590 1562 628 examinandum,
1579 592 1613 622 δε
1628 592 1661 623 ad
1677 602 1725 631 ea,
1744 602 1809 631 quae
1822 593 1852 622 in
1866 591 1986 630 eisdem,
2004 591 2049 622 vel
2057 600 2156 623 eorum
2170 590 2278 629 aliqua,
2296 592 2392 621 nomi-

1323 639 1361 659 ne
1381 628 1496 667 nostro,
1518 630 1613 660 minsis
1626 630 1679 661 rite
1693 631 1781 670 faeta,
1799 631 1843 662 seu
1858 631 2001 668 prosecuta
2017 631 2136 660 inveniri
2152 629 2322 668 contigerit,
2339 639 2394 660 vo—

1324 669 1392 698 catis
1407 667 1542 698 vocandis
1552 677 1651 698 coram
1667 669 1765 708 vobis,
1782 669 1872 700 modo
1886 669 1985 700 debito
2001 668 2219 709 corrigendum,
2238 667 2313 700 salvo
2322 668 2397 699 sem-

1324 716 1375 744 per
1388 707 1418 736 in
1434 706 1568 736 omnibus
1581 706 1643 744 jur'e
1658 707 1769 738 nostro:

1361 743 1397 774 Et
1413 744 1481 775 ideo
1494 745 1577 774 vobis
1593 745 1757 776 mandamus
1773 745 1868 784 quod,
1893 747 2000 777 vocatis
2021 745 2156 777 vocandis
2178 755 2275 777 coram
2296 745 2398 784 vobis,

1323 783 1468 851 &lauditis
1481 792 1582 852 eoi-gem
1596 784 1767 823 rationibus,
1782 783 1923 823 praemissa
1938 785 2043 816 faciatis
2058 786 2087 815 in
2101 784 2197 815 formai
2212 783 2357 822 praediffi.

1377 832 1396 851 n
1415 831 1514 857 cinus,
1567 832 1594 852 c.

1326 896 1362 929 N
1399 856 1589 928 Tege-Rege
1608 860 1682 899 apud
1703 859 1992 894 westmonasterium
2008 885 2018 901 ,
2044 861 2181 893 vicesimo
2202 860 2330 893 secundo
2350 861 2397 894 die
2523 878 2543 907 0

1363 907 1449 930 ovem
1472 908 1517 930 ris.

1777 939 1832 968 Per
1848 937 1929 978 ipficm
1941 941 2040 978 Regem
2060 938 2099 974 ὠ·
2116 938 2268 970 Concilium.

1397 1064 1488 1108 Super
1507 1061 1640 1109 quadam
1659 1066 1772 1096 enormi
1787 1061 1986 1110 Osprffone,
2011 1066 2043 1095 in
2063 1064 2158 1096 Curia
2180 1067 2329 1098 Romana.

1324 1146 1381 1201 R
1394 1147 1479 1184 EX,
1496 1148 1656 1179 Venerabili
1672 1149 1701 1178 in
1722 1147 1839 1181 Christo
1862 1148 1956 1187 Patri,
1976 1147 2114 1180 Domino
2137 1147 2191 1179 W.
2212 1147 2271 1179 Dei
2291 1149 2398 1190 gratia,
2422 1150 2495 1182 Ann.
2511 1151 2549 1185 D.

1401 1186 1497 1218 Sansti
1512 1185 1621 1218 Ciriaci
1643 1189 1673 1218 in
1695 1187 1829 1226 Tenuis,
1856 1187 2016 1219 Presbitero
2040 1187 2199 1226 Cardinali,
2226 1187 2334 1219 Amico
2348 1187 2398 1220 suo
2445 1200 2527 1231 1317.

1322 1224 1482 1261 cariffimo,
1500 1225 1670 1265 Edwardus,
1689 1225 1791 1257 eadem
1809 1227 1917 1266 gratia,
1933 1228 1994 1259 &a
2012 1227 2125 1258 salutem
2148 1227 2182 1257 &
2198 1226 2396 1265 sinceraeydile-
2419 1232 2472 1258 Aa.
2493 1239 2534 1260 ii.

1324 1264 1429 1294 &ionis
1443 1263 1590 1294 affecitum.
2417 1271 2447 1296 Ε.
2464 1277 2491 1296 2.

1361 1301 1409 1332 De
1424 1302 1523 1333 vestrae
1538 1304 1662 1340 probatae
1678 1303 1854 1339 gratitudinis
1866 1305 1983 1343 puritate
1989 1303 2191 1335 confidentiam
2206 1311 2393 1343 reportantes,
2415 1310 2487 1334 Rom.
2502 1305 2537 1341 ό,

1323 1340 1423 1371 vestrae
1438 1340 1596 1371 dilectionis
1611 1341 1761 1372 subsidium
1776 1342 1855 1380 super
1871 1345 2012 1381 negotiis,
2031 1352 2082 1373 nos
2095 1343 2129 1373 &
2143 1342 2254 1373 nostros
2270 1352 2390 1380 tangen-
2415 1348 2455 1372 Fr.
2478 1354 2520 1374 ii.

1324 1379 1413 1417 tibus,
1431 1381 1460 1409 in
1474 1379 1576 1411 Samira
1590 1379 1725 1411 Romana
1741 1380 1830 1412 Curia
1843 1381 2042 1421 expediendis,
2058 1391 2128 1412 curn
2144 1381 2275 1420 expedire
2291 1381 2394 1412 videri-
2418 1387 2446 1411 Ε.
2464 1393 2489 1412 2.
2515 1393 2550 1414 m.

1327 1427 1390 1448 mus
1402 1441 1412 1455 ,
1431 1429 1491 1448 non
1509 1418 1662 1450 desistimus
1678 1418 1839 1456 implorare.
2422 1431 2464 1458 ¹4·
2485 1422 2514 1451 d.

1364 1455 1446 1487 Cum
1461 1458 1545 1494 igitur
1558 1458 1637 1494 super
1652 1457 1800 1488 exactione
1818 1458 1862 1489 sex
1878 1457 2000 1490 Milium
2024 1458 2208 1489 Florenorurn
2230 1457 2265 1490 de
2281 1458 2398 1489 Floren-
2524 1480 2525 1483 =

1325 1494 1380 1533 tia,
1405 1496 1434 1525 in
1456 1496 1555 1532 quibus
1577 1496 1669 1526 Frater
1691 1495 1869 1537 Richardus,
1888 1496 2033 1535 quondam
2058 1496 2154 1527 Abbas
2168 1497 2400 1528 Westmonaste-

1327 1534 1435 1571 rienfis,
1456 1533 1593 1565 Domino
1607 1534 1644 1565 C.
1658 1545 1747 1573 nuper
1764 1535 1850 1574 Papae
1871 1535 2003 1575 Qinto,
2020 1545 2073 1574 pro
2094 1536 2204 1573 privato
2217 1536 2330 1566 servitio
2350 1535 2399 1566 suo

1327 1573 1416 1603 extitit
1430 1572 1586 1610 obligatus;
1606 1574 1693 1611 quam
1729 1573 1824 1605 uidem
1839 1573 1889 1604 E'x
1898 1585 1918 1604 A
1927 1585 1943 1606 c
1952 1583 1976 1604 T
1986 1584 1996 1604 i
2007 1584 2027 1603 0
2038 1583 2060 1604 N
2071 1583 2089 1604 E
2099 1582 2125 1604 Μ
2145 1573 2287 1611 Magister
2305 1573 2404 1614 Rigal-

1328 1610 1395 1650 dus,
1419 1610 1548 1642 Camerae
1570 1611 1697 1643 Domini
1709 1584 1742 1650 c}
1767 1622 1844 1644 nunc
1868 1611 1979 1643 Summi
2002 1611 2149 1643 Pontificis
2164 1635 2174 1650 ‚
2201 1611 2350 1652 Clericus,
2367 1613 2402 1644 &

1329 1648 1464 1680 Nuncius
1480 1651 1511 1680 in
1532 1650 1657 1690 Anglii,
1675 1650 1743 1682 facit
1765 1651 1818 1682 hiis
1839 1650 1937 1682 diebus
1950 1663 1984 1691 a,
2002 1650 2134 1689 religioso
2157 1651 2249 1690 Viro,
2269 1651 2304 1683 &
2320 1651 2405 1682 nobis

1329 1688 1359 1718 in
1373 1687 1492 1719 Christo
1507 1688 1632 1727 dileeto,
1659 1689 1751 1720 Fratre
1772 1689 1934 1720 Willielmo
1948 1713 1958 1728 ,
1977 1700 2055 1721 nunc
2080 1688 2191 1720 Abbate
2213 1690 2403 1721 Westmona-

1330 1725 1465 1766 steriensi,
1486 1726 1640 1765 Capeliano
1661 1728 1780 1766 nostro,
1808 1738 1868 1758 non
1891 1728 2069 1760 obstantibus
2088 1728 2289 1766 pardonatione
2310 1729 2345 1760 &
2360 1738 2404 1759 re-

1330 1765 1481 1803 missione,
1500 1776 1565 1804 quas
1577 1766 1726 1804 praedierus
1740 1766 1889 1798 Dominus
1905 1766 2040 1799 Clemens
2055 1789 2065 1804 ,
2089 1775 2153 1797 ante
2168 1767 2249 1804 ipsius
2261 1767 2402 1806 obitum,

1331 1803 1399 1834 inde
1412 1804 1498 1843 fecit3
1516 1804 1553 1834 de
1566 1806 1668 1842 quibus
1683 1806 1763 1836 vobis
1776 1804 1942 1836 sufficienter
1958 1806 2070 1837 constat
2082 1828 2093 1843 ,
2111 1805 2179 1836 sicut
2195 1806 2224 1836 in
2238 1805 2404 1844 quibusdam

1331 1842 1428 1873 vestris
1444 1843 1555 1874 Litteris
1569 1843 1732 1874 Patentibus
1746 1843 1870 1875 vidimus
1884 1845 2042 1875 contineri:

1368 1880 1406 1911 Et
1423 1881 1547 1912 {imiliter
1563 1881 1642 1920 super
1655 1892 1691 1913 eo
1708 1882 1788 1920 quod
1802 1882 1940 1922 Magister
1947 1881 2121 1914 Willielmus
2131 1881 2169 1913 de
2180 1881 2291 1921 Baleto,
2310 1892 2399 1923 nuper

1334 1919 1475 1957 Clericus,
1493 1920 1527 1951 &
1540 1920 1677 1952 Nuncius
1691 1920 1761 1951 dieti
1775 1920 1899 1952 Domini
1911 1920 2068 1953 Clementis
2081 1922 2110 1951 in
2127 1920 2232 1958 Angli&
2266 1921 2311 1951 illa
2328 1922 2399 1952 Duo

1334 1957 1420 1988 Milia
1436 1959 1623 1990 Florenorum
1638 1959 1674 1990 de
1686 1958 1831 1989 Florentia
1846 1961 1855 1997 (
1864 1970 1927 1998 quae
1943 1971 1958 1990 a
1977 1960 2093 2001 praefato
2119 1959 2213 1990 Fratre
2237 1944 2402 1997 Richardo,

1334 1996 1369 2026 ad
1383 2006 1455 2034 opus
1469 1996 1669 2029 Dominorum
1686 1996 1897 2036 Cardinalium,
1914 1999 1992 2038 ipsis,
2009 2009 2063 2037 pro
2071 2007 2170 2028 eorum
2183 1999 2335 2028 communi
2349 1998 2407 2028 ser-

1335 2035 1427 2071 vitio,
1447 2044 1587 2072 receperat
1601 2035 1798 2073 persolvenda)
1814 2046 1874 2066 non
1887 2037 1991 2067 eisdem
2008 2035 2223 2073 cardinalibus,
2241 2035 2278 2066 set
2298 2035 2406 2066 Domi·

1336 2074 1366 2104 ni
1381 2072 1465 2112 Papae
1480 2083 1556 2104 nunc
1573 2072 1704 2104 Camerae
1717 2074 1862 2113 liberavit,
1882 2075 1918 2105 ita
1934 2075 2012 2113 quod
2028 2074 2178 2113 praedietus
2186 2073 2276 2104 Frater
2284 2074 2410 2106 Williel·

1335 2121 1415 2150 πως,
1433 2122 1508 2143 nunc
1530 2111 1628 2143 Abbas
1641 2111 1965 2152 westmonasteriensis,
1983 2113 2018 2144 de
2042 2121 2157 2150 utraque
2180 2111 2292 2143 summa
2307 2113 2410 2152 praedi-

1335 2149 1401 2188 ἃᾶ,
1420 2150 1458 2180 sic
1472 2150 1600 2181 indebite
1614 2159 1737 2181 remanet
1752 2160 1898 2191 oneratus,
1918 2152 1952 2184 &
1968 2162 2020 2190 pro
2033 2151 2174 2183 solutione
2191 2150 2257 2182 inde
2277 2151 2410 2184 facienda

1335 2189 1504 2225 inquietatur
1516 2189 1711 2227 multipliciter
1723 2190 1758 2220 ὃς
1774 2198 1918 2226 gravatur:

1369 2227 1505 2258 Domino
1520 2227 1645 2259 Summo
1653 2227 1787 2258 Pontifici
1804 2227 1908 2259 nostras
1922 2227 2077 2266 dirigamus
2091 2227 2191 2257 litteras
2205 2227 2347 2267 speciales,
2359 2239 2407 2259 ro-

1334 2265 1430 2301 gando
1445 2274 1475 2296 ut
1491 2265 1683 2296 remissionem
1705 2266 1740 2296 &
1755 2266 1988 2303 pardonationem
2010 2266 2157 2303 praediems
2178 2274 2324 2306 acceptare
2371 2268 2406 2298 &

1333 2303 1452 2341 praefato
1466 2303 1605 2343 Magistro
1620 2303 1746 2340 Rigaldo
1759 2327 1768 2342 ,
1796 2314 1844 2343 per
1862 2305 1976 2334 Litteras
1998 2303 2192 2342 ApostolicaS,
2216 2290 2405 2343 demandare,

1333 2349 1363 2371 ut
1379 2342 1416 2371 ab
1430 2341 1455 2371 E
1464 2351 1481 2371 x
1489 2351 1508 2371 A
1518 2352 1534 2372 c
1542 2351 1565 2372 T
1574 2351 1586 2372 1
1597 2352 1617 2371 0
1628 2349 1651 2371 N
1662 2351 1679 2373 Ε
1696 2341 1842 2373 dictorum
1859 2342 2044 2373 Floi-enorum
2052 2366 2063 2382 ,
2080 2353 2095 2373 a
2110 2341 2228 2381 praefato
2243 2342 2353 2374 Abbate
2362 2344 2404 2374 ul-

1337 2380 1423 2410 terius
1437 2379 1584 2419 facienda,
1603 2381 1688 2411 ceffet
1703 2382 1811 2418 penitus
1827 2381 1860 2411 &
1873 2381 1997 2412 desistat:

1374 2417 1540 2458 Quodque,
1558 2427 1588 2450 ut
1600 2419 1678 2450 dicta
1697 2418 1768 2450 Duo
1782 2419 1868 2450 Milia
1882 2420 2066 2450 Florenorum
2103 2417 2406 2458 dietisCardinalibus,

1358 2467 1390 2487 ro
1406 2467 1505 2487 eorum
1522 2458 1671 2488 communi
1683 2457 1814 2497 servitio,
1832 2458 1949 2500 debita,
1963 2467 1992 2489 ut
2008 2458 2048 2488 est
2063 2442 2173 2488 d’ie‘tum
2211 2457 2245 2488 &
2267 2469 2354 2495 nuper
2376 2460 2406 2491 in

1335 2467 1462 2526 Domini
1475 2495 1560 2535 Papae
1573 2495 1698 2527 camera
1713 2497 1842 2535 liberata,
1860 2496 1894 2528 ad
1914 2500 1973 2527 ulus
1993 2496 2026 2527 &
2047 2480 2240 2527 commodum
2262 2496 2407 2528 didiorum

1334 2533 1528 2604 gardliDnalium
1542 2535 1674 2574 applicari
1688 2535 1814 2574 valeant,
1831 2543 1862 2566 ut
1877 2535 1920 2566 est
1938 2534 2045 2575 justum
2059 2558 2070 2574 ,
2095 2535 2227 2573 dignetur
2245 2536 2406 2567 concedere

1393 2583 1409 2603 u
1430 2583 1476 2604 ere

1373 2582 1532 2642 sivestrzm
1547 2611 1704 2642 amicitiam
1719 2609 1876 2642 affectuose
1893 2611 2096 2650 requirimus&
2113 2621 2245 2649 rogamus
2263 2614 2408 2652 quatinus,

1435 2651 1440 2656 .
1628 2651 1633 2656 .
1969 2652 1973 2656 .
2210 2651 2214 2656 .
2239 2651 2243 2656 .
2364 2653 2368 2658 .
2395 2653 2403 2659 „
2446 2631 2531 2659 *111-

1334 2659 1400 2687 erga
1412 2650 1525 2680 dietum
1541 2649 1705 2680 Dominum
1720 2649 1873 2681 Summum
1891 2649 2062 2681 Pontificem
2072 2675 2081 2689 ,
2097 2660 2150 2688 pro
2168 2650 2245 2692 felici
2261 2652 2293 2682 &
2310 2661 2408 2683 votiva
2457 2669 2509 2697 ⁶30

1334 2688 1514 2726 expeditione
1530 2689 1712 2726 negotiorum
1728 2688 1931 2727 praedictorum
1947 2712 1956 2727 ,
1982 2689 2086 2727 velitis,
2104 2698 2186 2719 more
2206 2689 2303 2728 solito,
2321 2701 2409 2729 appo·
2513 2690 2519 2697 “

1333 2737 1416 2764 nere,
1435 2726 1539 2757 nostris
1559 2727 1704 2765 precibus,
1722 2737 1808 2764 opem
1824 2728 1857 2758 &
1872 2738 1989 2765 operam
2005 2727 2143 2758 efficaces.

1372 2765 1443 2796 Dat.
1459 2765 1531 2804 apud
1548 2764 1852 2805 westmonasterium,
1869 2766 2005 2798 vicesimo
2020 2766 2143 2798 secundo
2157 2766 2204 2797 die
2218 2764 2408 2798 Novembris.
2526 2778 2540 2793 ι

1535 2891 1593 2925 Ad
1609 2894 1724 2940 Papam
1737 2918 1748 2935 ,
1774 2890 1811 2926 de
1828 2896 2021 2928 Enormitate
2034 2902 2216 2939 praetaxata.

1375 2980 1549 3012 Andiiss‘imo
1570 2981 1597 3011 in
1614 2980 1732 3013 Christo
1750 2981 1823 3013 Patri
1840 3005 1850 3020 ,
1875 2981 2009 3013 Domino
2048 3005 2055 3011 .
2071 2980 2182 3011 Divinfi
2205 2979 2406 3021 Providentia,
2425 2999 2452 3032 Α
2514 2997 2562 3033 1²3

1391 3019 1582 3051 Sacrofanetae
1595 3019 1755 3060 Romanae,
1772 3031 1807 3051 ac
1822 3020 1997 3051 Universalis
2037 3019 2146 3050 cclesiae
2161 3018 2284 3051 Summo
2305 3019 2406 3052 Ponti·
2445 3009 2500 3070 Imil-

1334 3058 1397 3094 fici,
1415 3059 1588 3097 Edwardus,
1607 3059 1730 3098 ejusdem
1741 3058 1831 3096 gratia
1841 3082 1851 3097 ,
1867 3059 1968 3090 devota
1984 3057 2090 3095 pedum
2104 3056 2197 3088 oscula
2213 3058 2367 3090 beatorum.
2422 3048 2478 3107 A?
2494 3046 2533 3109 ,ζ’

1372 3096 1431 3129 Ρι·ο
1448 3097 1531 3129 firmo
1552 3106 1627 3129 tenet
1641 3097 1735 3129 nostra
1748 3097 1855 3128 fiducia
1870 3095 1972 3134 filialis,
1992 3095 2070 3134 quod
2087 3095 2178 3126 vestra
2191 3096 2404 3135 superexcellens
2421 3121 2444 3144 E
2469 3100 2484 3144 ’Ζ
2512 3096 2549 3117 ”””

1334 3136 1511 3174 providentia
1525 3135 1691 3173 Paternalis,
1709 3136 1793 3173 gratis
1807 3135 1841 3166 &
1855 3144 1888 3164 ex
1905 3134 2077 3170 benignitate
2088 3134 2252 3172 Apostolica
2262 3159 2271 3173 ,
2288 3136 2326 3166 sic
2336 3136 2402 3174 dig·
2424 3138 2485 3182 Rima
2503 3149 2562 3186 ὄσ,

1336 3183 1413 3242 ηὲωτ
1431 3174 1661 3241 Legumdlaqueis
1677 3173 1822 3211 innodari,
1840 3172 1918 3210 quod
1939 3172 2052 3210 singuiis
2061 3173 2105 3211 jus
2126 3172 2206 3204 suum
2220 3175 2340 3206 tribuere
2354 3175 2406 3206 de-
2424 3195 2460 3222 Β),
2491 3201 2522 3219 ¹0

1335 3214 1354 3242 ii
1375 3220 1429 3242 erat
1443 3220 1527 3249 prout
1560 3220 1630 3242 ecet.
2463 3215 2470 3221 ”
2525 3211 2532 3219 ”

1372 3250 1475 3287 Nuper
1487 3250 1621 3287 siquidem
1638 3249 1728 3280 Frater
1743 3248 1896 3287 Ricardus,
1914 3257 1981 3280 tunc
2002 3249 2098 3280 Abbas
2118 3249 2408 3282 Westmonasterien-
2423 3235 2454 3298 ᾗ
2471 3239 2498 3295 ἴ

1336 3288 1384 3326 sis,
1403 3289 1547 3326 pioximus
1560 3287 1766 3325 Praedeceffor,
1784 3288 1881 3318 dilecti
1897 3289 1980 3318 nobis
1997 3289 2026 3317 in
2042 3287 2162 3318 Christo
2169 3289 2270 3320 Fratris
2284 3290 2408 3320 Williel-
2454 3291 2461 3298 '
2495 3277 2523 3304 4⁵

1338 3328 1378 3356 mi
1389 3350 1397 3363 ,
1417 3336 1492 3356 nunc
1503 3326 1619 3356 Abbatis
1634 3326 1755 3364 ejusdem
1762 3326 1821 3357 loci
1835 3348 1846 3365 ,
1863 3325 2005 3364 Capellaiii
2019 3326 2106 3356 nostri
2120 3350 2130 3365 ,
2145 3327 2294 3358 defunctus
2306 3350 2317 3366 ,
2334 3327 2407 3359 Ma-

1333 3364 1420 3432 {istro
1434 3364 1594 3395 &Villielmo
1604 3365 1641 3396 de
1652 3364 1764 3404 Baleto,
1781 3364 1925 3410 quondam
1934 3365 2060 3395 Nuncio
2075 3365 2108 3396 &
2124 3364 2240 3396 Clerico
2254 3364 2405 3406 Camerae,

1347 3403 1426 3433 elicis
1440 3403 1658 3441 recordationis,
1676 3403 1799 3434 Domini
1821 3402 1858 3433 C.
1874 3401 1960 3441 Papa:
1975 3403 2098 3442 Quinti,
2123 3402 2334 3434 Praedecessoris
2355 3415 2405 3435 ve-

1335 3441 1381 3472 stri
1397 3443 1426 3471 in
1441 3441 1563 3479 Anglia,
1582 3441 1651 3479 Duo
1668 3442 1751 3473 Milia
1768 3441 1923 3473 Parvorum
1940 3442 2127 3473 florenorum
2146 3441 2182 3472 de
2198 3441 2338 3472 Florentia
2356 3453 2405 3482 per

1333 3480 1425 3518 ipsum
1442 3479 1609 3519 Magistrum
1632 3480 1825 3512 Willielmum
1847 3480 2007 3511 venerando
2024 3479 2125 3511 Coetui
2139 3478 2333 3511 Cardinalium
2356 3481 2407 3513 Sa-

1335 3519 1488 3550 crosanffle
1510 3518 1587 3549 Sedis
1602 3519 1794 3558 Apostolicae,
1818 3518 1889 3549 dieti
1907 3519 2025 3550 Abbatis
2050 3519 2166 3549 nomine
2197 3516 2337 3549 liberanda
2354 3529 2406 3557 pro

1336 3558 1455 3588 comuni
1466 3557 1576 3588 servitio
1594 3556 1789 3588 Cardinalium
1803 3558 1981 3595 eorumdem)
2007 3558 2076 3588 sicut
2092 3565 2126 3586 ex
2142 3539 2273 3600 reiatione
2290 3558 2403 3588 veredi-

1337 3596 1372 3626 ca
1390 3596 1567 3634 didiscimus,
1582 3595 1727 3634 liberavit,
1744 3596 1777 3627 δε
1792 3604 1874 3633 prout
1889 3606 1937 3634 per
1945 3596 2164 3626 Instrumentum
2177 3594 2326 3631 publicum
2335 3617 2346 3633 ,
2362 3597 2407 3627 in-

1332 3634 1369 3665 de
1383 3634 1567 3673 confectum,
1586 3633 1684 3665 vestrae
1700 3634 1842 3665 Sanetitati
1860 3636 1960 3672 poterit
1974 3633 2079 3672 plenius
2089 3641 2230 3670 apparere:

1372 3672 1427 3711 Et,
1452 3674 1517 3712 quia
1535 3673 1590 3711 jam
1608 3673 1692 3704 nobis
1710 3673 1824 3704 relatum
1842 3673 1884 3703 est
1908 3675 1945 3704 ab
1969 3671 2103 3714 aliquibus
2127 3669 2305 3709 fidedjgnis,
2321 3672 2401 3710 quod

1333 3711 1464 3749 praefatus
1490 3710 1629 3749 Magister
1654 3711 1826 3742 VVillielmus
1842 3711 1921 3742 dicta
1940 3710 2012 3740 Duo
2028 3708 2110 3738 Milia
2130 3708 2334 3748 Florenorum,
2351 3720 2404 3748 per

1332 3749 1438 3789 ipsum,
1454 3759 1483 3781 ut
1519 3751 1692 3788 raemittitur,
1709 3759 1820 3789 recepta
1842 3750 1878 3780 ad
1892 3760 1912 3780 o
1933 3759 1962 3779 us
1975 3746 2165 3791 Cardinaliurn
2183 3746 2403 3788 praedidiorum,

1333 3798 1393 3819 non
1410 3789 1472 3825 ipsis
1518 3788 1702 3827 ardinalibus,
1717 3789 1755 3820 set
1775 3788 1875 3820 vestrae
1924 3795 2027 3817 amerae
2043 3785 2187 3823 liberaVit3

1367 3826 1409 3857 Ita
1426 3828 1507 3867 quod
1532 3827 1683 3865 praediffls
1706 3827 1800 3858 Frater
1818 3825 1989 3857 willielmus
2002 3846 2013 3862 ,
2035 3832 2112 3853 nunc
2135 3823 2233 3853 Abbas
2251 3823 2403 3855 Westmo—

1331 3864 1516 3904 nasteriensis,
1531 3866 1570 3898 de
1587 3865 1669 3897 dietis
1681 3865 1806 3897 Duobus
1822 3863 1944 3895 Milibus
1963 3862 2163 3900 Florenorum,
2190 3871 2257 3899 erga
2274 3863 2403 3899 praefatos

1331 3902 1510 3973 fardinales,
1527 3904 1620 3937 adhuc
1639 3913 1764 3937 remanet
1786 3910 1931 3940 onerata-153
1949 3899 2024 3931 unde
2047 3899 2128 3930 statii
2142 3908 2202 3929 non
2220 3901 2402 3932 mediocriter

1342 3952 1357 3973 e
1375 3950 1535 3978 gravatum:
2078 3977 2083 3981 Ι
2169 3977 2174 3982 ¹
2304 3978 2310 3983 .

1368 3979 1476 4012 Vestrae
1491 3980 1647 4014 Sanctitate
1664 3979 1871 4017 Clementiam,
1888 3976 1931 4016 ⁵de
1950 3975 2004 4016 qua
2025 3985 2150 4015 gerimus
2166 3987 2197 4008 iri
2218 3976 2353 4046 Domdissiq
2369 3975 2403 4006 fi-

2280 4044 2283 4047 .
2327 4023 2405 4046 Clam
