2562 4279
35 170 113 203 Anu.
125 169 166 201 D.

57 209 141 249 1338.

35 250 104 277 Edu.
122 255 148 286 3.

36 1712 115 1746 Ann.
129 1711 170 1743 D.

58 1751 144 1792 1338·

36 1795 91 1820 An.
109 1801 149 1819 ιε..

36 1851 155 1897 Alcman.

41 1916 52 1933 1
59 1917 86 1935 δ.

37 1992 131 2020 m.23.

35 2028 60 2059 p.
83 2031 106 2049 i.

36 2210 149 2246 ⁸V.4.

183 102 212 143 4·

186 175 291 207 nostras
303 169 447 216 praedirstas
462 171 629 203 cessationis
642 168 857 202 concessionem
875 168 909 199 &
924 167 1085 199 Securitatis
1098 165 1252 205 praestatio-

184 222 253 246 nem
264 215 345 244 faciat
356 212 522 250 aliqualiter,
540 210 585 240 vel
603 216 759 246 attemptet.
799 247 803 251 .
1049 244 1054 249 ι

225 252 371 290 Speramus
385 251 463 280 enirn
481 248 662 286 probabiliter
677 246 757 284 quod
775 244 868 276 dictus
889 244 1125 288 Consanguineus
1140 241 1254 286 noster,

186 291 251 329 post
272 299 335 319 uam
350 288 383 318 ad
406 289 462 325 ejus
482 287 613 316 notitiam
636 285 775 322 praemiffa
795 284 916 314 deducta
935 284 1042 314 suerint
1057 306 1067 321 ,
1093 280 1254 312 consimiles

170 350 173 353 f
187 328 232 359 Ce
256 328 380 358 ationem
396 326 429 356 ὅ(
449 325 635 356 Securitatem
649 323 731 353 nobis
746 323 780 353 &
794 322 895 352 nostris
914 322 1038 352 Subditis
1060 319 1201 351 concedet
1213 326 1255 349 at-

187 376 242 404 que
255 364 414 406 praestabit,
432 364 465 394 δε
481 362 562 400 quod
575 361 714 392 Mandata
732 361 765 392 &
783 359 992 391 Prohibitiones
1012 358 1173 390 consimiles
1186 356 1254 401 Per-5

187 405 260 434 soriis
272 404 304 434 &
318 404 347 432 in
362 402 465 440 Locis,
482 401 531 430 ubi
549 399 693 438 expediet,
712 399 772 430 fieri
784 399 870 429 faciet
883 410 894 437 ς
919 409 952 429 ac
967 398 1047 438 quod
1061 397 1122 437 Ipse
1133 419 1142 435 ,
1164 397 1197 426 &
1213 395 1255 439 sui

188 441 315 478 Subditi,
333 441 378 471 vel
399 441 440 469 alii
455 462 465 478 ,
490 439 540 469 suo
559 439 676 468 nomine
691 460 700 476 ,
720 438 767 469 seu
786 437 927 468 Mandato
943 459 954 475 ,
977 437 1074 471 nobis,
1092 435 1137 465 seu
1152 433 1253 478 nostris

190 479 332 517 Subdius,
350 480 377 508 in
387 478 504 509 Ducatu
519 476 621 507 nostro
635 477 788 514 praedidio,
806 476 839 507 &
852 476 909 507 aliis
920 475 1034 513 Terris,
1053 475 1087 505 ὃς
1104 473 1191 503 Locis
1202 482 1258 502 no-

190 518 267 555 stris,
283 527 332 556 per
346 517 468 547 Terram
484 516 528 546 vel
545 525 596 555 per
611 515 694 545 Mare
707 537 717 553 ,
741 514 849 545 nullam
868 513 1048 545 invasionem
1069 522 1123 543 nec
1143 510 1257 542 Maium

190 556 302 587 alicuod
315 555 417 586 facient
431 563 477 585 aut
490 564 651 593 gravamen.

227 575 318 632 Quod
334 595 353 625 fi
366 593 444 624 idern
460 592 690 631 consanguineus
702 591 819 630 noster,
836 590 988 631 postquam
1003 589 1037 620 ad
1050 590 1107 628 ejus
1125 588 1258 618 notitiam

189 633 327 670 praemiffa
339 633 533 672 pervenerint,
550 631 710 661 consimiles
723 629 918 661 Cessationem
933 630 967 660 &
982 628 1186 665 Securitatem,
1204 636 1257 665 pro

189 680 267 711 parte
280 670 343 709 sua,
362 671 519 701 concedere
534 671 568 700 &
590 669 719 707 praestare
736 669 880 707 renuerit,
902 667 1010 698 nostrae
1025 667 1187 697 intentionis
1200 666 1259 694 exi-

190 710 238 741 stit
252 709 331 748 quod
346 718 382 739 ex
402 719 471 740 tunc
484 708 679 739 Cessationem
695 707 729 738 ὅ(
750 707 934 738 Securitatem
948 705 1120 747 praedi&as,
1144 713 1160 733 a
1176 703 1258 734 nobis

190 747 333 783 concesias
346 748 379 778 δε
391 748 544 786 praestitas,
560 747 665 777 servare
679 746 798 777 minime
814 754 975 783 teneamur,

226 786 313 816 Salvis
325 785 435 824 semper
450 784 750 817 Con'foederationibus
768 783 976 822 &xAuigantiis
990 805 1000 821 ,
1022 792 1055 812 ac
1076 780 1260 824 Conventio-

191 825 273 855 nibus
289 822 531 863 quibuscumque,
551 834 599 861 per
614 834 665 854 iios
677 833 745 854 cum
760 822 869 853 Amicis
883 823 916 852 &
931 820 1145 851 Confoederatis
1159 818 1260 849 nostris

192 864 267 903 prii'is
282 864 372 900 initis,
392 874 407 893 a
422 865 538 902 quibus,
558 864 586 892 in
603 871 678 901 parte
690 885 698 900 ,
727 861 772 891 vel
792 862 819 889 in
841 869 906 890 toto
920 883 929 897 ,
953 869 1001 900 per
1017 858 1164 895 praesentes
1175 856 1260 888 Con-

191 901 328 933 ceffiones
340 902 463 940 nostras,
481 901 611 932 recedere
626 901 774 936 nolumus,
794 899 862 929 sicut
877 908 931 929 nec
945 897 1107 939 possumuS,
1124 896 1182 927 ullo
1196 905 1260 926 mo-

189 940 247 976 doi,
265 940 303 971 set
316 942 355 971 eis
367 941 498 971 volumus
511 940 628 970 firmiter
640 939 783 968 inliaererc.

228 978 422 1010 Promittimus
434 988 545 1015 autem,
564 988 612 1015 per
628 977 790 1014 praescnteS,
828 974 902 1013 uod,

228 1016 260 1048 Si
274 1018 349 1048 idem
364 1017 595 1057 Consanguineus
609 1015 702 1045 noster
717 1038 727 1054 ,
752 985 1016 1054 perclluramentum
1031 1013 1163 1043 nostrum
1179 1035 1189 1051 ,
1213 1011 1259 1042 seu

190 1056 270 1094 alias,
288 1055 446 1087 firmitatem
461 1056 617 1095 pleni01em
629 1054 731 1084 habere
749 1053 868 1083 voluerit
882 1052 918 1082 de
934 1051 1096 1082 Cesl'atione
1115 1052 1149 1082 &
1171 1052 1259 1082 Secu-

191 1096 273 1126 ritate
288 1095 445 1135 praedictis,
464 1097 492 1124 iri
507 1093 601 1124 forma
616 1091 795 1132 suprascripta
810 1091 963 1129 servandis,
980 1090 1013 1122 &
1030 1101 1074 1122 eas
1089 1089 1148 1120 fieri
1165 1091 1198 1121 &
1212 1086 1259 1120 fir-

192 1135 262 1164 mari
275 1134 372 1164 feccrit
386 1142 420 1163 ex
432 1141 508 1174 parte
523 1131 586 1170 sua,

229 1172 313 1210 Nos,
332 1172 402 1202 cum
417 1172 501 1202 nobis
520 1171 587 1201 inde
607 1169 789 1207 constiterit,
810 1167 1004 1199 Ceffiitionem
1019 1167 1053 1198 &
1072 1166 1258 1198 Securitatem

189 1209 396 1251 supraiCriptas‚
412 1219 447 1240 ex
462 1217 538 1248 parte
550 1207 645 1239 nostrii
659 1231 668 1246 ,
693 1218 742 1246 per
753 1207 950 1245 Jurarnentum
963 1229 972 1246 ‚
996 1206 1042 1237 seu
1057 1206 1120 1237 alias
1133 1205 1257 1237 firmabi-

191 1258 271 1288 mus,
290 1258 337 1279 aut
351 1248 456 1279 firmari
467 1249 620 1286 faciemus,
636 1248 693 1286 pari
708 1245 807 1277 modo.
970 1261 979 1281 ,

225 1286 260 1319 In
274 1289 367 1327 cujus,
380 1288 442 1320 &c.

234 1365 302 1398 Dat.
321 1366 396 1405 apud
416 1365 705 1398 westmonasterium
721 1388 731 1404 ,
752 1363 889 1395 vicesimo
912 1371 1012 1402 quarto
1033 1358 1079 1393 die
1101 1362 1258 1400 Februarii,

192 1404 282 1435 Anno
297 1404 423 1436 Domini
440 1405 586 1436 Milesimo
603 1428 613 1444 ,
636 1404 872 1442 Trecentesimo,
889 1402 1049 1434 Tricefimo
1069 1402 1205 1444 septimo,
1223 1402 1256 1433 &

191 1442 287 1483 Regni
300 1443 389 1474 nostri
401 1443 598 1475 Duodecinio.

189 1568 284 1613 Super
300 1567 557 1611 Transfretatione
576 1570 681 1614 Regis,
707 1579 776 1599 cum
795 1566 964 1609 Exercitu,
988 1565 1024 1599 de
1043 1565 1168 1612 Affinsu
1183 1568 1259 1599 Pro-

237 1627 338 1649 cerum
349 1642 359 1658 ,
383 1619 420 1655 &¹
438 1615 482 1649 ad
496 1614 653 1659 instantem
665 1616 892 1663 Requisitionem
903 1617 1138 1648 Communitatis
1154 1617 1257 1662 Regni.

190 1700 316 1756 REX
335 1701 484 1734 Universis
499 1701 532 1734 &
547 1700 658 1740 singulis
671 1701 921 1739 vicecomitibus,
940 1699 1099 1739 Majoribus
1132 1699 1258 1739 Ballivis,

253 1741 286 1771 &
300 1740 457 1780 Ministris,
476 1750 510 1772 ac
524 1740 678 1777 Dominis,
698 1739 861 1777 Magistris,
878 1739 911 1769 &
928 1738 1085 1769 Marinariis
1105 1723 1257 1778 Navium,

189 1777 309 1850 glciisqtsie1
316 1777 457 1811 Fidelibus
468 1779 538 1818 suis,
555 1778 613 1810 tam
628 1779 700 1809 infra
715 1778 888 1816 Libertates,
907 1778 993 1817 quam
1007 1786 1101 1816 eXtra,
1119 1777 1154 1808 ad
1173 1787 1260 1817 quos,

225 1828 250 1849 c.
285 1826 396 1849 autem.

231 1857 326 1896 Qiia,
346 1867 398 1898 pro
415 1855 588 1887 Defenfione
607 1856 641 1887 &
654 1855 815 1886 Salvatione
836 1853 933 1894 Regni
950 1854 1062 1892 nostri,
1085 1854 1258 1894 aliarumque

190 1894 345 1927 Terrarum
358 1895 535 1932 nostrarum,
550 1895 584 1926 &
595 1894 711 1933 Jurium
724 1893 852 1925 Coronae
865 1892 971 1924 nostrae
1021 1902 1090 1924 cum
1105 1892 1259 1924 Excercitu

191 1933 305 1973 nostin,
319 1933 356 1964 de
372 1934 489 1965 Assensu
506 1933 709 1972 Praelatorum,
724 1932 879 1963 Comitum
895 1955 904 1970 ,
929 1933 962 1962 &
981 1916 1137 1962 f'rocerum
1160 1931 1258 1972 Regni

189 1971 277 2002 nostri
292 1995 302 2011 ,
325 1971 354 2002 in
375 1972 487 2003 instanti
510 1971 701 2002 Parliarnento
723 1970 843 2009 nostro,
865 1970 941 2008 apud
964 1970 1257 2001 westmonasterium

188 2019 284 2049 tent0‚
303 2010 480 2042 existentium
494 2033 504 2050 ,
529 2020 644 2041 necnon
658 2009 692 2041 ad
706 2009 856 2040 instantem
878 2009 1091 2047 requisitionem
1106 2008 1257 2040 Commu-

188 2049 281 2080 nitatis
294 2048 390 2089 Regni
402 2049 511 2088 nostri,
529 2049 611 2079 nobis
624 2050 654 2079 in
667 2048 771 2079 eodem
792 2048 981 2078 Parliamento
998 2047 1121 2086 factam,
1139 2047 1173 2078 ad
1194 2057 1257 2086 par-

188 2096 228 2119 tes
241 2088 449 2126 transmarinas,
466 2087 501 2118 ad
517 2087 703 2127 Qindenam
720 2086 850 2126 Paschae,
867 2088 1003 2127 proximo
1021 2086 1161 2125 futuram,
1180 2086 1258 2118 ordi-

188 2128 332 2196 naxgmus,
349 2127 458 2159 favente
472 2126 626 2165 Domino,
644 2126 828 2165 transfretari,

264 2176 311 2204 os,

227 2205 246 2224 ²¹⁸
264 2204 313 2235 De
327 2204 456 2236 fidelitate
474 2204 701 2243 circumspecta,
726 2204 836 2235 Diieffi
850 2204 884 2235 &
901 2202 1001 2235 Fidelis
1014 2202 1120 2241 nostri,
1139 2203 1255 2236 Bartho-

189 2244 286 2275 lomaei
308 2244 344 2274 de
366 2244 536 2283 Burghersssi
559 2246 662 2284 (quem
681 2243 883 2274 constituimus
898 2242 1085 2273 Admirallum
1107 2243 1256 2283 Navium,

188 2282 227 2352 ἓξ
237 2281 297 2313 Ore
311 2282 405 2322 Aquae
419 2284 441 2313 Ἰ
450 2282 570 2314 haniifiae
579 2305 588 2321 ,
603 2283 693 2314 versus
713 2290 802 2322 partes
821 2281 1036 2319 Occidentales)
1059 2281 1170 2320 plenius
1184 2292 1256 2313 con-

228 2330 304 2352 entes

227 2359 286 2390 Affi
312 2346 434 2391 'iavimus
457 2361 547 2399 ipsum
567 2359 602 2390 ad
622 2359 800 2391 arestandum
821 2369 922 2389 omnes
944 2359 978 2390 &
1000 2358 1116 2398 singulas
1139 2358 1256 2398 Naves,

189 2399 249 2429 tam
301 2400 392 2430 inores
401 2410 466 2439 quae
478 2400 547 2430 ultra
560 2398 644 2429 Mare
664 2399 777 2429 transire
799 2406 950 2436 poterunt,
969 2399 1054 2440 quam
1069 2397 1211 2436 Ma'ores,
1227 2399 1256 2428 iri

189 2437 298 2476 singulis
310 2437 449 2469 Portubus
464 2438 497 2468 δε
510 2437 597 2467 Locis
610 2460 618 2474 ,
645 2447 659 2466 a
675 2437 756 2467 dieto
778 2436 840 2466 Ore
857 2436 1011 2466 Thamiiiae
1023 2459 1033 2474 ,
1060 2445 1108 2466 ver
1120 2446 1151 2466 us
1169 2436 1255 2467 dictas

188 2484 279 2513 partes
294 2476 506 2514 Occidentales,
523 2477 582 2506 tam
599 2477 629 2505 in
644 2476 764 2514 partibus
777 2474 891 2505 Walliae
905 2475 937 2504 6:
950 2473 1100 2504 Coniitatu
1118 2474 1256 2514 Cestn'ae,

190 2523 276 2552 quam
290 2515 319 2544 in
334 2514 388 2544 aliis
402 2514 543 2544 Portubus
557 2513 590 2543 &
612 2513 713 2551 Locis,
732 2513 787 2543 five
807 2513 911 2543 fuerint
926 2513 997 2543 infra
1013 2512 1180 2551 Libertates,
1200 2514 1256 2544 five

192 2561 284 2590 extra,
302 2553 378 2590 tam,
402 2552 532 2583 videlicet
546 2575 555 2589 ,
582 2551 681 2582 Naves
697 2553 754 2590 jam
771 2551 893 2582 absentes
906 2551 974 2581 ciim
991 2551 1120 2582 redierint
1133 2575 1143 2590 ,
1170 2553 1255 2590 quam

191 2592 257 2636 alias
264 2591 364 2636 Naves
379 2599 445 2629 quas
459 2592 488 2621 in
507 2590 648 2621 Portubus
670 2591 703 2622 &
720 2590 806 2621 Locis
819 2589 957 2629 praedietis
972 2590 1031 2628 jam
1049 2591 1201 2630 contigerit
1213 2591 1257 2622 in-

191 2640 296 2662 veniri:

229 2668 269 2700 Et
278 2669 312 2700 ad
328 2668 506 2709 eligendum,
524 2669 558 2699 &
573 2668 636 2707 eligi
652 2667 812 2698 faciendum
822 2691 831 2705 ,
848 2676 902 2705 pro
916 2666 1026 2697 finoulis
1040 2665 1174 2697 Navibus
1185 2677 1258 2709 prae-

193 2707 291 2744 dietis,
306 2707 370 2738 Tot
382 2706 551 2737 Marinarios
568 2708 601 2737 &
622 2707 688 2736 alios
705 2705 848 2736 Homines
862 2729 872 2744 ,
893 2704 928 2748 de
944 2689 1133 2747 ffalidioribus
1147 2706 1257 2737 &ima—

192 2747 234 2786 gis
246 2745 442 2777 sufficientibus
457 2745 594 2776 Portuum
617 2746 652 2776 &
673 2744 822 2775 Locorum
837 2767 847 2783 ,
873 2744 922 2774 ubi
940 2742 1041 2773 Naves
1060 2742 1112 2772 111ae
1134 2743 1257 2784 fuerint,

194 2785 256 2816 tam
271 2785 342 2815 infra
362 2784 516 2815 Libertates
565 2783 651 2821 quam
667 2792 742 2813 extra
758 2806 767 2820 ,
793 2783 877 2823 Quot
893 2791 945 2819 pro
966 2781 1120 2820 Regimine
1140 2782 1173 2812 &
1190 2782 1257 2813 Du·-

192 2823 290 2854 ctione
312 2823 480 2862 singularum
501 2807 633 2854 Navium
656 2822 814 2861 hujusmodi
836 2819 1001 2852 necessarios
1021 2820 1083 2850 fore
1103 2820 1203 2853 viderit
1223 2821 1257 2852 &

193 2871 214 2892 o
235 2870 363 2892 ortunos:

213 2872 272 2931 PEt
285 2900 319 2931 ad
334 2899 447 2930 eosdem
464 2899 631 2931 Marinarios
643 2900 676 2931 δε
690 2899 756 2930 alios
769 2900 798 2928 in
812 2897 945 2929 Navibus
958 2898 1007 2928 illis
1020 2897 1199 2937 ponendum:

187 2947 189 2949 ’
233 2937 407 2976 Easdemque
425 2938 523 2969 Naves
542 2939 697 2969 Armaturis
713 2961 722 2977 ,
745 2937 921 2968 victualibus
936 2959 946 2976 ,
970 2938 1003 2968 &
1017 2937 1073 2967 aliis
1085 2937 1257 2976 necessariis,

193 2976 269 3008 bene
284 2977 317 3008 ὃ(
329 2976 496 3008 sufficienter
509 2978 626 3007 muniri:

234 3015 272 3047 Et
287 3026 330 3047 eas
342 3025 442 3046 omnes
455 3039 465 3054 ,
492 3015 529 3045 fic
551 3016 673 3045 munitas
687 3038 696 3052 ,
721 3015 754 3046 ὃς
775 3024 829 3053 pro
849 3013 1072 3058 Eskippamento
1091 3013 1258 3054 Equorum,

196 3063 282 3095 prout
294 3056 319 3085 ei
333 3054 463 3092 expedire
474 3054 615 3084 videbitur
632 3078 642 3092 ,
664 3054 747 3083 etiam
763 3061 885 3091 parata-5,
910 3055 993 3090 usque
1013 3052 1132 3083 Portum
1150 3053 1187 3083 de
1201 3052 1259 3083 Or-

196 3094 261 3125 well
280 3093 350 3125 duci
368 3093 528 3124 faciendum
545 3104 555 3130 3
580 3093 619 3122 ita
639 3091 718 3130 quod
735 3091 785 3121 sint
801 3090 908 3121 ibidem
921 3113 930 3129 ,
956 3093 984 3120 iii
1003 3091 1080 3121 dic‘ta
1101 3090 1259 3130 Qindena

194 3133 330 3172 proximo
343 3131 452 3169 futura,
469 3131 503 3161 ad
517 3131 650 3162 ultimum
659 3153 669 3168 ,
686 3140 740 3170 pro
753 3129 879 3169 Paslagio
891 3129 988 3159 nostro
1002 3129 1172 3168 supradicto:

236 3169 273 3201 Et
287 3170 322 3200 ad
337 3171 435 3200 omnia
448 3171 498 3200 alia
512 3170 546 3200 &
557 3169 661 3209 singula
676 3191 685 3207 ,
711 3178 775 3206 quae
795 3168 1028 3198 accelerationem
1048 3169 1081 3200 &
1103 3168 1259 3206 expeditio-

197 3218 264 3240 nem
278 3208 399 3276 Negotii
413 3208 542 3246 praediffl
553 3230 563 3246 ,
586 3215 721 3238 maturare
736 3207 791 3237 five
812 3206 977 3245 contingere
996 3214 1129 3244 poterunt
1141 3229 1151 3245 ,
1173 3216 1259 3247 prout

197 3247 289 3279 eidem
304 3247 331 3278 A
352 3247 460 3277 mirallo
475 3247 583 3284 plenius
597 3247 781 3284 injunximus,
797 3244 957 3274 faciendum
973 3245 1006 3275 &
1021 3245 1210 3282 explendum:

237 3285 367 3316 Necnon
381 3285 415 3315 ad
429 3284 620 3322 deputandum
634 3284 683 3314 sub
698 3283 757 3321 ipso
770 3283 836 3314 alios
851 3306 860 3321 ,
885 3292 962 3324 quos*
971 3283 1088 3313 idoneos
1103 3284 1214 3314 noverit
1225 3283 1260 3314 &

197 3323 379 3361 sufficientes,
394 3323 429 3354 ad
444 3324 583 3361 praemissa
594 3324 689 3353 omnia
703 3323 736 3353 &
750 3322 852 3360 singula
901 3322 931 3351 in
944 3321 1053 3359 lingulis
1072 3320 1214 3352 Portubus
1226 3321 1260 3352 &

200 3362 289 3393 Locis
301 3361 412 3393 Ballivae
433 3362 488 3392 suae
503 3360 645 3400 praedictae
661 3384 671 3398 ,
691 3362 749 3391 tam
771 3360 843 3390 infra
862 3344 1040 3403 Libertates,
1065 3360 1150 3398 quam
1169 3367 1262 3398 extra,

198 3401 279 3439 prose
299 3400 440 3438 nendum,
458 3400 634 3438 faciendum,
651 3400 683 3429 &
699 3397 924 3437 expediendum,
943 3397 1210 3437 quotienscumque,
1228 3398 1262 3430 &

200 3449 275 3479 quan
296 3448 454 3478 ocumque,
472 3438 550 3468 idern
564 3437 729 3468 Admirallus
742 3437 840 3468 viderit
853 3445 888 3466 ex
908 3436 990 3466 edire.

242 3476 280 3507 Et
292 3477 356 3507 ideo
369 3478 449 3507 vobis
464 3500 474 3514 ,
494 3477 527 3508 &
543 3476 659 3507 cuilibet
671 3475 813 3514 vestrum,
833 3476 863 3505 in
900 3475 944 3504 ide
962 3475 995 3505 &
1010 3474 1156 3514 Ligeantia
1201 3475 1265 3514 qui-

204 3516 257 3546 bus
270 3516 351 3546 nobis
364 3516 518 3553 tenemini,
534 3513 870 3553 districtius-injungendo
883 3536 893 3551 ,
915 3512 1079 3544 mandamus
1097 3497 1180 3552 quod,
1192 3522 1266 3550 prae-

205 3554 264 3583 fato
281 3553 451 3592 Admirallo,
465 3553 498 3584 &
512 3552 675 3593 deputandis
687 3553 723 3582 ab
736 3562 788 3590 eo,
803 3553 833 3582 in
846 3550 1005 3589 praemissis,
1019 3552 1154 3582 omnibus
1166 3551 1199 3582 &
1211 3550 1267 3581 sin-

207 3592 293 3630 gulis,
309 3591 458 3629 faciendis,
471 3591 652 3631 exequendiS,
668 3591 701 3622 δε
715 3589 907 3628 expediendis,
921 3588 1096 3620 intendentes
1108 3590 1176 3626 fitis,
1194 3599 1268 3619 con-

210 3630 324 3660 sulentes
339 3631 372 3661 δε
383 3631 557 3669 auxiliantes,
575 3630 706 3669 quotiens
720 3652 730 3667 ,
752 3629 785 3659 &
804 3627 916 3667 quando
928 3650 938 3665 ,
961 3637 1032 3667 opus
1052 3628 1152 3666 fuerit,
1170 3627 1203 3658 &
1218 3637 1268 3664 per

211 3666 322 3697 didrurn
342 3668 528 3698 Admirallum
541 3691 551 3706 ,
573 3676 620 3699 aut
638 3668 673 3698 ab
694 3677 731 3698 eo
750 3665 954 3705 Deputandum
969 3688 979 3705 ,
1001 3665 1046 3696 vel
1065 3665 1271 3704 Deputandos,

212 3704 318 3735 fueritis
329 3707 504 3744 tir-remuniri,

231 3780 237 3785 ⁵
253 3742 375 3773 Scientes
388 3754 440 3782 pro
460 3753 539 3774 certo
558 3745 651 3783 quod,
667 3744 688 3774 fi
706 3754 756 3774 vos
769 3764 782 3782 ‚
803 3742 849 3774 seu
863 3741 988 3773 vestrum
1006 3742 1105 3781 aliqui,
1124 3742 1154 3772 in
1168 3751 1271 3773 execu-

215 3787 296 3823 tione
316 3782 519 3817 praemissorum
531 3805 541 3819 ,
565 3782 609 3813 vel
628 3783 720 3821 aliquo
737 3781 907 3812 eorumdem
922 3806 932 3819 ,
954 3782 1065 3812 inventi
1086 3781 1207 3819 fueritis,
1225 3780 1271 3811 vel

215 3821 318 3847 ruerint
328 3840 337 3854 ,
352 3818 495 3861 Rebelles,
509 3820 632 3860 Tepidi,
647 3829 693 3850 aut
710 3819 832 3850 Remiffi
851 3821 918 3859 (per
932 3819 1008 3857 quod
1022 3818 1163 3857 profectio
1182 3819 1273 3849 dicta-

217 3864 282 3885 rum
295 3854 441 3895 Navium,
463 3866 493 3887 ut
512 3859 688 3895 praemittitur
701 3881 711 3895 ,
736 3859 906 3888 munitarum
925 3858 960 3888 ad
973 3857 1085 3888 dictum
1105 3857 1220 3888 Locum
1236 3857 1273 3887 de

216 3892 341 3936 Orwell‚
363 3893 394 3922 ὅ(
407 3893 560 3936 Parsagium
575 3896 702 3927 nostrum
714 3896 748 3926 ad
762 3896 837 3926 diem
852 3895 1019 3932 praedictum
1035 3895 1125 3934 (quod
1135 3895 1216 3930 absit)
1231 3904 1275 3925 re-

217 3931 317 3962 tardari
330 3932 507 3974 poterin-seu
517 3935 731 3970 quomodolibet
745 3933 887 3972 impediri)
910 3944 977 3973 vos,
993 3942 1126 3978 tanquam
1140 3933 1225 3964 nobis
1240 3933 1274 3964 &

217 3969 356 4002 mandatis
369 3968 470 3999 nostris
482 3970 685 4011 inobedientes,
703 3973 737 4004 ὃς
751 3971 917 4003 nostrorum
927 3983 961 4005 ac
976 3972 1073 4013 Regni
1085 3971 1177 4004 nostri
1189 3980 1278 4011 nego-
1318 3967 1357 4006 &⁴
1373 3976 1437 4000 ΝΜ
1443 3969 1498 4010 fic,

1293 2441 1380 2482 fitpra
1392 2441 1472 2482 usque
1484 2440 1541 2470 haec
1555 2440 1643 2470 verba
1648 2450 1659 2478 ς
1679 2443 1743 2471 viz.

631 87 669 128 (3
698 85 740 126 ()
768 84 812 126 PG
843 83 882 125 is
913 81 946 122 13
974 80 1019 121 rb<
1048 79 1090 121 ¹1?
1117 78 1137 120 11
1165 77 1208 119 ()
1237 74 1284 117 JPJ
1314 75 1348 118 Ῑί
1375 77 1402 118 53
1420 109 1433 131 ,
1489 79 1524 121 Ι,
1552 79 1572 121 1
1598 79 1640 122 ’17
1668 80 1703 121 13
1730 80 1773 122 1³.
1804 81 1860 122 243
1885 107 1899 128 2

1295 163 1401 195 tiorum
1415 164 1599 205 Impeditores
1608 189 1618 204 ,
1636 176 1686 207 per
1692 165 1982 205 Imprisonarnentum
1996 164 2185 207 Corporum,
2199 178 2234 200 ac
2249 163 2372 209 Capti&
2385 166 2463 199 Ann.
2475 165 2519 203 Π.

1295 212 1365 247 nem
1380 203 1535 235 Terrarum
1549 207 1583 236 &
1598 205 1747 236 Bonorum
1759 205 1920 236 vestrorum
1933 206 1965 235 in
1979 214 2100 236 manum
2113 206 2240 238 nostram
2249 230 2260 246 ,
2278 209 2312 240 &
2331 209 2373 239 ul·
2409 208 2494 248 1338.

1296 249 1380 286 terius
1394 252 1464 273 cum
1479 244 1571 283 rigore
1586 243 1703 282 justitiae
1716 267 1725 283 ,
1751 244 1844 284 puniri
1860 243 1962 284 absque
1978 243 2200 276 diffimulatione
2220 245 2316 286 aliqua
2333 247 2376 279 fa·
2387 246 2456 275 Edu.
2476 256 2502 285 3.

1297 290 1415 311 cremus.

1336 318 1449 350 Damus
1461 328 1555 351 autem
1570 321 1689 361 praefato
1702 320 1878 359 Admirallo,
1894 320 1927 351 δε
1943 320 2108 358 deputandis
2121 321 2157 352 ab
2171 331 2226 361 eo,
2243 322 2374 362 plenam,·

1299 365 1397 388 tenore
1415 359 1611 398 praesentium,
1631 359 1804 390 Potestatetn
1823 359 1951 399 capiendi
1971 360 2005 390 δε
2021 359 2158 391 arestandi
2181 369 2281 392 omnes
2296 362 2376 402 illos,

1300 405 1374 439 quos
1388 396 1536 436 Rebelles,
1553 399 1727 437 contrarios,
1746 398 1791 428 vel
1814 397 1962 436 remiffos,
1979 399 2158 437 invenerint,
2175 399 2220 429 vel
2234 401 2376 432 invenerit

1299 444 1331 464 in
1344 434 1398 465 hac
1412 444 1506 474 parte,
1523 437 1578 468 five
1591 437 1694 468 fuerint
1715 437 1786 467 infra
1802 436 1957 467 Libertates
1969 459 1979 474 ,
2006 436 2062 467 five
2083 445 2177 476 extra,
2196 438 2230 469 &
2251 437 2376 471 Prisonis

1300 472 1403 503 nostris
1425 476 1630 515 mancipandi,
1655 477 1683 506 in
1702 476 1806 506 eisdem
1827 474 1973 505 detinendi
1993 474 2139 515 quousque
2157 476 2233 508 aliud
2256 476 2293 508 de
2311 478 2374 517 ipfis

1301 520 1370 541 cum
1384 512 1538 544 deliberato
1553 515 1672 545 consilio
1686 514 1847 544 duxerimus
1859 513 2061 544 ordinandum.

1337 548 1377 580 Et
1391 560 1443 580 vos
1460 552 1580 589 (praefati
1593 552 1796 590 Vicecomites)
1819 562 1921 582 omnes
1934 552 1995 582 illos
2009 574 2019 590 ,
2045 562 2116 590 quos
2129 553 2259 592 praefatus
2270 553 2374 586 Admi-

1301 588 1398 631 rallus,
1415 588 1460 619 seu
1474 590 1629 627 deputandi
1649 592 1685 621 ab
1701 601 1737 621 eo
1751 614 1760 629 ,
1785 591 1935 629 praemissis
1956 591 2154 623 occasionibus
2171 592 2284 624 arestari
2296 593 2374 625 fece-

1302 635 1374 670 rint,
1392 627 1436 672 yel
1453 627 1567 666 fecerit,
1584 629 1640 659 five
1654 631 1715 668 capi
1732 631 1767 660 ab
1781 630 1842 669 ipsis
1866 629 2018 668 (videlicet
2033 652 2043 667 ,
2068 630 2186 668 quilibet
2200 630 2328 662 vestrum
2341 633 2375 664 in

1303 663 1526 709 Ballivavestrfi,
1544 668 1605 710 tam
1621 667 1693 698 infra
1708 668 1881 707 Libertates,
1900 669 1986 709 quam
2002 670 2097 707 eXtra)
2120 670 2275 711 recipiatis,
2293 671 2327 703 &
2341 673 2373 702 in

1303 702 1425 734 Prisonis
1439 704 1619 744 custodiatis,
1637 714 1669 737 ut
1683 706 1724 736 est
1735 707 1858 738 dictum.

1339 741 1374 772 In
1390 744 1486 782 cujus,
1501 744 1563 774 &c.

1304 818 1429 888 bruTaffie
1443 819 1530 859 Rege
1549 820 1623 860 apud
1636 821 1926 855 westmonasterium
1939 847 1950 864 ‚
1975 825 2113 856 vicesimo
2133 831 2235 864 quarto
2256 824 2301 856 die
2321 825 2375 857 Fe-

1777 902 1833 930 Per
1847 899 1929 940 ipficm
1944 903 2040 939 Regem
2057 900 2096 937 ὠ
2111 901 2266 947 Concilium.

1305 972 1469 1034 EQdem
1491 975 1583 1007 modo
1601 975 1750 1016 affignatur
1761 976 1906 1008 Walterus
1926 977 1962 1008 de
1983 977 2096 1018 Manny
2119 978 2286 1010 Admirallus
2305 978 2372 1011 Na-

1371 1024 1468 1053 Vium,
1487 1015 1522 1045 ab
1536 1015 1597 1046 Ore
1612 1015 1639 1046 A
1660 1025 1704 1046 uae
1711 1016 1867 1046 Thamisiae
1903 1015 1994 1046 versus
2007 1025 2094 1056 partes
2101 1017 2230 1048 Boreales
2263 1018 2298 1049 ad
2311 1029 2373 1050 are-

1304 1051 1434 1083 standum
1449 1055 1506 1084 tarn
1520 1063 1621 1084 omnes
1633 1025 1733 1085 §laves
1745 1054 1829 1085 Villae
1844 1038 1963 1093 Magnae
1972 1054 2165 1093 Jemernuthae
2174 1080 2185 1095 ,
2200 1041 2286 1096 qu’am
2302 1058 2376 1088 alio-

1303 1100 1367 1121 rum
1383 1090 1524 1123 Portuum
1539 1093 1572 1123 &
1586 1093 1735 1123 Locorum
1744 1115 1754 1132 ,
1773 1094 1808 1124 ab
1821 1092 1884 1123 Ore
1896 1093 1989 1132 Aquae
2002 1093 2158 1125 Thamifiae
2171 1118 2182 1134 ,
2202 1096 2294 1127 versus
2309 1107 2374 1141 par-

1304 1137 1344 1173 tes
1360 1129 1508 1202 {mealfflg}
1523 1131 1557 1163 δε
1571 1131 1607 1163 ad
1622 1141 1665 1163 eas
1679 1132 1763 1173 usque
1782 1131 1906 1164 Portum
1922 1131 2045 1171 Magnae
2058 1131 2235 1172 Jememutae
2248 1134 2316 1167 duci
2330 1136 2374 1167 fa-

1301 1178 1366 1199 cien
1388 1179 1455 1208 um,
1509 1180 1537 1201 c.
1875 1175 1878 1178 ⁴
2119 1174 2122 1177 ⁴

1339 1207 1430 1239 Teste
1444 1209 1574 1249 utsupra.

1341 1284 1361 1305 ²*
1378 1285 1419 1317 Et
1438 1295 1615 1326 praeceptum
1634 1286 1676 1318 est
1695 1286 1925 1320 vicecomitibus
1944 1287 2080 1328 suscriptis
2098 1287 2117 1319 s
2160 1289 2243 1320 ratim
2258 1310 2278 1333 ‚¹
2291 1288 2369 1335 quod
2382 1306 2401 1327 ς
2418 1310 2453 1337 V.
2468 1317 2501 1346 ’,ὁ

1302 1323 1478 1369 intendentes
1492 1326 1545 1357 sint
1565 1325 1683 1364 praefiito
1697 1326 1932 1366 Bartholomaeo,
1956 1329 1989 1359 in
2002 1328 2101 1366 praemi
2124 1337 2148 1358 is
2159 1327 2315 1367 faciendis,
2339 1338 2380 1361 m.

1301 1361 1406 1395 Ballivzi
1418 1363 1466 1395 sua
1480 1364 1633 1404 praedicta,
1650 1365 1800 1405 videlicet,

1304 1443 1333 1471 V
1332 1443 1459 1472 rcecomiti
1471 1443 1587 1473 Kantiae
1595 1465 1605 1481 ,
1854 1446 1965 1474 Devon.

1302 1481 1321 1509 S
1322 1479 1406 1519 uffi’x.
1855 1482 1975 1513 cornub.

1302 1521 1322 1548 S
1323 1518 1459 1559 uthampt.
1854 1523 1945 1551 Lanc.

1302 1559 1393 1587 Somer
1408 1582 1415 1588 .
1855 1559 1963 1589 Cumbr⁴

1304 1558 1416 1635 1)erss
1856 1592 2004 1638 Wstmerl.

1340 1672 1413 1704 Item
1426 1683 1601 1714 praeceptum
1622 1673 1663 1706 est
1681 1673 1908 1707 vicecomitibus
1927 1674 2083 1716 subscriptis
2100 1673 2247 1714 separatim

1302 1712 1479 1760 intendentes
1492 1714 1544 1758 fint
1554 1714 1841 1763 praefatowaltero,
1857 1715 1933 1746 circa
1953 1714 2094 1753 praemissa
2109 1712 2250 1753 facienda,

1304 1750 1360 1782 liva
1371 1751 1417 1782 sua
1431 1752 1585 1792 praed1&a3
1603 1753 1753 1792 Videlicet,

2261 1675 2375 1747 iffi!

1306 1830 1335 1857 V
1335 1830 1461 1860 icecomiti
1474 1830 1599 1861 London.
1859 1828 1885 1861 E
1906 1842 1949 1862 ex.

1304 1866 1399 1944 ιῖἑῗῃϊ
1856 1872 1884 1899 ιε
1905 1881 1943 1900 or.

1302 1908 1322 1935 S
1856 1908 2037 1948 Northampt.

1302 1946 1382 1974 Lim.

1301 2070 1354 2104 De
1382 2068 1556 2105 intendendo
1576 2069 1752 2105 Admirallo
1775 2074 1807 2104 in
1835 2069 2044 2116 Arraestatione
2067 2071 2210 2105 Navium
2228 2081 2285 2118 pro
2296 2081 2374 2118 prae-

1655 2119 1738 2154 dista
1754 2120 2024 2165 Transfretatione.

1302 2205 1389 2261 RE
1398 2205 1429 2238 X
1450 2206 1558 2247 Majori
1571 2209 1606 2240 &
1619 2205 1728 2239 Ballivis
1741 2203 1827 2239 Villae
1843 2208 1897 2239 suae
1913 2203 2159 2246 Suthamptoniae,
2177 2206 2310 2239 Salutem.
2390 2211 2468 2244 Αῃῃ,
2481 2211 2525 2244 D.·

1394 2246 1477 2278 Cum
1491 2247 1718 2286 affignaverimus
1731 2270 1740 2285 ,
1765 2247 1919 2278 Diledtum
1934 2247 1968 2278 &
1984 2246 2112 2277 Fidelem
2127 2246 2258 2277 nostrum
2273 2269 2283 2285 ‚
2307 2245 2374 2278 Bar-
2413 2251 2499 2291 1338,

1301 2287 1493 2319 tholomaeurn
1509 2286 1545 2316 de
1560 2284 1727 2325 Burghersih
1750 2285 1856 2324 (quem
1877 2285 2077 2316 constituimus
2094 2285 2285 2316 Admirallum
2307 2284 2375 2316 Na-
2390 2295 2433 2318 An
2463 2299 2508 2319 η.

1301 2323 1980 2401 :rasae
2009 2323 2372 2402 magnatem}
2385 2333 2496 2396 εμὲ»,

1301 2414 1330 2434 re
1344 2402 1456 2434 transire
1469 2410 1618 2441 poterunt,
1633 2402 1719 2440 quarn
1727 2401 1869 2441 Majores,
1884 2388 1914 2433 iii
1928 2401 2203 2441 fingulisPortubus,
2218 2400 2279 2437 &a
2286 2406 2370 2440 prm
2391 2416 2432 2434 η,
2499 2389 2508 2397 ’

1337 2480 1378 2511 Ira
1391 2479 1470 2518 quod
1485 2480 1538 2510 sint
1548 2478 1670 2518 ibidem,
1689 2480 1719 2508 iii
1735 2478 1890 2518 Quindena
1903 2478 2020 2510 Paschae
2040 2479 2175 2519 proximo
2189 2477 2299 2516 futura,
2316 2486 2371 2516 pro
2387 2468 2418 2522 ps
2433 2454 2458 2511 13.

1301 2519 1433 2557 Paffagio
1447 2518 1546 2549 nostro
1558 2519 1592 2549 &
1607 2517 1774 2549 Excercitus
1793 2517 1882 2548 nostri
1895 2539 1906 2555 ‚
1929 2517 2021 2548 versus
2041 2524 2130 2555 partes
2142 2515 2373 2556 Transmarinas,
2389 2532 2426 2552 m.
2436 2530 2483 2560 ²3⁴

1300 2558 1379 2597 quod
1395 2558 1431 2588 de
1445 2557 1551 2588 assensu
1566 2556 1755 2588 Praelatorurn
1771 2556 1804 2587 &
1816 2555 1973 2587 Procerum
1986 2555 2083 2595 Regni
2096 2554 2204 2594 nostri,
2222 2555 2253 2585 in
2266 2554 2373 2586 instan-

1300 2599 1322 2627 ti
1335 2596 1524 2628 Parliamento
1536 2594 1635 2626 nostro
1643 2618 1653 2634 ,
1667 2594 1740 2663 ἳὲυά
1751 2592 2044 2638 Westmonasterium
2059 2601 2158 2638 tento,
2175 2593 2373 2638 existentium,

1302 2645 1357 2666 nec
1371 2645 1431 2666 non
1444 2634 1478 2665 ad
1502 2633 1653 2663 instantem
1703 2631 1898 2670 equifitionem
1918 2630 2140 2663 communitatis
2154 2631 2252 2672 Regni
2264 2631 2377 2671 nostri,

1300 2674 1385 2704 nobis
1396 2674 1427 2702 in
1440 2672 1543 2703 eodem
1557 2671 1752 2715 Parliainento·
1764 2669 1867 2701 factam
1904 2669 1940 2700 ad
1955 2669 2063 2701 diCtam
2085 2670 2290 2710 Quindenam,
2315 2681 2371 2710 pro

1301 2711 1475 2742 Defensione
1497 2710 1531 2741 &
1552 2708 1713 2740 Salvatione
1727 2707 1851 2747 ejusdem
1905 2709 1970 2748 egni
1986 2732 1997 2748 ,
2020 2709 2194 2748 aliarumque
2213 2708 2372 2742 Terrarum

1299 2750 1460 2780 nostrarum
1473 2772 1483 2788 ,
1506 2748 1539 2780 &
1556 2747 1669 2786 Jurium
1687 2745 1816 2777 Cororiae
1831 2746 1936 2777 nostrae
1950 2746 2008 2778 fieri
2026 2747 2218 2780 ordinavimus
2231 2747 2370 2783 Domino

1301 2788 1349 2819 ins
1364 2790 1468 2826 irante,
1484 2785 1544 2821 &a
1552 2793 1634 2825 prout
1639 2783 1725 2825 fitpra
1740 2784 1819 2826 usque
1835 2785 1891 2815 haec
1904 2786 2010 2824 verba3
2032 2790 2094 2817 viz.

1338 2799 1430 2858 {rout
1443 2827 1474 2857 in
1487 2825 1589 2857 Literis
1609 2823 1711 2856 nostris
1729 2823 1907 2863 PatentibuS,
1923 2824 2018 2856 eidem
2037 2825 2197 2857 Admirallo
2210 2825 2278 2858 inde
2296 2835 2371 2857 cori-

1300 2866 1398 2904 feffis,
1417 2865 1526 2904 plenius
1539 2865 1723 2901 continetur,

1339 2904 1430 2936 Vobis
1441 2905 1470 2934 in
1485 2902 1541 2934 fide
1554 2903 1588 2935 &
1599 2902 1744 2946 ligearitia',
1758 2901 1860 2946 quibus
1874 2902 1958 2932 nobis
1972 2903 2124 2942 tenemini,
2142 2913 2176 2934 ac
2187 2903 2239 2934 sub
2254 2904 2370 2934 incum-

1301 2944 1379 2974 benti
1394 2944 1478 2974 etiam
1491 2941 1619 2980 periculo
1656 2939 1807 2971 districtius
1827 2941 2001 2981 injungendo
2013 2964 2023 2980 ,
2050 2942 2217 2973 mandamus
2236 2941 2314 2980 quod
2328 2943 2371 2972 ei-

1302 2982 1369 3013 dem
1384 2981 1559 3026 Admirallo,
1577 2980 1611 3012 &
1625 2964 1805 3024 beputandis
1818 2980 1855 3010 ab
1875 2989 1911 3010 eo
1921 3002 1933 3024 ,
1959 2980 1989 3010 in
2011 2979 2206 3018 Arest-atione,
2223 2979 2370 3024 Provifio-

1301 3017 2151 3102 ffigrffigsffissffisseaffissmffigggffiffiffifffffflffig
2164 3019 2203 3088 Ξῖ
2216 3017 2369 3089 ²333}ssssss

1301 3097 1465 3130 earumdem
1478 3121 1488 3136 ,
1512 3106 1547 3127 ac
1568 3107 1597 3128 in
1612 3096 1746 3126 omnibus
1758 3095 1815 3126 alus
1834 3096 1868 3126 &
1890 3094 2001 3134 singulis
2020 3094 2168 3135 praemiss‘is
2187 3095 2369 3127 Intendentee

1301 3138 1373 3206 gitis,
1391 3136 1578 3183 Consulem&
1597 3135 1632 3167 δε
1645 3133 1832 3171 Auxiliantes,
1849 3130 1909 3168 &c.
1923 3139 2007 3171 prout
2019 3132 2106 3173 supra
2125 3132 2204 3175 usque
2222 3133 2280 3164 haec
2299 3145 2368 3166 ver-

1321 3188 1339 3205 a
1376 3186 1438 3205 vlz.

1339 3200 1516 3253 l’njunximus
1528 3212 1605 3243 enim
1638 3209 1735 3240 raefato
1753 3207 1911 3252 Admirallo
1930 3209 1961 3239 in
1975 3208 2048 3249 fide,
2067 3219 2122 3248 qua
2139 3210 2222 3243 nobis
2235 3210 2277 3242 est
2289 3210 2370 3242 astd-

1304 3253 1380 3290 ctus,
1399 3251 1478 3290 quod
1489 3260 1540 3281 nos
1555 3250 1592 3280 de
1606 3221 1698 3280 gestu
1719 3247 1817 3277 vestro
1829 3269 1839 3284 ,
1854 3257 1892 3291 ‘in
1909 3249 2025 3292 negotio
2040 3248 2182 3286 praedidm
2193 3272 2205 3288 ,
2221 3250 2316 3282 reddat
2331 3249 2370 3282 de

1303 3300 1432 3332 tempore
1443 3291 1474 3320 in
1489 3297 1616 3326 tempus,
1633 3295 1667 3317 ex
1681 3285 1760 3317 causa
1773 3285 1908 3324 praediCta
1916 3308 1926 3325 ,
1945 3295 2087 3318 certiores.

2496 2521 2524 2552 d.

1302 3407 1324 3438 b
1341 3367 1431 3411 Teste
1443 3365 1527 3406 Rege
1543 3363 1617 3405 apud
1635 3362 1923 3395 Westmonasterium
1938 3386 1948 3403 ,
1974 3364 2112 3397 vicefirno
2130 3372 2230 3406 quarto
2249 3364 2296 3396 die
2315 3363 2368 3396 Fe-

1325 3415 1416 3437 suaru-

1332 3481 1494 3514 Confimile
1507 3480 1599 3513 Breve
1610 3480 1739 3521 dirigitur
1753 3479 1910 3520 Maioribus
1923 3481 1957 3513 &
1971 3480 2080 3513 Ballivis
2092 3480 2267 3520 subscripti-⁴33
2284 3477 2341 3511 viz.

1712 3555 1834 3588 Ballivis
1848 3557 1881 3588 de
1894 3558 2077 3599 Kermerdyn,
2094 3555 2154 3594 &a

1335 3683 1486 3728 Consimile
1511 3686 1607 3718 Breve
1629 3681 1666 3717 de
1689 3680 1862 3716 intendendo
1880 3708 1889 3722 ‚
1919 3682 2066 3730 dirigitur
2087 3679 2245 3716 Edwardo
2262 3681 2348 3713 Duci

1764 3729 1925 3765 Cornubiae.

1315 3815 1450 3878 REX
1466 3816 1584 3862 Dilerss'to
1595 3817 1629 3848 ὅτ
1638 3816 1729 3860 ,ΕἰάεῙί
1748 3816 1816 3861 su0,
1830 3814 1973 3848 Edwardo
1993 3813 2073 3859 Duci
2087 3812 2245 3857 Qtnubiae
2259 3812 2293 3844 &
2308 3812 2371 3857 Co-
2386 3815 2465 3847 Ann.
2479 3814 2522 3847 D.

1387 3854 1594 3900 nutissestriae,
1610 3855 1686 3886 Filio
1697 3855 1748 3886 suo
1762 3854 1921 3900 cariffimo,
1937 3852 1985 3885 vel
1995 3851 2230 3891 erusJufflciaiw,
2247 3859 2293 3883 aut
2305 3851 2375 3891 elus·
2408 3854 2495 3895 1338.

1317 3892 1676 3972 dergi‘JmUst'asiifflaiIlessicrldru}
1682 3892 1996 3972 :egegi'tzssassgefflu
2011 3926 2052 3958 ibi
2069 3926 2178 3966 plenius
2196 3929 2377 3968 continetur,
2389 3896 2505 3999 {udin

2424 3980 2433 3999 1
2463 3978 2504 3999 m»

2293 4004 2385 4038 Vobis
