2562 4279
91 118 147 159 86

0 212 11 233 12
30 202 71 233 D;
93 223 1150 254 W

0 252 51 310 23·
174 290 283 322 Contra
301 287 454 331 Fingcntes
471 279 639 314 Miracnla
648 278 722 324 fieri
735 290 789 325 per
806 281 948 312 Inimicus
966 281 1064 324 Regis⁸

10 366 51 393 ¹7'
87 375 149 436 R
160 374 184 404 E
193 373 223 403 X
232 396 241 411 ,
261 370 369 401 dilectis
382 370 415 400 δε
430 365 558 397 fidelibus
568 365 637 405 suis,
649 364 775 404 Johanni
789 365 826 396 de
837 365 960 396 Stonore
975 386 985 403 ,
1001 364 1035 395 &
1044 361 1154 402 Johan-

0 418 14 424 ''
63 431 65 435 .
167 414 195 442 ni
209 411 244 441 de
259 409 392 447 Bousser,
410 406 544 437 Salutem.

10 445 40 472 ¹7
125 451 219 484 Sciatis
232 448 330 487 quod,
409 485 414 489 ι
727 482 732 487 ι
893 482 898 487 .

125 491 205 521 Cum
220 496 308 525 nuper
323 484 466 515 Henricus
479 483 515 513 de
531 481 638 512 Monte
653 481 793 521 Fort1,&
807 481 949 512 Henncus
962 479 998 510 de
1009 479 1156 521 Wylyng-

0 535 30 588 ι’),
88 540 156 568 ton,
176 536 264 566 nuper
278 524 390 555 Inimici
414 523 447 554 ὅ(
461 522 592 552 Rebelles
614 520 703 551 nostri
716 544 726 559 ,
744 520 778 551 ea
791 521 940 552 occasione
952 530 1002 557 per
1017 517 1157 549 Confide-

86 569 223 599 rationem
237 564 333 595 Curiae
347 561 470 600 nostrae,
487 571 535 599 per
551 559 649 598 Equos
663 561 745 591 tracti
754 582 764 598 ,
782 560 816 591 &
830 559 904 598 apud
916 557 1029 589 Brtston
1040 555 1156 593 suspensi

88 606 213 637 fuissent:
232 604 282 641 &,
301 602 405 632 virtute
419 600 645 630 considerationis
660 598 824 637 praedietae,
841 600 872 629 in
886 598 982 629 Furcis
996 596 1159 634 pendentes,

87 643 235 677 remansuri
246 640 379 680 quamdiu
393 649 512 679 corpora
526 646 627 668 eorum
642 637 835 676 subsisterent,
849 646 880 668 ut
891 637 936 667 alii
948 637 1067 667 vitarent
1083 632 1158 663 mala

86 686 119 716 ὃ(
135 684 258 713 facinora
270 680 334 711 talia
347 688 447 710 contra
462 688 513 708 nos
526 685 702 716 perpetrare,

124 719 296 760 Reginaldus
308 719 345 749 de
359 717 534 748 Monteforti
542 740 552 756 ,
565 715 740 747 Willielmus
751 716 788 746 de
801 715 888 755 Clyf,
899 713 1072 746 Willielmus
1080 710 1157 741 Cur-

89 769 163 799 teys,
181 758 369 798 &johannes
383 758 477 788 Frater
492 758 564 796 ejus,
580 755 634 785 una
647 765 716 785 curn
730 755 896 792 quibusdam
914 753 971 783 aliis
986 750 1158 782 Malefaeto-

90 801 181 836 ribus,
197 799 229 828 &
245 797 326 827 Pacis
338 796 443 826 nostrae
457 794 712 834 perturbatoribus,
727 793 818 824 causas
832 791 1013 828 fraudulosas,
1031 799 1079 827 per
1093 797 1159 826 quas

89 838 278 869 affectionem
291 834 336 866 Po
358 836 393 865 uli
409 846 425 865 a
440 835 525 865 nobis
539 833 670 871 elongare
685 856 695 871 ,
711 832 744 862 ἃ
761 831 907 869 Populum
921 829 1043 861 eundem
1057 835 1159 858 contra

88 887 141 909 nos
152 885 270 907 movere
282 884 320 913 po
346 875 413 911 ent,
431 873 568 903 malitiose
583 872 766 908 fabricantes,
784 870 857 908 apud
873 868 1003 906 Bristoll,
1021 867 1056 897 ad
1076 866 1157 904 loca,

88 917 137 947 ubi
151 924 272 953 corpora
286 913 433 944 distorum
452 911 643 942 Inimicorurn
656 911 690 940 &
706 909 871 939 Rebellium
886 907 1051 938 nostrorum
1065 904 1159 948 adhuc

87 954 212 993 suspensa
231 960 378 983 remanent
392 975 401 991 ,
419 950 520 991 pluries
539 948 714 980 accefferunt
729 971 739 986 ,
757 948 791 978 &
812 946 953 977 Miracula
974 944 1081 991 ibidem
1101 942 1161 972 fieri

88 995 157 1025 fallo
178 993 328 1031 fingentes,
345 990 480 1020 idolatriae
492 988 627 1027 figmenta
642 987 748 1017 ibidem
771 986 899 1018 fecerunt
913 986 947 1017 &
960 983 1160 1023 publicarunt,

91 1034 126 1065 ἃ
162 1041 192 1062 er
204 1032 271 1061 alios
283 1029 340 1060 fieri
353 1030 388 1059 δε
405 1027 541 1066 publicari
555 1025 754 1064 procurarunt:

155 1079 166 1101 t
182 1070 261 1107 illos,
276 1070 323 1108 qui
335 1067 369 1098 ad
385 1067 485 1097 locum
499 1065 686 1104 praedictum,
704 1074 757 1102 pro
772 1062 931 1102 hujusmodi
941 1061 1081 1102 figmentis
1093 1059 1162 1090 Ido-

90 1110 178 1141 latriae
200 1107 335 1138 faciendis
348 1130 358 1145 ,
376 1105 551 1136 accesserunt
565 1127 574 1144 ,
593 1112 691 1134 contra
704 1104 772 1135 alios
787 1126 797 1142 ‚
814 1103 862 1142 qui
877 1103 914 1133 fic
928 1100 1094 1132 accedentes
1109 1107 1162 1142 pro

91 1148 190 1179 nostro
205 1148 238 1177 &
254 1145 355 1186 Regiae
371 1144 525 1183 Dignitatis
540 1142 644 1173 nostrae
656 1142 768 1172 honore
782 1141 915 1180 repellere
935 1140 1113 1176 nitebantur,
1132 1146 1162 1168 Vl

92 1189 126 1220 ὃ(
141 1187 225 1217 armis
241 1188 478 1215 manutenuerunt
490 1182 524 1213 &
539 1180 737 1212 defenderunt:
1093 1215 1099 1221 ⁸
1143 1215 1149 1220 ⁴

130 1225 166 1256 Et
179 1225 231 1255 alia
245 1223 373 1254 enormia
388 1221 496 1252 ibidem
511 1221 657 1258 fecerunt,
676 1220 705 1250 in
719 1218 826 1257 nostri,
842 1218 876 1248 δε
890 1217 993 1256 Regiae
1008 1215 1164 1254 Dignitatis

92 1263 200 1295 nostrae
250 1263 285 1293 δε
306 1260 546 1292 Considerationis
563 1258 707 1296 praedictae
734 1257 920 1298 opprobrium
946 1256 981 1287 &
1003 1253 1163 1286 scandalum

95 1285 279 1371 maffiffiffum
287 1322 297 1338 ,
315 1301 349 1332 &
363 1307 463 1331 contra
475 1298 584 1330 Pacem
596 1296 742 1334 nostram,

175 1349 208 1370 os

134 1363 280 1410 Nole'ntes
294 1383 473 1415 contemptus
485 1376 520 1407 δε
531 1372 755 1413 transgreffiones
768 1371 920 1413 praedictos
933 1394 944 1411 ,
961 1370 982 1401 fi
998 1370 1086 1403 taliter
1101 1379 1165 1409 per-

97 1424 214 1457 petratae
226 1417 344 1454 fuerint,
363 1417 477 1447 tranfire
490 1414 660 1451 impunitos,

134 1456 343 1496 Affignavimus
361 1465 412 1485 vos
432 1452 608 1492 Justiciarios
630 1449 743 1481 nostros
765 1449 798 1480 ad
813 1447 1029 1489 inquirendum,
1048 1457 1098 1489 per
1115 1446 1166 1478 Sa-

98 1502 281 1527 cramentum
297 1493 456 1531 proborum
471 1492 504 1523 &
524 1490 653 1530 legalium
674 1488 842 1519 Hominum
855 1489 891 1518 de
904 1487 1055 1518 Comitatu
1069 1485 1166 1517 Glou-

98 1534 226 1572 cestriae,
242 1541 291 1571 per
304 1541 392 1570 quos,
409 1532 471 1562 &c.
489 1529 526 1560 de
539 1529 704 1559 nominibus
719 1527 944 1557 Malefaetomm
972 1525 1167 1564 raedictorum,

101 1573 124 1593 ²*
138 1573 206 1612 qui,
221 1572 275 1601 una
296 1579 364 1601 cum
386 1569 522 1608 praefatis,
541 1566 720 1605 Reginaldo‚
737 1566 914 1605 Willielmo,
979 1564 1113 1604 illielmo,
1132 1566 1167 1596 ὅ(

96 1611 229 1651 Johanne
237 1633 247 1649 ,
263 1608 457 1647 Contemptus
470 1608 503 1638 &
516 1605 759 1646 Transgreffiones
771 1604 921 1644 praedictos
941 1604 1150 1646 perpetrarunt,

138 1649 175 1680 Et
190 1649 225 1679 de
243 1647 374 1679 Contem
395 1647 469 1678 tibus
481 1646 515 1677 &
527 1646 620 1676 Trans
640 1644 807 1675 ressionibus
820 1643 872 1673 illis
887 1642 995 1687 plenius
1010 1645 1168 1684 veritatem,

135 1688 174 1720 Et
188 1687 224 1718 ad
236 1684 350 1717 eosdem
397 1688 401 1689 ⁷
417 1693 559 1722 ntemptus
572 1685 605 1715 ὃ(
652 1681 861 1722 ransgreffiones
876 1681 1048 1712 audiendum
1064 1683 1097 1713 δε
1113 1692 1169 1714 ter-

100 1726 268 1757 minandum
281 1725 435 1756 secundum
448 1724 557 1763 Legem
566 1746 576 1762 ,
595 1723 656 1754 &c.

141 1765 179 1796 Et
192 1764 257 1795 ideo
268 1765 350 1794 vobis
362 1762 544 1801 mandamus,
563 1761 642 1801 quod
651 1784 660 1798 ,
676 1760 710 1790 ad
725 1767 817 1790 certos
836 1759 894 1789 dies
906 1759 939 1789 &
953 1758 1034 1798 loca,
1047 1769 1119 1799 quos
1134 1759 1169 1790 ad

104 1805 163 1835 hoc
186 1803 364 1843 provideritis
378 1826 388 1842 ,
405 1801 618 1840 Inquifitionem
640 1800 715 1829 illam
730 1799 833 1828 faciatis
848 1821 858 1836 ,
877 1799 910 1829 &
924 1796 1117 1837 Contemptus
1136 1800 1170 1830 &

106 1841 353 1879 Transgreffiones
366 1840 518 1882 praeffidtos
529 1838 641 1869 audiatis
656 1838 689 1868 ὅ(
704 1838 861 1867 terminetis
874 1838 903 1866 in
918 1836 1010 1866 forma
1025 1837 1172 1877 praedicta,

102 1882 223 1919 sadran,
240 1882 300 1911 &c
318 1880 412 1918 salvis,
427 1880 489 1910 &c.

144 1919 345 1949 Mandavimus
360 1920 438 1949 enim
451 1916 629 1948 Vicecomiti
644 1914 743 1945 nostro
751 1913 915 1957 Comitatus
927 1914 1074 1953 praeditsti,
1083 1915 1174 1954 quod,

104 1959 138 1988 ad
162 1968 202 1987 cei
210 1967 252 1987 tos
273 1958 330 1987 dies
351 1958 384 1988 δε
407 1958 469 1987 loca
483 1978 493 1994 ‚
513 1965 584 1993 quos
603 1955 628 1985 ei
649 1954 709 1985 sciri
728 1953 852 1990 facietis,
868 1954 965 1983 venire
979 1953 1061 1984 faciat
1074 1964 1174 1986 coram

106 1997 187 2028 vobis
203 2004 264 2033 tot,
281 1996 342 2027 &c.
357 2006 406 2033 per
419 2005 506 2034 quoe,
526 1994 587 2025 &c.

144 2034 178 2065 In
191 2035 284 2071 cujus,
303 2036 363 2065 δῖε.

177 2073 264 2105 Teste
277 2073 359 2112 Rege
372 2071 446 2113 apud
460 2071 590 2112 Skypton
605 2071 635 2100 in
649 2069 763 2101 Cravcn
773 2092 782 2108 ,
801 2067 926 2099 secundo
941 2067 986 2099 die
1000 2067 1147 2100 OCtobris.

0 1575 87 1602 V.21.

817 2147 871 2176 Per
885 2146 967 2185 {pfitm
981 2147 1087 2184 Regem.

163 2276 213 2307 De
231 2275 370 2321 Epiftopo
387 2272 574 2317 Bathonienfi
587 2276 623 2311 (ῥ’
640 2271 773 2315 Πίὲίίυψ
782 2282 802 2303 a
821 2274 920 2318 Regno
943 2270 1120 2304 amovendo.

0 2355 90 2387 m-D-
107 2357 269 2419 PAPAE
288 2359 353 2389 Rex
369 2358 473 2389 devota
488 2358 596 2395 pedum
610 2357 705 2388 oscula
718 2357 875 2387 bearorum.

3 2404 68 2436 323-
194 2397 273 2429 Inter
291 2398 341 2428 alia
353 2420 363 2434 ,
382 2406 470 2436 nuper
492 2396 593 2425 vestrae
614 2396 786 2426 Clementiae
800 2404 853 2424 nos
880 2395 1064 2426 meminimus
1076 2393 1178 2434 suppli-

0 2447 16 2463 ³=
35 2445 76 2470 ¹7·
109 2437 203 2474 casse,
222 2445 253 2467 ut
264 2436 442 2475 Johannem,
458 2433 674 2464 Bathoniensem
684 2434 717 2464 ὃ(
732 2432 906 2462 Wellensem
924 2432 1114 2473 Episcopum,
1127 2435 1177 2471 qui

17 2484 42 2503 2.
110 2475 212 2509 nostris
230 2475 356 2506 Inimicis
374 2475 408 2505 ὃ(
429 2472 594 2503 Rebellibus
608 2496 618 2511 ,
642 2481 771 2511 tempore
790 2471 976 2502 Turbationis
990 2496 1000 2510 ‚
1019 2473 1048 2502 in
1069 2471 1176 2511 Regno

0 2522 35 2540 m·
57 2521 85 2547 17
93 2533 99 2539 ·
114 2514 214 2546 nostro
236 2513 343 2544 dudum
364 2519 485 2550 exortae,
503 2519 605 2542 contra
619 2521 672 2542 nos
686 2510 799 2541 adhaesit
813 2532 823 2548 ,
841 2510 867 2539 se
879 2520 946 2540 cum
961 2511 999 2541 eis
1012 2519 1121 2548 partem
1137 2511 1178 2541 sa·

19 2561 43 2577 ²-
113 2554 232 2591 ciendo,
248 2553 281 2583 &
301 2553 380 2589 cujus
398 2559 480 2581 mora
500 2551 531 2580 in
551 2550 631 2580 dieto
653 2549 774 2588 Regno,
792 2556 907 2587 propter
918 2549 1000 2589 ipfius
1012 2550 1178 2588 multiplicia

0 2589 96 2627 ›7·d0’'-
108 2593 264 2629 demerita,
280 2589 382 2630 absque
397 2589 474 2629 gravi
491 2587 619 2619 scandalo
633 2611 642 2626 ,
662 2598 722 2618 non
735 2587 861 2618 valemus
874 2587 1000 2626 tolerari,
1016 2598 1031 2618 a
1047 2588 1076 2618 R
1113 2590 1177 2618 imi-

112 2642 149 2663 ne
163 2631 250 2662 dietae
263 2629 399 2660 Ecclefiae
415 2637 562 2658 amovere:
583 2628 616 2658 &
635 2628 701 2657 loco
713 2627 763 2656 suo
773 2649 783 2664 ,
795 2626 932 2656 dileetum
947 2627 1030 2656 nobis
1045 2628 1076 2656 in
1122 2627 1178 2658 hri-

112 2671 157 2702 sto
289 2668 433 2699 Abbatetn
453 2666 488 2696 de
502 2666 678 2706 Langedon,
699 2665 816 2695 Ordinis
836 2663 1151 2696 Praemonstracensium
1167 2688 1177 2704 ,

113 2709 197 2740 nobis
216 2708 250 2739 &
263 2706 373 2744 Regno
392 2704 491 2736 nostro
512 2706 610 2736 utilem
625 2705 658 2736 δε
675 2704 786 2734 fidelem
799 2726 809 2742 ,
826 2703 921 2734 eidem
935 2703 1068 2735 Ecclesiae
1083 2703 1178 2745 praefi-

112 2757 177 2779 cere
191 2746 376 2785 dignaremini
389 2745 419 2774 iri
433 2743 590 2774 Pastorem.

153 2785 283 2822 Verum,
301 2785 364 2822 quia
382 2783 418 2813 de
435 2782 613 2813 exauditione
627 2780 787 2820 hujusmodi
801 2780 890 2811 nostri
903 2780 1017 2820 rogatfis
1029 2781 1083 2813 ulla
1097 2782 1179 2813 nobis

116 2824 248 2856 nondum
262 2822 386 2852 innotuit
399 2821 557 2859 certitudo,

152 2861 359 2894 Beatitudinem
381 2859 502 2890 vestram
525 2861 574 2896 (ut
594 2859 682 2889 nostri
704 2858 794 2889 cordis
809 2858 977 2889 desiderium
998 2859 1178 2898 multiplicata

114 2899 275 2933 intercessio
286 2899 394 2939 plenius
415 2897 575 2932 attestatur)
594 2897 754 2935 pulsandam
767 2896 898 2927 duximus
913 2898 1043 2936 precibus
1058 2898 1180 2936 iteratis,

114 2939 244 2979 quatinus
257 2961 267 2977 ,
290 2936 414 2976 ejusdem
433 2935 571 2975 Johannis
591 2935 702 2975 gestum
720 2936 934 2975 vituperabilem
955 2936 1059 2974 (quem
1082 2936 1180 2967 vestris

115 2979 241 3018 apicibus
260 2976 428 3007 testimonio
448 2975 599 3005 deferimus
614 2978 624 3011 )
642 2975 789 3005 veritatem
802 2997 813 3013 ,
830 2983 915 3012 prout
931 2976 1067 3005 convenit
1081 2998 1090 3012 ,
1106 2985 1180 3013 pon-

116 3018 241 3048 derantes
253 3038 263 3054 ,
282 3022 377 3053 preces
398 3013 505 3043 nostras
517 3035 527 3051 ,
545 3012 624 3050 super
646 3012 726 3051 ipiius
740 3012 912 3052 Amorione,
929 3023 1043 3043 necnon
1059 3013 1092 3044 &
1108 3023 1181 3052 prae—

117 3057 164 3088 fati
180 3055 296 3086 Abbatis
312 3052 519 3088 praefectione,
534 3051 712 3091 dignemini,
726 3051 804 3089 juxta
824 3051 959 3092 speratam
972 3051 1122 3090 fiduciam,
1140 3062 1182 3083 ta-

120 3095 182 3125 liter
204 3092 332 3124 exaudire
345 3114 356 3130 ,
373 3091 453 3130 quod
472 3089 573 3120 exinde
594 3089 701 3120 Honor
715 3091 894 3120 conservetur
915 3091 1025 3129 regius,
1041 3092 1179 3122 evitentur

118 3132 258 3171 scandala,
276 3132 308 3161 &
321 3129 464 3168 praedietae
477 3128 628 3167 Ecclefiae,
645 3129 752 3168 totique
767 3128 873 3167 Regno
884 3128 984 3160 nostro
999 3130 1098 3168 quietis
1112 3129 1183 3161 desi-

122 3172 214 3202 derata
229 3169 390 3209 prosperitas
403 3176 542 3207 augeatur.

160 3208 334 3245 conici-vet,
351 3208 412 3237 &c.

199 3246 268 3277 Dat.
283 3246 355 3286 apud
373 3243 577 3285 Heghtenhill,
593 3243 711 3275 decimo
722 3242 768 3273 die
781 3242 929 3273 Oetobris.

356 3393 415 3424 Pro
437 3388 590 3422 Bernardo
607 3387 747 3434 Jordani
773 3387 809 3420 de
826 3388 943 3433 infida.

0 3485 107 3516 ,nn-D.
122 3477 149 3548 J
167 3475 301 3521 ohannes
315 3476 486 3517 Episcopus,
504 3475 595 3519 servus
608 3474 755 3518 servorum
767 3473 843 3519 Dei,
860 3472 1012 3503 Carisfimo
1026 3473 1055 3503 in
1070 3472 1188 3518 Christo

0 3534 85 3599 (Ὦς-ἑ,
132 3515 423 3584 beggliipcssdlxgtzgdo,
445 3514 525 3552 Regi
542 3512 655 3553 Angliae
677 3512 791 3551 illustri,
812 3512 925 3543 salutem
938 3513 972 3545 &
992 3511 1188 3552 Apostolicam

7 3623 12 3627 ,
34 3611 58 3629 2,
170 3591 258 3622 Hanc
277 3592 312 3622 dc
333 3592 430 3632 Regali
448 3589 647 3621 benevolentia
667 3591 739 3627 gerit
753 3588 919 3627 Apostolica
941 3588 1026 3619 Sedes
1039 3587 1189 3627 fiducIam,

0 3644 22 3664 x
35 3642 92 3666 Au-
132 3630 210 3667 quod
226 3640 337 3669 preces,
357 3641 422 3668 quas
439 3630 489 3660 fibi
502 3639 556 3669 pro
568 3628 677 3659 devotis
689 3629 739 3659 suis
754 3628 918 3658 fiducialiter
931 3627 1065 3666 porrigit,
1082 3635 1190 3666 gratan-

0 3686 46 3714 Ψ,
130 3675 175 3735 {itt
190 3670 308 3706 accipiat
322 3693 332 3707 ,
349 3669 383 3699 ὅ(
401 3669 457 3699 illas
475 3668 662 3699 favorabiliter
675 3667 709 3698 ad
730 3666 914 3697 exauditionis
933 3666 1050 3705 gratiam
1063 3665 1191 3696 introdu—

170 3742 242 3772 Sane
286 3745 382 3775 dilecti
398 3745 445 3776 filii
458 3768 468 3783 ,
487 3744 606 3775 Nobilis
622 3744 702 3782 Viri,
719 3743 852 3775 Bernardi
863 3742 998 3782 Jordani,
1017 3741 1142 3773 Domini
1157 3741 1192 3772 de

131 3778 240 3818 Insula,
259 3767 375 3822 Militis,
393 3783 544 3815 Familiaris
561 3782 649 3814 nostri
665 3806 674 3820 ,
692 3783 775 3813 habet
794 3782 922 3821 affertio,
937 3780 1034 3821 quod,
1051 3782 1117 3813 licet
1134 3780 1192 3812 Ca-

130 3817 187 3848 stra
201 3818 240 3862 ‘de
253 3818 434 3863 Casaubone,
450 3823 485 3853 de
500 3821 756 3861 Montegalhardo,
773 3822 806 3852 &
819 3822 855 3851 de
867 3821 968 3858 Duplo
983 3844 994 3859 ,
1011 3829 1078 3851 cum
1091 3829 1192 3851 eorum

131 3855 308 3887 Pertinentus
317 3881 326 3896 ,
341 3869 373 3888 ac
387 3860 445 3890 tota
457 3860 566 3900 Terra,
583 3869 667 3899 quarn
681 3861 793 3890 tenebat
808 3860 837 3890 in
851 3859 987 3898 solidum,
1002 3858 1114 3903 vel-pro
1129 3869 1189 3898 par-

130 3902 187 3963 “fc’'
201 3895 502 3964 <31913551101-Jordianus
519 3898 555 3929 de
579 3897 685 3943 Insula,
703 3897 865 3942 Germanus
882 3898 942 3929 suus
960 3922 969 3935 ‚
988 3905 1069 3929 certis
1090 3897 1192 3935 causis,

132 3943 369 4009 0&
380 3937 1086 4014 offifflr‘s'gffibsfflissr
1096 3944 1192 4004 dae

131 4019 195 4043 rum
217 4008 384 4043 Castrorum
399 4033 410 4049 ,
428 4011 461 4042 δε
482 4011 583 4043 Terrae
603 4014 705 4050 juribus
719 4014 762 4045 Y&
776 4013 963 4052 poffeffione,
979 4014 1081 4053 quibus
1095 4011 1192 4049 fuisse,

571 97 1383 151 eoNVENTioNEQ

1439 98 1838 151 LITERAE,

1193 185 1228 229 ὄρ
1243 183 1301 216 esse
1314 184 1417 216 dicitur
1430 185 1566 225 pacifice,
1584 186 1783 217 molestatione
1793 185 1938 217 dictorum
1947 184 2127 218 Officialium
2139 187 2172 219 &
2181 185 2264 219 Gen·
2282 192 2359 224 Ann.
2375 191 2416 222 D.

1195 232 1270 254 tium
1281 223 1426 255 dumtaxat
1437 235 1505 255 exce
1526 225 1570 263 ta,
1587 225 1781 265 multipliciter
1795 224 1967 255 molestatur.
2305 238 2390 273 1323,

1235 261 1316 293 Cum
1335 271 1432 294 autem
1453 263 1484 293 O
1518 264 1600 295 ciales
1620 264 1654 295 &
1677 263 1786 294 Gentes
1808 263 1938 301 praedieti
1960 263 2068 301 nolint,
2085 264 2156 295 ficut
2174 263 2268 295 dietus
2285 274 2351 300 Edv.
2372 282 2397 300 2,

1197 301 1316 332 Nobilis
1328 302 1437 342 afferit,
1455 304 1584 342 quamvis
1597 303 1696 341 pluries
1712 312 1779 333 cum
1802 301 1933 332 instantia
1952 303 2087 341 requisiti,
2104 313 2121 333 a
2135 302 2269 334 molesta-

1198 341 1277 370 tione
1291 340 1421 371 desistere
1433 341 1603 381 supraditstcl,
1620 342 1806 372 Sei-enitatem
1821 341 1946 380 Regiam
1967 347 2099 380 rogamus
2117 341 2267 387 attentius,

1199 379 1233 409 &
1248 379 1412 419 hortamur,
1432 381 1560 419 quatinus
1574 381 1720 421 praefatum
1742 379 1888 410 Nobilem
1902 402 1912 418 ,
1930 378 1965 408 de
1987 379 2161 419 benignitate
2176 378 2268 418 Regia

1201 416 1392 448 confidentem
1410 442 1420 458 ,
1439 420 1520 457 cujus
1540 420 1652 450 neootia
1666 443 1675 458 ,
1692 419 1744 449 suis
1765 419 1868 449 meritis
1882 418 2076 457 exigentibus,
2093 427 2154 448 non
2169 417 2269 448 leviter

1199 455 1320 501 insident
1334 458 1417 487 nobis
1431 459 1529 498 cordi,
1546 444 1651 488 habens
1663 458 1743 498 super
1756 457 1911 498 praedietis,
1930 466 1983 496 pro
2003 455 2099 487 nostra
2115 479 2125 495 2
2140 457 2174 487 ὃ(
2189 456 2271 496 Apo-

1200 494 1310 525 stolicae
1335 495 1414 526 Sedis
1436 497 1592 528 reverentia
1613 497 1776 535 propensius
1798 495 2055 534 commendatum,
2074 494 2273 533 Officialibus,

1202 534 1236 564 &
1251 533 1396 566 Gentibus
1408 536 1566 574 praedic‘tis,
1585 536 1665 575 quod
1682 559 1691 574 ,
1706 535 1769 566 visis
1786 534 1918 572 Litteris,
1936 532 2152 572 Instrumentis,
2169 533 2272 565 Muni-

1203 574 1322 612 mentis,
1341 573 1500 617 &juribus
1513 574 1635 613 ejusdem
1650 574 1785 612 Nobilis,
1805 572 1956 603 summarie
1970 595 1981 612 ,
1999 573 2034 604 &
2048 573 2086 603 de
2099 573 2200 612 plano,
2219 572 2271 603 fibi
2418 608 2424 611 ς

1202 610 1282 655 super
1295 612 1438 651 praedietis
1457 613 1477 632 *
1495 614 1590 644 celeris
1611 614 1762 644 exhibeant
1779 611 1901 651 Justitiae
1916 611 2184 650 complementum,
2204 612 2238 642 &
2256 621 2272 642 a
2289 605 2425 635 *IV-²²·

1203 649 1279 680 dic‘ta
1300 650 1499 682 molestatione
1516 653 1627 692 penitus
1647 652 1802 683 abstineant
1818 674 1829 690 ,
1845 650 1994 689 ipsumque
2007 650 2071 681 alias
2082 650 2272 683 favorabiliter

1204 689 1422 728 prosequantur,
1439 691 1507 721 velit
1521 690 1568 720 Re
1589 692 1611 721 ia
1625 691 1804 730 providentia
1815 690 1964 720 districtius
1977 690 2182 729 injungese‚&
2192 698 2274 720 man-

1203 727 1283 764 dare,
1303 729 1340 758 ita
1355 727 1434 766 quod
1450 729 1526 759 idem
1577 729 1673 768 obilis,
1693 739 1728 760 ex
1741 730 1947 760 interventione
1963 728 2124 759 nostrarum
2139 738 2274 768 precum,

1205 766 1346 811 speratum
1361 767 1488 797 fructum
1501 767 1528 798 se
1541 768 1698 808 percepisse
1713 769 1822 800 laetetur
1830 792 1842 807 ,
1859 769 1892 799 ὅ(
1906 767 2023 806 Regalis
2034 767 2207 800 Excellentia
2213 768 2275 799 cul-

1204 814 1286 834 minis
1299 805 1366 835 inde
1379 805 1468 836 valeat
1481 806 1572 845 dignis
1586 808 1616 836 in
1633 806 1768 840 Domino
1781 808 1906 837 laudibus
1920 807 2128 837 commendari.

1231 842 1313 911 epar.
1342 844 1479 874 Avinion.
1505 854 1605 885 quarto
1633 845 1674 877 Id.
1696 845 1858 884 Orfitobris,
1873 844 2059 877 Pontificatfis
2079 844 2169 876 nostri
2199 854 2275 876 anno

1209 891 1230 911 ο
1249 891 1328 912 ravo.

1845 922 1899 953 Sub
1904 922 1966 963 filis
1983 922 2115 953 canabeis.

1404 1071 1452 1102 De
1471 1067 1664 1117 Fingentibus
1683 1068 1848 1102 Miracula
1857 1069 2077 1116 profi’quendis.

1207 1154 1336 1211 REX
1370 1155 1477 1186 dilectis
1496 1155 1529 1187 δε
1548 1154 1675 1186 fidelibus
1696 1154 1748 1186 suis
1759 1178 1770 1194 ,
1783 1152 1910 1192 Johanni
1927 1153 1963 1184 de
1974 1153 2092 1198 Bousser
2123 1153 2278 1193 Radulpho
2296 1136 2373 1179 An-n·
2388 1132 2431 1168 D·

1282 1179 1482 1239 defiereford,
1500 1195 1534 1225 &
1544 1193 1670 1233 Johanni
1681 1193 1707 1224 le
1721 1192 1835 1238 Botiller
1849 1192 1885 1223 de
1900 1191 2050 1233 Lamiltyt,
2066 1178 2187 1224 sal'utem.
2319 1185 2406 1230 ¹3²3·

1246 1231 1344 1263 Sciatis
1358 1234 1437 1273 quod
1447 1256 1457 1272 ,
1475 1233 1545 1264 curn
1559 1243 1649 1272 nuper
1661 1232 1808 1264 Henricus
1823 1231 1859 1262 de
1874 1230 2069 1271 Monteforti,
2087 1232 2120 1263 &
2137 1231 2281 1263 Henricus
2297 1221 2413 1275 A‘¹·q¹7'

1210 1269 1246 1301 de
1269 1272 1450 1312 Wylyngton
1465 1295 1476 1310 ,
1502 1281 1593 1309 nuper
1611 1271 1723 1302 Inimici
1741 1272 1774 1302 ὃς
1800 1270 1931 1301 Rebelles
1950 1270 2064 1309 nostri,
2081 1270 2115 1302 ea
2133 1271 2282 1302 occasione
2300 1261 2330 1283 E.
2350 1276 2376 1282 ”·

1231 1318 1260 1338 er
1282 1309 1545 1341 Confiderationem
1568 1310 1668 1341 Curiae
1688 1309 1793 1341 nostrae
1807 1332 1817 1348 ,
1843 1319 1890 1347 per
1914 1308 2011 1348 Equos
2032 1310 2113 1341 tratSbi
2130 1332 2140 1348 ‚
2158 1309 2191 1340 &
2205 1309 2278 1349 apud
2300 1298 2318 1321 P
2321 1301 2349 1321 Μ
2372 1301 2414 1328 ¹7·

1236 1347 1322 1379 ristoll
1343 1349 1460 1387 suspensi
1479 1348 1594 1379 fuissent
1608 1372 1619 1388 ,
1636 1346 1698 1384 ὠς.
1707 1354 1789 1388 prout
1795 1348 1899 1388 ficpra,
1914 1348 1946 1378 de
1954 1347 2071 1388 serundo
2084 1348 2126 1378 die
2138 1348 2280 1386 oaobris,
2300 1338 2332 1360 E.
2350 1343 2377 1359 ²·

1211 1397 1229 1415 u
1260 1397 1291 1416 ue
1303 1387 1361 1417 haec
1377 1386 1482 1425 verba,
1500 1390 1563 1417 viz.
2299 1377 2326 1408 p·
2350 1381 2372 1398 ¹·

1242 1397 1454 1457 {Mandavimus
1464 1428 1544 1456 enim
1559 1424 1737 1456 Vicecomiti
1748 1425 1847 1457 nostro
1860 1425 2026 1457 Comitatfis
2038 1425 2167 1467 praedieti
2176 1423 2283 1463 ,quod,
2300 1419 2338 1475 ἵ
2358 1419 2366 1435 ¹
2375 1419 2402 1437 ²·

1212 1463 1247 1494 ad
1264 1473 1356 1496 certos
1369 1465 1427 1495 dies
1441 1465 1473 1495 &
1488 1465 1569 1502 loca,
1585 1474 1656 1504 quos
1670 1475 1739 1504 vos,
1757 1465 1801 1495 v'el
1816 1464 1875 1495 duo
1890 1464 2020 1495 vestrum
2033 1466 2060 1495 ei
2073 1465 2140 1495 scire
2155 1464 2281 1502 faciatis,
2318 1458 2354 1475 or.

1213 1504 1308 1573 ignire
1323 1504 1405 1535 faciat
1417 1512 1517 1534 coram
1531 1504 1632 1542 vobis,
1650 1504 1696 1535 vel
1709 1503 1820 1535 duobus
1835 1502 1964 1535 vestrum
1980 1512 2042 1543 tot,
2066 1503 2128 1535 &c.
2143 1512 2192 1541 per
2204 1511 2286 1542 quos,
2335 1509 2341 1516 ·

1249 1551 1275 1571 c.

1250 1579 1477 1659 h÷¹ejsl1{’Rgg{e
1491 1620 1565 1658 apud
1581 1618 1734 1658 Liverpol‚
1752 1619 1889 1650 vicesimo
1905 1626 2007 1658 quarto
2019 1618 2065 1650 die
2078 1617 2227 1650 ostobris.

1254 1765 1305 1797 De
1318 1764 1440 1804 Hutefio
1456 1767 1493 1802 ὠ·
1516 1764 1654 1798 Clamore
1671 1773 1775 1797 contra
1794 1767 1945 1812 Rogerum
1964 1764 2001 1798 de
2013 1768 2144 1800 Mortuo
2154 1766 2261 1800 Mari.

1282 1848 1307 1880 E
1325 1849 1385 1894 Roi
1405 1859 1421 1880 a
1440 1849 1596 1881 viscounte
1612 1849 1747 1894 degent
1759 1874 1769 1888 ,
1790 1850 1824 1881 sc
1843 1860 1860 1881 a
1882 1858 1953 1882 touz
1966 1851 2004 1882 sss
2019 1851 2108 1882 baiiifs
2121 1851 2155 1882 sc
2169 1850 2234 1882 fais
2251 1850 2288 1882 de
2306 1836 2384 1868 Asm-
2400 1833 2443 1867 D·

1290 1888 1405 1918 meisme
1417 1888 1445 1918 le
1457 1887 1601 1928 Countie,
1618 1890 1704 1920 demz
1716 1889 1902 1929 fraunchises,
1920 1890 1953 1921 &
1965 1890 2083 1929 dehors,
2101 1901 2129 1921 as
2141 1899 2233 1929 queux
2239 1899 2288 1921 ce·
2329 1883 2415 1914 ¹323·

1221 1926 1276 1957 stes
1290 1927 1383 1958 lettres
1396 1926 1577 1966 vendrount,
1596 1927 1701 1958 Salutz.
2306 1919 2360 1943 An.
2379 1924 2421 1949 17.

1259 1965 1316 1996 Pur
1336 1975 1391 1996 ceo
1460 1976 1495 1996 ue
1508 1966 1603 1996 nostre
1622 1967 1756 2004 Treiter,
1772 1965 1905 2005 Enemy,
1924 1967 1959 1998 ὃ(
1976 1966 2085 1998 Rebeal
2107 1990 2118 2006 ,
2135 1967 2235 2006 Roget
2256 1966 2292 1997 de
2308 1958 2338 1981 E.
2362 1963 2389 1980 ²·

1223 2002 1383 2034 Mortimer
1397 1989 1433 2034 de
1490 2014 1629 2044 ygemor‚
1647 2005 1795 2044 n'adgairs,
1814 2005 1936 2044 ovesque
1948 2015 2007 2036 noz
2019 2014 2109 2036 autres
2128 2005 2242 2046 Enemis
2256 2006 2289 2036 δί
2310 1995 2368 2019 PM·
2381 2000 2421 2027 ¹7·

1223 2041 1378 2081 Rebeaux,
1396 2043 1458 2073 leua
1472 2041 1508 2072 de
1520 2051 1618 2086 guerre
1631 2053 1787 2074 encountre
1800 2053 1885 2074 nous:
1908 2044 1941 2074 &
1956 2055 1972 2074 a
1987 2044 2090 2074 banere
2098 2043 2291 2081 deiplie,che-
2313 2034 2343 2057 E.
2361 2040 2388 2058 ²·

1223 2081 1333 2112 vaucha
1346 2091 1381 2112 en
1393 2081 1489 2112 nostre
1503 2081 1638 2112 R01alme
1650 2081 1725 2112 d'En
1747 2082 1859 2120 leterre,
1878 2082 1912 2112 &
1925 2092 1960 2112 en
1973 2082 2068 2113 nostre
2082 2081 2173 2112 Terre
2188 2083 2224 2112 de
2231 2081 2292 2112 Ga-
2309 2075 2335 2106 P'
2357 2078 2379 2095 ¹⁴

1224 2119 1281 2164 les:
1302 2120 1335 2151 &
1377 2119 1426 2150 rist
1447 2121 1481 2151 &
1502 2129 1613 2159 occupa
1627 2144 1637 2159 ,
1655 2130 1703 2159 par
1724 2091 1805 2151 &nce
1827 2121 1863 2151 de
1879 2129 1996 2160 guerre,
2013 2122 2119 2160 plusors
2131 2119 2293 2160 Chasteux,
2313 2116 2349 2135 m·
2371 2115 2414 2134 ²⁸·

1225 2157 1331 2198 Villes‚
1372 2159 1498 2197 sIanorrs,
1513 2159 1615 2190 Terres
1625 2183 1634 2198 ,
1653 2161 1686 2190 &
1700 2159 1899 2190 Tenementz:
1920 2161 1953 2191 &
1967 2159 2012 2190 fist
2032 2161 2125 2192 multz
2137 2159 2185 2190 des
2199 2160 2296 2190 liomi-

1224 2197 1318 2237 eides,
1334 2197 1476 2236 roberies,
1491 2197 1600 2229 arsonds
1636 2198 1670 2229 &
1690 2206 1777 2228 autres
1791 2198 1911 2229 diverses
1932 2199 2049 2237 felonis,
2069 2200 2102 2230 &
2120 2198 2295 2229 mauveistez

1224 2236 1269 2266 sur
1284 2244 1359 2275 noz,
1378 2237 1411 2267 ὃς
1430 2236 1474 2266 sur
1495 2236 1589 2266 nostre
1605 2221 1710 2275 i’oeple
1723 2247 1758 2266 en
1774 2236 1984 2268 blerniffiement
1997 2237 2033 2268 de
2048 2238 2144 2268 nostre
2159 2237 2243 2276 Pecs,
2260 2238 2294 2269 ὅ(

1226 2284 1399 2305 movement
1412 2276 1446 2305 &
1461 2274 1636 2305 destruelion
1654 2276 1689 2306 de
1703 2274 1799 2305 nostre
1815 2274 1933 2315 Poeple:

1263 2312 1308 2343 Le
1328 2313 1392 2352 quel
1414 2312 1466 2343 Ro
1487 2323 1517 2343 er
1529 2337 1539 2352 ,
1558 2322 1644 2351 quant
1663 2314 1681 2343 il
1703 2313 1782 2344 esteit
1803 2313 1876 2344 issint
1892 2314 2020 2344 restreint
2043 2315 2076 2345 &
2090 2314 2229 2345 durmeue
2246 2323 2294 2353 par

1224 2351 1320 2382 nostre
1333 2353 1427 2390 poair,
1445 2354 1474 2390 qi
1498 2362 1535 2382 ne
1567 2353 1624 2382 oeit
1638 2353 1705 2382 nule
1718 2360 1777 2390 part
1795 2352 1934 2392 ganudir,
1952 2352 1979 2383 se
1993 2353 2072 2383 rendi
2091 2364 2106 2383 a
2123 2363 2194 2383 nous
2207 2363 2223 2383 a
2237 2362 2292 2381 no-

1224 2389 1280 2420 stre
1295 2391 1422 2421 voluntie
1431 2413 1441 2428 ,
1461 2391 1528 2420 haut
1592 2392 1656 2429 bas,
1671 2391 1708 2421 de
1722 2392 1768 2421 vie
1782 2392 1816 2422 ὅ(
1831 2391 1866 2422 de
1882 2392 2029 2427 membre,
2045 2393 2078 2422 ὅ(
2093 2391 2129 2421 de
2143 2391 2292 2428 Terre‚&

1224 2428 1260 2459 de
1282 2428 1459 2459 Tenements
1474 2452 1483 2467 ‚
1502 2430 1536 2460 δε
1559 2437 1586 2459 te
1605 2438 1677 2460 totes
1698 2430 1795 2460 choses
1811 2441 1817 2460 ι
1838 2431 1872 2461 &
1887 2440 1922 2461 en
1938 2430 2001 2460 tiele
2014 2430 2126 2459 fourme
2141 2429 2179 2459 lui
2195 2440 2293 2459 receu-

1225 2476 1283 2536 {ies
1296 2491 1305 2505 ,
1315 2468 1357 2536 ἐξ(
1380 2467 1398 2497 il
1420 2467 1529 2498 feismec
1550 2476 1652 2498 mettre
1673 2478 1709 2499 en
1727 2468 1809 2508 garde
1821 2491 1831 2506 ,
1849 2479 1885 2499 en
1899 2468 1993 2506 prison
2005 2491 2015 2506 ,
2032 2478 2048 2498 a
2061 2467 2158 2498 nostre
2173 2475 2238 2499 tour
2256 2468 2293 2499 de

1253 2517 1313 2536 oun
1347 2515 1390 2537 es:

1262 2544 1300 2576 Et
1315 2555 1411 2583 apres,
1431 2545 1518 2575 solom
1540 2545 1565 2575 la
1583 2544 1645 2585 Ley
1660 2545 1694 2575 &
1714 2544 1844 2574 1²Ustaoe
1857 2545 1892 2575 de
1907 2543 2005 2574 nostre
2019 2543 2172 2583 Roialme,
2190 2554 2243 2582 pur
2256 2545 2293 2575 les

1225 2583 1342 2614 felonies
1362 2584 1396 2614 δί
1419 2582 1586 2614 mauveistes
1602 2605 1612 2620 ,
1630 2584 1670 2620 qil
1692 2584 1765 2613 aveir
1786 2569 1861 2613 iffint
1884 2583 1932 2613 fait
1947 2582 1990 2613 sur
2005 2592 2077 2613 nous
2091 2585 2124 2614 &
2136 2583 2180 2613 sur
2199 2583 2298 2614 nostre

1224 2621 1348 2660 Poeple,
1365 2631 1413 2661 par
1429 2621 1512 2661 agai-d
1528 2622 1564 2651 de
1579 2621 1673 2651 nostre
1687 2620 1798 2658 Court,
1815 2621 1872 2651 fust
1887 2621 2004 2660 ajuggee
2017 2621 2119 2652 d'estre
2134 2623 2238 2653 treinee
2256 2623 2290 2653 δε

1224 2661 1319 2699 pendu
1333 2672 1343 2698 ·,
1365 2669 1425 2690 mes
1437 2683 1446 2698 ,
1464 2659 1501 2690 de
1513 2658 1610 2690 nostre
1620 2669 1703 2698 grace
1715 2660 1862 2699 especiale,
1881 2660 1920 2689 lui
1932 2660 2127 2697 pardoneimes
2145 2661 2171 2691 le
2187 2662 2290 2692 treiner

1222 2699 1259 2768 ¹&
1273 2699 1298 2729 le
1316 2699 1490 2767 pendre,l&
1506 2698 1545 2729 lui
1564 2706 1739 2738 grauntames
1757 2698 1783 2729 sa
1804 2700 1849 2729 vie
1860 2722 1870 2737 ,
1886 2697 1960 2729 iffint
1972 2699 2012 2736 qil
2025 2699 2168 2730 demorast
2179 2709 2216 2730 en
2230 2701 2289 2738 pri-

1233 2748 1292 2769 oun
1326 2748 1354 2768 ar
1375 2746 1438 2768 etue
1455 2747 1461 2767 :

1263 2747 1411 2814 Etgpffess
1429 2776 1457 2806 le
1470 2775 1511 2806 dit
1525 2775 1646 2814 Roget,
1661 2775 1809 2807 demorant
1823 2774 1900 2807 iffint
1914 2785 1950 2807 en
1964 2775 2076 2815 prison,
2093 2786 2128 2807 en
2143 2776 2239 2807 nostre
2253 2777 2296 2808 dit

1225 2815 1309 2845 Tour
1324 2838 1334 2854 ,
1357 2814 1473 2854 ovesqes
1493 2824 1582 2846 autres
1606 2824 1739 2854 mauveys
1757 2814 1793 2845 de
1813 2814 1839 2845 sa
1854 2824 1985 2855 covyne,
2001 2816 2240 2847 treiterousement
2260 2818 2294 2847 &

1226 2853 1379 2885 fausement
1401 2853 1546 2892 compaffa
1565 2853 1601 2883 de
1620 2854 1700 2884 treier
1719 2855 1753 2884 &
1771 2852 1807 2883 de
1821 2853 1939 2890 prendre
1954 2853 2071 2884 meisme
2085 2854 2147 2885 cele
2161 2862 2242 2893 tour,
2259 2856 2295 2885 &

1225 2902 1286 2924 noz
1300 2892 1435 2924 chasteux
1449 2891 1486 2922 de
1501 2891 1697 2932 Wyndesore,
1715 2892 1749 2922 &
1767 2892 1802 2922 de
1816 2891 2026 2933 Walyngford:

1263 2931 1301 2962 Et
1315 2932 1376 2962 cele
1389 2930 1509 2962 treisone
1523 2931 1557 2962 &
1568 2930 1679 2971 fausyne
1699 2929 1743 2960 fist
1759 2930 1869 2961 fournir
1882 2939 1970 2969 quant
1990 2942 2005 2961 a
2018 2930 2043 2960 la
2055 2929 2123 2967 prise
2134 2930 2159 2959 le
2172 2929 2213 2960 dit
2227 2929 2296 2960 cha-

1227 2969 1277 3000 stel
1292 2969 1328 3000 de
1350 2969 1395 3001 W
1396 2969 1542 3009 alyngford
1556 2992 1565 3007 ,
1581 2970 1615 3001 &
1633 2970 1659 3000 le
1680 2968 1723 2999 fist
1738 2969 1856 3007 prendre
1870 2980 1918 3009 par
1933 2969 2034 3008 Roger
2048 2968 2084 2997 de
2098 2967 2245 3007 Wauton,
2261 2969 2295 3000 &

1226 3018 1333 3048 autres,
1351 3019 1404 3040 nos
1417 3008 1542 3039 Treiters
1558 3008 1591 3039 &
1608 3007 1765 3048 Mauveys;
1782 3008 1809 3038 le
1825 3009 1889 3046 quel
1905 3008 2004 3046 Roget
2025 3005 2061 3035 de
2077 3005 2209 3039 wauton
2223 3017 2298 3038 con-

1227 3048 1315 3079 nuseit
1329 3049 1354 3078 la
1367 3048 1425 3078 dite
1440 3046 1559 3083 felonie,
1576 3047 1609 3077 &
1626 3056 1679 3087 pur
1694 3047 1754 3078 cele
1767 3044 1823 3076 fust
1839 3047 1929 3077 treine
1942 3046 1975 3076 ὅ(
1989 3043 2098 3082 pendu:

1264 3086 1418 3117 Ensement
1440 3086 1465 3116 le
1488 3085 1531 3116 dit
1551 3084 1651 3125 Roget
1665 3085 1701 3116 de
1722 3084 1893 3122 Mortimer,
1908 3084 2059 3114 fausement
2077 3083 2110 3113 &
2123 3084 2296 3115 treiterouse-

1226 3135 1327 3162 ment,
1353 3125 1458 3165 plusurs
1476 3123 1540 3155 seez
1552 3146 1562 3162 ,
1586 3124 1688 3154 envoia
1709 3123 1800 3154 lettres
1823 3123 1857 3153 &
1878 3121 2013 3162 messages
2024 3144 2035 3160 ,
2053 3131 2105 3161 pur
2127 3122 2195 3153 faire
2216 3125 2296 3153 venir

1229 3165 1326 3195 Aliens
1339 3174 1375 3193 en
1391 3162 1487 3193 nostre
1501 3161 1637 3192 Roialnie
1645 3172 1678 3200 ,a
1693 3170 1795 3190 mover
1825 3170 1905 3190 uerte
1918 3168 2019 3191 contre
2033 3170 2160 3197 nous,en
2169 3161 2296 3192 destruc—

1229 3204 1297 3233 cion
1315 3202 1351 3232 de
1371 3201 1467 3232 nostre
1486 3199 1640 3238 Roialme,
1655 3198 1690 3229 δε
1703 3198 1739 3228 de
1752 3209 1791 3229 no
1831 3208 1847 3228 e
1861 3197 1984 3238 Poeple,
2003 3198 2037 3229 &
2053 3208 2192 3238 procura,
2210 3200 2296 3230 sause-

1231 3248 1311 3271 ment
1332 3241 1365 3270 &
1387 3237 1627 3270 treiterousement
1641 3259 1651 3274 ,
1675 3237 1712 3267 de
1732 3247 1793 3268 tuer
1812 3237 1846 3268 &
1868 3238 1989 3268 murdrir
2000 3237 2095 3268 ascuns
2108 3238 2145 3268 de
2157 3247 2218 3268 noz
2232 3239 2294 3276 plus

1231 3281 1348 3317 priveez
1362 3278 1395 3308 &
1408 3277 1501 3307 loiaux
1515 3274 1704 3306 Counseilers:

1270 3317 1330 3347 Des
1345 3325 1436 3354 queux
1448 3314 1577 3352 treisons,
1595 3312 1784 3344 mauveisteez
1797 3314 1831 3345 &
1845 3313 1963 3345 felonies
1969 3315 1995 3346 le
2007 3313 2154 3354 ditRoger
2165 3314 2201 3345 de
2208 3314 2294 3345 Mor-

1231 3357 1316 3389 timer
1329 3363 1427 3385 avoms
1440 3353 1550 3384 aresnee
1563 3361 1600 3382 en
1614 3351 1709 3383 nostre
1722 3351 1869 3390 presence,
1881 3353 2003 3385 devaunt
2017 3353 2222 3392 nonustices,
2238 3361 2293 3382 nos

1233 3394 1317 3425 Lieus
1328 3401 1476 3430 tenauntz‚
1495 3392 1528 3422 ὅ(
1542 3400 1593 3421 nos
1606 3389 1766 3429 Coroners,
1783 3391 1817 3422 &
1830 3391 1851 3421 il
1862 3391 1900 3422 les
1914 3393 2043 3424 coniseit:

1271 3433 1323 3462 Sur
1337 3432 1418 3472 quele
1431 3429 1593 3461 coniffance
1604 3440 1674 3460 nous
1687 3429 1885 3469 chargeaumes
1898 3431 2002 3469 plusors
2019 3430 2166 3467 Graumz,
2184 3428 2218 3458 &
2232 3436 2292 3458 noz

1231 3470 1367 3510 justices,
1386 3470 1419 3500 &
1433 3478 1491 3500 noz
1505 3478 1594 3500 autres
1605 3468 1677 3512 fages
1689 3468 1726 3499 de
1740 3468 1764 3498 la
1776 3469 1837 3508 ley,
1856 3469 1892 3500 de
1904 3469 2001 3500 nostre
2015 3468 2226 3504 Roialme,que
2236 3476 2290 3496 eux

1233 3510 1259 3539 se
1271 3509 1430 3546 avisaffent‚
1446 3508 1479 3539 &
1493 3518 1564 3538 nous
1577 3507 1687 3538 feissent
1699 3507 1790 3538 savoir
1804 3507 1850 3545 qel
1858 3509 2005 3547 jugement
2017 3508 2042 3537 le
2055 3506 2097 3535 dit
2112 3504 2215 3541 Roger
2227 3504 2289 3547 ³'fide
2310 3523 2325 3539 ιιι

1235 3547 1390 3578 Mortimer
1403 3548 1480 3577 avoit
1493 3545 1614 3583 deservi,
1631 3546 1723 3577 solom
1742 3546 1765 3576 la
1781 3545 1841 3585 Ley
1856 3548 1889 3578 &
1902 3546 2015 3585 l’Usage
2028 3544 2063 3574 de
2076 3542 2172 3572 nostre
2186 3542 2290 3573 Roial-

1235 3596 1297 3624 me,
1315 3596 1367 3624 pur
1379 3586 1456 3616 tieles
1470 3585 1582 3615 treisons
1595 3586 1628 3615 &
1641 3584 1809 3615 meuveistes
1821 3586 1898 3615 faites
1912 3586 1946 3617 &
1959 3580 2132 3621 compassez:

1273 3625 1311 3656 Et
1324 3633 1368 3656 tot
1380 3634 1453 3654 nous
1467 3623 1572 3654 euffent
1585 3623 1618 3652 ils
1631 3623 1704 3653 avise
1718 3623 1751 3654 ὅ(
1766 3623 1921 3654 counseiles
1959 3631 1994 3661 qe
2005 3643 2015 3659 ,
2033 3629 2082 3659 par
2097 3619 2123 3649 la
2137 3618 2197 3660 Ley
2215 3619 2251 3649 de
2267 3620 2292 3651 la

1235 3671 1305 3694 terre
1318 3686 1328 3702 ,
1345 3663 1364 3693 il
1378 3664 1455 3694 avoir
1466 3662 1572 3693 deservi
1584 3661 1683 3691 d'estre
1696 3662 1801 3692 treinee
1819 3663 1853 3694 &
1886 3645 1977 3697 endu,
1990 3658 2172 3703 jadumeynS,
2189 3658 2224 3687 de
2238 3669 2293 3703 ¹³⁰⁸.

1235 3702 1289 3731 stre
1310 3711 1394 3739 grace
1410 3700 1541 3741 especiale
1555 3723 1565 3738 ,
1586 3710 1658 3731 nous
1679 3710 1751 3731 nous
1765 3711 1801 3730 en
1819 3701 1850 3730 so
1876 3700 1959 3729 times
1971 3696 2009 3727 du
2020 3705 2168 3740 jugement
2175 3719 2189 3740 ³.
2202 3696 2235 3727 &
2253 3697 2293 3728 lui

1235 3740 1345 3771 feismes
1365 3741 1466 3771 retenir
1485 3746 1521 3769 en
1540 3738 1647 3777 prison,
1664 3749 1700 3769 en
1714 3740 1738 3769 la
1757 3738 1815 3769 dite
1828 3738 1927 3773 Tour,
1944 3735 1967 3765 la
1981 3735 2062 3773 quele
2076 3734 2169 3772 prison
2182 3733 2202 3778 il
2216 3736 2294 3774 puis,

1235 3779 1402 3816 faufement,
1421 3778 1674 3816 treitereuiement‚
1688 3779 1722 3808 ὃ(
1736 3775 1970 3807 felouneffement
1984 3780 2111 3803 nutantre
2124 3772 2228 3804 debrisa
2237 3797 2245 3812 ,
2260 3775 2294 3805 &

1235 3817 1300 3847 hors
1319 3817 1433 3854 eschapa
1445 3840 1454 3854 ,
1472 3817 1505 3847 &
1523 3816 1635 3847 s’enfuit
1656 3825 1744 3847 come
1764 3814 1860 3845 nostre
1879 3812 1996 3843 Treitur
2021 3811 2055 3842 ὅ(
2071 3811 2160 3841 Felon
2176 3811 2242 3843 hors
2259 3814 2296 3844 de

1235 3856 1332 3887 nostre
1345 3855 1495 3887 Roialme:

1274 3894 1327 3924 Par
1344 3896 1413 3933 quoi
1433 3904 1506 3924 nous
1526 3893 1696 3924 maundoms
1715 3893 1749 3923 ὃ(
1767 3887 1989 3920 commandoms
2008 3898 2023 3917 a
2038 3897 2110 3918 vous
2124 3896 2208 3928 touz,
2227 3889 2261 3921 &
2280 3900 2297 3921 a

1236 3932 1356 3964 chescun
1376 3933 1413 3963 de
1432 3940 1504 3964 vous
1517 3955 1528 3971 ,
1550 3932 1594 3962 sur
1614 3931 1756 3962 forfaiture
1771 3929 1808 3959 de
1828 3928 1874 3958 vie
1887 3927 1921 3957 &
1934 3925 1972 3956 de
1989 3927 2139 3970 membre,
2156 3927 2191 3958 de
2206 3929 2300 3960 Terre

1236 3972 1269 4004 &
1287 3971 1323 4001 de
1341 3971 1517 4002 Tenements
1529 3993 1540 4009 ,
1554 3972 1589 4001 &
1611 3969 1648 3999 de
1661 3976 1806 4006 quamque
1818 3975 1869 4009 vos
1880 3972 1955 4003 ρος-[ι.
1975 3964 2087 3994 forfaire
2097 3966 2195 3996 devers
2209 3977 2299 4006 nous,

1235 4019 1290 4051 que
1306 4009 1355 4041 nul
1368 4009 1406 4040 de
1421 4019 1494 4042 vous
1507 4019 1543 4040 au
1554 4008 1597 4040 dit
1612 4007 1713 4045 Roget
1726 4005 1762 4036 de
1775 4003 1950 4041 Mortimer,
1967 4002 2063 4037 nostre
2077 4003 2301 4045 Enemy,'1'rei-

1885 4047 1891 4055 ⁴
2257 4050 2301 4074 ter

2337 3524 2445 3560 IV.23.
