2562 4279
83 311 157 343 Ann.
172 309 216 340 D.

107 358 195 390 1343·

78 393 133 416 Em.
140 409 147 415 .
166 398 194 426 Ξ.

85 1006 161 1039 Ann.
177 1006 219 1037 D.

81 1056 200 1120 iffi?

83 1134 171 1198 Ciuis

89 1209 132 1235 17.
149 1204 180 1226 Ε.
198 1209 223 1235 3.

84 1245 100 1276 p
131 1248 157 1264 2.
183 1247 221 1265 m.

85 1277 166 1312 27.d.

94 2145 229 2185 'V.378.

799 231 909 272 ET
994 232 1260 272 ACTA

272 313 324 353 Et,
344 314 363 345 si
380 314 470 346 forsan
485 316 566 345 vobis
582 316 614 346 Sc
628 314 765 347 Concilio
789 316 881 347 vestro
905 317 994 347 visum
1017 317 1096 347 fuerit
1110 316 1190 356 quod
1211 318 1306 347 minus

235 351 354 383 fecimus
370 355 400 383 in
415 355 469 384 hac
486 363 579 392 parte,
598 354 695 384 Nobis
712 354 834 395 Motum
852 355 936 386 vestri
956 355 1061 392 Jiidicii
1083 356 1253 393 rescribatiS,
1272 357 1304 385 &

234 391 268 421 ad
285 391 450 423 fomentum
465 400 569 422 mutuce
592 393 765 431 dilectionis,
790 395 860 424 inter
883 404 934 425 vos
947 394 980 424 ὅ(
1000 392 1106 424 vestros
1119 416 1129 430 ,
1151 404 1185 423 ac
1207 404 1257 424 nos
1271 395 1304 424 δε

233 429 358 468 nostros,
376 430 512 468 feliciter,
531 430 694 469 dilatandae,
710 431 898 471 supplebimus
911 430 1110 469 libentissime,
1127 441 1209 469 prout
1224 432 1302 462 Bona

232 467 317 499 Fides
330 469 363 499 &
376 469 485 507 Justitia
500 469 660 499 suadebunt.

268 506 321 545 Et,
339 517 373 538 ex
386 507 573 544 habundanti,
589 508 784 539 commisimus
798 508 831 539 &
845 507 1058 546 mandavimus,
1077 518 1126 545 per
1149 508 1212 539 alias
1228 508 1306 539 Lite-

231 555 274 576 ras
286 545 406 584 nostras,
422 545 531 575 dileetis
551 546 584 577 &
608 545 736 576 fidelibus
757 546 870 583 nostris,
890 545 1012 583 Maiori,
1031 545 1149 585 juratis,
1169 548 1203 577 &
1226 546 1305 577 Cen-

233 592 295 614 tum
318 583 433 614 Paribus
457 582 585 614 Civitatis
599 584 704 614 nostrae
718 584 849 620 Baionae‚
867 591 898 613 ut
918 584 969 622 ipii
983 584 1138 624 Qerelam
1160 585 1304 615 diciorum

231 621 419 652 Subditorum
434 621 608 661 vestrorum,
626 622 705 653 Dam
728 633 760 653 na
769 621 916 652 Passorum
925 645 934 660 ,
951 622 1029 660 super
1040 623 1200 662 praemissis,
1210 623 1307 654 Dam-

230 661 311 697 pnis,
328 659 451 699 injuriis,
470 660 503 691 δί
518 661 666 699 Interesse,
712 661 800 690 ocatis
812 658 955 698 Partibus,
972 661 1083 692 audiant
1107 662 1140 692 ὃς
1159 662 1306 700 decidant,

230 699 265 766 &lc
278 698 361 728 dietis
375 699 551 729 Hominibus
566 699 661 730 vestris
676 698 755 735 super
769 698 821 728 hiis
843 698 940 729 celeris
962 699 1065 731 faciant
1077 699 1196 738 Justitiae
1212 699 1308 731 Com-

231 746 252 774 p
262 745 416 767 emeritum.

268 774 337 806 Dat.
357 776 431 814 apud
449 775 629 816 Claryndon,
646 773 764 805 decimo
781 784 858 805 nono
871 774 917 805 die
927 775 1003 815 Julii.

531 920 642 952 Contra
669 920 848 963 Provtstones
871 919 1006 966 Papales.

237 1003 359 1060 REX
376 1002 557 1034 Vicecomiti‘
575 1003 706 1044 Kantiae,
724 1003 855 1036 Salutem.

329 1042 410 1072 Cum
426 1052 493 1079 nos,

274 1080 333 1110 Pro
344 1090 380 1110 eo
397 1080 471 1118 quod
487 1080 682 1119 Provisiones,
699 1080 784 1112 &&ae
800 1091 849 1118 per
873 1080 976 1112 Sedem
998 1080 1192 1120 Apostolicam
1214 1081 1309 1114 exces-

239 1118 322 1149 sivitis
336 1118 416 1149 solito
432 1118 562 1150 Personis
576 1120 749 1157 Alienigenis
758 1143 768 1157 ,
786 1120 823 1150 de
838 1119 985 1151 Beneficiis
998 1120 1198 1152 Ecclesiasticis
1212 1121 1310 1159 Regni

236 1156 326 1187 nostri
340 1157 468 1195 Angliae,
487 1158 539 1188 hiis
550 1158 664 1196 diebus,
683 1158 792 1189 nedum
812 1159 843 1188 in
867 1158 1143 1197 Depauperationem
1159 1160 1230 1191 dieii
1247 1160 1311 1190 Re-

240 1196 339 1232 gni&
360 1195 596 1226 Diminutionem
611 1196 715 1227 Divini
732 1195 834 1227 Culicis
856 1196 963 1227 ibidem
979 1221 989 1236 ,
1014 1197 1052 1228 set
1078 1198 1165 1228 nostri
1186 1199 1220 1229 δε
1239 1198 1312 1238 Juris

241 1233 369 1264 Coton-ie
382 1234 485 1265 nostrae
500 1233 601 1272 Regiae
620 1235 791 1266 intolerabile
807 1234 1027 1274 Praejudiciuin,
1045 1235 1078 1266 &
1101 1236 1311 1268 Exhaeredatio-

239 1273 282 1303 nis
298 1272 385 1303 nostri
400 1273 434 1304 &
448 1272 631 1304 Subditorum
646 1273 807 1304 nostrorum
821 1274 977 1310 periculum
993 1274 1189 1312 manifestum,
1206 1276 1239 1306 &
1256 1275 1313 1306 Di-

239 1311 432 1342 minutionem
447 1312 481 1342 ὃς
495 1311 716 1342 Enervationem
728 1311 802 1350 Juris
814 1311 979 1342 Patronatsis
990 1313 1024 1343 &
1041 1313 1261 1352 Advocationis,
1278 1314 1313 1345 ad

236 1359 290 1380 nos
306 1350 339 1380 &
355 1349 460 1380 Fideles
473 1349 583 1380 nostros
596 1351 628 1380 in
643 1350 695 1381 hac
710 1358 786 1388 parte
800 1349 984 1387 spectantium
993 1374 1002 1389 ,
1011 1351 1110 1383 cedere
1124 1352 1315 1391 dinoscuntur,

235 1397 271 1418 ex
294 1389 396 1432 quibus
422 1388 484 1426 (nisi
506 1387 588 1419 Deus
609 1391 722 1426 avertat)
758 1389 888 1427 graviora
909 1390 1001 1420 timeri
1020 1389 1123 1428 poffint
1143 1389 1315 1422 Discrimina

259 1436 388 1457 rovenire

236 1437 257 1464 P
275 1464 323 1495 Ad
337 1449 559 1496 instintiffimam
571 1465 798 1504 Requifitionem
819 1463 1044 1496 Communitatis
1059 1465 1130 1497 dieti
1146 1466 1245 1504 Regni
1261 1477 1315 1498 no-

237 1502 304 1542 stri,
319 1504 351 1533 in
367 1503 554 1535 Parliamento
569 1504 666 1535 nostro
689 1504 762 1542 apud
783 1503 1087 1543 Westmonasterium,
1104 1506 1133 1535 in
1158 1506 1316 1544 Qindenfi.

235 1541 352 1573 Paschae
366 1542 471 1572 ultimo
488 1543 628 1580 praeterita
648 1550 828 1580 convocatu,
845 1543 911 1572 inde
926 1542 1050 1580 factam,
1075 1543 1111 1573 de
1134 1542 1262 1573 Consilio
1280 1544 1314 1574 &

239 1579 360 1611 Affensu
383 1579 536 1611 Comitum
550 1603 561 1620 ,
589 1581 749 1619 Baronum,
770 1579 1010 1619 Justiciariorum‚
1035 1582 1070 1612 ὅ(
1092 1581 1211 1612 aliorum
1233 1582 1318 1612 Fide-

234 1619 310 1650 lium
323 1618 503 1667 nostrorum,
520 1619 628 1650 ibidem
644 1628 712 1650 tunc
725 1618 923 1657 existentium,
942 1619 1067 1650 volentes
1083 1621 1165 1649 tantis
1181 1619 1318 1650 Periculis

238 1667 407 1696 occurrere,
423 1657 457 1688 δε
474 1657 600 1689 Conatus
613 1668 731 1696 eorum,
749 1659 798 1695 qui
813 1657 1024 1689 Advocationes
1046 1657 1080 1687 &
1100 1657 1168 1694 Jura
1190 1657 1318 1688 Coronae

239 1695 346 1727 nostrae
367 1697 496 1727 nituntur
518 1698 668 1736 praeripere
683 1719 693 1735 ,
718 1706 770 1735 pro
790 1696 911 1734 viribus,
930 1704 1013 1734 prout
1035 1696 1193 1734 convenit,
1224 1695 1320 1726 refrae-

243 1745 312 1765 nare

280 1758 514 1804 Pr'ohibuerimus
527 1775 661 1804 omnibus
676 1773 710 1804 &
725 1771 837 1808 fingulis
847 1770 1004 1809 Delegatis‚
1021 1771 1232 1811 SubdelegatiS,
1245 1771 1321 1803 Exe-

238 1812 402 1850 cutoribus,
419 1811 672 1842 Subexecutoribus
707 1811 741 1841 &
763 1808 972 1840 Commissariis
994 1809 1173 1849 Gratiarum,
1194 1810 1321 1842 Personis

241 1850 432 1889 Alienigenis,
449 1850 485 1881 de
502 1850 650 1881 Beneficiis
667 1833 868 1880 &eclesiasticis
889 1848 961 1879 diCti
975 1847 1075 1885 Regni
1090 1849 1178 1879 nostri
1191 1850 1321 1889 Angliae,

242 1888 416 1919 Vacantibus
431 1889 476 1919 vel
490 1889 654 1927 Vacaturis,
669 1897 718 1925 per
731 1887 834 1918 Sedem
843 1886 1038 1924 Apostolicam
1054 1889 1248 1919 conceffirum
1257 1911 1266 1927 ,
1286 1899 1320 1919 ac

243 1928 307 1965 ipsis
323 1927 516 1964 Alienigenis,
535 1927 570 1957 &
592 1936 693 1957 eorum
710 1925 959 1963 Procuratoribus,
975 1926 1009 1956 &
1030 1925 1171 1965 NunciiS,
1189 1927 1223 1957 &
1246 1926 1320 1965 ipso-

244 1975 309 1995 rum
324 1964 502 2004 Substitutis,
531 1975 565 1995 ac
584 1965 713 1996 Notariis
735 1963 876 2001 Publicis,
893 1963 928 1994 &
949 1964 1084 1995 omnibus
1104 1966 1161 1995 aliis
1180 1965 1322 1996 Fidelibus

244 2003 364 2041 nostris,
381 2003 430 2034 sub
444 2004 525 2034 omni
541 2013 576 2034 eo
593 2003 668 2041 quod
683 2003 767 2033 nobis
788 2002 948 2032 forisfacere
967 2011 1115 2041 poterunt,
1132 2005 1169 2034 ne
1192 2004 1319 2041 praediffi

246 2039 399 2078 Delegati,
424 2041 623 2080 Subdelegati,
649 2040 836 2079 ExecutoreS,
861 2040 1097 2079 Subexecutores,
1120 2042 1154 2072 &
1176 2041 1323 2073 Commis-

246 2079 308 2110 sarii
323 2078 501 2118 hujusmodi,
519 2078 628 2110 Gratias
644 2089 692 2117 per
705 2079 777 2117 ipsos
791 2088 836 2110 aut
849 2089 898 2117 per
910 2079 977 2110 alios
989 2089 1155 2118 exequantur
1164 2103 1174 2119 ,

286 2118 305 2137 ⁴¹²
323 2118 393 2149 Nec
429 2117 488 2149 uod
501 2118 572 2149 dieti
594 2118 790 2157 Alienigenae,
807 2119 854 2148 vel
862 2127 960 2148 eorum
974 2118 1187 2158 Procuratores,
1207 2118 1318 2150 Substi-

248 2157 317 2195 tuti,
337 2165 384 2187 aut
435 2157 529 2195 uncii‚
547 2156 615 2194 ipsas
630 2156 741 2187 Gratias
757 2156 974 2194 prosequantur,

285 2195 357 2226 Nec
371 2196 451 2233 qubd
466 2195 539 2226 dieti
552 2195 664 2226 Notarii
683 2195 761 2233 super
783 2195 846 2233 ipsis
869 2193 990 2233 Gratiis,
1007 2195 1052 2226 vel
1060 2195 1196 2234 aliquibus
1214 2195 1313 2235 fae‘tis,

247 2233 500 2272 ipsasProvisiones
514 2233 560 2264 seu
572 2233 739 2264 Processum
754 2243 853 2265 earum
871 2235 1126 2273 concernentibus,
1142 2233 1317 2266 Instrumen-

248 2281 277 2305 ta
292 2272 409 2304 Publica
425 2272 469 2303 vel
482 2271 644 2303 Protocolla
652 2272 755 2303 faciant
765 2295 775 2310 ,

286 2311 359 2342 Nec
374 2311 454 2349 quod
468 2311 538 2342 dieti
554 2311 599 2342 alii
611 2310 721 2342 Fideles
734 2310 822 2341 nostri
843 2310 927 2342 dictis
950 2310 1144 2349 Alienigenis,
1162 2311 1209 2342 vel
1227 2322 1325 2342 eorum

249 2348 499 2388 Procuratoribus,
521 2349 667 2389 Nunciis,
690 2358 736 2380 aut
759 2359 858 2380 eorum
879 2349 1055 2388 Substitutis,
1073 2350 1233 2388 Delegatis,
1251 2351 1326 2381 Sub-

248 2389 399 2429 delegatis,
418 2388 637 2427 Executoribus‚
654 2389 929 2426 Subexecutoribus,
946 2387 1156 2419 Commiffariis
1169 2412 1179 2428 ,
1197 2389 1232 2420 N
1235 2391 1328 2420 otariis

251 2428 283 2458 in
295 2428 349 2458 hac
364 2436 440 2465 parte
456 2435 585 2465 pareant,
603 2437 656 2458 nec
672 2427 822 2465 aliqualiter
836 2427 997 2465 intendant,

289 2465 360 2496 Nos
379 2466 514 2504 (volentes
527 2465 667 2505 praemissa
682 2466 893 2497 Universorum
909 2467 1019 2495 notitiae
1035 2464 1168 2503 pates-ieri)
1189 2467 1240 2497 tibi
1256 2476 1328 2505 prae-

251 2504 392 2543 cipimus,
410 2504 524 2536 firmiter
544 2505 740 2544 injungentes,
762 2504 842 2545 quod
858 2503 1014 2542 praemissa,
1029 2505 1128 2534 omnia
1149 2505 1184 2535 &
1205 2505 1329 2543 singula,

251 2543 281 2573 in
298 2543 484 2581 Civitatibus,
502 2543 612 2583 Burgis,
631 2543 710 2574 Villis
724 2543 919 2580 Mercatoriis,
936 2541 1075 2573 Portubus
1089 2542 1198 2581 Maris,
1216 2544 1251 2575 &
1271 2544 1330 2574 aliis

252 2581 339 2619 locis,
358 2581 388 2610 in
410 2580 514 2612 Baiiiva
535 2582 599 2621 tua,
617 2582 668 2612 ubi
689 2582 820 2620 expedire
843 2580 958 2619 videris,
978 2582 1038 2612 tam
1060 2580 1131 2611 infra
1153 2581 1331 2621 Libertates,

253 2620 342 2659 quam
358 2627 450 2657 extra,
476 2620 590 2657 publice
606 2620 772 2658 proclamari
784 2620 883 2657 facias,

292 2657 348 2695 Et,
365 2657 385 2687 fi
400 2667 488 2695 quos,
508 2658 572 2695 post
587 2658 845 2689 proclamationem
862 2658 957 2697 illam,
976 2660 1115 2689 contraria
1138 2657 1271 2688 facientes
1286 2659 1331 2688 in-

255 2697 379 2734 veneris,
399 2697 509 2734 capias,
527 2696 560 2727 &
576 2697 606 2726 in
621 2694 744 2726 Prisonis
758 2696 855 2726 nostris
869 2696 945 2728 salvo
954 2696 1089 2727 custodiri
1104 2696 1208 2735 facias,
1227 2696 1335 2735 quous-

255 2744 312 2774 que
327 2734 404 2764 aliter
418 2735 456 2764 de
470 2735 510 2764 eis
522 2735 683 2765 duxerimus
698 2734 908 2773 ordinandum,

291 2771 330 2802 Et
345 2772 382 2801 de
397 2771 562 2802 nominibus
575 2772 705 2810 illorum,
720 2782 792 2809 quos
808 2773 845 2803 fic
859 2772 1035 2812 arestaveris,
1053 2773 1138 2812 Nos,
1156 2774 1187 2803 in
1209 2772 1335 2804 Cancel-

203 2815 210 2825 “
255 2810 322 2842 laria
337 2809 432 2840 nostra
440 2832 450 2848 ,
469 2810 518 2840 sub
531 2809 636 2847 Sigillo
650 2817 717 2847 tuo,
730 2810 767 2840 de
779 2819 907 2847 tempore
922 2813 953 2840 in
963 2820 1094 2850 tempus,
1105 2813 1138 2843 &
1154 2812 1270 2849 qualiter
1276 2812 1334 2842 hoc

113 3393 190 3427 Anu.
206 3391 248 3424 D.

134 3441 222 3474 1343·

115 3476 168 3502 An.
189 3480 232 3508 17.

116 3515 149 3540 Ε.
170 3521 196 3548 3.

117 3549 230 3578 Liberat.

122 3596 165 3622 17.
184 3592 250 3625 E.3.

117 3635 157 3655 m.
171 3635 201 3662 5.

256 2846 438 2886 Praeceptum
454 2846 586 2879 nostrum
601 2848 685 2877 fueris
700 2856 832 2878 executus
841 2871 851 2886 ,
870 2850 939 2879 citra
961 2849 1076 2878 Festum
1091 2850 1126 2879 N
1128 2851 1256 2880 ativitatis
1271 2851 1336 2879 bea-

257 2895 298 2918 tae
314 2886 416 2931 Mariae
429 2887 574 2925 Virginis,
591 2887 724 2927 proximo
741 2886 885 2924 futurum,
904 2886 1003 2917 reddas
1024 2886 1159 2918 distincte
1183 2889 1216 2919 ὃς
1239 2889 1333 2926 aperte

262 2933 410 2958 certiores.

294 2963 383 2997 Teste
398 2962 481 3001 Rege
495 2961 570 3002 apud
582 2961 768 3003 Claryndon‚
787 2962 926 2994 vicesimo
940 2963 1024 2994 tertio
1042 2963 1089 2995 die
1101 2962 1180 3002 Julii.

723 3046 778 3075 Per
795 3042 880 3083 ipfiaem
898 3043 1034 3082 Custodem
1052 3042 1091 3078 όν
1109 3042 1263 3074 Concilium.

297 3121 464 3152 Consimilia
479 3120 578 3153 Brevia
591 3119 753 3160 diriguntur
768 3120 882 3159 singulis
890 3120 1117 3153 Vicecomitibus
1131 3130 1181 3158 per
1189 3119 1338 3160 Angliam,

261 3158 312 3191 sub
324 3159 426 3191 eadem
440 3160 517 3192 data.

439 3308 499 3339 Pro
525 3304 685 3339 Edwardo
705 3305 742 3339 de
766 3305 890 3339 Balliolo
914 3309 991 3353 Rege
1012 3308 1122 3341 Scotiae.

269 3390 397 3446 REX
416 3389 625 3429 ThesaurariO,
641 3390 675 3421 &
689 3389 859 3422 Camerariis
874 3393 943 3430 suis,
963 3391 1099 3422 Salutem.

368 3428 541 3460 Mandamus
554 3430 638 3460 vobis
651 3429 730 3466 quod
740 3451 750 3466 ,
767 3429 874 3460 dilecto
888 3431 1112 3467 Consanguineo
1127 3429 1160 3460 &
1177 3428 1267 3460 Fideli
1287 3439 1341 3460 no-

268 3468 345 3506 stro,
362 3467 506 3507 Edwardo
517 3467 554 3498 de
569 3467 685 3497 Balliolo
722 3466 802 3504 Regi
817 3468 939 3507 Scotiae,
965 3468 1093 3499 Centum
1116 3468 1233 3498 Marcas
1255 3467 1343 3499 solva-

269 3509 321 3546 tis,
339 3507 370 3536 in
393 3514 499 3544 partem
520 3505 662 3536 solutionis
718 3506 860 3536 ebitorum
881 3508 911 3536 in
931 3507 1032 3544 quibus
1056 3507 1082 3536 ei
1095 3514 1241 3544 tenemur,
1258 3507 1291 3537 ὃς
1311 3507 1342 3536 in

270 3545 417 3577 Auxilium
437 3543 647 3574 Sustentationis
668 3543 740 3582 suae,
766 3544 851 3583 usque
869 3544 903 3575 ad
925 3545 1002 3574 diem
1023 3544 1232 3583 Dominicam,
1247 3546 1344 3582 proxi-

270 3594 353 3655 }nam
374 3582 439 3622 post
460 3582 577 3625 Festum
590 3581 797 3620 Assumptionis
818 3583 908 3614 beatae
929 3582 1034 3614 Mariae
1047 3582 1193 3621 Virginis,
1211 3583 1344 3621 proximo

302 3631 397 3654 turum

285 3634 301 3655 u
311 3662 383 3701 Qo
398 3644 445 3691 die
461 3659 535 3699 apud
550 3658 855 3698 westmonasterium,
873 3668 940 3690 curn
949 3659 1084 3690 Concilio
1097 3659 1194 3689 nostro
1208 3659 1264 3690 esse
1278 3670 1345 3698 pro-

272 3702 424 3741 ponimus,
441 3699 477 3730 ad
489 3698 677 3729 ordinandum
692 3697 803 3728 ulterius
820 3708 871 3736 pro
880 3698 983 3728 eodem
996 3698 1098 3736 Rege,
1116 3699 1149 3729 ὃς
1165 3698 1200 3728 de
1214 3699 1272 3728 aliis
1278 3699 1346 3729 Ne-

275 3740 363 3778 gotiis
378 3737 498 3777 nostris,
515 3745 599 3776 prout
612 3737 696 3767 nobis
710 3738 743 3767 &
763 3736 843 3768 dieto
857 3736 996 3768 Concilio
1009 3736 1107 3767 nostro
1123 3737 1222 3767 melius
1235 3736 1345 3769 videbi-

275 3787 320 3810 tur
337 3776 514 3808 faciendum:

313 3815 351 3848 Et
364 3816 422 3847 hoc
436 3814 514 3845 nullo
527 3814 618 3845 modo
630 3814 772 3844 omittatis.

327 3853 416 3888 Teste
429 3853 513 3894 Rege
525 3852 600 3893 apud
612 3851 774 3891 Claryndon
781 3875 792 3892 ,
810 3852 944 3887 vicesimo
957 3852 1035 3886 sexto
1049 3852 1097 3883 die
1109 3851 1186 3891 Jtilii.

1013 3931 1067 3961 Per
1085 3928 1167 3969 ipssm
1184 3932 1290 3969 Regem.

1340 229 1818 276 PUBLICA.

2318 254 2395 291 149

2095 368 2139 370 ‘m
2158 367 2275 371 —‘
2394 368 2403 371 ’
2429 371 2494 402 lxiv*
2522 372 2560 402 D.

1379 405 1423 436 De
1447 408 1596 437 Scri‘ati'nio
1614 407 1704 452 stapes
1725 410 1818 441 Bullis
1842 415 1878 448 όν
1908 414 2017 444 Litoris
2040 410 2200 458 Papaltbus
2215 411 2368 457 faciende.
2433 421 2541 474 &5450

2452 465 2483 474 „s
2520 462 2541 484 ,2

1345 487 1464 544 REX
1487 488 1593 528 Majori
1611 492 1643 522 &
1662 491 1886 526 Vicecomitibus
1902 496 2079 535 Londoniae,
2095 497 2228 529 Salutem.
2430 489 2481 513 ‘²²'-
2502 496 2543 523 ¹7-

1436 526 1516 557 Ciint
1532 539 1582 558 nos
2431 528 2463 550 F
2485 535 2508 558 3-

1380 562 1439 608 Pro
1451 575 1494 609 xeo
1515 553 1600 609 quocs
1616 565 1809 611 Proviiiones,
1824 570 1909 601 factae
1932 582 1981 609 per
2003 571 2105 602 Sedem
2130 572 2324 611 Apostolicam
2336 596 2345 611 ,
2362 581 2410 603 ex-
2429 563 2524 609 Cluati.

1345 602 1590 645 ceffiviussolito,
1615 605 1650 635 de
1671 605 1817 638 Beneficiis
1837 609 2036 640 Ecclesiasticis
2060 611 2156 645 Regni
2179 613 2265 642 nostri
2292 612 2407 649 Angit-<2
2435 607 2477 636 ¹7¹
2494 608 2547 635 ³3

1345 638 1404 673 &a
1423 648 1453 669 ut
1462 642 1547 685 suffla
1560 644 1590 672 de
1606 644 1664 687 dat.
1686 653 1722 684 23
1751 646 1828 686 usque
1843 647 1880 676 ibi
1898 646 2073 678 Comissariis·
2095 650 2272 687 Gratiarum,
2294 650 2332 685 ὠ·
2346 657 2408 679 tunc
2428 644 2452 673 Ρ·
2472 649 2496 666 ²·
2517 649 2538 664 ⁷¹⁹

1338 677 1393 717 fic,
1414 678 1587 724 Proviiiones
1604 681 1759 720 hujusmodi
1781 685 1816 714 de
1837 685 1982 716 Beneficiis
2002 686 2202 718 Eccle-iasticis
2221 689 2293 718 dieti
2310 689 2411 725 Regni
2431 682 2461 707 ²7
2470 700 2475 705 ³
2492 679 2518 707 A·

1346 716 1435 747 nostri
1450 718 1583 760 Angliae,
1601 721 1763 763 vacantibus
1780 723 1825 753 vel
1846 725 1998 761 vacaturis,
2017 735 2066 761 per
2087 726 2189 755 Sedem
2215 725 2410 763 Apostolicam

1347 756 1560 794 concellaruin,
1579 768 1610 787 ac
1632 763 1694 795 ipsis
1709 759 1919 799 provisoribus,
1938 763 1970 792 &
1984 772 2083 792 eorum
2101 762 2413 801 procuratoribus,Cha

1341 801 1424 837 prout
1432 796 1517 838 supra
1526 817 1535 832 ,
1554 796 1586 824 de
1601 796 1671 825 datr?
1683 800 1816 834 praedicsa‘
1826 822 1835 837 ,
1853 805 1968 829 mutatis
1985 801 2121 829 metanda
2130 825 2140 840 ,
2158 806 2234 840 usai-w
2248 802 2285 830 ibi
2299 811 2352 832 nec
2365 803 2414 832 ‘aii‘

1353 833 1466 870 qualiter
1481 833 1690 872 intendant,&
1705 842 1767 865 tunc
1775 837 1828 876 fc,
2188 832 2199 841 ⁴

1386 870 1421 914 Et
1435 881 1501 908 nos,
1520 880 1548 902 ut
1562 873 1698 910 praemissa
1714 874 1749 904 ad
1764 876 1891 905 notitiam
1908 876 2095 906 universorum
2112 879 2287 915 perveniant,
2307 887 2414 915 praece-

1347 918 1469 953 perimus
1493 909 1606 947 singulis
1628 912 1851 944 Vicecomitibus
1872 913 1970 950 Regni
1993 915 2079 944 nostri
2105 915 2236 954 Angliae,
2264 917 2343 953 quod
2364 916 2414 953 ipsi

1348 947 1485 991 praemilsa
1502 950 1599 980 omnia
1619 950 1652 981 &
1675 950 1821 990 singulam
1844 951 1954 982 Ballivis
1975 952 2027 983 suis
2048 954 2161 991 publice
2182 954 2286 984 faciant
2307 956 2416 993 procla-

1351 995 1422 1016 mari

1373 1008 1477 1069 'Vo'bis
1499 1026 1693 1069 praecipimus,
1720 1026 1833 1058 firmiter
1855 1029 2051 1067 injungentes,
2089 1029 2146 1059 uod
2171 1029 2289 1067 diligens
2311 1028 2418 1060 Scruti-

1350 1071 1432 1106 nium
1446 1063 1482 1092 de
1496 1065 1648 1102 Omnibus,
1665 1066 1695 1094 in
1710 1065 1846 1102 Regnum
1863 1066 1988 1097 nostrum
2006 1067 2076 1104 Ang
2088 1069 2122 1097 iae
2138 1077 2184 1104 per
2199 1068 2318 1097 Portum
2335 1068 2417 1097 Civi-

1350 1109 1412 1169 {ms
1429 1100 1589 1168 Ifondoniae
1602 1103 1791 1141 venientibus,
1808 1104 1852 1134 seu
1866 1105 1966 1135 exinde
1983 1105 2018 1135 ad
2031 1115 2120 1145 partes
2134 1115 2236 1136 exteras
2256 1107 2418 1137 transeunti-

1373 1149 1419 1176 us,
1449 1148 1542 1169 aciatis

1376 1177 1423 1221 >Et
1436 1187 1537 1207 omnes
1550 1162 1632 1216 illos,
1649 1177 1728 1216 super
1742 1188 1811 1217 quos
1824 1179 1911 1210 Bullas
1924 1181 1970 1211 seu
1988 1181 2091 1212 Literas
2106 1182 2226 1220 aliquas,
2242 1181 2356 1220 Nobis,
2374 1189 2420 1223 ³th

1352 1215 1432 1246 disto
1449 1215 1556 1253 Regno
1576 1218 1691 1255 nostro,
1708 1217 1752 1247 seu
1774 1217 1914 1248 Fidelibus
1933 1219 2032 1249 nostris
2052 1220 2175 1257 ejusdem
2190 1221 2302 1258 Regni,
2320 1221 2419 1260 prae²u-

1352 1254 1463 1284 diciales
1498 1255 1677 1294 inveneritis,
1695 1256 1749 1286 una
1771 1265 1841 1287 cum
1856 1256 1940 1287 Bullis
1955 1257 1988 1287 ὃς
2008 1257 2108 1288 Literis
2123 1258 2195 1296 illis,
2213 1268 2246 1289 ac
2266 1260 2350 1288 etiam

1352 1294 1394 1322 nis
1408 1293 1441 1323 &
1454 1276 1553 1323 Rebus
1567 1293 1750 1332 eorumdem,
1767 1296 1895 1333 capiatis,
1913 1296 1946 1325 &
1957 1295 2092 1334 arestetis,
2110 1297 2143 1327 ὃς
2159 1297 2231 1334 ipsos
2252 1297 2282 1326 in
2304 1296 2419 1327 prisona

1353 1331 1448 1398 nosl’txil‘la
1461 1330 1536 1399 sadlvo
1550 1331 1684 1362 custodiri
1696 1332 1816 1371 faciatis,
1834 1332 1976 1371 quousque
1991 1333 2063 1364 aliud
2076 1345 2091 1364 a
2108 1335 2192 1364 nobis
2211 1334 2277 1365 inde
2293 1335 2421 1366 habueris

1354 1380 1384 1399 in
1439 1379 1472 1399 an
1493 1378 1555 1399 atis·

1393 1407 1516 1451 *Bullas
1530 1393 1563 1438 gc
1577 1408 1680 1438 Literas
1695 1408 1841 1446 praedi&as
1857 1409 1969 1449 statim,
1988 1411 2057 1440 cum
2072 1420 2121 1448 per
2136 1420 2187 1440 vos
2201 1419 2290 1448 captae
2303 1411 2424 1449 fuerint,
2443 1418 2461 1437 ⁴*
2470 1417 2507 1444 V.
2516 1422 2562 1454 375

1356 1447 1438 1476 nobis
1450 1455 1479 1475 m
1493 1444 1668 1477 Cancellaria
1683 1447 1777 1478 nostra
1791 1448 1839 1478 sub
1856 1447 1959 1485 Sigillis
1974 1448 2069 1478 vestris
2093 1449 2249 1487 mittentes,
2267 1450 2299 1479 Sc
2315 1459 2366 1478 nos
2388 1449 2425 1479 de

1356 1485 1519 1514 nominibus
1534 1485 1663 1523 illorum,
1681 1495 1751 1522 quos
1769 1486 1807 1516 fic
1829 1487 2038 1525 atrestaveritis,
2056 1487 2089 1517 &
2107 1487 2143 1517 de
2167 1486 2253 1517 Bonis
2274 1488 2307 1517 δε
2329 1487 2427 1530 Rebus

1357 1522 1426 1560 suis,
1450 1524 1483 1552 &
1509 1522 1586 1560 Qae
1608 1524 1642 1553 &
1664 1522 1832 1561 Cujusmodi
1852 1524 1970 1562 fuerint,
1987 1525 2020 1555 ὃς
2042 1525 2078 1554 de
2100 1527 2188 1562 pretio
2208 1524 2380 1563 eorundem,
2397 1535 2429 1556 in

1357 1560 1457 1591 eadem
1475 1559 1649 1591 Cancellaria
1663 1561 1794 1592 distinc‘te
1807 1563 1839 1593 ὅ(
1854 1565 1950 1600 aperte
1963 1562 2152 1593 certificantes.

1395 1597 1484 1628 Teste
1499 1598 1583 1637 Rege
1598 1599 1672 1636 apud
1688 1598 1871 1639 Claryndon,
1893 1611 1930 1641 30
1944 1601 2075 1639 dieJulii.

1896 1679 1950 1707 Per
1965 1676 2047 1715 ipfitm
2065 1680 2160 1715 Regem
2179 1676 2216 1713 (ἐι
2235 1676 2390 1708 Concilium.

1361 1750 1527 1782 Consimilia
1544 1750 1640 1782 Brevia
1659 1751 1813 1791 diriguntur
1830 1751 1983 1791 subscriptis
2000 1752 2050 1783 sub
2068 1753 2166 1784 eadem
2185 1753 2264 1793 datii,
2281 1753 2432 1794 videlicet,

1398 1831 1506 1899 λλῑῦαλονιῖ
1522 1830 1560 1905 Ξ
1579 1831 1702 1862 Ballivis
1721 1832 1799 1863 Villae
1817 1835 1898 1863 Novi
1914 1831 2004 1872 Castri
2012 1833 2093 1873 ficper
2111 1836 2221 1874 Tynam.

1437 1881 1505 1909 aJori
1563 1881 1584 1900 c.

1560 2012 1609 2045 De
1632 2010 1788 2044 transfundo
1811 2022 1880 2043 cmn
1902 2011 2066 2045 {Villielmo
2091 2010 2239 2058 Douglas.

1364 2094 1485 2164 RE}
1498 2095 1649 2143 *Univerxfis
1659 2119 1668 2134 ‚
1687 2106 1704 2126 a
1715 2095 1805 2134 dquos
1821 2096 1881 2128 ὅτε.
1899 2096 2031 2128 Salutem.
2458 2102 2534 2135 Am,
2548 2102 2562 2133 1

1478 2143 1555 2179 ciatis
1573 2134 1652 2172 quod
1669 2144 1737 2178 nos,
1839 2174 1844 2179 .
1960 2175 1964 2179 .
2247 2174 2251 2178 ι
2479 2151 2562 2183 1343⁴

1400 2172 1449 2203 De
1459 2172 1587 2203 fidelitate
1601 2174 1634 2203 &
1648 2172 1920 2213 circumspefflone,
1938 2174 2104 2204 dilectorum
2126 2173 2159 2204 δε
2180 2171 2306 2203 fidelium
2327 2171 2437 2203 nostro·
2457 2185 2510 2209 An.
2532 2189 2561 2216 ¹7

1365 2221 1448 2250 rum,
1465 2211 1584 2242 Henrici
1599 2211 1634 2242 de
1648 2211 1758 2252 Percy,
1778 2211 1908 2242 Mauritii
1923 2212 1957 2242 de
1972 2212 2123 2251 Berkeley,
2141 2213 2174 2243 &
2188 2212 2315 2242 Thomae
2328 2211 2363 2241 de
2376 2211 2438 2242 Lu·
2458 2223 2488 2246 E.
2500 2229 2526 2256 3,

1365 2261 1400 2291 cy
1409 2272 1419 2288 ‚
1438 2249 1628 2287 confidentes,
2457 2262 2523 2285 Scor.
2550 2266 2560 2283 1

1401 2288 1448 2318 Ad
1463 2288 1657 2318 Tractandum
1670 2288 1703 2318 &
1716 2287 1958 2332 Conveniendum
1975 2299 2041 2319 cum
2051 2311 2061 2327 ,
2080 2288 2186 2332 Nobili
2206 2287 2278 2319 Viro
2292 2329 2296 2332 ι
2314 2287 2439 2332 williel·
2459 2300 2490 2323 E.
2510 2304 2534 2334 3.
2556 2305 2562 2323 ι

1368 2326 1646 2404 ᾜὲυὲἕᾶῗουςῐεε,
1669 2327 1749 2365 super
1776 2327 1875 2367 Liga,
1900 2337 1970 2358 inter
1996 2327 2062 2358 Nos
2078 2329 2110 2359 ὅ(
2136 2328 2225 2365 ipsum
2244 2311 2439 2358 W'illielmum
2461 2344 2491 2371 4,

1391 2404 1454 2472 ⁸Etd
1464 2404 1498 2434 ad
1513 2402 1606 2442 ipsum
1627 2403 1660 2435 ad
1676 2403 1792 2443 Fidem,
1809 2403 1934 2443 Pacem,
1952 2403 1985 2435 δε
2006 2404 2190 2443 Amicitiam,
2212 2403 2337 2443 nostras,
2353 2402 2443 2435 Reci-
2471 2408 2475 2412 '

1368 2453 1435 2485 pien
1456 2452 1504 2472 um

1404 2481 1442 2512 Et
1456 2481 1492 2511 de
1507 2466 1744 2512 Remuneratione
1759 2481 1853 2511 eidem
1868 2480 2032 2511 Willielmo
2047 2479 2174 2511 facienda
2183 2479 2441 2520 Consentiendum,

1405 2519 1418 2551 I
1441 2519 1560 2558 sumque
1575 2519 1764 2549 Willielmum
1780 2519 1858 2557 super
1871 2520 1928 2550 hoc
1945 2520 2064 2549 nomine
2080 2519 2177 2549 nostro
2190 2518 2412 2563 Securandum,

1428 2559 1446 2589 't
1461 2558 1495 2588 ad
1510 2559 1607 2588 omnia
1620 2558 1686 2595 alia,
1707 2567 1770 2595 quae
1786 2568 1836 2595 pro
1853 2557 2003 2588 Securitate
2017 2557 2097 2595 ipsius
2112 2557 2261 2588 Willielmi
2271 2559 2299 2587 in
2313 2555 2440 2595 praemis-

1372 2597 1405 2628 sis
1422 2597 1573 2627 necessaria
1586 2596 1705 2634 fuerint,
1723 2596 1886 2626 faciendum
1896 2619 1905 2634 ,

1410 2635 1494 2674 Ips135
1511 2635 1544 2666 &
1566 2634 1686 2664 Duobus
1708 2644 1824 2671 eorum,
1842 2634 1972 2673 plenam,
1990 2642 2086 2664 tenore
2100 2632 2289 2672 praesentium,
2307 2632 2445 2663 concedi-

1374 2684 1437 2705 mus
1452 2674 1485 2704 &
1505 2673 1710 2703 committimus
1723 2671 1908 2710 Potest-atem,

1416 2712 1524 2742 Ratum
1539 2712 1572 2741 &
1587 2709 1711 2740 Gratum
1724 2710 1844 2740 habituri
1858 2709 1991 2749 quicquid
2005 2720 2053 2748 per
2064 2708 2151 2747 ipsos,
2165 2707 2343 2747 Henricum,
2360 2707 2446 2739 Mau-

1362 2751 1487 2788 titium,
1503 2750 1536 2780 δε
1549 2749 1698 2778 Thomam
1709 2771 1718 2786 ,
1736 2749 1769 2779 δε
1784 2748 1867 2778 Duos
1887 2758 2005 2786 eorum,
2025 2748 2133 2779 Actum
2156 2747 2189 2778 &
2211 2746 2336 2778 Gestum
2358 2747 2442 2779 fuerit

1375 2791 1405 2820 in
1438 2786 1579 2831 raemiffis,
1594 2788 1627 2818 ὃς
1643 2787 1768 2825 quolibet
1783 2786 2002 2824 prxmifforum.

1430 2826 1934 2902 nfissjtusgpfficwestmomsterium'
1950 2862 2066 2894 decimo
2083 2862 2188 2893 octavo
2203 2861 2250 2892 die
2266 2861 2393 2902 Augusti.

2129 2940 2182 2968 Per
2197 2937 2279 2978 ipficm
2297 2941 2404 2978 Regem.

1399 3077 1449 3108 De
1471 3073 1628 3107 trafhmdo
1646 3073 1738 3121 fitper
1760 3075 1987 3120 Conftrvatione
2009 3075 2197 3120 Treugarum
2221 3084 2290 3106 cum
2312 3075 2419 3107 Scotis.

1441 3158 1506 3189 EX
1521 3182 1531 3198 ,
1556 3159 1677 3190 Dilectis
1697 3160 1730 3190 &
1753 3159 1892 3190 Fidelibus
1910 3160 1962 3190 suis
2002 3157 2215 3189 venerabilibus
2236 3156 2382 3195 Patribus,
2402 3155 2442 3187 R·
2466 3156 2562 3190 Animi

1458 3197 1663 3235 Dunolmensi,
1680 3198 1752 3237 &J.
1772 3198 1950 3241 Karliolensi,
1969 3183 2130 3235 Episcopis‚
2150 3195 2284 3226 Gilberto
2305 3197 2340 3226 de
2361 3195 2442 3226 Um·
2491 3207 2562 3238 1343

1377 3236 1501 3267 framvill
1517 3235 1629 3267 Comiti
1642 3238 1678 3266 de
1693 3237 1826 3275 Anegos,
1845 3237 1970 3266 Henrico
1981 3237 2018 3265 de
2034 3236 2140 3275 Petcy,
2161 3235 2311 3272 Radulpho
2325 3236 2360 3264 de
2377 3233 2443 3264 Ne-
2464 3241 2515 3264 Aa.
2538 3245 2562 3273 ¹1

1378 3275 1444 3312 vill,
1464 3273 1600 3304 Mauritio
1621 3275 1656 3305 de
1678 3274 1807 3313 Berkele,
1824 3276 1952 3305 Thomae
1971 3274 2006 3303 de
2024 3274 2120 3314 Lucy,
2135 3272 2257 3311 johanni
2278 3273 2314 3303 de
2331 3272 2445 3313 Stryve-
2463 3279 2493 3303 Ε.
2513 3284 2539 3311 3.

1379 3314 1448 3352 lyn,
1466 3312 1595 3344 waltero
1608 3313 1643 3344 de
1659 3311 1774 3355 Creyk,
1793 3315 1825 3344 δε
1842 3313 1914 3343 Adae
1931 3312 1965 3342 de
1980 3311 2098 3350 Bowes,
2115 3311 2261 3355 Salutem..
2483 3312 2550 3351 thid,

1417 3351 1499 3382 Cum
1515 3361 1620 3390 nuper,
1636 3351 1671 3382 ad
1687 3351 1885 3382 Reverentiam
1901 3350 2022 3380 Domini
2043 3350 2157 3381 Summi
2179 3348 2338 3392 Por-inficis,
2361 3348 2395 3379 &
2412 3348 2449 3380 ad

1379 3390 1604 3428 Requiiitionem
1619 3390 1807 3420 Cardinalium
1816 3413 1825 3428 ,
1842 3389 1877 3420 ad
1891 3399 1941 3419 nos
1955 3398 2002 3426 pet
2016 3388 2103 3426 ipsum
2119 3395 2185 3417 tunc
2196 3386 2362 3424 missorum,
2371 3397 2450 3425 quae-

1380 3429 1446 3460 dani
1463 3428 1605 3466 Treugte,
1625 3429 1695 3458 inter
1711 3439 1777 3467 nos,
1796 3438 1849 3466 pro
1871 3428 1972 3465 nobis,
1989 3427 2021 3457 δε
2036 3427 2164 3463 Alligatis
2202 3435 2234 3456 ac
2249 3425 2373 3456 Subditis
2392 3436 2446 3456 no-

1381 3468 1459 3505 stris,
1482 3467 1514 3497 &
1538 3465 1733 3497 Adversarium
1755 3467 1882 3497 nostrum
1905 3464 2049 3509 Franciae,
2067 3474 2116 3508 pro
2131 3449 2205 3507 ipis),
2229 3473 2261 3494 ac
2285 3463 2395 3507 Scotis,
2412 3464 2447 3495 &

1382 3507 1440 3538 aliis
1455 3504 1580 3544 Alligatis
1591 3505 1641 3535 suis
1660 3505 1754 3544 (usque
1773 3505 1807 3535 ad
1821 3503 1934 3534 Festum
1948 3503 2046 3534 Sancti
2065 3501 2231 3541 Michaelis,
2250 3505 2382 3540 proximo
2399 3502 2446 3533 su-

1382 3554 1476 3576 turum
1512 3545 1544 3574 &
1561 3552 1661 3574 extunc
1684 3555 1732 3582 per
1747 3544 1820 3574 Tres
1834 3543 1951 3580 Annos,
1970 3542 2104 3580 proximo
2119 3540 2277 3579 sequentes,
2301 3541 2450 3579 duraturae)

1383 3584 1460 3614 initae
1490 3583 1579 3612 uerint
1594 3582 1627 3613 ὃς
1640 3581 1774 3620 firmatae,

1422 3621 1488 3653 Nos
2420 3625 2423 3627 ·

1420 3644 1554 3691 Voleiites
1573 3658 1701 3696 Treugas
1718 3657 1881 3697 praedictas,
1907 3664 2039 3696 quatenus
2066 3655 2102 3686 ad
2127 3665 2178 3687 nos
2201 3656 2316 3695 attinet,
2334 3654 2451 3693 firmiter,

1383 3699 1523 3730 observari

1422 3738 1468 3768 Ac
1484 3737 1519 3767 de
1530 3721 1658 3767 'fidelitate
1672 3736 1705 3766 &
1719 3734 1972 3772 circumspefflone
1987 3733 2084 3764 vestris
2100 3733 2206 3771 plenius
2221 3732 2410 3773 confidentes,

1423 3774 1631 3813 Affignavimus
1653 3784 1721 3811 vos,
1745 3773 1863 3805 Novem
1879 3796 1888 3812 ,
1914 3773 2012 3811 Octo,
2037 3773 2150 3810 Septem
2193 3772 2265 3810 Sex,
2291 3773 2447 3811 Qinquej

1386 3815 1536 3852 Quatuor,
1555 3813 1641 3852 Tres,
1659 3813 1692 3843 &
1706 3811 1790 3841 Duos
1808 3811 1950 3849 vestrum,
1968 3812 2002 3841 ad
2023 3812 2110 3841 dietas
2130 3795 2258 3848 Ti‘eugas
2293 3820 2345 3854 pro
2366 3812 2448 3854 nobis

1384 3855 1418 3885 &
1431 3852 1553 3884 Subditis
1567 3851 1666 3882 nostris
1699 3851 1729 3880 in
1743 3851 1861 3889 partibus
1882 3849 2077 3880 Marchiarum
2096 3848 2193 3885 Regni
2214 3833 2303 3892 nostri
2319 3849 2450 3886 Angliae,

1386 3893 1420 3923 &
1435 3891 1493 3922 aliis
1508 3890 1608 3928 Locis,
1627 3890 1656 3919 in
1748 3889 1808 3918 'inio
1821 3889 1855 3919 &
1868 3889 1964 3919 Terris
1976 3888 2075 3918 nostris
2087 3888 2116 3917 in
2131 3887 2245 3927 Scotia,
2263 3886 2448 3918 Firmandum

1384 3932 1419 3962 &
1438 3928 1682 3966 Custodiendum,
2360 3962 2365 3968 ⁸
2390 3962 2394 3967 .

1422 3967 1458 3998 Et
1481 3967 1515 3997 ad
1529 3966 1722 3997 Tractandum
1741 3966 1774 3997 &
1794 3965 2036 3996 Consentiendum
2056 3963 2169 3995 ulterius
2189 3973 2258 3995 cum
2277 3961 2451 4006 Hominibus

1385 4006 1422 4037 de
1437 4005 1549 4043 Scotia,
1570 4004 1733 4035 Adversariis
1745 4004 1861 4042 nostris,
1875 4005 1911 4034 de
1928 4002 2044 4042 Modis,
2061 4003 2171 4033 Formis
2182 4027 2192 4042 ,
2209 4004 2242 4033 ὃς
2265 4000 2448 4044 Conditioni-

1387 4045 1456 4083 bus,
1474 4045 1503 4074 in
1518 4044 1641 4080 Treugis
1654 4043 1705 4072 illis
1719 4043 1907 4081 apponendis,
1924 4043 1956 4072 ὅ(
1971 4042 2006 4072 de
2028 4042 2125 4072 mutua
2145 4040 2361 4084 Communione
2375 4037 2448 4068 Sub-

1385 4083 1511 4113 ditorum
1524 4081 1704 4119 nostrorum,
1723 4082 1756 4112 &
1771 4081 1894 4119 ipsorum
1909 4080 2080 4118 Scotorum,
2098 4081 2128 4110 in
2141 4079 2252 4119 singulis
2265 4077 2351 4116 locis,
2374 4085 2448 4116 prae-

1386 4130 1513 4160 terquam
1527 4121 1558 4152 in
1574 4118 1679 4152 Castris
1690 4121 1724 4153 &
1739 4119 1821 4152 vinis
1837 4118 1976 4190 Murssss,
1993 4118 2134 4155 facienda,
2421 4146 2465 4191 R
