2562 4279
844 159 955 201 ET
1038 156 1307 198 ACTA
1390 156 1871 203 PUBLICA.

85 251 162 283 Anu.
172 250 213 281 D.
224 246 452 285 Justiciariorum
468 248 478 286 ζ
503 255 551 279 aut
571 248 691 278 aliorum
712 244 912 277 Ministrorum
931 243 1121 285 nostrorum,
1147 241 1192 286 seu
1206 241 1287 278 alibi,

111 290 196 328 1328.
229 286 280 316 sub
301 286 391 324 pcena
410 286 563 317 amissionis
577 287 734 316 Armorum
749 284 883 324 suorum,
900 284 933 314 &
946 284 1171 313 incarcerationis
1183 288 1288 316 corpo-

83 332 148 358 Blv.
171 338 197 365 3.
228 334 293 354 rum
307 325 422 356 suorum
437 325 472 355 ad
485 325 662 355 voluntatem
674 323 815 353 nostram:
1016 359 1020 364 .
1130 357 1135 362 1
1269 355 1284 360 ..

267 362 305 392 Et
325 363 405 401 quod
444 363 573 394 usticiarii
593 362 683 393 nostri
704 363 733 391 in
747 359 891 399 praesentia
904 358 965 396 suci,
983 358 1178 388 Vicecomites
1195 356 1228 386 &
1241 354 1286 399 alii

83 406 101 420 ³
119 406 171 431 iv.
229 401 355 432 Ministri
371 411 412 432 no
440 403 462 432 ri
482 403 512 432 in
531 401 638 432 Ballivis
657 400 708 430 suis
723 424 734 439 ,
754 399 876 429 Domini
899 397 1076 440 Libertatum
1099 397 1133 425 &
1151 396 1169 414 ’¹³
1191 393 1287 424 BalliVi

86 451 150 477 259.
226 440 264 470 sui
277 441 306 470 in
320 440 494 471 libertatibus
509 439 578 478 illis,
596 439 723 476 Majores
746 439 780 468 &
796 436 890 467 Ballivi
908 434 1065 478 Civitatum
1081 434 1113 463 ὃ(
1128 433 1286 476 Burgorum

87 475 93 479 ”
224 479 297 508 infra
315 478 430 509 eosdem
450 477 585 509 Civitates
603 479 637 509 &
657 476 763 516 Burgos
776 498 785 513 ,
809 472 990 513 Burghaldri,
1009 471 1235 516 Constabularii,
1253 472 1287 501 &

228 516 372 548 Custodes
393 517 490 556 Pacis,
507 516 578 546 infra
593 515 744 546 Custodias
763 514 837 552 suaa,
854 513 974 543 habeant
989 510 1161 541 Potestatem
1175 509 1288 539 Execu-

227 557 317 587 tiones
328 556 418 587 facere
434 555 526 586 statuti
538 554 700 593 supradie‘ii:
1086 588 1091 593 1
1262 586 1268 592 ·

266 593 303 625 Et
315 596 373 633 jam
387 594 483 624 datum
499 594 530 625 sit
542 593 626 623 nobis
639 591 758 628 intelligi
772 613 783 628 ,
801 587 880 627 quod
896 587 987 632 plures
999 586 1142 632 Homines
1160 586 1287 623 Armati,

227 632 256 663 se
274 633 309 663 ad
329 634 455 663 invicem
477 632 633 672 alligantes,
648 631 677 660 iri
694 629 841 659 Comitatu
857 627 1012 665 praedidio,
1032 636 1060 655 in
1075 634 1214 656 terrorem
1230 624 1288 653 Po-

228 671 288 712 puli
306 670 395 702 nostri
444 672 477 702 &
494 670 573 701 Pacis
585 668 689 701 nostrae
703 666 866 704 laesionem,
881 665 907 695 se
921 664 957 695 de
968 664 1014 695 die
1028 666 1058 694 in
1070 664 1148 694 diem
1163 672 1287 707 congre-

231 717 300 747 gant
315 711 345 740 in
357 695 538 739 muititudine
550 717 609 738 non
622 704 756 745 modic-21,
771 703 864 734 versus
880 712 968 742 partes
977 702 1141 734 Comitatus
1155 701 1288 738 Cestriae,

230 750 264 779 ὅ(
278 750 307 778 in
321 747 402 778 dicio
416 747 562 782 Comitatu
578 754 629 776 tuo
644 742 791 774 intendunt
807 743 979 780 convenire,
996 751 1027 772 ut
1039 741 1140 773 dicitur
1154 763 1164 778 ,
1179 740 1214 770 ad
1228 749 1289 770 ma-

226 786 251 816 la
267 786 375 816 ibidem
410 783 586 824 erpetranda,
604 781 680 814 unde
693 783 791 819 ingens
804 782 969 812 commotio
990 780 1094 818 Populi
1114 780 1202 809 nostri
1216 788 1289 816 prce-

228 824 298 855 dic'ti
315 826 324 864 (
347 796 408 856 uod)
418 823 498 860 absit)
513 822 615 860 poterit
627 821 757 858 evenire,
773 820 806 850 &
822 819 979 850 remedium
991 818 1123 857 aliquod,
1138 819 1214 856 juitta
1229 817 1288 847 for-

229 873 309 893 mam
332 863 433 894 Statuti
453 860 582 899 praedicri
598 882 607 898 ,
633 860 662 888 in
675 859 796 896 partibus
808 858 878 897 illis,
896 868 957 889 non
969 858 1138 896 apponitur,
1157 864 1187 886 ut
1201 855 1287 886 debe-

229 910 289 939 ret3
308 901 384 933 unde
397 899 551 938 plurimum
563 897 734 930 admiramur
742 909 759 940 ;·
1031 935 1036 940 .
1165 934 1170 940 ι
1248 933 1252 938 .

266 940 337 970 Tibi
356 937 534 984 praecipimus
548 959 557 975 ,
582 936 701 967 firmiter
722 937 914 981 injungentes,
933 933 1013 972 quod
1029 945 1058 965 in
1074 934 1184 972 singulis
1197 933 1287 970 loeis,

231 979 262 1008 in
282 975 384 1008 Baliiva
405 984 454 1006 rua
468 997 479 1013 ,
504 976 553 1005 ubi
571 974 701 1012 expedire
719 974 821 1005 videris
837 997 847 1013 ,
873 973 987 1011 publice
1003 973 1185 1011 proclamari,
1204 972 1237 1002 δε
1253 980 1286 1001 ex

230 1025 307 1053 parte
318 1013 414 1046 nostrii
427 1012 545 1045 firmiter
559 1014 679 1047 inhiberi
694 1014 791 1050 facias,
809 1023 845 1042 ne
882 1013 921 1042 uis
933 1013 961 1042 in
976 1011 1056 1042 dicio
1071 1011 1219 1042 Comitatu
1236 1019 1287 1040 tuo

232 1053 366 1091 (exceptis
389 1051 572 1084 servientibus
593 1052 695 1082 nostris
710 1074 720 1090 ,
739 1052 772 1082 &
788 1052 856 1081 mini
871 1052 920 1081 bris
933 1050 1052 1088 nostris,
1070 1058 1101 1080 ut
1116 1049 1286 1087 praedictum

230 1090 284 1128 est)
306 1090 439 1123 Armatus
462 1090 504 1121 ire
517 1114 526 1130 ‚
550 1090 597 1122 seu
618 1092 680 1121 vim
701 1091 825 1128 aliquam
848 1089 969 1126 ducere,
988 1098 1034 1119 aut
1048 1090 1218 1127 quicquam,
1238 1097 1287 1124 per

226 1128 306 1167 quod
320 1128 378 1159 Pax
392 1127 487 1159 nostr-a
505 1128 568 1159 laedi
585 1153 595 1168 ,
619 1129 665 1160 seu
685 1127 810 1167 Populus
823 1128 920 1159 noster
933 1128 1046 1164 terreri,
1064 1127 1168 1164 valeat,
1187 1135 1288 1165 perpe-

226 1176 298 1198 trare
310 1167 457 1206 praesumat
472 1169 573 1206 quovis
589 1167 695 1198 modo:
1208 1203 1214 1208 ,

264 1205 302 1236 Et
323 1216 424 1236 omne·
447 1206 508 1236 illos
520 1231 530 1243 ,
551 1216 635 1249 quos,
653 1205 717 1245 post
731 1205 990 1235 proclamationem
1005 1203 1188 1242 praedic‘tam,
1207 1212 1287 1232 inve-

227 1245 301 1274 neris
315 1245 456 1275 contraria
469 1245 620 1283 facientes,
638 1255 687 1283 per
702 1254 801 1284 peenas
822 1243 1003 1274 amissionum
1020 1242 1179 1285 Armorum
1191 1242 1224 1271 ὃς
1240 1241 1288 1271 ln·

228 1284 425 1315 carcerationis
444 1293 619 1323 corporum,
632 1285 709 1322 juxta
722 1283 846 1312 formam
859 1282 958 1312 Statuti
974 1281 1117 1319 praediffl,
1135 1280 1224 1311 taliter
1240 1290 1288 1310 ca-

227 1320 323 1359 stigari
344 1322 425 1352 facias
440 1345 451 1360 ,
479 1321 558 1359 quod
579 1322 636 1352 aliis
655 1322 789 1352 timorem
811 1321 926 1350 incutiat
947 1319 1101 1350 consimilia
1115 1327 1290 1358 perpetrare3

228 1359 345 1402 sumpto
358 1360 392 1390 ad
408 1361 484 1398 hoc,
501 1360 520 1390 si
533 1360 644 1390 neeeffe
656 1359 755 1398 fuerit,
772 1359 860 1390 Posse
872 1357 1035 1389 Comitatsis
1049 1359 1098 1389 tui.

266 1436 356 1467 Teste
369 1437 455 1478 Rege
468 1436 543 1479 apud
555 1436 752 1479 Bruggenorth
760 1461 770 1475 ,
787 1437 906 1474 septimo
921 1435 966 1467 die
978 1435 1053 1475 julii.

741 1516 795 1544 Per
802 1516 895 1543 Breve
909 1513 940 1543 de
955 1515 1074 1543 Privato
1087 1510 1186 1549 Sigillo.

231 1641 433 1675 Proclamatio
451 1640 533 1689 qnod
548 1653 645 1674 omnes
656 1667 666 1682 ‚
690 1643 743 1688 qui
754 1640 892 1688 prosequi
903 1638 1053 1672 voluerint
1064 1648 1119 1684 pro
1134 1635 1290 1682 dampnis,

276 1693 319 1721 eis
341 1690 435 1722 illatis
452 1701 508 1736 per
533 1691 678 1724 Homines
700 1689 737 1722 de
760 1686 931 1730 Flandria,
957 1690 1081 1720 veniant
1106 1683 1150 1717 ad
1176 1695 1293 1717 certum

275 1737 368 1772 diem.

83 1836 113 1868 A
171 1834 204 1866 D
299 1821 326 1853 E
334 1822 366 1853 X
391 1823 618 1854 vicecomitibus
629 1821 794 1855 Londoniae
807 1821 942 1854 Salutem.

102 1846 189 1915 ,ugg-
206 1860 213 1866 '
331 1860 432 1901 Crini,
449 1862 484 1892 ad
507 1861 687 1893 tractandum
711 1860 877 1892 Nobiscum
891 1860 928 1890 de
941 1859 1145 1890 reformatione
1164 1857 1244 1888 Pacis
1257 1858 1291 1889 &

81 1918 124 1942 Aa
150 1924 165 1942 2
230 1897 406 1933 Concordiae
441 1901 513 1931 inter
526 1900 638 1933 nostros
651 1899 787 1932 Subditos
800 1909 834 1931 ex
850 1908 927 1937 parte
941 1898 1015 1935 una,
1032 1899 1065 1929 &
1081 1897 1218 1936 quosdam
1226 1896 1293 1927 Ho-

81 1956 105 1981 Ε
130 1936 135 1941 ”
169 1936 176 1943 ’
229 1937 319 1968 mines
334 1939 368 1972 δε
383 1923 563 1969 Mercatores
578 1939 615 1970 de
629 1938 759 1970 Flandria
779 1947 813 1968 ex
828 1937 912 1968 altera
952 1937 1032 1975 super
1048 1936 1292 1967 Contentionibus

81 1962 170 2027 dagh
187 2001 214 2019 2·
228 1976 263 2007 &
279 1975 453 2020 Discordiis,
470 1977 538 2010 hine
553 1978 620 2009 inde
637 1978 741 2015 motis,
752 1977 904 2008 occasione
918 1962 1141 2013 Dampnorum,
1157 1975 1291 2006 datorum

125 2039 135 2044 .
229 2016 309 2053 supra
329 2015 417 2046 Mare
431 2038 441 2055 ,
465 2017 536 2047 certi
548 2016 678 2056 Numen,
694 2024 728 2059 ex
744 2024 822 2053 parre
836 2015 961 2059 ipsorum
974 2013 1202 2052 flandrensium,
1220 2023 1291 2045 cum

228 2053 385 2087 sufficiente
400 2054 559 2093 Potestate,
575 2055 611 2085 ad
623 2055 692 2084 Nos
700 2064 759 2093 Jam
774 2062 918 2084 venerint:

265 2092 408 2135 Nosque,
424 2092 587 2134 hujusmodi
601 2093 708 2125 Pacem
722 2093 756 2126 ὃς
770 2091 988 2132 Concordiam,
1006 2101 1061 2130 pro
1077 2091 1210 2130 utilitate,
1227 2101 1293 2135 quae

228 2131 341 2168 utrique
359 2131 461 2161 Terrae
484 2140 518 2162 ex
540 2131 639 2162 mutua
661 2130 886 2162 Communione
899 2131 1003 2170 poterit
1019 2131 1150 2168 evenire,
1168 2130 1293 2161 corditer

228 2167 411 2210 affectantes,
430 2169 661 2206 assignaverimus
679 2169 756 2200 diem
772 2169 892 2211 praefatis
914 2168 1041 2199 Nunciis
1054 2191 1064 2207 ,
1088 2178 1189 2199 corani
1211 2169 1294 2199 nobis

230 2207 266 2238 ἃ
281 2207 420 2239 Concilio
438 2208 539 2242 nostro
553 2233 562 2248 ‚
580 2208 654 2250 apud
667 2207 818 2247 Eborum,
835 2207 969 2239 videlicet
982 2209 1011 2237 in
1027 2207 1111 2238 Festo
1127 2207 1222 2238 Sand‘fi
1239 2206 1294 2237 Pe-

230 2247 267 2290 tri
286 2246 322 2277 ad
343 2246 465 2277 Vincula
477 2269 487 2288 ,
512 2248 648 2290 proximo
671 2247 786 2290 fiituro,
803 2246 837 2279 ad
850 2246 1226 2290 inchoandum-Tractatum
1241 2246 1295 2276 hu-

226 2284 351 2323 jusmodi
384 2286 419 2317 ὃς
436 2285 550 2324 plenam
571 2285 772 2318 Concordiam
786 2308 797 2325 ,
813 2295 848 2316 ac
863 2284 969 2318 Pacem
983 2284 1130 2323 stabilem,
1146 2284 1216 2315 Deo
1227 2294 1295 2327 pro-

230 2324 304 2366 pitio
316 2333 346 2354 re
358 2324 548 2358 ormandum:

267 2361 360 2394 Vobis
372 2364 554 2404 precipimus
567 2362 667 2404 quod,
683 2364 714 2395 in
727 2362 852 2394 Civitate
867 2361 1021 2404 praedicta,
1039 2363 1068 2393 iri
1081 2362 1170 2404 locis,
1187 2363 1238 2394 ubi
1251 2363 1295 2394 vi-

228 2398 324 2434 deritis
338 2401 486 2443 expedire,
504 2402 608 2434 faciatis
642 2402 737 2435 ublice
754 2402 939 2442 proclamari,
957 2402 1039 2439 quod
1054 2412 1157 2432 omnes
1171 2401 1227 2440 illi,
1266 2402 1295 2432 ui

228 2448 284 2476 pro
296 2438 456 2484 Dampnis,
473 2441 512 2471 eis
524 2451 574 2481 per
590 2441 619 2483 ip
629 2451 662 2472 os
676 2440 822 2471 Homines
838 2440 874 2473 de
889 2439 1017 2472 Flandrizi
1039 2440 1119 2471 illatis
1132 2440 1212 2479 supra
1266 2450 1296 2470 a·

228 2486 284 2515 re,
307 2479 378 2516 pros
411 2480 439 2509 ui
461 2479 606 2510 voluerint
620 2503 631 2518 ,
654 2479 690 2510 ad
710 2479 804 2510 diores
824 2478 916 2511 Diem
939 2479 972 2510 &
993 2479 1109 2510 Locum
1132 2478 1270 2510 accedant
1284 2503 1294 2519 ,

228 2515 446 2585 Querelagd-uas
468 2526 539 2549 tunc
560 2517 668 2549 ibidem
687 2517 879 2560 prosecuturi,
896 2518 931 2549 &
946 2517 1101 2558 ostensuri,
1119 2518 1139 2550 si
1151 2518 1202 2549 sibi
1217 2517 1296 2550 vide-

226 2562 283 2585 rint
313 2563 330 2584 x
387 2565 394 2584 i
410 2565 439 2585 e·

264 2564 375 2628 Εῗιιὲς
386 2565 543 2628 riuiiatenus
554 2595 709 2636 omittatis,
727 2596 762 2627 se
775 2595 898 2627 habeatis
913 2595 952 2626 ibi
966 2603 1035 2628 tunc
1049 2594 1107 2626 hoc
1122 2594 1222 2628 Breve.

83 2033 114 2058 E.
125 2040 194 2066 3.m.

85 2076 135 2096 ιο.
147 2068 175 2096 d.

262 2669 355 2704 'reste
367 2670 451 2712 Rege
461 2671 536 2715 apud
548 2671 757 2714 Briggenorth,
774 2671 953 2704 duodecimo
966 2672 1013 2704 die
1024 2671 1102 2712 Julii.

703 2751 758 2783 Per
773 2747 855 2791 ipsimi
868 2751 965 2789 Regem
980 2747 1019 2785 όν
1034 2747 1186 2781 concilium.

265 2819 381 2854 Eodem
393 2823 485 2855 modo
497 2823 626 2857 scribitur
639 2825 754 2864 singulis
767 2825 997 2859 vicecomitibus
1011 2837 1061 2867 per
1076 2825 1223 2866 Angliam.

353 2949 413 2981 Pro
434 2945 660 2997 Archiepi'fiopo
677 2947 877 2985 Armachano
895 2950 1169 2987 Commendatoria.

85 3038 212 3073 Ari-D.
230 3030 395 3093 PAPAE
421 3031 487 3064 Rex
501 3032 605 3066 devota
619 3032 733 3067 Pedum
747 3034 843 3068 oscula
856 3035 1016 3067 beatorum.

113 3079 196 3120 1328,
260 3109 265 3115 ·
317 3070 446 3116 Caritatis
460 3071 608 3104 foecundae
623 3072 778 3112 sinceritas,
818 3072 854 3104 uei
868 3073 1016 3112 personam
1030 3097 1040 3112 ,
1058 3075 1224 3109 venerabilis
1240 3075 1294 3109 Pa-

81 3122 133 3148 An,
151 3129 177 3146 2,
231 3117 298 3153 tris,
314 3108 447 3149 Stephani
462 3109 498 3142 de
511 3109 647 3149 Segrave,
667 3111 802 3152 Archiepi
813 3121 851 3142 co
871 3111 1065 3151 iArmacani‚
1083 3114 1293 3153 amplefflmur,

79 3162 112 3186 Ε,
131 3167 143 3194 3
233 3155 370 3178 virtutum
390 3149 492 3187 quibus
511 3148 682 3181 laudabiliter
695 3150 839 3193 insignitur
883 3152 978 3182 onaria
991 3153 1234 3191 contemplando,
1251 3153 1296 3185 so-

81 3200 151 3224 Rom.
167 3205 194 3224 2·
234 3185 392 3230 Iertes-Nos
405 3186 493 3231 efficit
510 3188 545 3219 ad
559 3198 592 3219 ea
606 3211 617 3228 ,
634 3198 699 3226 quae
713 3189 722 3218 i
745 3191 795 3221 lius
809 3188 940 3221 Honoris
954 3190 988 3221 &
1002 3188 1189 3223 Profecstuum
1202 3192 1296 3223 incre-

82 3239 113 3262 E.
129 3244 154 3271 3,
174 3243 212 3262 m,
233 3233 336 3255 mentis
351 3234 543 3266 conveniunt,
560 3227 664 3258 votivis
676 3226 713 3257 de
724 3227 816 3259 ideriis
830 3228 1017 3266 procuranda.

84 3282 112 3310 3,
269 3261 351 3306 Cum
370 3263 408 3295 ita
430 3273 465 3295 ue
484 3262 562 3296 idem
582 3265 819 3305 Archiepiscopus
833 3288 844 3305 ,
862 3266 881 3286 ³⁸
901 3276 955 3305 pro
974 3266 1026 3299 suis
1044 3268 1077 3298 &
1093 3267 1226 3300 Ecclesiae
1239 3268 1296 3300 suae

84 3313 101 3328 ο
122 3312 176 3338 xv,
232 3309 370 3339 negotiis,
390 3310 405 3331 a
446 3301 548 3334 vestrae
563 3301 722 3336 sanctitatis
735 3304 910 3344 praesentiam
926 3305 1105 3343 personaliter
1117 3307 1256 3340 divertere
1268 3308 1295 3339 se

87 3349 153 3387 3⁶0·
232 3347 376 3387 proponat
416 3339 582 3386 Beaiitudini
595 3341 700 3386 *vestrae
714 3342 826 3376 sinceris
840 3342 991 3374 affectibus
1005 3344 1207 3386 supplicamus,
1225 3357 1294 3385 qua-

232 3388 315 3411 tenus
329 3363 452 3412 eundem
467 3378 736 3424 Archiepiscopum·
746 3381 852 3418 (virum
871 3383 968 3422 utique
982 3392 1017 3414 ex
1030 3384 1138 3418 Nobili
1152 3384 1293 3425 Progenie

233 3426 415 3461 procreatum
427 3439 438 3457 ,
461 3416 622 3461 Literarum
641 3418 756 3453 scientia
779 3419 948 3458 praeditum,
965 3421 1123 3456 devotione
1143 3425 1293 3463 conspicu-

234 3466 304 3495 um,
321 3456 355 3487 &
369 3465 398 3487 in
412 3454 571 3487 commiffo
592 3456 644 3487 sibi
658 3455 814 3496 Regimine
836 3458 1087 3498 circumspec‘rum)
1105 3462 1254 3501 habentes,
1273 3463 1294 3496 fi

233 3495 326 3535 placet
332 3517 351 3537 ,ῃ
360 3494 449 3525 nostri
470 3494 712 3532 contemplatione
734 3494 847 3536 rogatus
892 3498 1056 3535 propensius
1077 3501 1295 3534 recommenda-

233 3543 315 3573 tum,
334 3535 371 3577 iic
390 3534 432 3572 ei,
450 3534 479 3563 iii
501 3532 622 3577 gratiosi),
642 3532 819 3572 expeditione
832 3518 1031 3574 N’egotiomm
1045 3539 1233 3578 eorumdem,
1252 3540 1295 3571 A-

234 3572 370 3613 postolici
399 3572 503 3603 favoris
529 3570 761 3606 Munificentiam
778 3573 938 3613 dignemini
958 3575 1119 3618 impertiri,
1146 3578 1227 3617 quod
1247 3579 1294 3610 has

232 3621 332 3652 preces
348 3612 469 3649 nostras,
487 3612 518 3641 in
531 3609 655 3649 effectu,
674 3611 725 3642 sibi
737 3612 838 3644 sentite
851 3612 940 3644 valeat
953 3614 1097 3652 profuisse.

272 3650 432 3684 Conservet
445 3651 507 3683 &c.

273 3726 344 3760 Dat.
360 3727 436 3767 apud
449 3727 633 3768 Notingharn
642 3750 652 3767 ,
669 3727 806 3761 vicesimo
819 3728 902 3763 tertio
918 3728 965 3762 die
975 3730 1053 3771 Julii.

92 3829 169 3862 Ann.
183 3828 225 3861 D.
690 3856 694 3862 .
991 3844 993 3846 ·

115 3869 200 3908 1328·
295 3853 344 3885 De
351 3852 565 3899 proclamando
586 3865 621 3886 ne
641 3864 707 3900 quis
715 3852 750 3899 ft
764 3852 928 3897 transferat
939 3853 985 3887 ad
998 3864 1100 3901 partes
1114 3865 1244 3890 exteras.

92 3911 146 3935 An.
164 3918 190 3936 2.

93 3949 126 4011 Εἰ
147 3955 178 4020 3j
241 3933 393 3995 REX,
410 3937 516 3969 diiecto
528 3939 562 3970 &
576 3938 649 3969 fideli
663 3938 728 3977 suo,
746 3937 958 3970 Bartholomaeo
971 3937 1006 3970 de
1021 3938 1180 3976 Burgherih
1190 3965 1199 3979 ,
1213 3939 1299 3971 Con-

92 3988 116 4011 C
127 3995 160 4011 au
175 4007 180 4013 .
200 3993 226 4012 2.

321 3973 468 4007 stabulario
485 3977 579 4009 Castri
601 3978 642 4009 sui
663 3976 841 4016 Dovorriae,
858 3977 892 4009 ὃς
907 3976 1029 4009 Custodi
1043 3978 1182 4018 Qiinque
1197 3978 1301 4011 Portu-

94 4026 124 4049 Ε,
147 4032 171 4058 3,
191 4032 228 4051 m·
241 4019 292 4040 um
305 4009 418 4042 suorum
451 4014 584 4047 Salutem,

98 4069 141 4096 ¹9·
159 4062 185 4089 d.
283 4037 462 4088 Quibusdfm
489 4053 526 4086 de
552 4054 638 4087 causis
657 4054 741 4088 vobis
759 4053 926 4086 mandamus
938 4077 949 4094 ‚
967 4053 1086 4087 firmiter
1102 4055 1278 4095 injungentes
1291 4079 1301 4094 ,

2342 181 2393 220 ¹5

1332 240 1413 283 quod
1429 240 1539 280 statim,
1557 245 1618 288 visis
1633 247 1813 283 praesentibus
1826 272 1836 287 ,
1855 250 1883 279 in
1900 249 2010 289 singulis
2023 250 2165 281 Portubus
2181 250 2216 284 δε
2230 250 2288 281 aliiss
2301 251 2390 295 lQCi³2
2406 245 2482 277 Arm·
2496 244 2537 278 D·

1332 279 1381 308 ubi
1404 279 1504 310 Naves
1516 283 1655 319 applicant
1678 287 1749 316 infra
1767 287 1901 318 Ballivam
1916 289 2056 327 vestram,
2075 290 2190 327 publice
2204 290 2388 330 proclamari,
2428 283 2511 322 ¹328·

1333 317 1366 346 δε
1381 326 1417 361 eit
1431 326 1507 354 parte
1527 321 1623 364 nostra
1637 322 1754 365 firmiter
1768 326 1887 356 inhiberi
1897 327 2017 365 faciatis,
2035 339 2070 358 ne
2080 329 2158 365 quis‘,
2177 327 2262 365 Baro,
2281 329 2387 369 Miles,
2407 326 2471 353 ΕΝ·
2494 332 2520 359 ³⁶

1334 354 1472 401 Armiger
1487 378 1497 393 ,
1520 360 1565 388 seu
1585 360 1680 397 aliquis
1703 362 1807 392 Homo
1825 364 1859 394 ad
1872 375 1963 403 arma,
1982 366 2031 396 sub
2046 368 2122 405 gravi
2140 367 2319 399 forisfactura
2332 379 2387 399 no⁴

1332 392 1402 431 stra,
1422 402 1497 424 extra
1513 394 1647 440 Regnum
1661 400 1789 430 nostrum
1803 402 1837 432 ad
1851 412 1939 440 partes
1955 413 2059 435 exteras
2074 405 2101 434 se
2115 406 2273 436 transferat:

1354 470 1358 474 ⁵
1370 430 1409 474 Et
1419 432 1500 475 quod
1513 434 1608 476 aliquis
1624 436 1786 476 Mercator,
1804 440 1849 470 seu
1863 442 1944 479 alius,
1953 444 2154 482 cujuscumque
2169 443 2253 474 status
2265 445 2390 476 velcon-

1331 468 1445 499 ditionis
1465 471 1545 501 fuerit
1561 496 1571 510 ,
1596 473 1692 512 Equos
1715 476 1881 508 Dextrarios
1895 502 1905 517 ,
1929 481 1973 510 seu
1986 481 2052 511 alios
2066 481 2166 520 Equos
2181 482 2217 513 de
2230 494 2323 522 arma,
2342 485 2389 518 vel

1332 507 1513 552 Armaturas,
1533 520 1592 555 non
1615 514 1697 556 ducat
1718 523 1794 545 extra
1813 516 1890 546 idem
1904 517 2058 558 Regnum,
2076 521 2121 550 seu
2134 520 2200 551 duci
2213 522 2294 553 faciat
2332 523 2390 554 sine

1331 545 1445 576 licentia
1461 547 1556 589 nostra
1571 550 1697 587 speeiali:
2301 545 2312 561 ³

1370 584 1408 615 Et
1421 607 1430 622 ‚
1449 587 1475 628 *ll
1494 596 1566 630 quos
1578 612 1588 625 ‚
1607 589 1671 632 post
1685 590 1945 623 Proclamationem
1958 595 1992 625 &
2007 594 2209 627 inhibitionem
2227 598 2391 639 praedic‘ras,

1331 632 1471 667 contraria
1486 624 1625 670 facientes.
1633 631 1809 666 inveneritis,
1827 638 1895 660 tunc
1911 642 1974 669 eos,
1993 634 2047 663 una
2059 644 2128 665 cum
2142 635 2230 674 Equis
2244 639 2278 668 ὅτ.
2287 637 2391 668 Arma-

1330 669 1398 691 turis
1418 662 1470 692 suis
1484 685 1493 700 ,
1517 664 1626 694 arestari
1639 687 1649 702 ,
1674 667 1709 696 δε
1729 667 1804 696 salvo
1825 668 1960 699 custodiri
1980 670 2082 703 faciatis
2094 697 2104 710 ,
2124 675 2271 713 quousque
2285 676 2358 706 aliud
2372 677 2389 706 ἆ

1330 699 1429 768 gogo,
1447 700 1527 738 super
1546 701 1622 741 hoc,
1641 704 1790 736 habueritis
1802 706 1832 736 in
1847 708 1997 747 mandatis,
2014 709 2051 742 Et
2066 711 2123 742 hoc
2132 713 2286 746 nullatenus
2300 716 2390 750 omit*

1366 814 1458 846 Teste
1472 815 1555 856 Rege
1569 816 1642 855 apud
1655 817 1806 858 Eborum,
1824 822 1908 852 tertio
1923 823 1969 853 die
1984 823 2112 863 Augusti.

1837 898 1890 927 Per
1904 900 1998 929 Breve
2011 900 2043 929 de
2057 903 2176 933 Privato
2188 905 2286 947 sigillo„

1367 968 1480 1001 Eodem
1493 971 1584 1002 modo
1599 972 1763 1019 mandatum
1777 974 1818 1005 est
1832 975 2008 1015 subscriptis3
2027 977 2175 1018 videlicet,

1368 1045 1476 1084 Majori
1493 1045 1531 1081 ό·
1544 1047 1668 1079 Rulli-'vis
1681 1052 1710 1079 V
1710 1049 1766 1079 illae
1781 1050 1978 1091 Suthampton,
1996 1051 2057 1088 &aa

1331 1120 1368 1152 Et
1383 1121 1594 1167 eodemmodo
1609 1125 1774 1169 mandatum
1787 1126 1827 1157 est
1842 1127 2070 1161 vicecomitibus
2092 1130 2264 1172 subscriptis,
2284 1135 2394 1167 mutatis

1372 1161 1529 1200 mutandis,
1548 1163 1695 1202 videlicet,

1371 1239 1426 1267 Vic.
1442 1240 1550 1268 Devon.
1571 1238 1630 1275 (ἐνί.

1334 1364 1393 1398 Ad
1415 1368 1529 1413 Papam
1550 1366 1641 1413 fhper
1658 1370 1799 1403 Levitate
1824 1371 2011 1412 I‘Willenstum
2025 1399 2034 1414 ‚
2067 1374 2104 1410 ὠ
2128 1371 2164 1406 de
2181 1375 2329 1410 Eleeiione
2345 1380 2394 1413 Η.

1549 1415 1585 1449 de
1606 1418 1714 1450 Gower
1730 1422 1761 1452 in
1778 1420 1952 1465 Episcopum
1969 1423 2196 1467 Mencvenftm.

1336 1497 1384 1559 P
1394 1499 1421 1530 A
1430 1499 1453 1529 P
1462 1498 1503 1529 AE
1519 1498 1588 1543 „Rex
1600 1500 1704 1533 devota
1717 1502 1829 1534 Pedum
1843 1504 1936 1535 oscula
1951 1505 2109 1537 beatorum.
2417 1502 2493 1533 Ann-
2506 1500 2551 1534 D·

1424 1538 1735 1584 Fragilitati'Wallenfis
1754 1542 1858 1579 Populi
1874 1567 1883 1582 ‚
1902 1544 1951 1582 qui
1967 1543 2166 1583 progenitores
2178 1546 2290 1578 nostros
2304 1546 2400 1580 haiste-
2440 1543 2525 1582 ¹323·

1339 1586 1391 1606 nus
1397 1599 1408 1620 ρ
1426 1586 1527 1619 contra
1551 1577 1697 1621 Ligiantiae
1719 1580 1775 1610 suae
1796 1582 1943 1620 debiturn,
1961 1583 2152 1620 multipliciter
2165 1586 2200 1616 &
2211 1589 2320 1617 temere
2335 1588 2400 1618 fati·
2418 1586 2470 1608 An.
2491 1591 2518 1608 2·

1337 1623 1432 1654 gavit,
1451 1616 1497 1652 pie
1517 1616 1687 1660 prospieiens
1699 1640 1709 1656 ,
1733 1619 1879 1649 Dominus
1899 1620 2033 1651 Ecclefiae
2048 1621 2215 1654 Menevensi
2235 1625 2311 1663 (quae
2325 1628 2398 1657 inter
2416 1625 2446 1648 F..
2469 1630 2494 1655 3·

1338 1662 1451 1684 caeteras
1464 1653 1578 1697 Visalliae
1593 1654 1731 1686 Ecclesias
1744 1658 1773 1687 in
1786 1659 1887 1695 majori
1901 1659 2028 1696 periculo
2043 1660 2233 1700 constituirur)
2251 1674 2340 1702 nuper
2347 1676 2397 1696 va·
2416 1663 2486 1686 Rom.
2503 1667 2528 1684 ²·

1337 1693 1411 1722 canti
1425 1692 1552 1735 benigne
1566 1694 1705 1732 providit,
1723 1695 1794 1726 dum
1809 1698 1901 1726 virum
1916 1698 2086 1736 providum,
2413 1702 2445 1725 E.
2458 1707 2470 1733 3
2484 1705 2551 1733 θ’θ’

1373 1730 1411 1774 Iii¹
1423 1730 1538 1761 Artibus
1551 1731 1724 1775 Liberalibus
1741 1733 1931 1774 Magistrum,
1946 1735 2020 1773 Juris
2034 1737 2175 1776 utriusque
2189 1738 2381 1772 Professorem

1337 1769 1466 1814 moribus
1489 1769 1522 1799 δε
1546 1770 1775 1815 Vita-probatum
1791 1796 1801 1811 ,
1824 1781 1858 1803 ex
1874 1773 1979 1804 Nobili
1992 1774 2134 1815 Progenie
2148 1787 2346 1817 procreatum,
2364 1765 2395 1811 iri

1337 1807 1448 1838 Officio
1461 1807 1645 1854 Cancellariae
1658 1810 1857 1842 Universitatis
1870 1812 1994 1843 Oxoniae
2006 1823 2039 1844 ac
2053 1815 2310 1847 Archidiaconatfis
2326 1818 2397 1849 Me-

1335 1846 1462 1890 nenvefis
1479 1868 1488 1884 ‚
1506 1846 1579 1878 dum
1597 1848 1649 1878 illis
1664 1849 1778 1881 Officiis
1798 1851 1927 1889 praefuit,
1945 1851 2122 1884 subditorum
2137 1856 2380 1887 conversationem

1333 1895 1363 1916 in
1377 1886 1466 1930 omni⁸
1480 1885 1696 1930 mansuetudine
1708 1911 1718 1926 ,
1741 1889 1924 1927 temperantia
1943 1890 1977 1921 &
2000 1891 2193 1940 discretione,
2211 1882 2402 1934 dirigentem}

1333 1933 1366 1954 ac
1381 1934 1409 1954 in
1424 1924 1480 1955 aliis
1492 1923 1808 1966 Administrationibus,
1823 1929 1882 1958 tam
1890 1928 2109 1968 Temporalium
2119 1953 2128 1969 ,
2142 1941 2230 1969 quarn
2248 1932 2402 1970 Spirituali-

1334 1972 1402 2007 um,
1411 1962 1565 2006 luculenter
1578 1972 1743 2004 expertum,
1763 1966 1916 2004 Nobisque
1930 1969 1962 2000 &
1972 1967 2079 2006 Regno
2088 1992 2097 2007 ,
2117 1979 2153 2000 eo
2169 1971 2307 2007 praesetim
2321 1972 2403 2011 quod

1333 2011 1472 2046 variarum
1487 2001 1653 2047 linguarum
1663 2005 1793 2035 notitiam
1810 2005 1910 2044 babet,
1926 2007 2050 2037 maxime
2065 2008 2271 2048 necessarium,

1373 2039 1545 2083 Magistrum
1560 2040 1725 2073 Henricum
1738 2042 1775 2073 de
1789 2042 1932 2082 Gowera,
1960 2045 2046 2075 didiae
2060 2045 2196 2078 Ecclesiae
2212 2047 2400 2080 Archidiaco-

1334 2088 1424 2122 num,
1437 2088 1496 2117 jam
1512 2088 1560 2116 per
1582 2080 1761 2124 concordem
1775 2082 1809 2113 &
1823 2083 1992 2115 canonicam
2005 2083 2205 2124 Elediionem,
2223 2086 2349 2118 debitam
2364 2090 2399 2120 &

1335 2126 1417 2161 ritam
1436 2115 1717 2158 Confirmationem,
1735 2120 1912 2158 solempnem
1925 2122 1959 2153 ὃς
1972 2122 2106 2154 devotam
2123 2123 2398 2166 Consecrationem,

1333 2156 1428 2186 eidem
1441 2155 1576 2200 Ecclesiae
1611 2158 1716 2188 raefecit
1729 2159 1758 2188 in
1772 2158 1945 2200 Episcopum
1958 2161 1991 2192 &
2004 2161 2162 2193 Pastorem.

1371 2194 1458 2234 Ipsius
1478 2204 1572 2234 itaque
1613 2195 1720 2240 piscopi
1737 2198 1884 2235 personam
1900 2199 2045 2231 Sandiitati
2066 2200 2168 2232 vestrae
2180 2203 2398 2234 recommenda-

1335 2243 1398 2280 mus
1413 2233 1538 2273 alfediu,
1557 2244 1619 2278 quo
1634 2236 1795 2275 postumus,
1814 2238 1932 2276 cariori,
1951 2238 2095 2270 humiliter
2107 2239 2288 2278 deprecantes
2304 2251 2402 2280 quate-

1334 2282 1388 2305 nus
1399 2272 1526 2317 eundetn
1543 2272 1734 2313 Episcopum,
1753 2276 1786 2307 &
1799 2274 1932 2306 Ecciefiae
1947 2276 2001 2307 suae
2015 2279 2146 2317 negotia,
2164 2279 2198 2309 ad
2248 2288 2336 2310 ternae
2353 2290 2401 2311 ca-

1333 2313 1418 2342 ritatis
1432 2320 1550 2351 gratiam
1564 2312 1713 2345 admittere
1727 2314 1832 2352 velitis,
1851 2314 1871 2346 si
1888 2315 1906 2335 ¹*
1922 2315 2029 2354 placet,
2047 2318 2080 2348 &
2095 2317 2196 2348 vestrae
2236 2319 2403 2350 roteffionis
2422 2317 2438 2334 ¹‘
2456 2317 2512 2348 IV·

1333 2349 1440 2388 Clipeo
1464 2352 1646 2394 communire
1660 2374 1670 2390 ,
1701 2351 1916 2385 Venerabilibus
1939 2353 2068 2386 Patribus
2083 2378 2093 2394 ,
2118 2356 2344 2396 Wygorniensi,
2368 2359 2402 2390 &
2424 2358 2489 2394 3⁶¹·,

1333 2388 1538 2433 Herefordenl'i
1552 2413 1562 2427 ,
1588 2389 1716 2421 finitimis
1732 2390 1880 2430 Episcopis
1889 2415 1901 2430 ‚
1925 2392 1959 2423 &
1972 2395 2079 2424 caeteris
2097 2393 2240 2433 Praeiatis,
2257 2395 2273 2424 ὲ
2295 2397 2405 2428 vicinio

1335 2428 1585 2462 commorantibus
1598 2452 1608 2466 ‚
1634 2428 1759 2467 Dantes,
1778 2430 1797 2460 si
1832 2430 1919 2468 lacet,
1939 2431 2037 2462 vestris
2048 2432 2129 2463 sacris
2141 2432 2225 2464 literis
2237 2433 2267 2464 in
2287 2435 2420 2465 manda-'

1335 2467 1368 2499 tis
1377 2489 1387 2505 ,
1402 2475 1434 2498 ut
1448 2467 1542 2498 eidem
1555 2466 1717 2506 Episcopo,
1733 2478 1787 2506 pro
1834 2468 1975 2499 ebellione
1989 2470 2178 2501 Wallenfium
2193 2473 2404 2510 compescenda

1336 2506 1432 2544 (quae,
1446 2515 1481 2538 ex
1495 2504 1621 2549 ipsorum
1643 2506 1753 2538 levitate
1773 2507 1951 2545 praecedente
1963 2530 1974 2546 ,
1991 2509 2174 2540 verisimiliter
2186 2509 2267 2548 poffe
2279 2511 2404 2542 creditur

1335 2545 1460 2589 evenire)
1476 2544 1597 2579 comdiis
1610 2545 1644 2578 ὃ(
1659 2545 1763 2577 auxiliis
1779 2545 1900 2577 assistant
1913 2568 1924 2585 ,
1948 2556 2002 2584 pro
2014 2547 2083 2579 loco
2099 2549 2132 2580 ὃ(
2148 2558 2298 2589 tempore,
2315 2560 2402 2591 opor-

1337 2592 1419 2615 tutus.

2356 2665 2401 2672 ⁴⁴--

1508 2713 1614 2745 Literae
1633 2709 1670 2744 de
1687 2710 1846 2745 Credentia
1862 2711 1907 2746 ad
1923 2713 2045 2746 Villam
2060 2710 2097 2745 de
2121 2714 2243 2759 Bruges.

1339 2794 1475 2859 REX
1493 2795 1721 2835 Burgimagistris
1734 2820 1745 2835 ,
1768 2796 1896 2828 Scabinis
1907 2821 1917 2835 ‚
1937 2795 2125 2836 Consulibus,
2141 2807 2174 2828 ac
2189 2797 2401 2830 Communitati
2422 2795 2497 2826 Ann-
2513 2795 2553 2826 D—

1421 2835 1507 2865 Villae
1529 2834 1565 2864 de
1577 2834 1698 2874 Bruges,
1715 2836 1750 2867 &
1763 2837 1802 2866 eis
1817 2835 2042 2873 adhaerentibus,
2058 2835 2183 2866 Salutem
2198 2846 2269 2867 curn
2284 2837 2399 2869 sincerae
2442 2836 2530 2874 1328·

1336 2873 1495 2904 dilectionis
1507 2872 1622 2904 affeeru.
2420 2878 2473 2901 An.
2490 2885 2515 2901 2.

1376 2911 1466 2949 Super
1489 2911 1654 2949 quibusdam
1673 2911 1810 2951 Negotiis
1823 2935 1832 2951 ,
1851 2922 1916 2951 quae
1929 2912 2011 2942 nobis
2027 2912 2145 2943 insident
2162 2913 2287 2944 multum
2302 2914 2400 2954 cordi,
2420 2917 2446 2940 E·
2470 2922 2495 2948 3-

1338 2949 1459 2980 Dilecto
1475 2950 1508 2979 &
1525 2948 1616 2979 Fideli
1635 2950 1734 2980 nostro
1746 2973 1757 2990 2
1770 2950 1898 2989 Johanni
1914 2951 1949 2981 de
1962 2950 2109 2990 Chidiok,
2126 2960 2229 2982 votum
2244 2954 2400 2991 aperuimus
2419 2950 2505 2987 Claus.
2525 2958 2552 2977 ²³

1338 2989 1441 3019 mentis
1458 2987 1579 3026 nostrae,
1598 2989 1679 3019 vobis
1693 2999 1743 3027 per
1757 2989 1846 3030 ipsum
1870 2989 1992 3020 seriosius
2004 2989 2217 3027 explicandum:
2420 2993 2440 3015 Ε
2470 2999 2493 3025 3·
2515 2997 2551 3016 ’ῆι

1375 3027 1437 3058 Vos
1455 3035 1584 3065 rogantes
1597 3049 1606 3065 ,
1633 3027 1769 3065 quatenus
1786 3028 1879 3058 eidem
1891 3028 2018 3067 Johanni
2035 3030 2134 3066 (quem
2147 3030 2188 3059 ob
2203 3029 2275 3059 lianc
2290 3029 2401 3060 causam
2428 3037 2467 3063 Ι9-
2487 3027 2513 3063 ά,

1336 3065 1371 3096 ad
1385 3076 1437 3097 vos
1448 3064 1600 3102 specialiter
1611 3064 1792 3104 destinamus)
1809 3068 1837 3096 in
1852 3067 1920 3105 hiis,
1938 3077 2003 3105 quae
2016 3068 2097 3098 vobis
2111 3066 2185 3096 dicet
2201 3075 2235 3096 ex
2249 3077 2326 3104 parte
2345 3078 2401 3097 no-

1335 3105 1389 3136 stra
1404 3103 1539 3173 ,ΗΡίἀείῗι
1564 3103 1709 3137 indubiam
1730 3106 1857 3143 praebere
1886 3105 1976 3137 velitis
1988 3128 1999 3144 ,
2024 3105 2058 3135 &
2079 3105 2162 3135 nobis
2183 3104 2250 3135 inde
2270 3106 2401 3138 rescribe-

1336 3154 1368 3174 re
1380 3153 1416 3175 ve
1437 3153 1453 3173 e
1465 3152 1502 3174 ve
1528 3152 1600 3173 rum.

1376 3218 1453 3250 Data
1467 3219 1539 3260 apud
1554 3218 1704 3259 Eborum,
1722 3220 1841 3262 septimo
1857 3220 1902 3251 die
1917 3218 2044 3259 Augusti.

1339 3296 1508 3329 Consimiles
1523 3296 1627 3328 Literae
1639 3296 1799 3336 diriguntur
1818 3297 1961 3335 ScabiniS,
1980 3294 2170 3336 Consulibus,
2188 3306 2222 3328 ac
2235 3297 2289 3329 toti
2304 3296 2399 3333 Com-1

1375 3337 1504 3367 munitati
1520 3336 1603 3367 Villae
1618 3335 1655 3366 de
1666 3335 1741 3374 Ipre.

1373 3412 1507 3453 Magistro
1524 3415 1605 3443 Petro
1621 3414 1654 3443 de
1669 3411 1826 3443 Zuinekeke
1837 3436 1848 3452 ,
1864 3411 1964 3443 clerico
1982 3415 2011 3444 V
2013 3410 2067 3443 illae
2081 3411 2112 3442 de
2127 3414 2240 3448 Bruges.

1374 3451 1520 3491 Johanni,
1536 3452 1605 3481 diaflo
1619 3452 1652 3481 de
1666 3450 1780 3481 stinkel.

1373 3492 1417 3520 W
1415 3489 1523 3520 illielmo
1530 3513 1540 3529 2
1569 3491 1640 3520 disto
1654 3490 1686 3520 de
1698 3492 1770 3521 Ken.

1454 3628 1513 3660 Pro
1529 3621 1756 3658 Mercatoribus
1771 3626 1934 3656 Extranei}
1945 3649 1955 3665 ,
1980 3621 2171 3666 Confirmatio
2187 3623 2293 3656 Carta.

1338 3710 1479 3775 REX
1500 3709 1743 3754 Archiepiscopis,
1762 3709 1822 3739 &c.
1840 3707 1973 3738 Salutem.
2031 3746 2036 3751 Ι
2187 3745 2192 3752 .
2341 3746 2347 3752 ¹
2421 3714 2496 3746 Am,
2508 3712 2551 3744 D:⁵

1440 3749 1613 3786 Inspexiinus
1635 3747 1750 3790 Cariam
1765 3769 1775 3784 ,
1801 3756 1886 3784 quam
1901 3770 1910 3782 ,
1935 3745 2058 3790 celebris⁴
2071 3754 2236 3790 memoriae,
2253 3744 2400 3777 Dominus
2442 3754 2525 3793 1323,

1339 3787 1376 3818 E.
1395 3789 1541 3826 quondam
1554 3786 1620 3816 Rex
1634 3786 1746 3822 Angliae
1755 3807 1764 3823 ‚
1784 3785 1862 3815 Avus
1875 3783 1987 3822 noster,
2005 3784 2072 3815 fecit
2084 3795 2113 3814 in
2126 3785 2190 3814 haec
2203 3785 2307 3823 verba,
2420 3797 2472 3821 An.
2489 3803 2514 3819 2,

1407 3862 1549 3894 Dwardus
1563 3884 1572 3900 ,
1598 3861 1656 3892 Dei
1675 3862 1759 3900 gratia
1773 3883 1782 3899 ‚
1802 3860 1866 3891 Rex
1881 3860 2007 3900 Angliae,
2027 3860 2172 3891 Dominus
2186 3860 2350 3899 Hiberniae,
2366 3862 2399 3892 &
2419 3836 2491 3897 {ar}
2505 3876 2530 3895 2,Δ

1424 3901 1495 3932 Dux
1508 3900 1683 3938 Aquitaniae,
1702 3900 1942 3943 Archiepiscopis,
1957 3898 2123 3943 Episcopi&
2138 3899 2400 3938 Abbatibus,Pri0-
2418 3911 2445 3934 E.
2471 3916 2495 3943 3,
2512 3907 2549 3935 N„

1341 3941 1416 3971 ribus
1428 3964 1438 3978 ,
1463 3939 1630 3982 Comitibus
1642 3962 1652 3976 ‚
1677 3937 1849 3982 Batonibus,
1862 3937 2043 3981 justiciariis,
2059 3937 2286 3982 Vicecomitibus
2296 3961 2306 3976 ‚
2322 3938 2398 3968 Prae-
2420 3953 2461 3982 39*

1342 3979 1436 4018 poiitis
1448 4003 1458 4017 ,
1484 3976 1623 4008 Ministris
1638 3999 1648 4015 ,
1673 3978 1707 4008 &
1728 3977 1865 4007 omnibus
1885 3975 1994 4008 Ballivis
2014 3979 2048 4008 &
2071 3976 2214 4007 Fidelibus
2233 3977 2302 4014 suis,
2319 3976 2399 4006 Salu-

1341 4027 1464 4087 t‘egaea
1489 4055 1601 4085 bonum
1627 4053 1739 4086 Statum
1771 4054 1906 4085 omnium
1930 4052 2130 4087 Mercatorum
2147 4076 2159 4093 2
2188 4053 2404 4125 subscriptchrigig
