2562 4279
255 68 306 118 36

98 148 178 180 Arm.
190 148 231 180 D.
243 149 371 187 nostros,
389 159 441 188 pro
475 148 636 179 rovidentiis
656 147 756 177 nostris
769 146 875 177 ibidem
889 145 1038 185 faciendis,
1057 145 1233 180 miseramus>
1249 145 1303 176 ho-

127 186 210 228 ¹322-
249 187 346 218 stilirer
359 189 394 218 de
407 198 445 217 no
478 197 493 216 e
506 194 657 223 ceperunt,
675 186 708 216 &
724 185 940 217 combusserunt
954 198 965 223 ·,
988 186 1020 217 &
1036 186 1065 215 in
1080 185 1150 224 ipsos
1165 184 1310 215 Homines

98 229 167 255 Edv.
189 238 214 254 2-
247 227 281 258 &
296 227 451 257 Servientes
463 225 572 255 nostros
586 223 717 254 insultum
731 223 876 263 fecerunt,
893 225 927 255 &
943 223 1078 264 quosdam
1099 233 1132 254 ex
1146 224 1197 254 illis
1211 224 1310 254 verbe-

245 274 389 301 raverunt,
406 264 636 300 vulneraverunt,
655 263 689 293 &
706 261 781 292 male
795 262 999 302 ua&averunr‚
1016 264 1049 295 δε
1064 262 1199 301 quosdam
1211 272 1244 293 ex
1259 262 1310 292 illis

246 303 381 334 hostiliter
396 299 612 331 interfecerunt:

286 340 323 371 Et
337 339 519 379 postmodum
532 338 630 369 Castra
644 336 679 369 de.
693 336 804 370 Elmele
817 340 850 371 δε
864 339 959 371 Henle
993 340 1024 370 in
1038 348 1124 370 manu
1145 339 1239 369 nostra
1253 340 1311 369 exi-

246 380 344 410 stentia
359 401 369 416 ,
394 376 529 408 hostiliter
544 377 665 407 similiter
687 376 841 409 invaserunt
856 401 867 418 ,
889 379 922 410 ὃς
939 363 1083 409 I-somines
1103 379 1138 410 δε
1161 377 1313 408 Ministros

246 417 371 453 nostr05,
392 417 421 446 in
435 417 539 447 eisdem
563 414 669 446 Castris
689 416 834 448 existentes
846 440 855 454 ,
881 417 1121 455 verberaverunt,
1146 416 1311 448 vulnerave-

247 464 325 493 runt,
343 455 376 485 ὅ(
393 455 466 485 male
482 455 669 485 wadiaverunt
684 479 694 494 ,
718 457 752 488 &
768 456 904 494 quosdam
926 465 960 486 ex
979 456 1031 486 illis
1050 463 1186 494 ceperunt
1221 456 1254 485 &
1270 454 1311 485 se-

248 503 319 524 cum
335 492 530 532 abduxerunt,
548 495 581 525 &
594 493 730 534 quosdam
744 495 962 525 interfecerunt:
989 504 1021 525 ac
1034 493 1134 525 Portas
1147 494 1180 524 &
1228 503 1313 525 omos

248 531 415 563 Castrorum
431 531 634 570 praedictorum
648 533 774 572 nequiter
787 533 1015 564 combusserunt:

283 569 389 601 Villam
403 571 435 601 ὅ(
453 570 553 602 Castra
564 571 698 610 ptaedidia
710 580 810 602 contra
831 582 882 603 nos
898 573 984 603 taliter
1005 569 1161 602 detinendo
1171 592 1182 608 ,
1208 579 1241 601 ac
1262 579 1313 600 ve-

247 607 300 639 stes
315 633 325 647 ,
348 607 467 649 jocalia,
485 609 624 641 Animalia
637 632 648 649 ,
673 610 707 641 &
727 610 780 641 alia
799 609 877 641 Bona
892 611 926 642 &
942 610 1048 641 Catalla
1059 633 1069 648 ,
1095 608 1262 639 Hominum
1278 610 1313 640 &

246 647 432 678 subditorum
449 648 611 680 nostrorum
625 673 634 686 ,
658 650 687 679 in
703 649 823 688 partibus
840 649 1102 687 circumjacentibus
1115 671 1125 687 ,
1150 647 1183 677 &
1197 647 1253 677 aliis
1267 646 1312 677 di-

245 687 328 717 verris
343 687 414 717 locis
428 687 525 727 Regni
547 688 673 726 praedicti
687 710 697 726 ,
720 697 908 728 quaecumque
923 688 1047 718 invenire
1066 694 1239 724 potuerunt,
1261 685 1311 715 de-

244 725 359 762 praedati
375 725 502 764 fuerint,
530 726 663 767 quosdam
683 726 853 758 eorumdem
872 726 1026 756 hominum
1048 723 1243 755 interficiendo
1277 724 1312 756 &

265 763 380 795 uosdam
398 765 555 806 capiendo,
581 766 615 796 &
630 765 659 795 in
673 764 790 796 Prisona
805 764 960 795 detinendo
976 763 1119 803 quousque
1134 772 1230 800 graves
1249 747 1312 793 Re-

268 803 428 841 emptiones
441 804 462 823 ³³
475 814 543 834 cum
556 803 659 834 eisdem
671 804 815 841 fecerunt,
833 804 861 833 in
874 802 964 833 nostri
977 810 1180 839 contemptum
1185 823 1203 844 ,ι
1214 801 1246 831 &
1262 810 1312 838 pa-

248 842 290 871 cis
304 841 408 873 nostrae
423 843 565 873 laefionem
579 866 588 882 ,
615 843 710 880 populi
724 841 813 872 nostri
827 849 982 879 terrorem,
1000 841 1034 872 &
1053 840 1311 880 perturbationem,

245 889 280 910 ac
296 882 526 912 commotionem
542 881 732 918 manifestam,

282 917 374 949 Unde
389 930 448 950 non
464 921 611 950 immerito
625 927 862 949 commovemur:

282 956 351 987 Nos
364 981 373 996 ,
399 958 559 996 hujusmodi
579 957 820 997 Transgreffiones
832 978 842 995 ,
868 956 892 987 F
893 956 1015 996 elonias,
1033 954 1227 994 Contemptus
1240 976 1250 993 ,
1276 954 1310 985 &

247 995 450 1027 inobedientias
465 997 591 1027 nolentes
605 998 715 1027 transire
727 996 898 1034 impunitos,

281 1033 371 1065 Vobis
387 1035 556 1065 mandamus
568 1034 646 1074 quod
661 1035 829 1073 praedifftos,

285 1076 430 1111 Comitem,
449 1076 578 1111 Rogerum
593 1097 602 1111 ,
619 1076 750 1111 Rogerum
763 1096 773 1111 ,
796 1075 925 1109 Rogerum
938 1095 948 1110 ,
971 1073 1108 1109 Hugonem
1121 1094 1130 1109 ,
1153 1072 1310 1108 Hugonem,

246 1110 493 1151 Bartholomaeum,
510 1111 688 1151 Johaumm,
706 1114 887 1149 Mauritium‚
907 1113 1053 1140 Henricum
1069 1133 1079 1148 ,
1096 1113 1242 1146 Rogerum,
1254 1107 1310 1146 Jo-

244 1148 378 1188 hanuem,
394 1149 570 1190 Johwnem,
585 1153 750 1190 Henricum,
768 1150 931 1188 Robertum,
947 1148 1114 1187 Gilbertum,
1138 1146 1308 1185 (hibernam,

245 1198 280 1216 ac
295 1190 458 1227 Ricardum,

284 1226 329 1257 Ac
345 1237 446 1258 omnes
459 1229 493 1260 &
505 1228 622 1268 singulos
635 1229 663 1258 in
678 1237 778 1258 eorum
792 1225 947 1257 Comitivis
959 1225 1105 1256 existentes
1151 1233 1223 1262 quos
1238 1224 1308 1254 infra

242 1262 378 1295 Ballivam
391 1265 513 1297 vestram
535 1268 662 1298 invenire
677 1266 847 1303 contigerit,
865 1265 976 1303 capiatis
989 1288 998 1303 ,
1020 1265 1054 1296 &
1070 1265 1097 1294 in
1118 1248 1236 1293 ²Prisona
1252 1272 1307 1307 no-

242 1302 300 1346 stra
313 1303 388 1335 salvo
400 1305 536 1336 custodiri
550 1306 653 1336 faciatis
666 1326 676 1341 ,
699 1305 843 1344 quousque
855 1303 930 1334 aliud
952 1303 1018 1334 inde
1032 1314 1048 1334 a
1060 1303 1143 1333 nobis
1156 1302 1307 1333 habueritis

241 1351 273 1371 m
289 1343 442 1382 mandatis,
461 1344 493 1375 &
508 1344 566 1375 hoc
581 1344 734 1374 nullatenus
746 1343 891 1373 omittatis.

97 817 117 836 ⁸
132 819 184 847 111.

96 866 163 892 924·

278 1417 369 1450 Teste
384 1421 492 1460 meipso
505 1420 578 1459 apud
593 1421 753 1460 Salopiam,
776 1428 818 1459 15.
833 1418 878 1451 die
887 1418 1019 1458 Januarii.

237 1494 390 1567 dci{Eodem
403 1496 494 1528 modo
509 1497 675 1530 mandatum
688 1496 730 1528 est
745 1495 850 1535 Majori
860 1497 893 1528 &
908 1496 1017 1527 Ballivis
1034 1493 1122 1534 Regis
1135 1493 1219 1525 Villae
1233 1501 1306 1532 prae-

260 1546 268 1565 ι
299 1545 333 1566 ae.

274 1612 364 1643 Teste
379 1621 409 1644 ut
424 1613 509 1652 supra.

236 1738 344 1770 Litera
362 1735 484 1771 Thomae
497 1736 648 1782 Randolf‚
673 1735 709 1769 de
726 1735 877 1769 Condur‘fu
888 1747 941 1781 pro
956 1738 1073 1768 Nuncio
1089 1747 1127 1768 ex
1138 1746 1227 1782 parte
1244 1733 1304 1767 ad.

510 1784 681 1818 haerentium
700 1787 823 1817 Comitis
839 1783 1028 1828 Lancastriae.

80 1883 149 1915 Am]
179 1883 211 1916 D
236 1870 414 1931 THomas
430 1870 578 1909 Randolf,
604 1869 721 1901 Counte
741 1869 776 1900 de
792 1869 910 1900 Mortes
919 1893 929 1909 ,
953 1869 1071 1910 Seignur
1085 1870 1121 1901 de
1135 1869 1252 1901 Waude
1267 1868 1303 1901 de

104 1908 191 1953 5,.‚'.,·
215 1910 221 1916 '
306 1910 425 1948 Anand,
443 1920 460 1940 e
473 1910 508 1941 de
525 1908 630 1948 Mane,
651 1909 819 1939 Lieutenant
832 1907 927 1939 nostre
940 1908 1062 1946 Seignur
1074 1908 1100 1939 le
1116 1907 1175 1938 Roi
1186 1908 1302 1939 d’Esco-

84 1945 186 1999 Arsi}
235 1958 286 1987 ce,
305 1959 318 1978 a
331 1957 398 1978 touz
412 1958 498 1979 ceaux
508 1972 518 1987 ,
535 1958 590 1987 que
603 1947 679 1979 ceste
694 1947 792 1977 Lettre
806 1955 941 1977 verrount
955 1956 994 1976 ou
1010 1955 1126 1985 orront,
1143 1947 1236 1978 salutz.

80 2005 110 2027 E.
132 2010 146 2027 2
189 1985 196 1992 '
270 1987 390 2018 Sachetz
405 1996 476 2017 nous
488 1996 554 2017 aver
566 1987 643 2017 done
657 1987 690 2016 &
705 1993 802 2025 grante
814 1986 874 2015 seur
887 1986 920 2016 &
933 1984 993 2015 sauf
1000 1983 1138 2024 Conduyt
1150 1996 1165 2015 a
1178 1985 1238 2016 Sire
1247 1985 1302 2015 Ri-

79 2021 215 2076 (ΜΔ-,Ψ
236 2025 320 2056 chard
331 2049 338 2063 ,
357 2026 382 2056 le
395 2025 558 2066 Chapeleyn
573 2024 609 2056 de
628 2024 808 2093 Topcfedif'·
831 2024 863 2055 &c
877 2034 891 2054 a
912 2034 950 2054 un
965 2022 1171 2063 Compaignon
1187 2024 1226 2054 od
1245 2024 1302 2069 lui,

80 2081 111 2104 E.
127 2087 153 2104 2„
236 2064 274 2095 od
289 2065 352 2095 lour
368 2064 497 2103 garsons,
516 2066 676 2095 sauvement
711 2072 726 2093 e
743 2073 824 2094 venir
837 2062 924 2101 parler
937 2061 976 2092 od
989 2072 1061 2093 nous
1074 2086 1083 2102 ,
1109 2072 1146 2092 en
1167 2062 1232 2101 quel
1245 2063 1302 2093 heu

80 2124 118 2143 m,
137 2115 180 2143 13·
188 2117 215 2144 d·
233 2113 289 2143 que
303 2112 375 2134 nous
387 2103 504 2142 seioms,
521 2103 682 2134 sauvement
695 2103 792 2141 venir,
808 2101 957 2139 demurer,
973 2101 1005 2132 &
1018 2103 1151 2140 repairer:

156 2166 161 2167 γ
271 2142 326 2172 Par
337 2144 365 2182 qi
381 2152 450 2172 nous
465 2141 683 2173 commandoms
699 2151 714 2172 a
729 2149 798 2171 touz
811 2149 915 2179 ceaux,
952 2150 986 2170 ue
1000 2140 1061 2171 sont
1075 2150 1090 2171 a
1109 2139 1134 2170 la
1152 2140 1192 2171 foi
1205 2139 1300 2171 nostre

232 2179 355 2218 Seignur
370 2180 397 2210 le
409 2180 470 2211 Roi
485 2178 761 2224 d'Eseocenavant'dit
774 2204 783 2218 ‚
807 2178 854 2218 q’il
869 2189 905 2209 ne
925 2150 951 2209 sti.
965 2178 1058 2210 facent
1073 2178 1145 2223 mal,
1165 2178 1301 2217 moleste,

232 2227 270 2249 ne
282 2218 468 2250 desturbance
489 2229 523 2252 au
539 2219 579 2249 dit
603 2219 664 2250 Stre
688 2218 811 2248 Richard
825 2240 834 2256 ,
857 2227 894 2247 ne
910 2217 959 2247 son
981 2216 1183 2257 Compaignon
1198 2241 1207 2256 ,
1231 2227 1269 2247 ne
1286 2228 1301 2248 a

230 2257 294 2288 lour
308 2259 404 2296 biens,
421 2267 457 2288 en
471 2266 592 2296 venant,
607 2257 754 2287 demorant
769 2280 779 2296 ,
801 2266 837 2286 ne
850 2257 985 2296 repairant
998 2279 1008 2295 ,
1032 2266 1070 2287 ne
1083 2255 1216 2287 soeffrent
1230 2255 1301 2287 estre

231 2296 280 2327 fait
294 2306 309 2327 a
323 2297 384 2326 lour
396 2305 473 2337 poer.

269 2371 315 2403 En
329 2372 564 2412 testimoignance
579 2372 617 2402 de
631 2372 712 2412 quele
727 2371 828 2410 chose,
841 2381 855 2402 a
871 2371 946 2402 ceste
959 2370 1083 2409 presente
1092 2369 1187 2402 Lettre
1201 2380 1300 2402 avoms

231 2420 293 2451 mys
307 2411 401 2441 nostre
416 2410 492 2450 Seal,
510 2422 525 2441 a
538 2411 621 2442 duret
633 2421 648 2440 a
661 2410 860 2448 l'Assumption
885 2410 979 2440 nostre
998 2409 1093 2440 Darne
1107 2433 1117 2448 ,
1142 2410 1299 2450 proscheyn

231 2459 309 2487 apres
324 2451 348 2481 la
369 2449 481 2480 fesoune
502 2449 538 2480 de
556 2448 644 2480 cestes
660 2448 785 2487 Escrits,
812 2458 826 2478 a
848 2445 988 2488 Corbrigg
1010 2448 1035 2478 le
1057 2447 1200 2480 Vendredi
1219 2458 1299 2488 pros-

233 2489 326 2527 cheyn
339 2498 416 2527 apres
430 2488 456 2520 la
469 2487 551 2520 Feste
564 2488 643 2519 Seint
657 2486 768 2526 Hiller,
786 2487 853 2518 l’An
865 2486 901 2517 de
914 2496 994 2528 grace
1012 2495 1096 2526 ¹32¹·

415 2616 464 2648 De
479 2626 535 2646 non
555 2611 727 2646 adhaerendo
746 2615 819 2660 Regi
840 2609 1112 2646 Contrariantibus.

232 2698 317 2754 RE
327 2698 374 2737 X,
393 2698 500 2730 dilecto
513 2697 733 2739 Consanguineo
745 2699 778 2730 ὅ(
793 2697 866 2729 fideli
878 2697 927 2729 suo
935 2722 945 2738 ,
961 2697 1090 2729 Thomae
1100 2695 1211 2728 Comiti
1221 2695 1297 2728 Lan-

295 2737 403 2768 eastrite
413 2760 422 2776 ,
438 2738 559 2768 salutem.

270 2777 353 2809 Ctim
369 2777 485 2816 pluries,
505 2777 561 2806 tam
576 2786 624 2816 per
639 2775 774 2815 Litteras,
812 2777 874 2806 uam
889 2785 937 2814 per
944 2774 1099 2813 Nuncios,
1118 2773 1199 2804 vobis
1215 2773 1297 2813 figni-

232 2817 406 2848 fieaverimus
419 2824 514 2854 graves
533 2814 733 2854 Oppreffiones
749 2816 781 2847 δε
791 2785 938 2852 ῗλιτίτῐαε,
953 2823 1019 2853 quas
1035 2813 1118 2853 aliqui
1133 2811 1297 2852 Magnates,

232 2855 334 2887 subditi
347 2853 448 2894 nostri,
467 2853 547 2884 nobis
564 2854 778 2893 contrariantes,
793 2854 883 2891 pilam
897 2853 1036 2890 fecerant,

269 2894 348 2925 Tam
360 2894 438 2931 super
453 2891 520 2922 Nos
534 2901 618 2922 manu
634 2891 740 2921 armata
760 2893 918 2929 venientes,
935 2891 968 2922 &
983 2891 1076 2921 modo
1091 2890 1226 2927 guerrino
1239 2890 1295 2921 Ar-

233 2933 305 2964 mati
315 2941 403 2970 nuper
415 2931 443 2961 in
459 2930 644 2961 parliamento
659 2929 757 2960 nostro
771 2930 842 2968 apud
857 2929 1144 2960 westmonasterium
1158 2928 1296 2959 acceden-

231 2981 271 3003 tes
284 2995 292 3010 ,
318 2981 366 3009 per
386 2969 544 3008 hujusmodi
560 2970 620 2998 vim
640 2968 788 2999 indebitam
809 2970 918 3006 injurias
934 2968 991 2998 fieri
1008 2967 1231 3006 compulerunt,
1260 2968 1293 2998 &

270 3012 324 3040 stea
339 3011 367 3039 in
377 3007 512 3039 Maneriis
526 3007 641 3045 nostriS,
661 3006 737 3037 Villis
750 3008 782 3038 ὃς
796 3006 902 3038 Castris
915 3006 988 3047 apud
1001 3005 1178 3046 Kingeston,
1195 3007 1229 3037 &
1242 3006 1295 3036 ali-

228 3021 352 3081 gsssona
367 3046 462 3077 nostra
476 3046 682 3084 depraedantes,

77 2713 155 2745 Ann.
169 2711 212 2744 D.

107 2761 192 2792 1322.

76 2794 131 2819 An.
151 2800 193 2828 1⁷5.

76 2834 108 2857 f..
132 2840 158 2857 2.

77 2868 215 2905 Claus.15.

76 2954 115 2972 m.
132 2955 176 2973 20.
191 2941 218 2970 d.

267 3088 366 3127 Qam
381 3087 458 3124 super
480 3085 618 3125 populum
640 3083 736 3123 Regni
756 3083 843 3114 nostri
865 3084 903 3113 sic
920 3091 1061 3114 currentes
1075 3106 1085 3122 ,
1109 3093 1141 3113 ac
1160 3082 1293 3123 quosdam

226 3125 416 3163 destruentes,
434 3124 467 3156 &
482 3123 588 3162 aliquos
609 3123 748 3162 capientes
761 3145 771 3160 ,
794 3123 826 3153 &
849 3121 1061 3162 Imprisonantes
1074 3144 1084 3160 ,
1105 3122 1139 3152 &
1158 3122 1292 3160 quosdam

226 3164 512 3242 calgiwpagiticersn’odum
532 3199 609 3239 super
623 3223 633 3238 ,
657 3198 794 3229 dileetum
813 3197 938 3228 Fratrem
959 3198 992 3229 &
1013 3198 1124 3227 fidelem
1145 3197 1293 3236 nostrum,

227 3240 416 3273 Edmundum
431 3239 579 3270 Comitem
596 3238 725 3274 Kantiae,
743 3236 877 3267 Castrum
894 3238 972 3266 suum
986 3237 1018 3266 &
1034 3235 1138 3265 Villam
1153 3237 1188 3265 de
1197 3235 1292 3267 Glou-

226 3279 327 3310 cestria
342 3278 432 3309 modo
443 3278 574 3317 guen-rino
589 3276 786 3315 occupirunt,
804 3276 837 3306 ὃς
851 3275 941 3313 plures
953 3273 1096 3305 Homines
1110 3275 1143 3304 ὃ(
1159 3274 1291 3304 Subditos

226 3317 357 3353 nostrOS,
373 3316 448 3355 apud
462 3314 680 3346 Cirencestriam
695 3314 730 3344 de
749 3313 880 3344 mandato
895 3312 993 3343 nostro
1010 3312 1173 3350 existentes,
1190 3312 1293 3343 exinde

226 3358 256 3388 vi
270 3358 303 3388 &
318 3358 419 3392 armis,
436 3353 544 3385 vexillis
554 3353 717 3391 displicatis,
734 3352 916 3390 effugarunt,

263 3395 301 3426 Et
323 3395 372 3424 alia
395 3393 467 3424 mala
486 3394 632 3422 innumera
652 3390 847 3430 perpetrarunt
871 3391 900 3420 in
926 3388 1013 3420 nostri
1034 3396 1233 3426 contemptum
1257 3389 1291 3420 &

224 3432 384 3466 scandalum
398 3430 593 3468 manifestum,
983 3466 989 3472 -
1270 3466 1275 3472 ⁸

262 3471 383 3510 Propter
393 3469 487 3510 quod,
534 3479 556 3499 o
568 3467 727 3506 hujusmodi
741 3467 886 3505 dampnis,
903 3465 1003 3497 Nobis
1016 3488 1026 3504 ,
1051 3465 1084 3495 &
1105 3464 1291 3505 oppreffiom-

225 3511 279 3541 bus
293 3510 398 3549 populo
413 3509 487 3541 dietis
527 3508 590 3547 egni
603 3506 708 3544 nostri,
725 3506 763 3536 sic
778 3506 857 3537 faCtis
871 3527 881 3544 ,
905 3503 1074 3544 corrigendis
1088 3504 1121 3534 &
1141 3503 1291 3534 emendan-

227 3548 268 3578 dis
284 3573 292 3586 ,
312 3558 362 3579 nos
381 3549 411 3577 in
432 3557 520 3578 manu
539 3546 647 3586 potenti
665 3554 716 3584 per
735 3544 871 3584 Regnum
890 3542 1019 3573 nostrum
1040 3541 1183 3572 transferre
1204 3552 1291 3583 opor-

225 3594 312 3627 teret,
346 3615 348 3617 ,

268 3624 303 3655 Et
325 3635 376 3654 vos
396 3624 619 3662 requifiverimus·
637 3629 669 3653 ut
682 3646 692 3660 ‚
718 3621 752 3651 ad
774 3620 984 3651 correetionem
1005 3619 1039 3650 δε
1056 3618 1290 3650 emendationem
1347 3653 1350 3655 ,

227 3662 385 3700 hujusmodi
399 3663 586 3698 Exceffuum,
605 3660 688 3699 Nos,
704 3668 787 3698 prout
806 3659 994 3697 multipliciter
1013 3658 1164 3700 tenemini,
1179 3657 1290 3695 juvare-

227 3701 275 3735 tis,
294 3701 326 3730 ὃς
339 3701 415 3736 quod
429 3701 522 3731 diebos
534 3700 616 3730 nobis
631 3699 840 3730 Contrariantes
853 3707 911 3727 non
925 3697 1054 3727 foveretis
1070 3694 1273 3739 quowsrnodo,

266 3738 284 3756 ³*
299 3738 398 3768 Tadiis
413 3741 442 3768 in
457 3739 556 3771 Literis
571 3736 671 3768 nostris
690 3736 829 3776 prandistis
866 3735 1010 3766 uibusdam
1024 3734 1199 3773 specialibus,
1218 3741 1290 3764 mter

227 3786 280 3806 nos
294 3776 326 3805 ὃς
343 3785 393 3805 vos
406 3777 478 3810 ptius
491 3777 667 3814 praelocutiS,
680 3785 729 3814 per
761 3785 803 3804 uae
812 3775 838 3804 A
863 3775 1004 3805 ecl-ionem
1013 3796 1023 3812 ,
1040 3782 1124 3813 quam
1139 3781 1205 3811 erga
1218 3781 1288 3808 vos,

226 3815 307 3849 aiam
323 3812 370 3843 diu
384 3814 442 3851 est,
459 3815 590 3853 geffimus
608 3822 692 3852 prout
706 3813 758 3844 noi
774 3814 811 3853 is,
829 3813 985 3843 continuari
1005 3813 1039 3844 ὃς
1053 3809 1224 3852 augmentari
1237 3818 1290 3841 vo-

225 3853 365 3884 lebamus:
800 3858 802 3861 ’

262 3889 397 3927 Cumque
413 3890 512 3927 nobis,
530 3890 715 3927 imposterum
737 3898 771 3921 cz
786 3888 867 3919 eausa
887 3888 1020 3927 praedieta
1040 3889 1093 3918 iter
1107 3885 1290 3923 facientibus,

224 3929 254 3959 in
271 3926 542 3964 Mai-chiaWalliae,
557 3929 623 3957 disti
635 3929 717 3958 nobis
732 3929 947 3963 contrariantes,
965 3927 1038 3967 apud
1049 3925 1150 3958 Villam
1165 3923 1289 3955 nostram

224 3966 259 3998 de
274 3964 467 4006 Brugenons,
486 3965 520 3996 ὃς
534 3964 632 3996 Castra
649 3966 685 3996 de
702 3965 799 3997 Henle
814 3964 848 3997 δε
861 3962 1022 4005 Elmeleye,
1041 3963 1069 3995 in
1088 3972 1173 3994 manu
1193 3960 1290 3993 nostri

74 3753 91 3770 Ψ
109 3753 163 3780 111.

75 3800 142 3826 9²5·

697 58 1492 111 coNvENrroNEffi

1548 57 1955 108 LITERAE,

1351 145 1510 183 existentia,
1529 145 1562 175 &
1576 144 1642 175 alibi
1656 146 1685 175 in
1699 147 1820 186 partibus
1829 146 1968 177 Maaehiae
1982 144 2069 182 illius,
2087 146 2146 176 tam
2158 145 2238 184 super
2252 156 2321 186 nos,
2330 149 2414 186 quam
2431 146 2505 177 Arm.
2521 148 2562 180 D:

1351 184 1431 224 super
1445 183 1588 224 Populum
1604 183 1733 214 nostrum
1749 184 1885 224 Dampna
1900 184 2107 222 quamplurima
2121 184 2257 223 fecerint,
2275 185 2325 224 ὃς,
2344 188 2415 217 inter
2451 194 2535 225 1322.

1353 231 1485 261 caeteras,
1503 222 1599 253 Portas
1612 222 1692 253 Villae
1706 223 1738 253 &
1748 222 1917 253 Castrorum
1931 222 2152 264 praedistorum,
2168 233 2201 253 ac
2214 224 2344 263 quasdam
2355 224 2419 256 Do·
2434 228 2502 253 Euae.
2519 235 2546 253 2.

1355 271 1417 292 mos
1435 262 1464 291 in
1478 260 1598 300 eisdem,
1618 261 1683 301 igne
1696 261 1894 292 comburentes
1909 274 1920 299 ς
1944 262 1977 292 &
1992 285 2001 299 ,
2026 271 2041 291 a
2060 260 2141 291 dieto
2156 261 2223 292 loco
2237 260 2272 291 de
2290 262 2422 294 Glouce-

1355 299 1420 330 strii
1436 301 1466 329 in
1503 301 1560 330 ravi
1580 299 1759 330 multitudine
1774 299 1995 330 Muennomm
2016 300 2178 330 recedentes
2191 322 2201 338 ,
2226 300 2317 331 versus
2332 310 2422 340 partes

1355 338 1473 369 Boriales
1483 309 1629 376 Populum
1651 338 1781 369 nostrum
1816 348 1846 368 er
1866 339 1963 380 itinera
1978 337 2182 378 depopularunt
2196 350 2207 377 3
2232 348 2267 369 ac
2284 338 2372 378 palam
2387 341 2422 371 ὃς

1355 377 1470 415 publice
1481 376 1508 407 se
1518 377 1660 415 jadiarunt
1679 376 1759 417 quod
1778 348 1815 408 ag
1833 387 1885 407 vos
1905 380 1932 406 ie
1947 376 2125 407 transferrent
2139 401 2149 414 ,
2171 377 2204 407 &
2223 377 2302 416 quod
2318 387 2370 407 vos
2386 379 2421 410 ad

1356 414 1428 455 ipsos
1443 416 1474 445 in
1488 415 1630 453 praedietis
1644 414 1805 447 Excesfibus
1825 416 1858 446 &
1880 414 2116 455 Oppreffionibus
2130 415 2314 455 attraherent,
2331 415 2424 455 quod-

1356 463 1411 493 que
1425 453 1461 484 de
1475 454 1532 485 hoc
1547 455 1634 485 securi
1647 456 1775 493 fuerunt,

1396 492 1488 530 Quod
1501 492 1616 523 credere
1628 503 1689 523 non
1703 494 1827 524 valemus
1836 516 1846 531 ,
1863 502 1917 533 pro
1929 502 1966 523 eo
1979 491 2060 531 quod
2076 514 2087 530 ,
2109 492 2129 522 fi
2146 491 2305 531 hujusmodi
2316 492 2425 526 saetam

1356 539 1407 570 per
1422 541 1474 561 vos
1487 531 1582 570 fieret,
1601 532 1680 570 quod
1692 532 1761 563 absit
1777 555 1787 570 ,
1811 542 1870 562 non
1890 531 1983 561 solum
2003 532 2033 561 in
2047 530 2187 561 laefionem
2204 530 2283 562 Pacis
2302 531 2426 573 nostrae,

1358 570 1392 601 &
1407 569 1596 600 turbationem
1609 580 1642 600 ac
1657 572 1883 601 commotionem
1895 568 2007 600 forfiran
2022 568 2126 609 Populi
2136 569 2224 600 nostri
2239 569 2425 612 redundaret,

1357 617 1457 638 verum
1473 609 1558 639 etiam
1578 617 1679 639 contra
1698 608 1839 648 Homagii
1854 609 1888 639 δε
1908 608 2058 638 Fidelitatis
2075 608 2207 638 debiturn
2220 631 2231 647 ,
2255 608 2289 640 δε
2303 608 2426 649 Ligean-

1357 646 1424 685 tiae,
1440 657 1473 677 ac
1494 646 1749 683 Consanguinitatis
1769 648 1918 678 vinculum
1932 670 1941 685 ,
1967 647 2067 687 quibus
2084 646 2168 677 nobis
2185 648 2320 678 tenemIni
2333 671 2343 687 ,
2366 657 2421 680 vos

1356 694 1416 715 reos
1427 683 1553 715 redderet
1567 685 1691 714 criminis
1706 685 1795 716 Laesae
1810 684 1977 723 Majestatis:

1395 723 1487 753 Vobis
1502 724 1585 770 igitur
1605 723 1787 763 mandamus,
1804 725 1834 754 in
1854 723 1910 754 fide
1924 725 1959 756 &
1979 723 2113 764 homagio
2131 723 2271 763 praedie‘tis
2283 746 2293 763 ,
2315 725 2350 756 &
2370 724 2421 756 sub

1356 760 1530 792 forisfaetura
1543 762 1693 800 omnium,
1708 772 1772 800 quse
1787 764 1869 793 nobis
1882 761 2041 794 forisfacere
2060 764 2201 802 poteritis,
2217 761 2366 794 distrifflus
2379 765 2424 795 in—

1356 799 1499 838 hibentes,
1518 810 1555 830 ne
1567 799 1650 830 dietis
1662 800 1743 831 nobis
1757 800 2000 832 Contrariantibus
2012 802 2041 832 in
2059 802 2154 839 aliquo
2171 801 2347 840 adhaereatis,
2364 812 2422 835 nec

1356 837 1427 877 ipsos
1442 839 1573 875 foveatis,
1592 838 1637 868 seu
1655 840 1800 877 receptetis
1815 839 1915 878 quovis
1935 839 2047 878 modo,
2071 840 2108 870 set
2122 849 2190 879 eos,
2216 840 2249 870 δε
2265 839 2422 878 quemlibet

1355 885 1474 915 eorum,
1493 876 1513 906 fi
1525 876 1560 906 ad
1575 886 1628 906 vos
1640 876 1842 908 declinaverint
1857 901 1867 917 ,
1890 876 2010 909 arestetis
2025 901 2036 917 ,
2061 879 2094 909 &
2113 877 2163 909 sub
2183 878 2274 908 aresto
2291 878 2369 909 salvo
2384 880 2420 913 δε,

1354 913 1452 944 secure
1465 913 1644 953 custodiatis,
1658 916 1800 956 quousque
1812 917 1848 947 de
1863 916 1902 946 eis
1913 915 1978 954 fiat,
1993 917 2072 955 quod
2090 916 2244 948 secundum
2261 916 2371 957 Legem
2384 918 2420 950 &

1358 951 1599 983 Consuetudinem
1615 953 1712 993 Regni
1726 955 1813 985 nostri
1826 955 2016 985 demeruerint
2030 956 2060 985 in
2074 955 2232 992 praerniffis:

1393 990 1426 1021 In
1440 991 1491 1022 hac
1505 1000 1582 1029 parte
1592 992 1680 1023 taliter
1694 1002 1745 1022 vos
1758 992 1908 1032 habentes,
1924 991 2003 1032 quod
2022 992 2156 1024 fidelitatis
2172 993 2274 1024 vestrae
2285 993 2420 1025 constan-

1355 1030 1425 1060 tiam
1439 1030 1588 1061 debeamus
1602 1031 1707 1061 merito
1721 1030 1938 1068 commendare,
1955 1031 1988 1061 &
2005 1031 2083 1069 quod
2103 1031 2139 1061 de
2156 1033 2317 1071 contrario,
2335 1032 2356 1063 fi
2370 1032 2420 1064 fie-

1354 1076 1412 1105 ret,
1431 1069 1508 1109 quod
1522 1069 1612 1107 absit,
1639 1069 1765 1109 redargui
1788 1079 1848 1100 non
1862 1068 1968 1108 possitis
1981 1080 1991 1107 3
2018 1079 2071 1107 pro
2087 1077 2166 1100 certo
2178 1078 2304 1101 tenentes
2321 1072 2420 1110 quod,

1354 1107 1405 1137 nisi
1420 1116 1469 1146 per
1483 1118 1533 1139 vos
1548 1107 1669 1146 steterit,
1686 1118 1737 1153 per
1756 1118 1809 1138 nos
1828 1117 1890 1139 non
1911 1106 1994 1138 stabit
2008 1108 2076 1148 quin
2090 1108 2333 1148 benivolentiam,
2353 1119 2419 1150 erp

1353 1155 1404 1177 vos
1417 1154 1589 1185 conceptam
1597 1170 1608 1185 ,
1622 1155 1828 1178 continuemus·

1387 1222 1476 1254 Teste
1492 1223 1574 1264 Rege
1595 1223 1667 1264 apud
1682 1222 1893 1256 Gloucestriam
1902 1247 1912 1263 ,
1929 1223 2036 1255 oetavo
2049 1223 2095 1254 die
2108 1222 2260 1255 Februarii.

2045 1302 2100 1332 Per
2110 1299 2192 1340 t‘pfitm
2205 1301 2310 1339 Regem.

1513 1428 1563 1460 De
1580 1426 1685 1473 Officio
1704 1428 1902 1473 Majoritatis
1918 1426 2070 1460 Londoniae
2086 1426 2254 1473 replegiato.

1420 1509 1444 1541 E
1454 1508 1485 1541 X
1500 1534 1510 1549 ,
1532 1511 1642 1544 dilectis
1662 1512 1732 1551 sibi,
1753 1511 1952 1544 Aldermannis
1965 1534 1976 1550 ‚
1999 1510 2227 1543 vicecomitibus
2239 1534 2250 1551 ,
2276 1508 2415 1552 Civibus,
2428 1514 2502 1547 Ann.
2514 1517 2555 1551 D.

1420 1548 1628 1582 Communitati
1642 1550 1772 1582 Civitatis
1785 1551 1840 1582 suae
1856 1550 2016 1581 Londoniae
2025 1573 2035 1589 ‚
2052 1550 2173 1581 salutem.
2449 1563 2532 1594 1322.

1388 1584 1467 1618 Cum
1488 1599 1575 1629 nuper
1591 1612 1601 1629 ,
1624 1591 1660 1621 de
1679 1589 1765 1629 gratia
1780 1588 1876 1620 nostra
1895 1588 2004 1629 speciali
2054 1588 2298 1634 replegiaverimus
2313 1589 2475 1628 vobis,An.
2497 1605 2539 1632 ¹5·

1347 1625 1456 1662 praefau
1469 1626 1651 1659 Aldermanni
1665 1630 1700 1660 δε
1713 1628 1802 1659 Cives
1835 1626 1978 1658 Officium
1992 1612 2162 1666 Majoritatis
2183 1627 2312 1658 Civitatis
2326 1628 2412 1667 illius,
2426 1637 2454 1660 Ε.
2477 1643 2501 1662 2.

1348 1663 1434 1701 usque
1447 1664 1482 1695 ad
1497 1666 1680 1706 Qindenatn
1696 1667 1791 1698 Sanffi
1806 1651 1955 1710 Michaelis
1967 1668 2101 1706 proximo
2113 1668 2301 1705 praeteritam:
2424 1672 2482 1701 Paf.
2494 1681 2537 1708 15.

1385 1703 1474 1743 Qod
1489 1705 1603 1742 quidem
1618 1705 1760 1736 Officium
1774 1705 1864 1745 prius,
1883 1714 1982 1735 coram
1991 1704 2154 1744 justiciariis
2167 1705 2268 1736 nostris
2280 1705 2413 1736 itinerari·
2422 1713 2454 1738 Ε.
2472 1719 2501 1740 1.

1348 1741 1436 1785 tibus,
1454 1742 1526 1780 apud
1539 1743 1659 1775 Turrim
1676 1743 1856 1782 Londoniae,
1874 1743 2040 1783 quibusdam
2058 1743 2094 1774 de
2107 1744 2210 1784 caulis,
2233 1752 2348 1785 captum
2358 1743 2412 1775 fuit
2423 1755 2449 1786 p.
2467 1758 2494 1776 2.

1346 1789 1376 1810 in
1391 1790 1508 1811 manum
1524 1783 1666 1814 nostram:
2423 1796 2460 1816 m.
2475 1794 2519 1824 3¹.

1389 1818 1426 1849 Et
1440 1819 1754 1860 Nominationem,per
1767 1832 1819 1852 vos
1824 1820 1968 1860 ,praediCti
1978 1820 2161 1857 Aldermanni
2175 1821 2208 1852 ὃ(
2218 1820 2412 1860 Cives‚nobis

1348 1856 1452 1889 factam
1468 1881 1478 1896 ,
1503 1858 1539 1890 de
1552 1859 1687 1891 Hamone
1702 1861 1737 1891 de
1756 1860 1899 1899 Chigwell
1919 1858 2003 1890 Onus
2024 1857 2153 1890 Civitatis
2170 1859 2314 1900 praedietae
2329 1883 2339 1898 ,
2360 1869 2413 1900 pro

1347 1897 1428 1927 dicto
1443 1897 1572 1936 Officio,
1589 1909 1638 1937 per
1658 1908 1770 1937 tempus
1788 1898 1976 1939 praedidium,
1993 1898 2120 1936 regendo
2131 1921 2142 1936 ,
2158 1908 2226 1930 acce
2247 1899 2411 1930 taverirnus:

1347 1935 1616 1977 sacramentumque
1631 1938 1818 1976 receperimus
1831 1936 1866 1967 ab
1879 1937 2000 1976 eodem,
2017 1945 2046 1968 ut
2062 1936 2178 1968 decebat
2193 1947 2199 1966 ε
2275 1938 2299 1967 ei
2315 1935 2413 1967 custo-

1346 1974 1423 2004 diam
1437 1973 1566 2006 Civitatis
1581 1977 1724 2014 praediCiwe
1739 1975 1898 2006 habendam
1913 1976 1947 2006 &
1959 1975 2111 2006 tenendam
2123 1998 2134 2013 ,
2158 1976 2188 2005 in
2203 1975 2298 2006 forma
2312 1975 2415 2015 praed:-

1346 2012 1393 2043 ἃᾶ
1406 2014 1558 2044 fecerimus
1572 2014 1694 2046 liberari:

1384 2049 1423 2082 Et
1436 2051 1623 2090 postmodum
1642 2052 1860 2084 concesserimus
1873 2052 1954 2083 vobis
1969 2075 1979 2091 ,
2003 2050 2079 2091 quod
2094 2051 2217 2090 aliquem
2239 2050 2358 2090 Civem,
2376 2050 2413 2082 de

1347 2090 1446 2129 vobis,
1463 2090 1647 2123 sufficientem
1663 2092 1696 2123 &
1711 2092 1825 2130 utilem,
1852 2101 1896 2121 iro
1910 2091 1993 2122 nobis
2011 2091 2044 2122 ὃς
2064 2089 2176 2128 Populo
2195 2089 2292 2121 nostro
2304 2089 2415 2122 Civita-

1349 2129 1382 2160 tis
1397 2129 1534 2169 ejusdem,
1554 2131 1589 2162 ad
1606 2129 1772 2161 Custodiam
1789 2131 1822 2162 &
1870 2131 1983 2170 egimen
1997 2129 2118 2167 ejusdem
2139 2127 2270 2160 Civitatis
2284 2130 2416 2161 nomina·

1346 2177 1377 2198 re
1391 2166 1505 2205 poffetis
1511 2192 1521 2208 ‚
1538 2169 1572 2200 ad
1588 2170 1763 2200 voluntatem
1777 2168 1905 2199 nostram
1919 2168 2080 2199 habendum
2093 2190 2104 2206 ,
2129 2168 2163 2199 ὅ(
2178 2168 2267 2208 ipsum
2282 2168 2366 2198 nobis
2379 2167 2416 2200 ad

1346 2206 1530 2237 Scaccariurn
1550 2207 1682 2239 nostrum
1704 2207 1868 2246 praesentare
1883 2230 1893 2246 ,
1915 2208 1951 2238 ad
1972 2207 2186 2238 Sacramentum
2199 2229 2209 2245 ,
2235 2207 2317 2237 nobis
2332 2207 2362 2237 in
2379 2206 2414 2239 ea
2550 2241 2558 2248 v

1346 2253 1424 2283 parte
1435 2245 1580 2285 debiturn,
1598 2246 1704 2277 ibidem
1717 2245 1897 2284 faciendum,
2543 2257 2559 2263 0

1384 2283 1467 2322 Nos,
1482 2285 1609 2315 volentes
1624 2285 1705 2315 vobis
1721 2285 1880 2314 uberiorem
1891 2285 2008 2323 gratiam
2022 2284 2113 2315 facere
2127 2284 2155 2313 in
2168 2283 2220 2314 hae
2234 2292 2328 2322 parte,
2343 2292 2415 2314 con·
2550 2286 2556 2297 ’

1346 2321 1471 2352 cedimus
1487 2323 1564 2361 quod
1583 2322 1725 2354 Officium
1747 2322 1916 2361 Majoritatis
1938 2322 2081 2361 predistae
2095 2345 2105 2360 ,
2128 2322 2206 2353 vobis
2222 2322 2259 2353 fic
2279 2321 2411 2360 replegia-

1345 2368 1409 2390 tum
1443 2362 1472 2391 in
1485 2362 1586 2392 eodem
1600 2362 1686 2401 statu,
1702 2371 1761 2401 quo
1775 2371 1851 2392 nunc
1868 2361 1926 2398 est,
1944 2363 2064 2393 habeatis
2075 2360 2161 2398 usque
2175 2360 2210 2392 ad
2226 2360 2413 2400 Qindenam

1344 2383 1475 2439 paresne,
1493 2401 1628 2440 proximo
1640 2401 1778 2439 futuram,
1795 2400 1830 2430 de
1843 2401 1930 2439 gratia
1943 2400 2038 2432 nostra
2053 2399 2170 2441 speciali.

1380 2475 1469 2507 Teste
1484 2476 1565 2517 Rege
1577 2477 1651 2516 apud
1667 2477 1895 2516 Gloucestriam,
1914 2477 2019 2507 ottavo
2033 2476 2078 2506 die
2089 2473 2240 2505 Februarii.

1527 2556 1582 2584 Per
1596 2553 1679 2594 ipfhm
1693 2557 1805 2593 Regem,
1824 2556 1968 2584 nunciante
1983 2551 2117 2592 Magistro
2129 2554 2163 2581 R.
2177 2551 2210 2581 de
2221 2548 2343 2580 Baldok.

2523 2620 2556 2637 1·

1342 2674 1370 2702 θ*
1396 2677 1445 2709 De
1465 2675 1607 2720 potestate
1626 2675 1670 2709 ad
1687 2675 1897 2710 TraHandum
1914 2676 2005 2723 fhper
2021 2678 2099 2710 Pace
2123 2675 2176 2708 vel
2195 2675 2316 2721 Ueuga
2339 2685 2409 2707 cum
2423 2681 2443 2701 t
2459 2680 2512 2749 1611.
2531 2668 2555 2691 ’Υ

1823 2728 1927 2759 ποεῖς.
2423 2729 2459 2757 92
2482 2742 2488 2750 .

1341 2809 1403 2870 R
1412 2809 1475 2840 EX
1494 2810 1642 2849 omnibus,
1662 2809 1697 2840 ad
1711 2820 1782 2850 quos
1795 2809 1854 2841 &c
1869 2810 1991 2841 salutem.
2421 2812 2497 2844 Ann,
2510 2811 2562 2844 D.s

1443 2849 1492 2879 De
1506 2849 1634 2879 fidelitate
1648 2850 1762 2888 probata
1777 2851 1810 2880 &
1834 2849 2091 2889 circumspefflone
2109 2846 2243 2888 provida,
2261 2847 2358 2879 dileeti
2371 2848 2405 2879 &
2442 2861 2525 2893 ¹322·

1341 2887 1427 2918 fidelis
1442 2888 1546 2926 nostri,
1568 2887 1687 2918 Andreae
1699 2887 1735 2917 de
1752 2887 1882 2927 Hartcla,
1899 2888 2020 2926 plenarie
2037 2887 2211 2918 confidentes
2419 2894 2470 2919 An.
2491 2899 2532 2928 15.

1377 2926 1422 2956 Ad
1438 2925 1610 2956 tractandum
1626 2926 1704 2966 super
1724 2926 1813 2967 aliqui
1830 2926 1924 2957 formzi
1946 2927 2034 2957 finalis
2047 2926 2128 2957 Pacis
2141 2925 2188 2956 vel
2209 2911 2404 2964 Concordiae,
2419 2933 2449 2957 E.
2466 2940 2494 2957 2.

1340 2967 1411 2995 inter
1427 2975 1480 3008 nos
1493 2965 1526 2995 δε
1542 2964 1704 2996 Robertum
1727 2964 1762 2995 de
1784 2964 1850 2996 Erus
1864 2989 1874 3005 ,
1892 2965 2005 3006 suosque
2021 2964 2188 3003 Complices
2202 2963 2236 2994 &
2255 2962 2406 3001 Fautores,
2418 2971 2478 2995 Par.
2496 2952 2562 3007 r'jffir

1339 3003 1376 3034 de
1389 3003 1504 3042 Scotia,
1521 3012 1619 3034 contra
1631 3014 1683 3048 nos
1696 3004 1731 3034 de
1747 3003 1858 3035 Guerra
1873 3003 2019 3035 existentes
2031 3026 2042 3043 ,
2060 3001 2218 3048 ‘ineundae3
2243 3001 2277 3032 &
2295 3001 2331 3032 ad
2343 3011 2405 3032 cer-r
2421 3010 2452 3033 Ε.
2467 3007 2494 3034 2;
2511 3001 2535 3021 ‘¹

1338 3042 1499 3073 tiorandum
1515 3052 1566 3072 nos
1577 3041 1612 3073 de
1626 3042 1693 3082 hus,
1709 3052 1773 3087 quae
1786 3042 1853 3073 inde
1865 3043 1978 3073 transita
1996 3042 2099 3072 fuermt
2113 3065 2123 3078 ,
2147 3039 2264 3079 praefato
2278 3038 2403 3071 Andreae
2417 3051 2443 3082 p.
2463 3053 2490 3072 2.
2530 3034 2548 3054 Ἀ

1337 3081 1468 3151 plefflam'·
1485 3090 1583 3150 tengrce
1599 3082 1791 3120 praesentlum,
1807 3081 2014 3112 committimus
2027 3078 2212 3110 Potestatem.
2417 3092 2454 3112 m.
2469 3071 2562 3132 ²9⁹3*

1423 3129 1519 3159 quuS,
1571 3129 1599 3150 c.
2539 3127 2547 3164 Ι;
2560 3136 2562 3156 2

1373 3195 1461 3226 Teste
1479 3195 1562 3236 Rege
1577 3195 1650 3236 apud
1665 3194 1893 3235 Gloucestriam,
1906 3205 1986 3226 nono
2000 3194 2045 3226 die
2058 3194 2209 3226 Februarii.

1971 3273 2026 3302 Per
2040 3269 2122 3311 ipficm
2135 3273 2242 3309 Regem.

1402 3348 1572 3379 Onfirnilem
1585 3348 1758 3380 potestatem
1771 3348 1855 3381 habet
1867 3349 1943 3380 idem
1959 3349 2083 3380 Andreas
2094 3347 2130 3379 ad
2143 3346 2318 3378 traflandum
2326 3367 2338 3384 ‚
2354 3344 2400 3377 fii-

1404 3397 1454 3425 per
1472 3387 1560 3425 aliqua
1580 3387 1670 3419 forma
1690 3388 1817 3426 Treugae
1836 3389 1882 3420 seu
1904 3387 2082 3419 Sufferentiae
2095 3410 2105 3426 ,
2136 3387 2209 3418 inter
2226 3385 2342 3428 Regem
2362 3385 2398 3415 &

1334 3426 1550 3504 {ce'ggfflngv‘ge
1564 3425 1632 3457 Brus
1643 3449 1654 3465 ,
1680 3423 1741 3462 ἀι.
1757 3426 1882 3467 utfiaepra
1900 3427 2031 3458 ineundae
2043 3449 2054 3466 ,
2079 3426 2113 3458 &
2137 3424 2172 3456 ad
2190 3421 2399 3457 certiorandum

1370 3540 1462 3572 Teste
1475 3550 1506 3573 ut
1519 3539 1607 3580 supra.

1970 3581 2024 3611 Per
2037 3576 2119 3618 ipsum
2132 3577 2236 3614 Regm·

1332 3715 1382 3747 De
1399 3713 1572 3757 Condue'lu,
1595 3716 1633 3753 ό*
1650 3712 1686 3747 de
1701 3714 1853 3748 Tramas
1876 3711 1944 3746 hinc
1966 3709 2034 3745 inde
2053 3713 2131 3743 inter
2151 3711 2250 3743 Sc⁰t05
2265 3711 2303 3748 ό·
2318 3709 2396 3756 RQ?
2411 3737 2486 3771 Am·
2496 3733 2549 3767 DJ

1751 3765 1984 3796 contrariantes.
2432 3785 2512 3816 1322·

1397 3846 1486 3878 Touz
1496 3855 1567 3878 ceux
1577 3870 1587 3886 ,
1604 3856 1659 3886 que
1673 3846 1748 3879 ceste
1762 3848 1842 3878 lettre
1852 3852 1953 3891 orront
1964 3854 2005 3876 ou
2019 3851 2150 3881 vermnt,
2168 3843 2301 3875 ThOmas
2312 3841 2393 3874 ΜΠ·
2410 3819 2514 3882 gnif-

1399 3885 1462 3915 dolf
1491 3885 1607 3917 Counte
1618 3887 1655 3916 de
1669 3886 1799 3924 Morref,
1817 3885 1934 3928 Seignur
1949 3883 1985 3914 de
1997 3880 2078 3912 Wau
2091 3905 2102 3919 7
2118 3881 2155 3911 de
2169 3880 2272 3912 A1¹²11d
2281 3905 2290 3919 a
2308 3881 2342 3912 &
2355 3880 2393 3912 de
2410 3889 2534 3928 chus-¹5·

1333 3921 1411 3991 ilgliaen¹
1422 3946 1433 3962 ,
1456 3908 1491 3956 ἐς
1508 3924 1678 3956 Lieutenarit
1699 3924 1795 3956 nostre
1815 3923 1931 3962 Seignur
1947 3921 1973 3953 le
1994 3919 2055 3951 Roi
2074 3919 2233 3960 d’Escoce,
2258 3920 2343 3951 salutz
2357 3929 2392 3950 en
2411 3934 2490 3993 228
2511 3961 2534 3992 z

1414 3983 1420 3990 .
2410 3975 2472 3997 m.1
2493 3985 2499 3994 -
