2562 4279
149 149 226 202 158

0 238 79 272 Arm.
92 233 135 265 D.
149 232 221 271 ipsos
237 232 270 263 ad
290 232 417 264 Vetittim
434 229 558 261 Examen
577 239 636 259 non
655 228 753 265 traicit,
766 225 821 264 set,
844 234 925 255 more
947 223 1113 262 Majorum,
1135 220 1213 258 super

23 282 108 314 1344.

0 315 71 343 Ην.
87 322 115 349 3.

149 271 298 310 violentia,
313 270 351 300 Vi
371 270 403 300 &
423 268 519 298 Armis
535 275 631 298 contra
649 265 756 296 Pacem
777 263 900 295 nostram
920 261 1013 301 faeta,
1034 259 1215 304 &verbera-¹

149 310 227 340 tione
243 309 419 339 Servientum
437 306 572 344 suorum,
599 304 726 334 debitum
747 302 990 344 complementum
1011 298 1131 343 Justinae
1157 296 1216 326 fieri

150 347 314 386 postulavit,
332 348 362 376 in
380 344 577 382 praejudicium
591 341 797 381 Jurisdi'ecionis
825 338 1039 382 Ecclesiasticae·
1054 335 1141 367 nichil
1166 344 1216 372 pe-

151 387 222 416 nitus
236 383 443 421 attemptando,
458 383 615 420 quas,sicut
626 381 817 420 experimento
824 377 994 416 didicimus,
1012 375 1082 419 nisus
1095 374 1135 405 est
1149 373 1217 403 hac-

155 432 233 454 tenus
256 422 422 460 defendere,
442 421 475 451 ὃ(
488 420 620 451 Sanctam
635 418 797 449 Romanam
813 416 986 453 Ecclesiam,
1004 415 1037 445 &
1058 423 1115 452 ejus
1129 411 1217 442 Nun-

153 462 230 499 cios,
243 470 295 497 pro
307 461 409 490 viribus
425 460 558 496 revereri3
1019 491 1024 496 ¹

188 499 255 529 Nos
268 499 353 528 etiarn
374 498 543 528 Libertatem
565 497 599 527 δε
617 494 847 533 jurisdictionem
867 490 1090 534 Ecclesiasttcam
1110 489 1216 536 semper

151 538 219 568 tueri
234 536 363 566 volumus
376 544 406 566 ut
420 535 554 565 debemus
563 534 617 573 ,set
627 533 692 573 Jura
699 531 827 563 Coronae
841 531 943 561 nostrae
957 529 1117 574 Regiae*,&
1133 527 1217 563 cog-

151 577 289 605 nitionem
305 574 338 604 ad
351 584 402 604 nos
417 574 601 612 pertinentem
611 595 621 611 ‚
635 571 778 610 negligere
793 580 851 600 non
871 569 1010 613 valemus,
1031 577 1101 598 cum
1118 566 1153 596 ad
1167 575 1217 596 eoa

152 623 216 643 rum
231 612 422 642 defensionem
434 611 537 642 astriffl
558 611 638 641 fimus
654 609 769 640 vinculo
783 609 946 650 Juramenti.
1090 644 1095 649 ·

189 651 388 689 Qamobrem
407 651 503 680 vestrae
524 648 693 680 Clementiae
716 648 818 678 votivis
840 646 990 677 aflectibus
1008 643 1216 682 supplicamus,

150 691 275 730 quatinus
287 689 432 727 praefatum
447 688 636 726 Episcopum,
1007 723 1012 727 ¹
1177 720 1181 725 .

187 728 310 758 Sincerae
324 727 493 757 Devotionis
505 728 537 757 &
553 726 673 756 ordinati
684 723 790 755 Gestsls
804 734 838 755 ac
854 733 967 761 magnae
976 719 1217 763 Circiimspeetio-

150 766 193 796 nis
213 766 302 803 gratia
321 765 561 803 conspicuum,ac
573 764 607 795 ad
624 763 777 802 parendum
791 763 886 793 vestris
900 772 933 792 ac
949 761 1026 791 Sedis
1043 758 1215 797 Apostolicae

151 803 274 835 Monitis
288 805 321 834 &
339 803 480 834 Mandatis
495 813 563 834 cum
578 803 659 833 omni
672 802 825 832 devotione
840 809 963 842 paratum
974 822 982 836 ‚

188 842 301 873 Habere
318 843 407 873 velitis
426 843 504 879 super
525 842 575 872 sibi
598 842 636 872 sic
655 841 792 878 impositis
810 838 1023 869 miiericorditer
1042 835 1216 872 excusatum,

152 891 202 920 ac,
218 881 304 911 nostri
321 880 554 918 consideratione,
567 879 708 918 specialius
723 877 972 914 commendatum,
1009 913 1014 918 ι
1039 913 1044 918 .
1082 912 1089 919 ,

189 918 297 950 Contra
313 929 379 950 eum
412 919 561 950 occasione
581 917 739 956 praemissa,
760 917 779 946 fi
801 915 954 953 placuerit,
975 921 1096 956 minime
1113 920 1217 956 ‘proce-

153 958 266 995 demes,
282 959 352 988 cum
377 942 522 988 1³roceffiis
541 956 713 996 hujusmodi,
729 955 834 985 nedum
854 955 883 983 iri
899 952 985 983 nostri
1000 952 1033 981 ὃς
1049 950 1146 994 Curia}
1160 960 1214 979 no-

153 997 217 1027 stra:
230 996 422 1034 Vituperium,
436 997 473 1026 set
488 994 673 1034 quodamodo
690 995 721 1023 in
742 992 950 1023 subversionem
967 991 1041 1033 Juris
1055 988 1142 1018 nostri
1158 987 1218 1031 Re:

153 1036 193 1073 gii
213 1036 290 1073 (quo
309 1034 426 1066 Corona
442 1035 553 1072 Angliae
572 1035 600 1063 in
620 1033 676 1062 hoc
695 1031 757 1062 casu
774 1041 790 1061 a
807 1039 936 1068 tempore
950 1052 960 1068 ,
983 1038 1061 1070 cuj-us
1073 1035 1218 1071 ‘contrarii

154 1074 293 1104 memoria
309 1084 366 1104 nori
384 1072 490 1111 existit,
506 1072 549 1102 usa
563 1071 604 1101 est
618 1069 736 1108 pacifice
757 1070 790 1100 ἃ
812 1069 917 1109 gavisa)
937 1065 1162 1112 maniiestissiuic
1178 1075 1220 1094 rc-

153 1111 387 1150 dundaret,qu0d
405 1112 485 1141 nobis
501 1111 534 1141 δε
553 1109 655 1140 nostris
673 1109 824 1146 foret,nec
843 1108 995 1145 inmerito,
1010 1105 1168 1136 taediorum.

191 1150 362 1189 Conservet,
380 1151 440 1180 &c.

189 1188 257 1219 Dat.
276 1188 349 1227 apud
364 1187 527 1219 VVodestok
538 1210 548 1227 ,
563 1188 645 1218 tertio
661 1186 707 1217 die
721 1185 854 1225 Januarii.

445 1314 504 1344 Pro
526 1309 644 1350 eodem,
672 1308 714 1341 ad
732 1307 916 1341 Cardmalcs.

8 1407 83 1437 Am.
98 1402 140 1434 D·
155 1377 395 1447 VEnerabiliin
411 1375 528 1407 Christo
546 1375 636 1413 Patri,
656 1374 690 1404 A.
715 1373 773 1404 Dei
793 1373 879 1410 gratia
895 1396 905 1411 ,
933 1372 1133 1403 Tusculanensi
1153 1371 1221 1408 Epi-

231 1416 337 1454 scopo,
350 1415 459 1446 San&ae
482 1414 621 1444 Roman-:e
645 1412 776 1443 Ecclesiae
797 1411 954 1450 Cardinali,
973 1410 1038 1442 Rex
1055 1411 1116 1442 &a
1142 1409 1220 1440 Salu-

7 1452 120 1517 Alf&
158 1464 235 1493 tem,
249 1456 282 1486 ὅ(
300 1455 411 1485 sincerae
432 1453 590 1483 dilec'tionis
603 1450 749 1482 affeetum.

8 1527 29 1550 F.

11 2797 29 2814 0

30 1531 101 1595 fiiis.

45 2801 148 2835 V.402.

18 2884 94 2916 Ann.
110 2883 149 2915 D.

18 2966 70 2990 An.

20 3121 49 3187 §.fl-Q

49 2931 134 2996 13-3-3„

19 3009 102 3074 claci]

42 3084 69 3113 7.
86 3061 153 3113 213.

193 1494 273 1524 Cum
292 1494 386 1523 omnis
400 1492 431 1522 δε
445 1490 610 1521 omnimoda
626 1491 757 1526 cognitio
776 1489 917 1520 causarum
942 1487 1082 1519 Civilium
1102 1489 1135 1519 δε
1154 1486 1220 1517 Cri-

159 1533 324 1569 minalium,
347 1542 390 1559 Nc.
410 1537 441 1559 ut
450 1528 533 1569 fiaepra
551 1527 630 1569 usque
651 1529 705 1566 ibi,
725 1528 758 1558 ad
777 1528 909 1558 Sanctam
924 1527 1086 1557 Romanam
1103 1525 1219 1556 Curiam

158 1572 337 1607 accedentes,
356 1568 394 1604 (ῤ’
412 1575 474 1597 tunc
486 1567 543 1608 Jic,
560 1568 708 1597 molientes
729 1567 852 1597 Domini
868 1566 981 1596 Summi
998 1564 1142 1596 Pontificis
1160 1565 1222 1594 illu-

157 1610 222 1640 dere
241 1608 443 1645 sanctitatem,
460 1607 493 1637 &
511 1616 574 1636 eam
592 1615 689 1636 contra
705 1605 818 1636 dietum
836 1605 1007 1642 Episcopum
1027 1614 1075 1642 per
1090 1603 1221 1644 Comen-

157 1657 185 1679 ta
203 1646 299 1678 callida
322 1655 476 1684 provocare
490 1668 500 1683 ,
526 1644 618 1675 eidem
637 1644 770 1674 Domino
787 1643 909 1684 Summo
928 1642 1060 1673 Pontifici
1079 1641 1221 1680 suggesse-

156 1695 218 1717 runt
234 1686 346 1716 dietum
364 1683 535 1722 Episcopum
552 1693 599 1713 eos
616 1683 651 1713 ad
669 1682 794 1712 Examen
811 1681 918 1712 traxisse
937 1682 1083 1718 Ventum,
1097 1682 1129 1712 &
1149 1690 1222 1710 con-

155 1734 198 1756 tra
215 1734 264 1755 eos
281 1725 311 1753 in
329 1722 417 1753 Curia
431 1721 545 1760 nostra,
567 1723 595 1751 in
614 1721 812 1759 praejudicium
826 1720 1034 1759 Jurisdictionis
1050 1718 1222 1750 Ecclesiasti-

156 1773 218 1801 cae,
235 1762 294 1792 fieri
310 1760 486 1800 procurfisse,
1222 1774 1226 1775 ν

193 1802 282 1839 Super
301 1810 359 1838 quo
377 1799 470 1830 eidem
488 1798 619 1829 Domino
637 1797 759 1828 Summo
775 1797 929 1834 Pontifici,
953 1806 1006 1834 pro
1028 1796 1131 1827 eodem
1151 1795 1220 1834 Epi-

157 1840 244 1878 scopo
276 1838 378 1869 nostras
393 1838 517 1868 mifimus
532 1837 637 1867 Literas
650 1836 829 1866 excusatorias
842 1835 968 1874 speciales
1005 1836 1070 1873 quia
1088 1835 1217 1873 (revera)

157 1879 235 1910 idern
246 1862 398 1915 spiscopus
410 1875 499 1906 nichil
516 1874 585 1906 fecit
603 1877 632 1905 in
650 1875 703 1905 hac
722 1883 798 1914 parte
816 1874 892 1912 quod
911 1873 945 1904 ad
967 1858 1090 1916 Culpam
1106 1875 1157 1905 sibi
1171 1874 1221 1904 de-

158 1919 222 1949 beat
240 1915 438 1947 rationabiliter
459 1915 606 1952 imputari,
620 1913 674 1951 set,
689 1915 794 1944 secutus
809 1922 919 1943 morem
938 1912 1105 1951 Majorum,
1119 1923 1134 1943 a
1149 1921 1223 1943 tem-

157 1966 228 1995 pore
246 1955 324 1992 cujus
341 1953 473 1984 contrarii
491 1962 548 1982 non
566 1951 654 1982 existit
673 1952 811 1982 memoria
825 1951 1003 1982 observatum
1019 1974 1029 1990 ,
1055 1961 1106 1990 pro
1124 1952 1224 1982 verbe-

157 1996 261 2025 ratione
284 1993 317 2023 &
341 1992 529 2022 vulneratione
562 1990 742 2022 Servientum
765 1990 878 2021 suorum
904 1989 1065 2021 consuetam
1080 1988 1222 2029 Justitiam

156 2032 214 2063 fieri
228 2031 382 2069 postulavit.

197 2070 398 2109 Quamobrem
419 2068 572 2107 specialiter
584 2079 634 2099 vos
646 2078 780 2105 rogamus
797 2068 922 2106 quatinus
938 2078 1021 2106 penes
1033 2067 1143 2099 di&um
1158 2067 1223 2098 Do-

158 2110 267 2140 minum
281 2109 430 2139 Summum
447 2107 636 2145 Pontificem,
651 2117 704 2145 pro
716 2107 891 2137 excusatione
906 2107 986 2144 iplius
1007 2106 1158 2145 Episcopi,
1174 2117 1223 2138 ve-

159 2149 230 2186 litis,
244 2146 460 2179 consideratione
474 2145 574 2183 nostri,
587 2147 764 2184 interponere
777 2155 843 2176 cum
859 2145 989 2176 efficacia
1005 2155 1091 2183 partes
1106 2145 1223 2184 vestras,

159 2188 210 2225 &,
227 2188 263 2218 ne
277 2185 424 2216 occasione
438 2184 575 2223 praemissa
588 2184 752 2222 procedatur
767 2178 867 2214 co'iitra
882 2194 948 2214 eum
958 2207 967 2221 ,
991 2194 1078 2221 quam
1100 2186 1224 2222 poteritis

159 2236 246 2263 opem
260 2225 346 2263 ferre,
361 2223 510 2261 pracsertim
530 2224 601 2253 cnm
620 2223 697 2253 idem
718 2222 865 2252 Proceffus
874 2222 937 2260 Juri
959 2221 1055 2253 nostro
1076 2222 1175 2260 Regio
1189 2224 1222 2254 &

159 2264 330 2302 Cognitioni
354 2262 449 2293 Curiae
466 2261 568 2292 nostrae
584 2260 805 2291 manifestiffime
825 2261 990 2299 derogaret,
1017 2261 1092 2299 quod
1113 2261 1221 2292 nedum

160 2313 227 2341 nOS,
243 2302 279 2332 set
300 2310 389 2332 totam
406 2300 652 2331 Communitatem
666 2299 759 2339 Regni
773 2298 862 2329 nostri
878 2299 993 2336 Angliae
1014 2301 1100 2330 nimis
1113 2302 1224 2338 pericu-

159 2341 219 2372 lose
235 2340 342 2370 forsitan
357 2348 573 2378 commoveret,
587 2340 656 2370 cum
680 2337 932 2369 Conservationem
955 2337 1035 2368 Pacis
1055 2339 1157 2370 nostrae
1171 2349 1224 2369 no-

161 2380 203 2411 bis
217 2380 337 2410 videatur
353 2377 463 2408 auferre.

199 2417 264 2448 Dat.
283 2426 312 2448 ut
330 2416 417 2455 supra.

165 2497 332 2529 Consimiles
352 2497 454 2528 Litcrae
466 2497 835 2566 difigOE‘ffKCssYffflfffibus
855 2497 1008 2538 subscriptis
1025 2521 1035 2537 ,
1058 2497 1108 2529 sub
1122 2497 1224 2530 eadem

597 2545 727 2575 ata3v1ue
749 2547 812 2575 cet,

200 2616 234 2644 R.
251 2614 357 2643 Sam‘lae
377 2616 480 2644 Mariae
498 2615 589 2642 Novae
608 2616 728 2643 Dracono
751 2614 901 2643 Cardinali.

201 2653 234 2682 P.
252 2652 375 2684 Sabinen.
393 2655 516 2691 Episcopo
534 2653 641 2682 Sanc‘t'ae
656 2655 784 2682 Romanae
799 2652 921 2693 Ecclejfiae
936 2653 1088 2683 cardinali.

411 2782 431 2801 ²¹²
464 2781 567 2811 Litera
587 2778 671 2824 miffiz
694 2781 765 2825 Regi
784 2778 970 2825 Porrugaliae.

169 2862 380 2925 MAgnifico
396 2862 535 2902 principi,
553 2863 683 2894 Domino
698 2863 833 2900 Alfonso,
847 2862 905 2892 Dei
929 2861 1017 2899 gratia
1031 2885 1040 2900 ,
1061 2861 1228 2899 Portugaliie

261 2904 294 2934 ὃς
311 2902 450 2938 Algarbiae
467 2902 541 2938 Regi
557 2902 654 2932 Illustri
671 2924 680 2939 ,
701 2900 922 2937 Consanguineo
937 2901 985 2931 suo
995 2901 1155 2939 carissimo,
1171 2901 1228 2931 Ed-

167 2941 273 2972 wardus
283 2964 292 2980 ,
306 2940 402 2970 eadem
420 2940 524 2978 grati-51,
539 2939 602 2970 Rex
621 2940 732 2978 Angliae
747 2941 780 2970 δε
795 2940 937 2977 Franciae,
956 2941 988 2970 &
1011 2939 1156 2970 Dominus
1172 2939 1228 2969 Hi-

169 2980 272 3010 berniae
281 3002 290 3017 ,
306 2979 428 3010 Salutem
438 3001 447 3016 ,
462 2979 494 3009 &
508 2979 634 3009 felicibus
649 2978 755 3016 semper
769 2978 945 3008 Succeffibus
956 2978 1115 3008 habundare

205 3017 282 3048 Lrett'i
297 3027 381 3047 manu
397 3018 550 3054 recepimus
563 3017 717 3047 Seneritatis
737 3015 837 3054 Regiae
852 3016 957 3046 Literas
976 3017 1061 3046 nobis
1074 3015 1229 3054 mffsazre-

168 3058 280 3087 citantes
294 3056 388 3094 primo
405 3054 628 3092 Reiponsionem
643 3054 764 3085 nostram
780 3078 789 3092 ‚
809 3055 871 3084 alias
893 3056 976 3084 vobis
997 3054 1103 3085 fastam
1117 3077 1127 3093 ,
1151 3054 1229 3092 super

170 3094 393 3132 Complemento
403 3093 537 3131 justitiae,
551 3093 645 3123 vestris
659 3093 782 3123 Subditis
796 3092 926 3123 faciendo
947 3093 982 3123 de
1005 3092 1106 3123 Pannis
1126 3093 1159 3123 &
1175 3093 1230 3123 Bo-

172 3134 214 3162 nis
223 3155 232 3170 ,
243 3133 279 3162 ab
291 3133 327 3161 eis
341 3142 390 3171 per
403 3132 534 3162 Subditos
548 3131 656 3162 nostros
678 3133 707 3162 in
722 3131 811 3162 Portu
826 3132 861 3161 de
877 3130 951 3161 Brest
966 3133 1016 3200 fut
1030 3131 1227 3169 praetenditur)

169 3170 350 3208 depraedatis,
365 3170 554 3213 Requilitione
568 3170 712 3208 subjuncta
727 3179 772 3207 ut,
786 3171 861 3207 quod
876 3178 944 3200 tunc
978 3180 1044 3207 uper
1061 3169 1231 3200 restitutione

170 3209 369 3246 Dampnorum
385 3208 545 3246 hujusmodi
565 3208 622 3239 fieri
637 3208 848 3245 mandavimus,
865 3207 1000 3246 compleri
1017 3209 1050 3239 ὃ(
1069 3209 1167 3246 exequi
1189 3208 1231 3238 ef-

169 3246 323 3278 fectualiter
341 3247 494 3276 faceremus
505 3247 633 3285 ,adjecto
647 3257 758 3287 quoque
775 3247 888 3284 qualiter
907 3257 973 3284 vos,
996 3257 1043 3284 per
1058 3246 1231 3277 Dominium

171 3285 310 3323 vestrum,
323 3285 435 3322 publice
453 3287 640 3322 praeconizare
654 3285 756 3316 fecistis
771 3286 808 3314 ne
825 3285 890 3322 qui,
910 3284 945 3314 de
969 3284 1107 3315 Potestate
1122 3284 1212 3314 vestra
1222 3307 1232 3323 ,

171 3324 222 3355 sub
237 3322 329 3354 Poena
343 3322 449 3360 Capitis
463 3346 471 3359 ,
493 3323 615 3354 Subditis
632 3323 731 3354 nostris
748 3323 849 3353 inferre
877 3323 1074 3360 praesumerent
1100 3322 1231 3361 injuriam

172 3363 227 3393 five
248 3361 434 3399 Dampnum,
456 3362 494 3391 set
505 3371 552 3391 eos
559 3362 656 3400 ,velut
672 3362 793 3400 Fratres,
816 3361 999 3392 amicabiliter
1021 3362 1233 3399 pertractarent,

172 3401 208 3431 de
230 3399 358 3430 facienda
387 3399 510 3430 Subditis
538 3399 636 3430 nostris
658 3400 901 3432 Praeconizatione
936 3398 1084 3430 Consimili
1115 3409 1166 3429 nos
1187 3409 1231 3430 ro-

172 3447 276 3477 gantes.

213 3476 249 3507 Et
264 3476 378 3514 quidem
398 3474 590 3507 Affetstionem
609 3484 732 3514 gratam,
749 3487 833 3515 quam
848 3476 883 3507 ad
898 3486 950 3506 nos
965 3477 997 3507 ὃ(
1010 3475 1118 3506 nostros
1134 3477 1162 3505 in
1175 3476 1232 3507 hoc
1280 3483 1284 3486 ’

174 3525 226 3546 vos
243 3515 343 3546 habere
358 3515 562 3553 conspicimus,
576 3515 662 3553 plenis
676 3515 865 3554 prosequimur
886 3515 1044 3545 afflonibus
1066 3515 1214 3552 gratiarum
1224 3537 1233 3553 ,

176 3554 266 3584 votivi
279 3553 408 3592 perficere
425 3564 488 3591 quae
506 3554 588 3584 vobis
605 3553 706 3584 fuerint
722 3553 909 3591 placitura,&
920 3552 1078 3583 fomentum
1093 3552 1235 3582 Dilectio-

178 3593 218 3621 nis
234 3601 267 3622 ac
286 3591 532 3622 Communionem
552 3591 700 3630 pacificam
719 3594 789 3622 inter
806 3591 910 3623 vestros
927 3593 959 3622 ὅ(
978 3590 1086 3621 nostros
1104 3591 1236 3621 Subditos

178 3638 306 3667 poterunt
317 3629 463 3666 adaugere.

217 3667 252 3696 Et
272 3668 349 3704 super
369 3667 425 3698 hoc
448 3668 639 3699 mandavimus
661 3667 834 3698 Consiliariis
859 3667 892 3698 &
920 3666 1061 3697 Ministris
1078 3666 1194 3704 nostris,
1207 3676 1235 3698 ut

181 3703 264 3747 dictis
284 3705 497 3742 Dampnisicatis
507 3706 603 3736 vestris
616 3707 725 3743 plenam
741 3707 773 3736 &
788 3706 917 3736 festinam
938 3705 1059 3736 facerent
1079 3705 1136 3735 fieri
1148 3705 1235 3744 Justi-

182 3748 249 3771 tiam
265 3752 330 3772 cum
345 3743 461 3773 effeclu:
476 3745 509 3775 ὃ(
530 3744 609 3783 quod
630 3746 658 3774 in
680 3745 788 3783 singulis
808 3744 878 3774 locis
892 3767 902 3781 ,
925 3743 994 3773 infra
1013 3742 1166 3774 Distritstus
1184 3754 1236 3773 no-

183 3777 267 3821 stros,
280 3782 328 3823 ubi
343 3781 469 3818 expedire
488 3782 622 3819 viderint,
636 3782 750 3819 publice
762 3783 946 3820 proclamari,
959 3782 992 3812 ἃ
1006 3791 1039 3812 ex
1054 3790 1129 3820 parte
1143 3781 1238 3813 nostra

182 3816 295 3859 firmiter
317 3819 435 3848 inhiberi
457 3821 492 3849 ne
512 3821 589 3858 quis,
606 3820 655 3850 sub
678 3821 759 3857 gravi
780 3820 954 3851 forisfaffitura
974 3819 1068 3850 nostra
1081 3843 1091 3858 ,
1112 3819 1239 3850 Subditis

183 3853 294 3892 vestris,
308 3865 484 3899 quocumque
497 3858 580 3896 loco,
596 3857 762 3896 Dampnum
777 3858 874 3888 inferat
884 3857 929 3887 vel
941 3857 1123 3896 Gravamen,
1141 3857 1180 3887 set
1194 3859 1238 3896 ip-

184 3893 242 3930 sOS‚
256 3892 330 3922 velut
347 3894 463 3936 Amicos
476 3896 508 3926 &
522 3896 665 3926 benivolos
686 3896 793 3926 nostros
810 3896 937 3934 speciales
951 3919 962 3934 ,
990 3897 1111 3926 omnino
1135 3904 1237 3934 pertra-

181 3931 276 3968 ἂεηῑ,
293 3931 326 3961 &
338 3931 373 3960 ab
388 3930 491 3967 injuriis
510 3934 543 3963 &
558 3934 583 3963 V
587 3934 705 3964 iolentiis
726 3933 830 3965 eisdem
854 3933 1003 3964 inferendis
1017 3958 1027 3973 ,
1057 3943 1111 3977 pro
1131 3935 1237 3964 viribus

179 3977 321 4038 ἓὲῗῖιωῐ,
334 3968 367 4000 &
377 3991 386 4006 ,
399 3968 418 3998 si
436 3970 501 4007 quid
520 3972 557 4001 eis
573 3971 748 4004 forisfaeltum
766 3973 864 4010 fuerit,
877 3972 905 4003 id
921 3972 1016 4004 debite
1032 3972 1133 4004 faciant
1148 3971 1237 4004 refor-

592 129 1376 186 CONVENTIONES,
1432 127 1799 176 LITERAE3

1288 216 1342 256 Et,
1354 217 1432 255 super
1443 217 1519 255 hoc,
1537 216 1660 247 Subditis
1677 215 1776 246 nostris
1793 210 1951 244 civitatum
1970 211 2147 250 Burdegaliae
2160 234 2171 251 ,
2189 210 2322 251 Baionae,
2339 209 2416 241 Arm.
2430 207 2474 241 D.

1250 257 1284 287 &
1300 256 1417 286 aliorum
1437 255 1610 286 diversorum
1629 255 1760 286 locorum
1782 251 1946 283 nostrorum
1960 274 1970 291 ,
1991 250 2098 282 nostras
2122 251 2226 282 Literas
2248 250 2323 281 misi·
2368 257 2457 290 1344.

1252 301 1316 325 mus
1335 293 1472 332 speciales.
2340 289 2408 324 Edv,
2429 297 2457 326 3.

1287 333 1434 363 Securitati
1454 331 1552 364 vestrae
1572 331 1679 370 Regiae
1693 338 1795 362 annuat
1813 328 1970 361 Altiffirnus
1982 329 2040 360 dies
2055 327 2197 367 prosperos
2212 327 2246 360 ὃς
2258 326 2322 358 lon·
2402 331 2408 335 “

1251 379 1358 439 8213ἶῖ1
1375 408 1449 447 apud
1467 408 1649 448 Wodestok,
1673 408 1780 439 octavo
1796 407 1843 438 die
1857 406 1988 446 Januarii.

1308 534 1486 578 Praeceptum
1506 532 1543 566 de
1559 534 1798 567 Proclamatione
1813 542 1868 578 pro
1881 524 2017 563 Subditis
2030 529 2147 576 praefati
2163 532 2263 578 Regis.

1413 616 1653 648 Vicecomititbus
1667 617 1830 648 Londoniae
1845 616 1978 647 Salutem.
2341 611 2419 644 Ami.
2433 612 2466 644 D
2483 638 2491 647 .

1256 616 1312 670 R
1355 656 1432 692 Quia
1450 665 1483 686 ex
1501 656 1703 694 insinuatione,
1721 655 1874 694 Magnifici
1888 655 2043 693 Principis,
2056 653 2179 685 Domini
2195 653 2322 693 Alfonfi,
2367 660 2454 692 1344.

1253 692 1423 730 Portugaliae
1436 695 1469 724 &
1488 694 1631 730 Algarbiae
1642 693 1732 730 Regis
1743 694 1867 733 illustris,
1882 695 2037 732 recepimus
2049 693 2128 731 quod
2143 693 2213 732 ipse,
2223 693 2259 724 de
2274 693 2319 723 fo·
2344 695 2395 718 An.
2417 700 2461 725 17-

1255 741 1353 762 mento
1370 732 1452 763 Pacis
1463 733 1496 763 &
1511 731 1728 762 Communione
1743 733 1861 770 pacifica
1875 733 1946 762 inter
1962 731 2070 762 nostros
2091 732 2124 763 &
2146 732 2206 762 suos
2219 731 2323 762 Subdi-
2342 733 2373 756 Ε·
2397 738 2423 764 3·

1254 780 1296 800 tos
1311 770 1433 800 multum
1448 771 1584 808 solicitus,
1603 781 1651 808 per
1673 769 1848 800 Dominium
1862 771 1895 801 &
1917 770 2087 800 Potestatem
2109 769 2183 800 suam
2207 769 2324 801 Procla-
2376 767 2441 796 lbid.

1254 810 1390 838 mationes
1404 808 1473 839 fecit
1488 809 1546 839 fieri
1561 810 1686 846 publicas
1699 809 1732 839 ὃ(
1749 817 1878 845 urgentes
1889 831 1899 846 ,
1910 811 1947 838 ne
1969 809 2052 848 aliqui
2069 808 2263 839 Distriemales
2283 808 2325 840 sui

1255 847 1430 877 Hominibus
1445 848 1477 878 ὃς
1494 846 1617 878 Subditis
1639 846 1741 877 nostris
1762 848 1791 876 in
1812 846 1905 876 Terra
1927 847 1972 877 vel
1990 849 2019 877 in
2039 846 2114 877 Mari
2133 846 2301 885 Dampnum
2312 869 2324 886 ,

1254 885 1386 923 Injuriam
1403 885 1523 916 inferant
1538 886 1582 916 vel
1605 886 1788 924 Gravamen,
1802 883 1839 914 set
1853 894 1917 922 eos,
1930 886 2006 915 velut
2031 885 2137 916 Fratres
2153 907 2162 923 ,
2183 896 2236 924 pro
2255 887 2326 916 viri-

1254 925 1305 954 bus
1326 933 1475 965 protegant
1491 925 1523 955 &
1538 924 1723 962 pertrac'tent,
1739 923 1774 954 de
1789 922 2016 953 proclamatione
2030 924 2188 963 consimili,
2203 933 2237 955 ex
2250 933 2327 962 parte

1254 961 1350 993 nostra
1365 962 1511 1000 facienda,
1527 962 1650 994 corditer
1664 972 1716 992 nos
1729 962 1878 1000 requirens.

1292 1000 1357 1031 Nos
1371 1000 1590 1039 (Diledtionem
1609 1002 1642 1032 &
1660 1000 1913 1031 Communionem
1928 998 2231 1039 pacificam,quantum
2246 1001 2327 1032 bono

1257 1039 1346 1069 modo
1370 1041 1540 1078 poterimus,
1556 1040 1656 1070 habere
1669 1049 1738 1070 cum
1751 1039 1882 1069 omnibus
1904 1037 2085 1068 affectuantes
2101 1061 2111 1076 ,
2131 1039 2164 1070 &
2183 1039 2327 1071 Affeetio-

1255 1088 1323 1108 nem
1346 1088 1456 1115 gratam
1479 1079 1550 1110 dieti
1572 1078 1664 1116 Regis
1685 1078 1841 1116 plurimum
1867 1076 2060 1116 acceptantes)
2087 1076 2177 1107 Vobis
2195 1080 2327 1117 praecipi-

1257 1126 1336 1154 muS,
1353 1116 1469 1147 firmiter
1482 1118 1675 1156 injungentes,
1690 1116 1769 1154 qubd
1786 1115 1896 1152 statim,
1914 1115 1976 1146 visis
1997 1114 2192 1153 praesentibus,
2212 1117 2240 1146 in
2254 1118 2326 1148 locis

1256 1156 1284 1185 in
1303 1154 1442 1194 Civitate,
1463 1157 1511 1186 ubi
1527 1156 1653 1194 expedire
1668 1155 1809 1194 videritis,
1823 1153 1939 1192 publice
1957 1154 2140 1192 proclamari,
2156 1154 2189 1184 ὅτ
2202 1164 2236 1184 ex
2251 1165 2327 1193 parte

1256 1193 1351 1224 nostra
1366 1194 1474 1225 faciatis
1493 1194 1606 1225 firmiter
1626 1193 1747 1224 inhiberi
1762 1194 1800 1224 ne
1820 1191 2013 1230 Mercatores,
2033 1191 2197 1230 Marinarii,
2214 1201 2259 1223 aut
2280 1194 2326 1224 alii

1256 1233 1366 1263 Subditi
1382 1232 1469 1263 nostri
1483 1234 1670 1274 quicumque,
1684 1231 1884 1271 cujuscumque
1902 1230 1985 1262 statfis
2002 1231 2105 1261 fuerint
2121 1239 2169 1262 aut
2186 1231 2328 1262 conditio-

1255 1272 1314 1309 nis,
1332 1270 1381 1302 sub
1399 1271 1570 1302 forisfactura
1587 1273 1719 1301 omnium
1738 1280 1800 1308 quae
1819 1271 1901 1300 nobis
1918 1269 2080 1300 forisfacere
2102 1278 2248 1308 poterunt,
2262 1269 2325 1300 Ho-

1257 1310 1381 1340 minibus
1393 1319 1440 1340 aut
1458 1311 1579 1341 Subditis
1597 1310 1727 1348 praedicti
1748 1309 1857 1347 Regis,
1878 1309 1915 1338 de
1933 1307 2081 1338 Dominio
2102 1308 2136 1338 &
2157 1307 2250 1338 Terra
2271 1309 2325 1340 suis

1257 1347 1441 1387 Portugaliae,
1461 1351 1490 1379 in
1509 1348 1636 1380 Personis
1655 1357 1700 1379 aut
1718 1346 1817 1378 Rebus
1831 1346 1882 1378 suis
1895 1370 1906 1385 ,
1932 1348 1962 1377 in
1986 1346 2078 1377 Terta⁴
2107 1346 2152 1377 vel
2175 1347 2204 1376 in
2229 1347 2327 1385 Mari,

1256 1385 1429 1425 Dampnum
1451 1410 1460 1425 ,
1489 1386 1623 1426 Injuriam
1637 1410 1646 1425 ,
1669 1385 1853 1424 Molestiam,
1876 1385 2137 1423 perturbationem,
2151 1385 2265 1424 aliquod
2281 1387 2327 1416 vel

1257 1424 1423 1456 Gravamen
1438 1426 1575 1464 inferant,
1592 1425 1629 1455 set
1651 1435 1699 1456 eos
1718 1425 1812 1463 potius
1829 1433 1981 1462 protegant
2000 1424 2032 1454 δε
2050 1423 2224 1462 defendant,
2247 1425 2281 1455 &
2299 1433 2329 1456 ut

1256 1464 1363 1494 nostros
1378 1463 1525 1495 Benivolos
1539 1466 1571 1495 ὃς
1585 1464 1705 1494 Amicos
1725 1464 1852 1501 benigne
1870 1463 2063 1501 pertractent,
2086 1463 2136 1500 &,
2162 1462 2181 1492 ii
2198 1463 2265 1503 quid
2283 1463 2323 1494 eis

1256 1502 1432 1533 forisfactum
1448 1504 1548 1541 fuerit,
1567 1503 1708 1534 emendari
1725 1502 1758 1534 ὅ(
1777 1503 1885 1541 corrigi
1901 1501 2007 1533 faciatis
2023 1501 2137 1532 indilate
2164 1511 2170 1530 :
2207 1501 2244 1533 Et
2266 1502 2326 1532 hoc

1257 1542 1411 1572 nullatenus
1427 1543 1565 1572 omiitatis.

1295 1580 1384 1611 Teste
1403 1589 1433 1611 ut
1451 1580 1537 1619 supra.

1752 1617 1905 1662 Canfimilia
1924 1621 2031 1650 Brevia
2050 1617 2293 1658 diriguntur‚&c.

1302 1743 1330 1771 ὕ
1354 1747 1414 1777 Pro
1427 1743 1573 1791 Johanne
1590 1748 1675 1780 Duce
1692 1743 1877 1788 Brabantiae,
1899 1744 1936 1778 de
1955 1743 2049 1778 Feodo
2061 1742 2279 1790 suosblvendo.
2354 1744 2487 1786 *V.4032

1261 1828 1390 1899 REsu}
1413 1830 1614 1900 ξξιῶξέυτατίο,
1632 1831 1666 1862 &
1685 1830 1836 1862 Baronibus
1855 1830 1892 1862 de
1913 1829 2084 1869 Scaccario,
2109 1839 2142 1861 ac
2161 1828 2330 1862 Camerariis
2352 1831 2429 1863 Ann.
2441 1830 2484 1863 D.

1296 1892 1471 1938 Mandimus
1484 1880 1565 1939 volgi}
1578 1906 1674 1946 quod,
1689 1907 1797 1938 dileeto
1816 1907 2031 1948 Consanguineo
2051 1907 2084 1938 &
2107 1905 2195 1938 Fideli
2214 1905 2331 1946 nostro,
2352 1878 2465 1945 2243-

1255 1945 1381 1985 Johanni
1405 1945 1485 1977 Duci
1515 1946 1669 1978 Brabantiae
1693 1945 1722 1976 id
1738 1969 1747 1984 ,
1769 1946 1847 1984 quod
1866 1947 1892 1976 ei
1911 1956 1926 1976 a
1944 1954 2016 1976 retro
2033 1945 2092 1984 est,
2114 1945 2150 1976 de
2168 1945 2267 1976 Feodo
2281 1945 2331 1976 suo
2357 1953 2386 1979 Ε,
2406 1957 2432 1985 3.

1258 1985 1336 2015 mille
1353 1985 1387 2016 &
1405 1986 1622 2023 quingentarum
1637 1984 1803 2023 Librarum,
1823 1984 1900 2023 quod
1917 1984 2026 2014 ratione
2045 1983 2180 2023 Homagii
2198 1983 2254 2022 sui,
2275 1991 2330 2013 no·
2359 1987 2449 2023 clans-

1260 2025 1304 2054 bis
1320 2034 1410 2062 nuper
1425 2024 1557 2063 praestiti,
1574 2035 1590 2055 a
1609 2025 1691 2054 nobis
1706 2024 1825 2061 percipit
1838 2021 2050 2061 annuatim,vel
2067 2021 2148 2060 ipsius
2165 2019 2258 2052 Ducis
2275 2022 2331 2052 At-
2363 2029 2443 2062 17.1·:.
2461 2027 2488 2063 3:

1258 2071 1368 2093 tornato
1387 2065 1416 2092 in
1435 2063 1489 2093 hac
1507 2072 1582 2101 pai-te
1596 2085 1606 2101 ,
1627 2062 1663 2092 de
1681 2062 1827 2092 Thesauro
1845 2060 1941 2092 nostro
1965 2061 2022 2092 sine
2046 2061 2179 2091 dilatione
2201 2059 2329 2099 solvatis,
2356 2070 2382 2101 p.
2395 2073 2469 2099 mm,

1259 2101 1304 2132 vel
1323 2103 1348 2131 ei
1367 2102 1430 2131 alias
1449 2110 1663 2140 competentem
1685 2100 1915 2138 Affignationem
1934 2099 2000 2130 inde
2020 2098 2078 2130 sieri
2095 2098 2209 2130 faciatis.
2358 2111 2387 2141 7·,

1295 2140 1333 2171 Et
1359 2140 1432 2172 facta
1450 2140 1596 2171 Solutione
1613 2139 1660 2170 vel
1679 2138 1878 2177 Affignatione
1896 2138 2222 2178 hujusmodi,recipiatis
2235 2138 2334 2177 aprae-

1260 2179 1319 2209 fato
1335 2163 1421 2210 Duce
1438 2179 1484 2209 vel
1502 2181 1558 2218 ejus
1576 2179 1726 2210 Attornato
1753 2177 1894 2216 praedietis
1908 2200 1918 2217 ,
1947 2177 2063 2208 Litteras
2086 2177 2142 2208 suas
2161 2177 2333 2215 Acquietan-

1260 2219 1322 2256 tiae,
1339 2228 1402 2255 quae
1441 2228 1473 2248 ro
1491 2219 1574 2248 nobis
1591 2218 1624 2249 &
1642 2218 1723 2248 vobis
1741 2215 1908 2260 sufficientes
1927 2215 2030 2260 fuerint
2047 2217 2077 2246 in
2095 2215 2148 2260 hac
2169 2224 2254 2259 parte.

1274 2256 1386 2302 “Teste
1439 2266 1492 2296 ege
1512 2256 1586 2295 apud
1601 2255 1910 2293 Westrnonasterrum,
1926 2254 2043 2286 decimo
2058 2262 2160 2294 quinto
2174 2253 2220 2298 die
2228 2253 2332 2294 Januaf

1258 2306 1300 2327 ru.

2006 2334 2061 2362 Per
2080 2330 2233 2363 Concilium.

1453 2463 1500 2496 De
1524 2462 1763 2496 Proclamatione
1775 2461 1867 2508 fhper
1883 2461 1974 2495 Auro
1998 2457 2139 2492 cudendo.

1318 2548 1343 2579 E
1362 2547 1424 2579 Roi
1439 2559 1466 2580 as
1483 2548 1634 2580 Viscounts
1650 2548 1687 2578 de
1708 2547 1836 2578 Londres
1854 2546 1956 2578 Salutz.
2252 2581 2257 2586 ,
2357 2544 2432 2577 Ann.
2447 2542 2488 2575 D.

1356 2586 1468 2627 Corne,
1483 2598 1532 2625 par
1550 2598 1622 2618 nous
1631 2586 1742 2617 Prelatz
1758 2587 1792 2617 δε
1811 2594 1900 2615 autres
1918 2585 2029 2614 Grantz
2041 2581 2077 2611 de
2090 2579 2184 2610 nostre
2199 2579 2333 2611 Roialme
2376 2593 2461 2624 1344,

1263 2626 1470 2665 d'Engleterre,
1488 2636 1540 2664 pur
1557 2626 1692 2656 Comune
1711 2623 1800 2654 Profit
1817 2623 1852 2653 de
1868 2632 1938 2652 nous
1954 2622 1988 2651 &
2005 2620 2042 2650 de
2059 2618 2152 2663 nostre
2170 2618 2275 2663 Poeple
2295 2619 2333 2650 du
2354 2626 2408 2650 An.
2427 2624 2469 2650 ιδ,

1263 2665 1305 2695 dit
1325 2664 1458 2695 Roialme
1483 2687 1494 2702 ,
1527 2664 1578 2694 soit
1603 2662 1719 2694 Acorde
1742 2663 1776 2692 &
1802 2659 1920 2690 Affentu
1947 2669 2003 2697 que
2020 2667 2087 2688 tr01s
2105 2657 2240 2688 Monores
2257 2657 2332 2688 d'Or
2354 2665 2384 2688 Ε.
2408 2670 2433 2698 3.

1265 2703 1352 2733 soient
1369 2701 1446 2733 faites
1464 2712 1498 2732 en
1518 2701 1612 2731 nostre
1631 2700 1716 2730 Tour
1731 2699 1767 2729 de
1788 2698 1932 2735 Londres,
1946 2696 2014 2727 c'est
2033 2696 2168 2734 assavoir,
2354 2699 2441 2736 claus.

1302 2741 1375 2771 Une
1397 2740 1523 2770 Monoie
1547 2738 1586 2769 od
1613 2737 1700 2768 Deux
1726 2737 1867 2774 Leopertz
1891 2759 1901 2774 ,
1937 2743 2062 2766 currante
2084 2734 2110 2764 la
2133 2735 2215 2772 piece
2233 2744 2284 2775 pur
2302 2734 2334 2765 fis
2358 2737 2400 2765 18.
2418 2741 2449 2765 Ε.
2463 2749 2489 2775 3.

1263 2778 1369 2816 Soldz,
1383 2789 1437 2818 que
1450 2778 1519 2809 serra
1536 2777 1576 2808 du
1596 2776 1663 2806 Pois
1679 2775 1715 2806 de
1733 2774 1818 2805 Deuz
1835 2775 1921 2812 petitz
1946 2774 2055 2804 Florins
2071 2773 2107 2803 de
2124 2773 2279 2812 Florence,
2296 2773 2333 2804 de
2356 2782 2424 2841 pki.
2450 2786 2487 2806 m.

2358 2824 2372 2841 2
2396 2835 2404 2843 ι

1263 2819 1340 2886 boiist
1354 2817 1421 2887 liiges
1429 2840 1505 2886 {intre
1523 2852 1647 2885 Monoie
1664 2852 1737 2883 d’Or
1755 2852 1792 2883 od
1811 2861 1867 2883 une
1886 2850 2029 2895 Leopert‚
2095 2849 2180 2894 isante
2195 2849 2221 2881 la
2241 2851 2398 2906 moites
2411 2814 2437 2842 d·
2492 2867 2521 2903 ό

1264 2895 1301 2926 de
1319 2895 1413 2925 l'autre
1430 2893 1527 2924 susdite
1546 2892 1686 2929 Monoie,
1704 2899 1829 2922 currante
1847 2891 1872 2921 la
1890 2899 1968 2928 piece
1987 2899 2038 2927 pur
2078 2899 2142 2932 ⁵reis
2159 2888 2263 2927 Soldz,
2363 2879 2495 2930 “ſslf
2519 2878 2549 2907 ³-

1302 2932 1338 2963 Et
1356 2944 1411 2963 une
1426 2941 1502 2974 autre
1519 2931 1641 2974 Monoie
1659 2929 1734 2960 d'Or
1751 2930 1789 2960 od
1805 2939 1843 2974 un
1858 2928 1987 2959 Heaume
2002 2947 2013 2965 ,
2036 2926 2157 2971 poisante
2179 2927 2204 2958 la
2227 2928 2336 2972 Quarte
2356 2939 2401 2974 9,
2415 2913 2513 2981 υἱέ

1265 2981 1340 3010 parte
1358 2971 1394 3001 de
1412 2971 1436 3001 la
1451 2970 1549 3001 susdite
1567 2979 1687 3008 primere
1707 2966 1832 2999 Monoie
1845 2990 1856 3007 ,
1885 2974 2011 2998 curtante
2027 2965 2052 2996 la
2069 2975 2150 3004 piece
2168 2975 2221 3003 pur
2243 2967 2286 2996 dis
2301 2968 2335 2997 &

1264 3010 1467 3087 ocigegggie’s
1486 3046 1622 3077 Monoies
1639 3045 1712 3076 d'Or
1725 3045 1838 3076 deivent
1856 3045 1935 3075 avoir
1951 3053 2033 3074 cours
2049 3050 2128 3073 entre
2148 3049 2218 3073 totes
2238 3051 2335 3074 mane-

1264 3097 1305 3118 res
1321 3088 1369 3118 des
1386 3096 1473 3125 gentz
1489 3086 1574 3116 deinz
1589 3085 1615 3115 le
1631 3085 1671 3115 dit
1690 3084 1820 3114 Roialme
1837 3082 2046 3125 d‘Engleterre,

1303 3126 1381 3157 Vous
1399 3125 1550 3156 mandoms
1565 3134 1619 3162 que
1636 3133 1674 3153 en
1692 3123 1717 3153 la
1734 3123 1791 3153 dite
1808 3121 1907 3158 Citee,
1925 3121 1959 3151 &
1976 3130 2004 3150 es
2021 3119 2107 3157 heus,
2125 3129 2164 3150 ou
2178 3128 2248 3150 vous
2269 3129 2333 3150 ver—

1265 3175 1314 3233 ¹252
1327 3164 1463 3233 Puer-‘iiii
1471 3163 1582 3231 afflig?
1599 3157 2282 3234 flffievsssffi‘fiigfflssi'efafiiizquce‘iff‘cffiissi'gff‘
2296 3157 2334 3225 ¹3

1266 3213 1363 3280 soiijfs
1379 3212 1528 3271 Ptiivleesdu
1547 3210 1702 3274 Es‘sraungc
1726 3259 1736 3274 ,
1768 3237 1806 3267 les
1830 3236 1899 3266 dites
1919 3219 2055 3277 Monoies
2077 3235 2153 3266 d'Or
2171 3206 2332 3278 receive‘ien

1267 3281 1404 3311 chescune
1422 3288 1534 3309 manere
1558 3277 1596 3307 du
1622 3276 1768 3306 Paiement
1792 3298 1802 3313 ,
1837 3275 1870 3305 &
1888 3283 1943 3312 que
1962 3276 2068 3304 meime
2087 3273 2126 3305 les
2142 3272 2280 3303 Monoies
2294 3282 2331 3303 ne

1266 3319 1354 3349 soient
1373 3317 1478 3348 refusez
1497 3316 1532 3346 de
1547 3315 1623 3354 nully
1637 3320 1678 3344 tur
1694 3313 1764 3352 peril
1778 3314 1915 3352 q’appent.

1305 3357 1342 3387 Et
1360 3366 1413 3386 ceo
1430 3365 1465 3385 ne
1483 3353 1566 3384 lesiez
1584 3363 1620 3384 eri
1639 3352 1695 3382 null
1715 3361 1837 3382 manere.

1334 3394 1413 3425 Don.
1431 3404 1446 3424 a
1465 3391 1590 3423 Westm.
1608 3391 1633 3422 le
1650 3391 1726 3421 xxvii
1740 3392 1806 3429 jour
1821 3390 1857 3421 de
1871 3388 2001 3428 Janever.

1382 3536 1470 3568 Bulla
1481 3562 1492 3577 ,
1512 3535 1548 3568 de
1567 3533 1733 3577 Provisione
1749 3542 1817 3566 ante
1832 3543 2000 3566 memorata
2010 3559 2021 3575 ‚
2038 3535 2218 3566 executoria.

1334 3625 1454 3655 Lemens
1474 3624 1645 3662 Episcopus,
1663 3622 1764 3654 Servus
1783 3622 1936 3652 Servomm
1956 3621 2032 3660 Dei,
2047 3621 2168 3652 Dsseffis
2185 3620 2258 3651 Filiis
2360 3630 2435 3662 Ann-
2448 3630 2490 3662 D·

1359 3663 1462 3694 Abbati
1495 3661 1662 3692 Monasterii
1690 3662 1726 3691 de
1760 3660 1930 3704 Vallecijucis
1952 3683 1962 3698 ,
2003 3659 2156 3691 Affivenfis
2179 3656 2336 3695 Dioecesis,
2380 3679 2413 3710 13

1270 3704 1302 3733 &
1320 3719 1333 3724 —
1346 3719 1360 3725 -
1379 3719 1391 3724 -
1407 3719 1420 3724 -
1438 3700 1672 3737 Lichefeldensis,
1691 3709 1726 3729 ac
1743 3716 1754 3721 -
1771 3716 1784 3722 -
1802 3717 1814 3721 -
1833 3697 2014 3729 Cicestrensis
2031 3698 2218 3729 Ecclefiarum
2241 3696 2337 3726 Deca-
2361 3679 2467 3737 Ami-48».

1271 3743 1312 3771 iiis
1350 3740 1474 3770 Salutem
1511 3740 1544 3769 δε
1562 3737 1761 3776 Apostolicam
1779 3736 2020 3768 BenediCtionem.
2360 3752 2426 3784 ΕΞ,

1308 3763 1386 3809 S’edis
1406 3762 1581 3815 Apostolicae
1598 3775 1804 3813 circumspecta
1821 3775 1985 3813 prudentia,
2003 3773 2123 3814 provide
2146 3771 2257 3818 pensans
2276 3781 2338 3816 rne-
2357 3789 2397 3813 Ex
2411 3786 2473 3813 A„

1272 3817 1323 3847 rita
1342 3816 1510 3855 singulorum
1537 3838 1546 3854 ,
1581 3815 1642 3844 illos
1664 3815 1802 3844 nimirum
1825 3813 2002 3844 uberioribus
2021 3813 2167 3843 consuevit
2189 3810 2340 3841 Favoribus
2358 3831 2421 3861 „gr-
2466 3816 2472 3821 ”

1272 3855 1422 3893 prosequi,
1436 3864 1506 3894 quos
1526 3854 1695 3884 Litterarum
1712 3851 1826 3883 seientia
1844 3852 1992 3889 praeditos,
2016 3852 2083 3881 vitae
2099 3857 2268 3892 morumque
2286 3860 2335 3894 ye-

1271 3893 1378 3923 nustate
1397 3892 1582 3930 conspicuos,
1596 3901 1628 3922 ac
1647 3891 1706 3922 aliis
1723 3891 1868 3929 probitatis
1884 3890 1918 3921 &
1936 3891 2073 3921 virtutum
2090 3887 2246 3925 potioribus
2272 3895 2338 3918 titu-

1270 3932 1303 3961 lis
1318 3930 1456 3968 conspicit
1475 3931 1629 3968 insignitos.
2107 3964 2112 3969 ¹

1310 3969 1444 3999 Volent&
1458 3970 1550 4006 itaque
1567 3967 1733 4007 personam,
1751 3966 1862 4003 Dileffi
1883 3963 2126 4011 Filii‚·Johannis
2140 3963 2177 4008 de
2195 3964 2339 4009 Trevmrr,

1272 4006 1417 4039 Canonici
1438 4006 1613 4046 Affavenfis,
1630 4006 1768 4040 Bacallarii
1784 4007 1815 4037 in
1831 4003 2013 4042 Theologla,
2035 4011 2084 4041 qui
2110 4009 2192 4034 etiarn
2212 4012 2244 4035 m
2260 4003 2338 4073 Αἰζει-

2307 4047 2337 4070 ιΙΕ
