2562 4279
725 161 835 204 ET
918 158 1181 200 ACTA

11 259 87 291 Anti.
104 255 145 286 D.
194 254 280 295 Nos,
294 257 419 288 volentes
437 252 517 291 quod
537 251 654 290 praefato
666 249 790 292 Johanni
806 247 840 277 de
860 245 935 291 dieta
950 245 1078 287 pecunia:
1091 242 1218 282 summa,

39 303 122 335 1327·
161 296 192 326 in
207 295 329 325 adventu
343 296 393 325 suo
409 292 583 328 Londoniae,
603 289 693 319 modis
708 288 841 318 omnibus
860 284 983 321 satisfiat,
1001 283 1083 325 vobis
1098 282 1213 328 manda-

13 339 80 364 l-‘clv-
94 343 120 369 3·
161 343 224 364 mus
244 334 324 372 quod
347 332 422 364 dieta
444 330 575 369 Qatuor
590 327 673 358 Milia
687 326 835 356 Librarum
848 324 939 354 eidem
950 320 1074 360 johanni
1089 319 1125 349 de
1143 321 1164 350 Γ
1166 320 1215 349 he-

159 373 240 403 sauro
254 371 353 402 nostro
366 370 499 406 liberetis,
993 399 997 404 Ι

194 410 250 450 Et,
268 410 288 440 fi
302 409 413 440 forsitan
446 407 572 437 ecuniam
587 403 622 434 us
635 413 669 433 ue
689 402 724 432 ad
743 402 890 432 Summam
911 398 1076 443 praedidsstam
1091 407 1150 443 non
1168 396 1218 426 ha-

160 450 232 480 betis
247 471 257 486 ,
271 457 341 479 tunc
361 448 397 479 de
413 416 556 484 sscalibus
575 452 615 473 no
640 443 674 471 ris
693 442 722 470 in
737 440 836 470 eadem
857 436 1039 483 ᾞὴεῖαμῑατιᾳ
1053 435 1168 477 nostra,
1183 436 1216 465 ὃς

162 490 192 519 in
203 487 290 518 Turri
305 485 398 516 nostra
412 482 590 519 Londoniae,
607 481 635 510 in
653 477 793 509 Custodia
806 475 895 520 vestra
915 473 1113 512 existentibus,
1132 477 1218 519 usque

161 527 197 557 ad
211 526 334 556 valorem
347 524 484 555 dictarum
497 520 628 558 Qiatuor
641 517 758 548 Milium
779 515 926 559 Librarum
941 536 951 557 ,
968 512 1013 542 vel
1028 521 1161 556 quatenus
1176 522 1218 541 in-

165 565 202 595 de
215 564 365 601 defecerit,
381 561 462 592 certis
473 557 680 589 Mercatoribus
693 578 702 593 ,
721 556 754 585 &
768 554 823 583 aliis
838 552 966 595 Personis
980 574 990 589 ,
1000 559 1080 594 *notis
1097 551 1130 594 &t
1143 550 1219 594 suffi-

167 602 306 634 cientibus
321 624 331 640 ,
349 600 383 630 ad
404 606 512 631 certum
535 604 644 633 tempus
659 617 669 632 ,
686 593 782 623 nostro
801 598 1130 635 nomine'impignoretis
1145 601 1154 628 3
1185 597 1220 619 ita

169 641 249 680 quod
263 640 341 671 dieto
353 637 476 677 Johanni
492 635 527 665 de
540 633 617 664 dieta
630 630 749 662 Summa
761 631 869 672 integre
884 627 998 658 satisfiat.
1109 665 1119 674 λ

206 679 242 710 Et
258 678 293 709 de
309 677 451 717 Jocalibus
463 697 473 713 ,
490 683 553 711 quae
566 673 603 702 fic
616 671 865 708 impignoraveritis
879 689 888 704 ,
906 667 938 696 δε
953 675 1004 705 pro
1020 674 1223 709 quantapecu-

171 719 229 749 niae
247 715 356 747 summa
371 737 381 753 ,
394 716 427 745 &
449 713 548 750 quibus
568 708 688 748 personis
703 729 712 745 ,
730 707 763 736 &
780 705 815 735 de
829 713 892 734 toto
905 705 981 734 facto
994 704 1106 740 vestro,
1124 714 1154 733 in
1170 705 1222 734 hac

171 765 250 794 parte
261 777 272 792 ,
289 754 374 791 Nos,
392 752 441 782 sub
453 748 553 786 Sigillo
566 745 658 776 vestro
676 744 808 782 (praefate
825 743 1021 778 Thesaurarie)
1039 742 1169 772 distincte
1190 742 1224 773 &

175 795 270 832 aperte
279 814 290 829 ‚
305 792 362 822 sine
375 790 523 823 dilatione,
539 783 654 815 reddatis
666 784 807 826 certiores.
829 821 834 826 ι
982 820 987 826 .

212 829 300 863 Teste
313 830 394 868 Rege
407 826 478 866 apud
493 824 641 860 Eborum,
660 824 793 852 VICChmO
807 821 853 852 die
867 819 997 857 Augusti.

212 904 326 937 Eodem
341 903 429 934 modo
447 899 609 931 mandatum
621 898 821 936 ThesaurariO,
840 897 886 928 vel
900 898 956 936 ejus
972 896 1088 927 Locum
1104 896 1227 934 tenenti,

174 947 208 978 &
223 943 404 978 Camerariis,
423 940 458 970 de
473 939 562 970 verbo
577 938 611 969 ad
626 938 754 968 verbum.

215 983 304 1015 Teste
323 989 354 1010 ut
369 979 455 1016 supra.

173 1049 1223 1068 -..----—————-÷—--———————--

31 1111 51 1131 ¹·
67 1113 120 1141 iv.

36 1160 105 1187 304-

33 1201 110 1230 Ann,
127 1196 168 1228 D,
185 1186 274 1244 RE
284 1186 335 1233 X,
350 1187 533 1231 universis&
553 1186 664 1233 singulis
676 1185 899 1230 Vicecomitibus
913 1184 1059 1238 ,pssalliv'iffi
1078 1182 1235 1221 Ministris,

259 1228 292 1257 &
305 1226 444 1257 Fidelibus
457 1226 521 1263 suls,
540 1234 599 1255 tam
615 1225 687 1255 infra
701 1223 871 1261 Libertates⁷
888 1233 973 1262 quam
990 1232 1064 1253 extra
1078 1245 1088 1260 ,
1103 1222 1136 1252 ad
1150 1232 1236 1261 quos,

397 1099 425 1126 ’ἒ
451 1103 509 1134 Pro
527 1099 624 1133 eodem
637 1128 647 1144 ,
673 1099 717 1133 ad
728 1102 849 1147 propria
867 1098 1024 1133 recedente.

57 1246 69 1266 1
94 1247 111 1267 2
135 1259 141 1265 .

35 1246 93 1304 An3.
109 1245 132 1303 17,
181 1263 240 1294 &e
260 1264 391 1296 Salutem.

34 1318 65 1342 E.
88 1323 114 1350 3,
219 1301 300 1333 Ciim
315 1305 457 1334 mittamus
471 1327 480 1340 ,
499 1300 646 1333 Dilectum
667 1302 700 1332 ὃς
718 1298 846 1331 Fidelem
860 1299 1005 1336 nostrum,
1019 1296 1183 1337 Jobannem
1202 1299 1237 1329 de

36 1355 95 1379 pm,
108 1360 132 1380 Ι,
180 1337 269 1371 Insula
283 1365 293 1379 ,
309 1342 341 1372 ad
361 1341 593 1372 Conducendum
616 1339 757 1370 Nobilem
777 1337 1122 1381 Virum,'Joliannem-de
1136 1337 1239 1368 Hano-

35 1393 67 1417 Ε,
87 1399 112 1426 3,
181 1381 244 1418 nia,
269 1381 301 1410 &
322 1380 387 1410 alios
406 1379 549 1410 Homines
571 1378 604 1408 ad
622 1378 708 1408 Arma
722 1400 731 1414 ,
748 1377 783 1407 de
798 1376 945 1407 Comitiva
960 1376 1023 1415 sua,
1038 1386 1086 1414 qui
1101 1377 1128 1405 in
1146 1376 1239 1406 Subsi-

35 1435 60 1465 Ρ,
81 1438 108 1456 2,
182 1417 263 1447 dium
279 1417 401 1449 Guerrae
419 1417 522 1448 nostrae
534 1417 653 1454 Scotiae,
670 1417 704 1446 ad
724 1415 808 1453 Nos,
826 1417 855 1445 in
874 1414 1009 1453 Regnum
1023 1414 1169 1452 nostrum,
1185 1425 1239 1444 nu-

37 1476 74 1494 m·
99 1476 123 1494 ι,
183 1465 231 1493 per
244 1465 399 1495 venerunt,
418 1457 451 1487 &
465 1457 512 1495 qui
525 1456 584 1494 jam
600 1454 634 1484 de
654 1454 784 1485 Licentia
799 1453 892 1483 nostra
908 1453 968 1496 ,rad
982 1453 1092 1493 propria
1101 1453 1133 1496 'se
1146 1453 1240 1483 diver-

183 1503 265 1534 tunt,
283 1495 318 1525 us
332 1505 367 1526 ue
380 1494 414 1525 ad
431 1494 549 1525 Portum
571 1493 654 1524 Villa:
673 1492 777 1523 nostrae
799 1492 968 1530 Dovorriae,
987 1500 1070 1530 prout
1082 1501 1108 1521 ei
1122 1501 1170 1529 per
1188 1501 1240 1521 nos

184 1533 289 1572 plenius
301 1544 317 1564 e
355 1533 531 1571 injundhrm,

221 1571 310 1602 Vobis
324 1573 357 1602 &
372 1571 487 1602 cuilibet
495 1570 620 1602 vestrum
629 1569 808 1604 mandamus,
822 1567 938 1599 firmiter
952 1568 1241 1607 injungentes,quod,

182 1610 301 1647 praefato
312 1610 436 1649 Johanni
456 1610 491 1640 de
513 1609 601 1640 Insula
615 1632 624 1646 ,
649 1619 718 1638 cum
737 1608 771 1638 ad
790 1607 981 1637 Distrid‘cuum
1001 1606 1159 1637 vestrorum
1181 1606 1243 1636 loca

186 1647 393 1687 declinaverit,
412 1657 463 1687 pro
483 1647 639 1678 ConduEtu
662 1646 790 1676 faciendo
811 1645 984 1675 Hominibus
1003 1644 1174 1681 supradietis,
1192 1654 1243 1674 oc-

186 1688 299 1717 curratis
312 1711 322 1724 ,
341 1689 372 1718 &
395 1688 420 1717 ei
442 1685 566 1724 Cariagia
586 1686 618 1716 δε
631 1685 697 1722 alia,
712 1694 776 1721 quse
795 1683 943 1713 necefliria
957 1683 1058 1712 fuerint
1072 1693 1125 1721 pro
1139 1682 1242 1712 eisdem

185 1725 381 1763 Hominibus,
397 1735 449 1762 pro
463 1724 589 1754 Denariis
606 1724 672 1760 suis,
691 1724 791 1751 habere
804 1722 924 1758 faciatis3
942 1728 1024 1758 prout
1039 1721 1114 1751 idem
1133 1721 1244 1759 jolian-

185 1771 234 1794 nes
248 1764 283 1793 de
297 1762 384 1793 Insula
398 1763 478 1792 vobis
491 1763 557 1793 scire
571 1761 652 1791 saciet
662 1783 671 1798 ,
689 1770 722 1790 ex
739 1767 814 1799 parte
829 1758 939 1796 nostra3

225 1802 371 1832 Universis
390 1802 422 1832 ὃς
439 1800 545 1839 singulis
559 1799 735 1835 inhibentes,
753 1808 788 1828 ne
801 1799 861 1836 quis
875 1797 991 1835 praef-ato
1001 1797 1124 1836 Johanni
1139 1797 1173 1827 de
1181 1797 1244 1828 Ha-

183 1840 270 1870 nonia
282 1863 292 1878 ,
308 1848 353 1869 aut
374 1838 547 1869 Hominibus
567 1838 615 1867 suis
629 1836 768 1876 praedittis
784 1858 794 1874 ,
814 1837 842 1865 in
856 1835 997 1874 Personis,
1018 1845 1062 1866 aut
1078 1836 1177 1866 Rebus
1193 1846 1243 1866 eo-

183 1888 264 1914 rum,
284 1877 451 1914 Dampnum
461 1900 470 1914 ,
486 1875 616 1914 Injuriam
625 1898 635 1913 ,
649 1876 693 1905 seu
708 1873 888 1912 Gravamen,
907 1875 1008 1905 inferre
1024 1874 1190 1912 praesumat,
1209 1875 1242 1904 &

184 1917 206 1946 fi
221 1915 287 1955 quid
301 1917 355 1953 eis,
369 1915 414 1944 seu
434 1924 535 1945 eorum
550 1914 649 1951 alicui,
668 1913 842 1943 forisfaetum
858 1913 939 1944 fuerit
956 1936 964 1951 ,
984 1913 1011 1943 id
1033 1914 1087 1950 eis,
1107 1913 1163 1942 line
1178 1913 1245 1943 dila-

183 1956 281 1992 tione,
296 1954 401 1983 facietis
422 1953 563 1983 emendari
579 1975 588 1991 ,
608 1953 697 1991 eisque
715 1952 820 1982 salvum
842 1951 874 1981 &
889 1952 1016 1982 securum
1037 1951 1244 1989 Conductum,

182 1993 314 2032 quotiens
326 2001 396 2029 opus
411 1990 492 2022 fuerit
507 2014 516 2030 ,
532 1992 564 2022 ὃ(
580 2000 628 2028 per
642 1989 792 2028 praefatum
802 1989 966 2028 Johannem
985 1989 1021 2020 de
1037 1989 1128 2020 Insula
1141 1990 1245 2020 fueritis

183 2041 214 2061 rc
236 2030 323 2067 uisiti,
339 2030 441 2060 habere
458 2029 570 2059 faciatis.

186 2106 207 2138 d
239 2078 256 2097 n
273 2069 368 2105 cujus,
388 2068 447 2097 &c.
469 2067 553 2106 usque
568 2067 682 2098 Festum
698 2066 794 2097 Sanffl
810 2066 958 2097 Michaelis
971 2068 1105 2104 proximo
1115 2066 1243 2097 futurum

209 2113 336 2136 uraturas.

261 2142 350 2174 Teste
364 2142 446 2183 Rege
461 2143 534 2182 apud
547 2143 691 2182 Eborum,
709 2142 845 2175 vicesimo
861 2143 906 2174 die
920 2142 1049 2183 Augusti.

821 2222 875 2250 Per
887 2219 968 2259 ipfitm
984 2221 1086 2258 Regem.

232 2347 325 2394 Super
343 2347 560 2393 Attemptatis‚
586 2344 722 2389 Castrum
739 2344 775 2377 de
793 2343 908 2385 BerQle
921 2371 930 2387 ,
949 2348 985 2383 ὠ*
1004 2344 1199 2378 Edwardum

460 2406 552 2441 nuper
570 2398 696 2442 Regem,
719 2392 959 2440 contingentibus.

42 2482 121 2514 Arm.
133 2481 174 2512 D.
262 2480 286 2510 E
297 2480 327 2511 X
347 2480 521 2512 Vicecomiti
538 2481 679 2518 Omni-az,
696 2481 829 2525 Salutem.

64 2530 149 2561 1327.
195 2556 203 2586 l
222 2556 251 2585 ἃ
310 2520 408 2564 Cum,
426 2528 456 2550 ut
471 2520 837 2566 accepimushWillielmus
852 2521 887 2551 de
902 2519 1052 2561 Aylemere
1066 2544 1075 2560 2
1090 2530 1192 2565 ‘coram
1205 2519 1250 2552 di-

41 2563 141 2634 ἕῖᾜῖ·
195 2558 1251 2634 serss'tffffefimdcissassiistiZaff?(iffaeffiffffissffiffissqffdissffs‘issiiinffi{³531

42 2636 130 2672 Claus.
154 2645 178 2662 1.
195 2632 284 2664 <status
306 2635 342 2664 de
363 2634 507 2666 Consensu
524 2637 556 2666 ὅ(
574 2636 682 2678 Abetto
701 2635 733 2665 ad
753 2635 972 2674 depraedandum
988 2636 1121 2667 Castrum
1136 2637 1172 2667 de
1187 2636 1252 2668 Ber-

43 2678 74 2700 Ε.
88 2683 112 2709 3.
193 2669 254 2700 kele
261 2694 278 2716 ².
290 2674 323 2703 &
337 2673 369 2702 ad
386 2674 546 2712 rapiendum
564 2674 729 2704 Dominum
745 2673 779 2702 E.
793 2674 828 2703 de
837 2673 1016 2711 Cariiarvan,
1037 2685 1124 2714 nuper
1137 2675 1250 2715 Regem

44 2719 71 2749 p.
93 2721 119 2738 2.
195 2709 322 2757 Angliae,
340 2710 454 2741 Patrem
468 2712 623 2758 nostrumss,
641 2713 673 2742 δε
693 2712 727 2741 ad
740 2712 889 2742 levandum
905 2711 1046 2757 Populum
1066 2714 1196 2757 nostrum
1214 2715 1251 2745 de

44 2759 87 2785 m.
99 2750 142 2778 16.
194 2746 307 2778 Guerra
322 2758 419 2779 contra
434 2749 514 2788 Nos,
533 2752 566 2781 δε
582 2760 614 2781 ea
626 2750 775 2780 occasione
791 2750 917 2791 Captus,
935 2753 968 2783 &c
985 2761 1013 2782 in
1026 2751 1142 2783 Prisona
1156 2753 1252 2784 nostra

194 2784 320 2816 Oxoniae
335 2788 366 2817 sit
381 2787 525 2824 detentus.)

230 2824 276 2854 Ac
291 2834 324 2854 ex
340 2834 415 2863 parte
428 2826 510 2863 ipiius
525 2825 672 2856 wiliielmi
685 2826 767 2856 nobis
782 2826 812 2857 sit
828 2827 1015 2865 supplicatum
1030 2837 1078 2868 ut,
1095 2830 1164 2859 ciim
1178 2831 1253 2869 ipse,

193 2860 271 2897 super
286 2863 447 2902 praemiffis,
467 2873 551 2903 prout
567 2863 655 2894 Curia
670 2864 762 2894 nostra
777 2866 990 2897 consideraverit
1004 2890 1013 2905 ,
1031 2876 1138 2906 paratus
1152 2868 1184 2898 sit
1198 2869 1253 2899 sta-

194 2909 225 2929 re
241 2899 302 2937 Juri
318 2923 328 2938 ,
350 2901 468 2931 velimus
488 2901 690 2933 Deliberationi
711 2901 834 2933 Prisonae
856 2904 1000 2941 praedierae
1020 2907 1056 2936 de
1070 2915 1104 2936 eo
1120 2906 1252 2937 faciendo

193 2939 354 2968 commode
369 2939 528 2976 providere:

231 2976 372 3020 Nolentes
385 2978 473 3046 ipstggi
488 2977 681 3008 Willielmum
695 2988 744 3017 per
757 2977 901 3010 Prisonam
918 2981 1043 3012 indebite
1064 2982 1186 3022 fatigari,
1201 2983 1252 3013 tibi

193 3023 372 3053 praecipimus
388 3026 425 3053 qu
477 3040 485 3052 ,

232 3052 262 3082 Si
276 3053 424 3090 praedistus
438 3053 612 3084 Willielmus
626 3055 761 3085 invenerit
775 3055 827 3085 tibi
843 3055 1008 3087 sufficientes
1023 3057 1254 3099 Manucaptores,

192 3092 242 3127 qui
256 3100 320 3121 eum
336 3094 548 3132 manucapiant,
566 3092 710 3130 videlicet,
725 3094 841 3131 quilibet
856 3102 956 3124 eorum
977 3095 1090 3133 Corpus
1105 3105 1158 3136 pro
1175 3097 1252 3128 Cor-

192 3139 279 3170 pore,
297 3129 397 3160 habere
415 3141 513 3161 coram
533 3131 614 3161 nobis
635 3132 663 3161 in
684 3131 801 3162 Oeiabis
822 3132 918 3163 Sancti
936 3133 1098 3173 Michaelis,
1118 3136 1252 3166 ubicum-

190 3177 247 3237 ἓως
258 3177 334 3211 ,ωηο
347 3168 478 3200 fuerimus
492 3171 520 3199 in
540 3169 643 3207 Anglia
657 3193 666 3208 ,
682 3170 717 3201 ad
731 3170 889 3201 faciendum
910 3172 942 3202 ὃς
956 3173 1151 3210 recipiendum
1171 3174 1250 3212 quod

223 3216 280 3236 uria
294 3206 387 3237 nostra
400 3207 615 3237 consideraverit
627 3209 656 3238 iri
671 3209 722 3238 hac
737 3217 828 3248 parte,

230 3245 319 3275 Tunc
333 3244 424 3281 ipsum
442 3245 631 3276 Willielmum
656 3258 671 3277 a
694 3246 810 3279 Prisona
831 3247 966 3288 praedieta
983 3250 1094 3280 interim
1108 3249 1252 3281 deliberari

191 3283 276 3314 facias
292 3292 340 3320 per
357 3282 610 3327 Manucaptionem
623 3285 823 3323 supradiCtam3
840 3287 873 3318 ὃς
891 3287 988 3317 habeas
1001 3289 1040 3318 ibi
1054 3290 1171 3319 nomina
1186 3289 1254 3320 Ma-

193 3330 383 3359 nucaptorum
395 3322 509 3352 illorum
520 3345 529 3360 ,
542 3332 656 3353 necnon
672 3322 793 3354 Causam
806 3327 943 3364 captionis
957 3327 990 3356 &
1004 3326 1173 3358 detentionis
1180 3338 1253 3366 prae-

194 3360 333 3428 ‹glafirassum
347 3382 357 3397 ,
374 3369 408 3390 ac
429 3358 631 3391 Indietamenta
651 3361 719 3392 inde
737 3363 780 3397 (si
798 3373 861 3401 quae
884 3373 968 3402 penes
983 3373 1011 3396 te
1031 3366 1200 3404 habeantur)
1218 3368 1251 3399 &

218 3408 254 3428 oc
294 3407 376 3435 reve,

236 3435 436 3468 Mandavimus
451 3436 527 3467 enim
540 3437 656 3476 praefato
671 3437 801 3468 Tliomae
811 3461 819 3477 ‚
838 3440 917 3477 quod
932 3440 1170 3472 Indir‘ltamentum
1180 3453 1253 3481 prae-

196 3474 307 3505 dictum
323 3498 333 3513 ,
351 3485 417 3505 cum
439 3476 573 3505 omnibus
586 3476 652 3506 illud
668 3477 843 3515 tangentibus
859 3500 868 3515 ,
889 3479 989 3518 nobis,
1006 3481 1055 3510 sub
1069 3481 1170 3519 sigillo
1186 3482 1252 3521 suo,

196 3513 328 3543 distinete
342 3514 374 3544 ὃς
389 3516 500 3554 aperte,
516 3515 606 3543 mittat
622 3514 656 3544 ad
671 3515 745 3544 diem
763 3515 935 3552 praedictum.

235 3551 323 3582 Teste
339 3552 419 3591 Rege
432 3553 503 3591 apud
518 3551 647 3582 Eborum
656 3575 666 3591 ,
686 3553 820 3583 vicesimo
832 3554 877 3584 die
891 3554 1022 3593 Augusti.

233 3626 273 3672 Et
293 3628 456 3672 mandatum
478 3628 518 3658 est
531 3628 624 3671 eidem
644 3628 771 3659 Thomae
791 3630 868 3668 quod
889 3632 979 3661 mittat
997 3631 1254 3672 Indietamentum,

197 3664 232 3695 ad
246 3666 323 3696 diem
339 3666 522 3705 praeditfftum‚
539 3669 588 3698 iub
603 3667 702 3698 eadem
717 3667 795 3705 data,
815 3671 927 3700 mutatis
941 3671 1090 3700 mutandis⁷

53 3739 68 3756 ⁴
83 3739 135 3767 IV.

51 3786 130 3843 {fga
144 3813 175 3844 D
266 3788 293 3814 ³&
319 3791 378 3824 Ad
391 3795 524 3838 Papam,
548 3796 583 3824 de
602 3789 789 3833 Procffbus,
815 3795 845 3823 in
866 3795 958 3824 Curia
976 3796 1130 3834 Romana,
1154 3794 1199 3828 ad

79 3860 164 3891 1327·
178 3837 186 3845 ’
297 3838 495 3873 turbationem
510 3843 547 3878 ὠ
557 3839 738 3885 ftandalum
756 3843 844 3872 totius
864 3843 973 3887 Regni,
998 3843 1159 3888 ufhrpatis.

53 3894 107 3918 An.
128 3901 151 3919 1.

55 3932 85 3958 Ε.
107 3938 132 3964 3.
202 3920 359 3981 PAPAE
378 3925 442 3969 Rex
455 3925 557 3956 devota
573 3926 677 3969 pedum
693 3925 784 3969 oscula
798 3925 954 3969 beatorum.

53 3969 125 3994 Rom.
141 3974 167 3995 1.
236 3999 260 4004 ..
308 3962 381 4000 Qib
402 3973 430 3993 in
451 3964 576 4007 suscepto
595 3964 745 4008 Regimine
765 3963 977 4008 obsequentium
1001 3965 1152 3996 ministeria
1173 3968 1256 3998 nobis

203 3999 313 4030 utiliora
331 4002 522 4038 cognoscimus
536 4025 547 4040 ,
572 4003 605 4033 ὃ(
628 4013 677 4040 per
698 4003 810 4032 illorum
832 4001 994 4031 laboriosam
1022 4004 1256 4044 Solicitudinem,

205 4037 303 4107 ngsffistss
316 4036 530 4106 iffurffbfftem
544 4041 683 4079 humeris,
703 4040 889 4079 importabilis
902 4039 1098 4073 Gravedinem
1113 4044 1204 4074 oneris
1218 4044 1257 4075 le-

255 4085 304 4106 om.
357 4097 364 4105 ι
407 4099 413 4106 ι
469 4099 477 4108 .

56 4007 87 4032 Σ.
106 4013 132 4040 3.

56 4050 92 4070 m.
107 4051 133 4078 3.

1264 157 1295 197 P
1335 157 1378 197 U
1421 158 1452 196 B
1492 157 1525 197 L
1564 159 1582 198 Ι
1621 158 1659 198 C
1688 157 1735 199 A.
2238 167 2286 206 19
2297 167 2318 207 5

1255 241 1340 280 vigari
1354 264 1362 278 ‚
1388 244 1425 271 eo
1446 243 1592 272 turbamur
1614 244 1738 273 acerbius
1751 265 1761 282 ,
1779 242 1850 274 dum
1870 239 1993 282 ipsorum
2014 241 2097 272 famae
2124 239 2307 272 Praeconium
2329 237 2457 268 Anni).

1252 280 1442 316 malignorum
1463 281 1626 316 calumpniis
1647 281 1789 318 depravari
1808 283 1997 320 conspicimus
2010 304 2020 319 ,
2044 282 2077 311 &
2100 290 2163 320 quae
2177 290 2225 318 per
2239 279 2308 318 ipsos
2350 285 2433 316 1327.

1252 317 1397 355 legitime,
1416 319 1445 345 in
1462 318 1517 360 suis.
1531 317 1644 348 Officiis
1656 341 1666 357 ,
1684 328 1880 359 excercentur,
1898 322 1935 350 eis
1954 322 1983 351 in
1998 321 2164 358 vituperium
2186 320 2218 349 ὅ(
2233 319 2309 349 scan-
2331 321 2398 344 Ἐάν.
2415 326 2439 351 3³

1253 355 1349 385 dalum
1366 364 1528 397 retorqueri.

1291 393 1428 424 Relatum
1442 393 1595 431 liquidem,
1611 392 1692 424 Pater
1707 395 1899 435 Sandisiffime,
1917 397 1999 427 nobis
2016 396 2105 426 extitit
2120 407 2136 426 a
2150 395 2307 433 nonnullis,

1252 432 1333 470 quiid
1346 433 1375 462 in
1411 431 1512 474 ufidam
1531 431 1620 461 Causa
1655 442 1719 469 quae
1731 435 1815 472 inter,
1833 435 1949 465 dile&os
1965 434 2093 465 Clericos
2106 434 2307 473 nostros‚Ma-

1255 469 1375 506 gistrum
1424 479 1550 499 enricum
1563 468 1598 499 de
1614 455 1678 500 dlis
1687 479 1720 500 ex
1734 480 1808 509 parte
1823 473 1877 502 una
1893 495 1902 510 ,
1921 474 1953 503 &
1973 471 2142 511 Magistrum
2158 473 2308 503 Thomam

1255 508 1291 537 de
1306 507 1460 537 Cherleton
1483 517 1515 537 ex
1535 508 1617 550 altera
1629 531 1637 545 ,
1654 510 1683 538 in
1697 508 1799 539 Sandis
1813 510 1945 540 Romana
1966 511 2052 540 Curia
2065 512 2227 550 ventilatur,
2245 511 2309 551 post

1255 546 1323 576 duas
1345 546 1497 576 Sententias
1520 545 1690 575 Diffinitivas
1737 557 1789 586 pro
1810 548 1867 584 ipso
1882 548 2011 578 Henrico
2026 550 2142 585 prolatas
2156 573 2165 588 ,
2184 551 2212 579 in
2231 549 2310 579 terti&

1258 584 1386 615 instantia
1399 594 1447 623 per
1458 584 1591 623 quosdam
1606 569 1740 614 AEniufos
1754 594 1851 615 contra
1864 587 1983 615 eundem
2000 587 2160 617 Heiiricum
2175 588 2311 618 malitiose

1257 623 1297 652 est
1316 623 1464 661 objecstum
1479 645 1489 660 ,
1506 622 1585 661 quiid
1606 622 1660 660 ipse
1680 622 1989 654 Excommunicationis
2001 624 2142 656 Seiiten'tizi
2163 626 2311 657 innodatur

1258 670 1292 690 ex
1305 671 1358 699 eo,
1377 660 1458 700 quod
1471 660 1611 698 quandam
1627 660 1763 690 Litteram
1777 661 1911 700 Regiam,
1932 671 2058 701 tempore
2075 664 2192 694 Domini
2207 663 2240 694 E.
2258 675 2311 694 nu-

1259 709 1308 739 per
1324 699 1409 738 Regis
1422 699 1549 737 Angliae,
1565 698 1650 729 Patris
1664 698 1751 728 nostri
1872 699 2013 737 Episcopo
2029 702 2168 732 Assavensi
2177 703 2312 732 dimitam

1261 737 1354 767 fecisse
1370 737 1403 769 ὃς
1416 737 1534 768 dic'tsiffe
1547 737 1694 773 debuerat,
1704 746 1750 773 per
1765 746 1850 774 quam
1866 738 2017 767 inhibitum
2030 738 2081 769 fuit
2095 741 2185 771 eidem
2199 740 2315 780 Episcoa

1260 785 1316 815 po,
1335 786 1370 806 ne
1388 776 1539 806 Personam
1558 775 1590 805 ad
1613 773 1767 804 Ecclesiam
1783 775 1818 804 de
1832 775 1855 803 la
1870 774 1940 805 Pole
1956 776 2008 813 (de
2021 779 2097 814 cujus
2118 779 2316 810 Advocatione

1262 816 1410 845 contentio
1431 823 1509 844 mota
1531 815 1640 851 fuerat,
1660 814 1687 842 in
1710 811 1799 842 Curia
1817 812 1886 842 dieti
1908 812 1992 844 Patris
2010 816 2119 853 nostri,
2139 819 2230 847 interi
2252 818 2314 848 sum

1264 853 1376 884 Patrem
1397 853 1525 883 nostrum
1547 853 1579 883 &c
1598 852 1762 889 johannem
1781 851 1817 881 de
1839 849 2012 885 Cherleron)
2031 853 2203 893 admitteret,
2241 866 2316 887 onec

1263 891 1416 922 discussum
1432 891 1514 929 esset,
1533 892 1561 920 in
1576 890 1675 920 eadem
1692 888 1799 927 Curia,
1815 888 1848 918 ad
1882 899 1947 919 uem
1960 891 2105 928 pertineret
2118 893 2237 929 ejusdem
2259 894 2318 925 Ec-

1264 931 1353 961 cleiiae
1374 930 1556 967 Advocatio3
1572 929 1640 959 falso
1653 928 1855 968 praetendentes
1893 927 2001 958 actores
2017 928 2112 959 talium
2132 930 2318 970 Litterarum,

1266 979 1331 1007 quie
1352 969 1472 999 cursorie
1486 993 1494 1004 ,
1514 969 1572 998 [Ξιιη
1595 967 1814 1009 progenitorum
1836 966 1996 996 nostrorum
2011 989 2020 1004 ,
2059 969 2121 998 ulam
2135 969 2235 999 nostris
2247 978 2321 1000 tem-

1266 1007 1382 1045 poribus
1394 1030 1403 1045 ,
1421 1018 1436 1037 a
1457 1005 1630 1036 Cancellaria
1650 1015 1779 1035 emanare
1799 1004 2018 1043 consueverunt,
2066 1009 2321 1038 xcommiinicatio-

1266 1047 1309 1075 nis
1323 1045 1472 1075 Sententiae
1487 1045 1642 1081 subjacere3
1657 1045 1734 1081 cujus
1748 1042 1928 1080 objectionis
1942 1053 2073 1081 praetextu
2088 1045 2228 1084 expeditio
2236 1046 2321 1076 distae

1268 1083 1367 1114 Caufae,
1378 1085 1436 1121 jam
1448 1082 1612 1113 dilationem
1627 1081 1747 1119 recepit,
1765 1089 1796 1111 ut
1808 1081 1924 1119 dicitur,
1941 1083 2097 1120 aliqualem.

1306 1122 1375 1152 Nos
1388 1123 1487 1160 igitur,

1309 1160 1492 1190 Advertentes
1515 1159 1671 1196 Obieimm
1694 1157 1863 1195 praedidium
1878 1181 1888 1196 ,
1912 1158 1931 1188 si
1951 1159 2161 1198 admitteretur,
2186 1162 2215 1191 in
2239 1161 2327 1192 nostri

1274 1199 1451 1236 Vituperium
1467 1199 1499 1229 &t
1514 1197 1776 1227 Exliaeredationem
1792 1196 1892 1235 Regiae
1908 1195 2059 1234 Dignitatis
2073 1198 2175 1228 nostrie
2185 1223 2194 1237 ,
2213 1210 2332 1230 necnon.

1270 1238 1478 1267 Turbationem
1494 1237 1525 1267 δε
1541 1235 1709 1266 Scandalum
1723 1235 1806 1265 totius
1820 1234 1913 1274 Regni
1928 1236 2028 1273 nostri,
2046 1237 2327 1269 manifestiusredun⁴

1272 1276 1336 1306 dare
1350 1299 1359 1314 ,
1376 1276 1445 1306 cum
1467 1283 1566 1305 omnes
1587 1275 1622 1305 de
1637 1274 1740 1304 eodem
1756 1273 1879 1313 Regno,
1899 1273 1934 1304 de
1953 1273 2137 1304 Eccleliarum
2155 1276 2329 1307 Advocatio-

1273 1315 1353 1344 nibus
1367 1314 1581 1351 contendentes,
1599 1313 1632 1342 ad
1653 1312 1768 1342 Litteras
1781 1311 1939 1350 hujusmodi
1953 1313 2137 1350 impetrandas
2155 1315 2330 1354 convolant,

1273 1353 1307 1384 δε
1322 1353 1359 1382 eis
1373 1360 1486 1383 utuntur
1499 1362 1551 1390 pro
1565 1351 1773 1381 conservatione
1784 1349 1857 1388 Juris
1870 1350 1907 1380 sui
1915 1373 1925 1388 ,

1311 1390 1557 1430 Desiderantesque
1572 1390 1653 1429 ipsius
1668 1388 1807 1426 Heririci,
1823 1389 1869 1428 qui
1883 1391 1956 1424 tam,
1972 1388 2054 1418 clarae
2070 1391 2216 1420 memoriae
2231 1414 2240 1427 ,
2258 1391 2327 1421 Avo

1275 1429 1373 1459 nostro
1389 1452 1398 1467 ,
1423 1432 1506 1468 quam
1526 1429 1606 1459 dicto
1629 1428 1703 1459 Patri
1725 1427 1839 1465 nostro,
1857 1427 1890 1457 δε
1903 1427 2001 1465 nobis,
2019 1429 2091 1458 bene
2108 1429 2141 1458 &
2156 1429 2327 1459 laudabiliter

1274 1468 1420 1499 deservivit
1435 1492 1444 1504 ,
1469 1469 1502 1498 &
1524 1468 1594 1505 qui,
1621 1477 1672 1504 pro
1693 1465 1909 1503 multiplicandis
1928 1465 2071 1496 Beneficiis
2084 1489 2093 1504 ,
2109 1466 2249 1505 hucusque
2269 1477 2330 1497 non

1278 1507 1400 1536 multum
1421 1505 1574 1536 dinoscitur
1595 1504 1712 1536 inbiasse
1725 1528 1734 1542 ,
1759 1504 1796 1534 set
1817 1503 1898 1534 unica
1917 1504 2059 1535 dumtaxat
2082 1505 2204 1535 Ecclesia
2223 1507 2255 1536 &
2276 1505 2333 1536 una

1277 1543 1435 1614 lgraebeiida
1455 1544 1606 1582 reputavit,
1624 1544 1657 1574 ὅ(
1678 1550 1801 1581 reputat,
1820 1544 1846 1572 se
1860 1551 2045 1581 contentum,
2061 1543 2164 1574 honori
2177 1545 2334 1584 prospicere

1302 1592 1312 1600 ⁷
1349 1591 1415 1612 uieti

1316 1593 1463 1651 Sciinffit'ati
1484 1620 1583 1650 vestrae
1603 1621 1703 1657 (quam
1725 1618 1811 1649 nostrl
1828 1641 1837 1656 ‚
1855 1620 1889 1649 &
1910 1618 2003 1658 Regni
2023 1619 2133 1658 nostri,
2150 1620 2281 1660 honoris,
2300 1621 2334 1651 &

1278 1659 1401 1689 nominis
1410 1682 1419 1697 ,
1438 1659 1613 1696 praecipuum
1627 1657 1795 1687 confidimus
1809 1656 2015 1694 Defensorem)
2036 1660 2101 1688 totis
2115 1658 2258 1689 affecCtibus
2272 1662 2298 1689 su

1280 1699 1427 1736 plicamus,
1447 1698 1587 1736 quatinus,
1607 1696 1640 1726 ad
1662 1696 1770 1726 Statum
1792 1694 1889 1734 Regni
1908 1695 2011 1734 nostri,
2029 1697 2061 1727 &
2076 1698 2130 1732 ejus
2146 1669 2335 1728 Consuetudi:

1279 1747 1343 1774 nes,
1361 1744 1482 1775 paternae
1497 1735 1722 1766 considerationis
1735 1735 1866 1764 intuitum
1879 1734 2025 1772 dirigentes
2038 1757 2047 1772 ,
2064 1744 2121 1763 nori
2136 1735 2223 1765 finatis
2235 1736 2337 1775 praedi-

1279 1776 1359 1805 ctum
1375 1774 1519 1804 Clericum
1536 1772 1683 1811 nostrum,
1703 1772 1861 1810 hujusmodi
1876 1772 2055 1811 Objectionis
2073 1772 2207 1811 obtentu,
2223 1776 2278 1812 pati
2292 1776 2336 1804 vi-

1278 1814 1435 1850 tuperium,
1451 1813 1495 1842 seu
1508 1812 1606 1842 deferri
1619 1822 1633 1841 a
1646 1812 1838 1850 prosecutione
1849 1810 1922 1848 Juris
1936 1812 1974 1841 sui
1988 1823 1997 1849 3
2018 1812 2055 1841 set
2070 1811 2163 1849 potitis
2179 1812 2337 1850 hujusmodi

1279 1851 1495 1890 Malignantium
1509 1851 1695 1889 calumpnias,
1713 1850 1810 1888 vigore
1817 1849 1947 1888 juststiae,
1967 1850 2055 1879 taliter
2064 1850 2162 1888 jubere
2181 1850 2337 1889 dignemini

1279 1890 1407 1920 cohiberi
1421 1913 1430 1928 ,
1445 1890 1524 1929 quud
1538 1912 1547 1927 ,
1564 1898 1665 1919 eorum
1686 1888 1815 1926 exemplo
1828 1909 1837 1925 ‚
1854 1888 1882 1916 in
1905 1887 1991 1917 nostri
2007 1887 2105 1925 injuria
2125 1888 2170 1919 alii
2184 1889 2339 1920 consimilia

1278 1939 1436 1968 proponere
1450 1938 1509 1958 non
1524 1927 1705 1966 praesumant:
1725 1927 1817 1964 sicque
1831 1926 1922 1956 eidem
1935 1926 2050 1956 Clerico
2064 1926 2162 1956 nostro
2178 1950 2187 1965 ,
2206 1929 2234 1957 in
2250 1937 2339 1964 opor-

1280 1968 1441 1998 tunitatibus
1455 1990 1465 2005 ,
1479 1967 1556 2005 juxta
1575 1966 1656 2003 ipiius
1676 1965 1843 2004 exigentiam
1861 1964 2038 1995 laudabilium
2056 1967 2238 2003 meritorum,
2258 1967 2338 2005 Apo-

1280 2006 1387 2036 stolicae
1407 2004 1614 2035 Munificentiae
1636 2004 1737 2034 Sinum
1751 2003 1886 2043 pandere,
1906 2005 1934 2033 in
1955 2004 2127 2033 exhibitione
2141 2005 2234 2041 gratiae
2250 2004 2282 2034 &c
2297 2004 2340 2034 fa-

1279 2045 1354 2075 voris
1369 2067 1378 2082 ,
1395 2044 1474 2083 quod
1496 2043 1542 2072 has
1563 2051 1659 2079 preces
1681 2041 1787 2071 nostras
1807 2041 1957 2071 fructuosas
1971 2042 2069 2071 sentire
2088 2042 2192 2079 valeat,
2210 2042 2339 2079 &ipsius

1279 2083 1378 2120 opinio
1392 2106 1401 2120 ,
1425 2090 1493 2112 cum
1514 2080 1603 2110 nostri
1624 2080 1749 2118 decore,
1777 2079 1942 2118 providente
1965 2078 2055 2111 vestra
2077 2078 2236 2111 Clementia
2250 2103 2260 2118 ,
2278 2090 2339 2110 non

1279 2121 1403 2151 laedatur.

1317 2159 1492 2196 Confer-vet,
1509 2158 1569 2189 &c.

1317 2197 1386 2228 Dat.
1401 2197 1474 2236 apud
1486 2196 1631 2234 Eborum,
1647 2196 1784 2227 vicesimo
1798 2194 1843 2226 die
1859 2194 1985 2237 Augusti.

2360 2423 2438 2455 Ann.
2453 2423 2495 2456 D.

2385 2472 2470 2502 1327.

2362 2506 2414 2530 An.
2436 2513 2459 2530 i.

2361 2546 2390 2569 Ε.
2414 2549 2439 2577 3.

1320 2601 1472 2632 Referente
1491 2600 1597 2630 dileeto
1616 2598 1731 2629 Clerico
1757 2598 1855 2628 nostro
1868 2620 1878 2635 ‚
1904 2597 2042 2636 Magistro
2065 2598 2193 2628 Henrico
2214 2598 2249 2628 de
2264 2597 2341 2637 Clif,
2363 2618 2378 2634 ,ς
2407 2579 2460 2644 lb&

1285 2639 1437 2670 didicimus
1454 2638 1533 2678 quod
1556 2637 1575 2657 ²*
1595 2637 1676 2675 ipsius
1694 2638 1809 2674 negotia
1824 2659 1833 2674 ,
1857 2637 1886 2665 in
1908 2635 2042 2666 Romana
2058 2636 2146 2666 Curia
2168 2636 2317 2674 pendentia
2332 2660 2342 2674 ‚
2402 2656 2418 2683 6
2450 2636 2459 2645 ⁶

1286 2678 1385 2708 nostro
1401 2679 1562 2708 interventu
1576 2675 1774 2714 rogaminum,
1791 2669 1923 2706 habuistis
1937 2674 2087 2714 specialiter
2104 2675 2344 2713 recommendata,
2365 2665 2398 2693 3⁰
2423 2676 2430 2683 ’

1286 2717 1318 2746 &
1334 2716 1566 2746 Procuratoribus
1586 2714 1638 2744 suis
1651 2737 1661 2753 ,
1678 2715 1706 2743 in
1731 2713 1925 2754 prosecutione
1945 2713 2109 2743 eorumdem
2149 2713 2291 2743 favoribus
2309 2713 2345 2743 &

1286 2757 1378 2793 gratiis
1389 2755 1523 2785 benivole
1539 2751 1657 2795 astitistis
1671 2764 1680 2790 3
1697 2753 1733 2783 de
1752 2762 1810 2790 quo
1824 2751 1980 2782 Dilec‘tioni
1994 2750 2091 2782 vestrae
2106 2735 2206 2781 Grates
2219 2752 2252 2782 ὃ(
2269 2751 2345 2782 Gra-

1287 2795 1336 2823 tias
1351 2794 1496 2824 referimus
1509 2792 1704 2822 multitormcs.

1322 2828 1360 2863 Et
1375 2833 1439 2869 quia
1454 2830 1537 2860 nobis
1558 2830 1673 2859 relatum
1687 2828 1727 2858 est
1742 2851 1751 2866 ,
1770 2826 1849 2866 quod
1865 2826 1979 2866 quidam
2000 2826 2133 2858 Malivoli
2147 2827 2238 2858 eidem
2255 2827 2348 2858 Cleri-

1288 2870 1348 2899 rico
1369 2869 1467 2899 nostro
1481 2892 1490 2906 ,
1515 2868 1584 2899 falso
1605 2868 1637 2898 δε
1659 2868 1804 2897 temerarie
1818 2889 1828 2904 ,
1848 2875 1906 2896 non
1928 2865 1983 2895 sine
2000 2865 2086 2896 nostri
2106 2866 2218 2904 injuria,
2234 2867 2349 2904 obiece-

1288 2915 1352 2937 runt
1372 2908 1451 2946 quod
1471 2906 1527 2946 ipse
1549 2907 1660 2943 majoris
1680 2905 1991 2936 Excommunicationis
2015 2904 2159 2935 Sententia
2182 2904 2349 2942 innodatur,

1287 2954 1320 2975 ex
1337 2956 1372 2975 eo
1385 2945 1462 2985 quod
1474 2944 1614 2984 quandam
1629 2944 1766 2975 Litteram
1780 2942 1901 2983 Regiam
1918 2942 2028 2980 fecisse,
2047 2940 2107 2978 (ἔνι.
2116 2950 2197 2982 prout
2205 2942 2289 2982 ficpra
2304 2944 2348 2982 us:

1286 2994 1336 3024 que
1350 2984 1406 3013 haec
1419 2983 1522 3021 verba,
1542 2986 1603 3012 viz.

1324 3021 1392 3052 Nos
1406 3045 1415 3059 ,
1433 3022 1605 3052 advertentes
1619 3020 1816 3058 exceptionem
1837 3019 2022 3058 hujusmodi,
2046 3019 2064 3049 fi
2084 3019 2272 3050 admitteretur
2287 3042 2297 3057 ,
2316 3021 2347 3050 in

1288 3059 1376 3090 nostri
1399 3060 1576 3097 Vituperium
1597 3060 1630 3090 &
1651 3058 1910 3089 Exhaeredationem
1932 3057 2030 3096 Regiae
2057 3057 2206 3096 Dignimtis
2227 3057 2346 3095 nostrae,

1288 3107 1401 3128 necnon
1418 3098 1628 3128 Turbationem
1644 3098 1677 3128 &
1690 3097 1859 3128 Scandalum
1878 3097 1963 3127 totius
1982 3097 2077 3135 Regni
2092 3095 2194 3134 nostri,
2212 3096 2347 3127 redunda-

1288 3146 1335 3175 re,
1354 3136 1514 3167 Paternitati
1528 3136 1646 3174 vestrae,

1325 3174 1374 3204 De
1388 3174 1462 3213 qua,
1479 3184 1537 3215 prae
1553 3176 1678 3212 caeteris,
1696 3172 1865 3204 confidimus
1882 3172 1975 3211 quod,
1994 3181 2048 3209 pro
2067 3172 2277 3202 conservatione
2291 3172 2347 3203 ho-‘

1287 3214 1363 3243 noris
1377 3212 1476 3252 Regii,
1497 3213 1530 3244 &
1542 3213 1703 3243 defensione
1715 3211 1809 3243 Status
1829 3212 1923 3251 Regni
1945 3210 2046 3248 nostri,
2065 3211 2155 3240 velitis
2169 3220 2237 3240 cum
2250 3210 2346 3242 effica-

1287 3252 1330 3281 cia
1346 3252 1521 3291 interponere
1535 3259 1622 3289 partes
1636 3251 1736 3281 vestras
1745 3273 1755 3289 ,

1326 3289 1411 3320 Totis
1423 3289 1570 3320 affedtibus
1583 3290 1769 3328 supplicamus
1778 3313 1787 3327 ‚
1806 3288 1951 3327 quatinus,
1966 3288 2042 3325 quta
2056 3295 2283 3326 praeconceptam
2293 3286 2350 3317 Bes

1287 3328 1547 3367 nivolentiam,pro
1558 3329 1677 3367 praefato
1692 3327 1808 3358 Clerico
1822 3326 1918 3357 nostro
1934 3332 1941 3359 (
1953 3326 2031 3363 cujus
2039 3326 2192 3356 Honorem
2207 3328 2240 3356 &
2252 3325 2346 3355 Com-

1289 3367 1408 3397 modum
1424 3389 1433 3404 ,
1450 3367 1502 3396 suis
1523 3367 1693 3406 exigentibus
1715 3367 1841 3402 meritis,
1860 3364 1981 3394 corditer
2003 3363 2183 3399 affectamus>
2203 3365 2254 3401 ne,
2273 3372 2345 3400 prae-

1288 3412 1364 3435 textu
1388 3405 1568 3442 Objeetionis
1588 3405 1771 3442 hujusmodi,
1789 3404 1833 3433 seu
1847 3403 1954 3432 alterius
1968 3425 1977 3439 ,
1994 3402 2069 3432 fietae
2087 3403 2119 3432 &
2136 3403 2292 3443 fabricat-x,
2311 3410 2345 3432 ac

1287 3444 1404 3473 carentis
1418 3444 1574 3481 primordio
1588 3445 1721 3479 veritatis,
1742 3444 1770 3471 in
1784 3441 1976 3482 prosecutione
1987 3439 2061 3478 Juris
2077 3440 2116 3469 sui
2129 3440 2344 3477 differatur,pe‹

1287 3492 1334 3511 nes
1349 3481 1513 3512 Dominum
1528 3482 1679 3512 Summum
1695 3479 1866 3510 Pontificem
1883 3480 1947 3512 (cui
1960 3482 2037 3516 super
2054 3479 2110 3507 hoc
2123 3478 2284 3519 scribimus)
2294 3487 2345 3507 ve-

1288 3519 1375 3549 strum
1398 3519 1558 3558 impendere
1581 3520 1670 3550 velitis
1692 3518 1851 3549 Consilium
1873 3517 1906 3547 &
1924 3516 2064 3554 juvamen
2082 3538 2092 3552 ,
2116 3517 2150 3544 ita
2167 3537 2175 3552 ,
2195 3518 2213 3544 li
2229 3515 2318 3552 placet
2334 3537 2346 3553 ,

1287 3557 1365 3595 quod
1380 3580 1389 3595 ,
1414 3557 1508 3587 vestro
1524 3558 1663 3588 mediante
1676 3557 1802 3595 praesidio
1816 3578 1825 3592 ,
1844 3555 1919 3585 idem
1937 3554 2063 3584 Clericus
2083 3552 2194 3590 noster,
2210 3553 2288 3591 super
2302 3552 2347 3589 di<

1289 3598 1339 3626 cto
1355 3596 1486 3635 negotio,
1503 3597 1623 3626 celerem
1638 3597 1686 3631 (ut
1702 3596 1848 3632 optamus)
1868 3592 1953 3623 conse
1975 3600 2053 3622 uatur
2067 3590 2211 3622 effectum.

1326 3633 1395 3664 Dat.
1414 3634 1487 3671 apud
1503 3633 1650 3672 Eborum,
1665 3633 1803 3664 vicesimo
1815 3631 1860 3661 die
1876 3631 1958 3669 Augu
1985 3631 2002 3659 i.

1313 2343 1362 2375 De
1379 2337 1550 2383 Proceffibns
1560 2337 1704 2385 praediiiis
1715 2365 1723 2380 ‚
1749 2337 1792 2370 ad
1808 2337 2000 2372 cardinalem
2019 2340 2196 2373 Sannorum
2214 2341 2310 2372 Mar-

1678 2387 1775 2419 cellini
1787 2390 1824 2425 (ᾤ’
1845 2390 1939 2420 Petri.

1284 2485 1347 2549 V
1357 2483 1494 2517 Enerabili
1517 2484 1545 2514 in
1561 2480 1678 2528 Christo
1690 2481 1793 2527 Patri,
1805 2480 1938 2530 Domino
1954 2479 1995 2512 G.
2014 2481 2073 2527 Dei
2086 2481 2170 2528 gratia
2188 2481 2259 2527 tituli
2272 2481 2342 2513 San-

1367 2526 1479 2555 ctorum
1497 2523 1656 2554 Marcellini
1671 2522 1704 2552 ὃ(
1719 2522 1794 2552 Petri
1809 2520 1967 2551 Presbitero
1982 2520 2139 2560 Cardinali,
2160 2522 2263 2552 Amico
2282 2520 2343 2560 suo,

1285 2563 1345 2594 &c
1363 2562 1531 2599 Edwardus,
1549 2561 1608 2591 &c.
1628 2560 1771 2598 Salutem,
1787 2561 1819 2591 &
1834 2559 1946 2589 lincerae
1961 2559 2117 2590 dilectionis
2132 2559 2278 2590 affectum.

1594 3768 1642 3798 De
1662 3766 1836 3797 memoratis
1855 3760 2035 3805 Proceffibus.

1360 3850 1500 3882 Enerabili
1515 3851 1543 3880 in
1559 3848 1676 3879 Christo
1691 3847 1783 3885 Patri,
1802 3846 1936 3877 Domino
1950 3846 1991 3877 G.
2007 3847 2064 3877 Dei
2079 3847 2180 3887 gratia,
2199 3847 2344 3890 Episcopo
2364 3845 2440 3877 Ann.
2454 3844 2496 3877 Di·

1371 3889 1510 3920 Sabinenli
1523 3911 1532 3925 ,
1552 3887 1663 3917 Samfftae
1685 3886 1827 3916 Romanae
1846 3885 1980 3916 Ecclesiae
1999 3885 2140 3917 Cardinali
2153 3909 2163 3925 ,
2182 3887 2266 3927 Rex,
2283 3889 2342 3919 &c.
2386 3892 2469 3923 1327.

1289 3927 1412 3958 Salutem
1422 3951 1431 3966 ,
1449 3930 1481 3958 &
1496 3926 1607 3956 sincerae
1622 3925 1780 3954 diledtionis
1794 3922 1938 3954 affectum.
2363 3927 2415 3951 An.
2438 3932 2461 3949 i.

1328 3966 1427 3996 Efficit
1442 3967 1555 3995 sincerae
1569 3963 1727 3993 dilectionis
1741 3961 1871 3999 affeClzio,
1890 3961 1945 4000 qua
1960 3963 2103 4000 personam
2113 3986 2122 4002 ,
2137 3963 2231 3995 dilecti
2252 3964 2345 3995 Cleri-
2364 3967 2395 3989 E·
2417 3970 2442 3995 3·

1291 4006 1319 4034 ci
1333 4004 1438 4041 nostri,
1457 4001 1586 4041 Magistri
1602 4001 1722 4031 Henrici
1737 4000 1772 4030 de
1785 4000 1858 4037 Clif‚
1877 4001 2085 4040 prosequimur,
2100 4003 2206 4033 labores
2218 4003 2346 4039 affiduos,
2401 3997 2466 4032 lbid,

1295 4053 1367 4081 quos
1385 4044 1413 4072 in
1435 4041 1533 4072 nostris
1554 4042 1587 4072 ὃς
1610 4040 1707 4079 Regni
1730 4037 1819 4068 nostri
1833 4040 1948 4078 negotiis
1962 4040 2049 4071 indies
2070 4039 2201 4079 sustinet,
2219 4050 2349 4071 contem-

1728 4075 1750 4108 Β
1759 4078 1778 4107 b
1797 4086 1815 4107 2
2223 4079 2327 4118 plando
2339 4101 2349 4116 ἲ
