2562 4279
808 177 922 221 ET
1004 176 1273 218 ACTA

47 275 122 307 Ann.
134 272 176 303 D.
235 268 440 301 Beatitudinem
456 268 580 300 vestram
596 266 759 306 pulsandam
771 265 903 296 duximus
914 264 1046 304 precibus
1054 263 1175 301 repetitis
1184 259 1262 299 ,sup-

47 320 156 388 til-323.
198 309 333 348 plicantes
347 309 491 339 humiliter
504 309 537 339 &
551 307 657 337 devote
675 305 820 343 quatinus,

198 423 344 456 Prioratsis
368 423 519 454 constituta
540 422 601 452 sunt
621 420 762 459 universa,
780 428 880 457 utpote
894 426 1005 460 quae-ex
1020 417 1186 461 Largitione
1199 414 1262 444 suo-

199 473 265 494 rum
290 462 511 493 Antecefforutn
538 459 729 498 processerunt
743 481 753 497 ,
785 460 831 495 qui
862 456 1058 500 Proviiionem
1082 455 1204 493 aliquam
1227 452 1263 481 de

199 502 328 534 Prioratu
351 501 416 538 illo,
434 501 462 530 iri
486 499 525 530 sui
540 498 750 537 praejudicium,
762 496 827 540 ‘fieri
841 502 1034 533 aequanimiter
1049 494 1204 524 nullatenus
1216 501 1264 529 pa-

200 540 297 577 tietur)
315 539 441 570 Paterna:
457 537 687 568 considerationis
701 537 813 566 intuitus
825 541 1039 576 convertentes,
1211 571 1216 576 ⁸
1245 569 1251 575 .

245 578 443 610 provisionem
456 577 501 607 seu
518 575 726 610 Collationem,
745 573 764 603 si
777 582 841 610 quae
855 571 928 615 facila
950 571 1048 609 fuerit,
1067 580 1098 602 ut
1118 578 1267 613 pi‘aemitti-

205 626 269 656 tur,
296 616 331 648 de
352 616 456 647 eodem
477 615 622 652 Prioratu,
642 614 740 652 jubere
762 611 920 648 dignemini
942 612 1086 648 revocari,
1113 609 1266 648 prtesettim

206 666 276 687 cum
296 665 359 685 non
379 653 515 691 debeant,
533 663 586 683 nec
609 650 824 687 consueverint,
839 648 896 678 fieri
916 648 1093 679 Provisiones
1106 650 1142 689 de
1158 649 1267 680 Priora-

204 695 297 734 tibus,
315 692 538 731 seuABeneficiis,
556 693 585 722 iti
599 690 707 727 Regno
721 687 822 718 nostro
844 686 1027 719 existentibus
1047 688 1083 718 dc
1104 687 1194 718 Laico
1214 687 1268 717 Pa-

254 744 287 762 na
302 743 329 762 U.

205 741 319 802 troNdn
342 770 409 800 sinat
422 794 431 808 ,
459 769 616 807 quaesumus
630 788 640 804 ,
664 763 830 803 Apostolica
849 764 1015 796 Sanetitudo
1035 764 1115 804 quod
1137 763 1268 803 praefatus

206 809 290 840 Prior
308 810 367 846 (cui
378 809 414 839 de
426 807 502 838 Vitae
523 803 677 842 munditia,
697 803 857 840 Religionis
879 804 1057 835 observantia
1078 814 1111 835 ac
1132 804 1267 835 Circum-

203 849 348 886 spectione
369 845 486 885 provida
519 842 656 873 laudabile
676 841 892 873 Testimonium
913 843 1090 882 perhibetur,
1115 844 1162 880 qui
1181 843 1267 872 etiam

204 896 260 925 pro
278 883 470 923 recuperandis
505 882 599 912 nribus
617 881 698 919 ipsius
717 880 860 911 Prioratsis
876 905 885 919 ,
921 881 1060 911 assistente
1082 882 1132 911 libi
1152 880 1267 919 praefato

206 924 341 962 Comite,
359 922 461 952 utiliter
476 922 509 951 &
522 919 675 951 efficaciter
691 920 823 950 hasienus
835 920 987 956 laboravit,
1005 921 1038 951 &
1051 920 1137 950 indies
1161 920 1268 950 labora-

209 973 239 994 re
255 973 313 993 non
327 959 443 996 defistit)
458 959 537 997 super
552 959 621 990 statu
637 959 704 997 suo,
717 958 752 988 ad
767 958 957 1000 suggestiones
972 959 1178 990 Malivolorum
1196 959 1269 996 (qui,

208 999 448 1036 utintellexiinus,
457 998 537 1036 ipsius
550 999 657 1028 bonam
672 998 776 1028 famam
790 998 858 1027 fallis
873 998 1087 1036 assertionibuS,
1105 1007 1139 1028 ex
1152 996 1270 1028 Invidiae

197 1039 326 1075 .fomite,
344 1036 468 1076 satagunt
480 1036 645 1075 depravare)
666 1036 871 1067 Vexationibus
888 1036 1015 1067 indebitis
1034 1036 1186 1074 aliqualiter
1206 1045 1271 1073 per-

207 1077 349 1113 turbetur,
375 1074 414 1105 set
434 1075 525 1113 ipsum
548 1075 658 1113 potitis,
684 1075 718 1105 &
741 1074 899 1105 Prioratum
920 1074 1001 1105 suum
1024 1075 1213 1112 praedid‘cum,
1227 1084 1271 1103 re-

204 1112 441 1146 commendatum
460 1114 564 1145 habere
583 1114 690 1152 velitis,
715 1114 813 1152 eique,
840 1114 870 1143 in
893 1114 1145 1152 oportunitatibus,
1169 1113 1271 1144 Sinum

203 1152 383 1192 Apostolicae
396 1151 622 1192 Munificentiae,
638 1151 727 1183 nostri
739 1153 858 1191 intuitu,
876 1152 1020 1190 gratiosius
1032 1153 1148 1191 aperire.

242 1228 420 1269 Conservet,
445 1230 505 1261 &c.

244 1305 313 1337 Dat.
332 1307 406 1345 apud
422 1307 621 1345 Cantuariam,
639 1306 756 1338 decimo
769 1305 876 1338 oetavo
890 1305 936 1337 die
947 1305 1035 1345 Junii.

458 1432 619 1477 Consimilis
635 1434 742 1466 Litera
759 1431 804 1466 ad
821 1430 1009 1466 Cardinalcs.

61 1525 138 1557 Arin.
147 1524 188 1555 D.

81 1574 165 1604 1329.

59 1607 112 1632 Au.
128 1614 152 1641 3.

58 1647 89 1672 E.
108 1652 134 1679 3.

59 1681 164 1710 Ibidem.

210 1517 414 1581 VEnerabili
427 1518 458 1548 in
474 1517 594 1548 Christo
607 1517 701 1556 Patri,
721 1517 857 1548 Domino
876 1516 909 1546 P.
929 1516 988 1548 Dei
1009 1517 1113 1556 gratia,
1131 1516 1275 1557 Episcopo

284 1557 476 1588 Penestrinen.
495 1556 608 1587 Sanctae
623 1556 765 1586 Romanae
780 1556 919 1588 Ecclesiae
933 1555 1076 1586 Cardinali
1092 1556 1276 1587 Vicecancel-

207 1596 296 1634 lario,
315 1596 423 1627 Amico
444 1595 494 1626 suo
517 1594 675 1633 cai-iffimo,
693 1594 865 1634 Edwardus,
884 1595 946 1626 &c.
963 1594 1088 1625 Salutem
1109 1595 1142 1625 ὅτ.
1159 1595 1275 1626 sincerae

208 1634 369 1666 dileetionis
380 1634 526 1665 affeetum.

249 1672 407 1704 Sinceritati
420 1672 522 1704 vestrae
536 1682 643 1711 nuper,
659 1681 708 1710 per
721 1671 784 1703 alias
797 1671 909 1713 nostras¹
919 1670 1034 1710 litteras,
1052 1670 1122 1702 Nos
1141 1671 1275 1702 memini-

206 1721 269 1742 mus
291 1711 434 1743 intimasse
453 1711 570 1749 qualiter
593 1710 792 1742 Anteceffores
807 1735 817 1748 ,
850 1710 952 1740 nobilis
973 1710 1026 1740 viri
1039 1733 1049 1748 ,
1082 1709 1219 1748 Johannis
1237 1709 1274 1741 de

206 1750 357 1781 Warennai
370 1750 495 1781 Comitis
507 1749 584 1780 Surr.
602 1748 813 1785 Consanguinei
826 1748 934 1786 nostri,
951 1748 985 1778 ὃς
1008 1748 1155 1787 quondam
1179 1749 1275 1779 Abba-

206 1795 247 1824 tes
275 1788 473 1820 Cluniacenses
500 1797 576 1818 certa
599 1786 783 1824 Compositio
813 1786 849 1816 de
878 1785 1073 1817 substituendo
1093 1786 1223 1818 Priorem
1245 1789 1274 1818 in

208 1826 336 1858 Prioratu
360 1827 479 1858 Lewen.
504 1827 554 1863 qui
576 1824 612 1855 de
634 1824 715 1862 ipfius
737 1824 861 1855 Comitis
880 1824 970 1855 existit
998 1825 1152 1856 Patronitu
1167 1851 1177 1864 ,
1211 1825 1272 1860 &a

200 1873 285 1905 prout
297 1865 384 1906 fhpra
399 1888 411 1904 ,
431 1867 546 1895 mutatis
565 1870 740 1903 competenter
761 1864 912 1902 mutandis,
934 1863 1013 1904 usque
1032 1865 1072 1894 ad
1090 1864 1147 1895 haec
1167 1864 1256 1895 verba
1262 1875 1273 1903 ,¹

209 1915 271 1935 vzz.

245 1942 376 1983 Verum,

243 1982 322 2022 Qia
335 1982 370 2012 de
381 1981 559 2013 exaudinone
573 1991 693 2020 precum
710 1980 888 2019 nostrarum,
909 1990 974 2019 quas
989 1981 1059 2024 inde,
1073 1980 1192 2019 praefato
1208 1981 1275 2012 Do·
1293 2006 1302 2014 .

205 2021 289 2051 mino
308 2021 432 2052 Summo
455 2019 590 2051 Pontifici
601 2020 799 2051 transmisimus
813 2020 923 2051 vicibus
939 2019 956 2039 ³*
974 2022 1114 2058 repetitis,
1133 2021 1207 2051 nulla
1220 2031 1275 2052 no-

205 2060 248 2089 bis
261 2058 354 2089 adhuc
369 2059 492 2089 innotuit
506 2058 662 2096 certitudo,

245 2096 445 2128 Dileffionem
455 2096 579 2128 vestram
595 2098 697 2128 iteratis
711 2097 841 2135 precibus
855 2106 984 2136 rogamus
999 2097 1032 2128 &
1046 2098 1214 2135 requirimus
1237 2097 1278 2129 as·-

209 2134 352 2174 feffione,
377 2134 434 2173 qua
453 2134 602 2173 possumus
623 2137 750 2175 cariore,
775 2136 921 2174 quatinus,
945 2145 998 2173 pro
1018 2135 1172 2166 auferendo
1195 2145 1279 2167 tantae

210 2173 398 2204 Diffenfionis
418 2173 553 2211 exordio,
572 2174 718 2212 praefatum
741 2174 908 2204 Dominum
933 2174 1086 2204 Summum
1105 2174 1277 2206 Pontificem

209 2212 347 2243 inducere
366 2212 455 2244 velitis
476 2212 569 2243 modis
590 2213 624 2243 &
642 2214 694 2243 viis
708 2236 718 2251 ,
742 2213 844 2250 quibus
865 2212 986 2242 videritis
1007 2212 1155 2251 expedire,
1179 2222 1210 2244 ut
1231 2224 1280 2252 ea,

211 2261 278 2289 quae
297 2252 325 2281 in
346 2251 435 2281 nostri
455 2251 490 2281 δε
511 2250 617 2288 praefati
637 2251 763 2282 Comitis
784 2251 996 2290 praejudicium‚
1021 2253 1097 2282 circa
1119 2252 1280 2283 Prioratum

210 2289 400 2329 praedictum,
417 2297 580 2326 attemptata
595 2290 715 2329 fuerint,
733 2289 940 2329 praemissorum
954 2291 1070 2320 veritate
1083 2301 1143 2321 non
1159 2290 1281 2329 demetat,

213 2327 360 2367 dignetur,
387 2328 598 2366 praemissorum
619 2328 739 2366 intuitu,
768 2338 914 2367 revocare,
937 2329 1082 2366 taliterque
1101 2329 1167 2360 inde
1187 2329 1282 2368 dispo—

212 2376 296 2404 nere,
314 2366 478 2397 nostronum
499 2367 679 2406 rogaminum
696 2368 874 2405 interventu,
893 2367 973 2405 quod
994 2367 1131 2399 Filiorum
1151 2377 1282 2408 augeatur

213 2404 330 2435 devotio
339 2428 350 2444 ,
365 2406 399 2436 &
412 2404 629 2436 Commotionis
642 2407 670 2435 in
688 2405 801 2443 Populo
814 2407 929 2436 materia
942 2405 1089 2436 auferatur.

251 2443 299 2473 Ad
316 2443 494 2481 praemiffum
515 2453 611 2475 autem
635 2446 787 2482 negotium
807 2444 1036 2483 prosequendum
1052 2467 1062 2483 ,
1087 2444 1224 2476 dilechm
1248 2446 1282 2476 &

213 2480 328 2512 fidelem
349 2481 480 2512 nostrum
496 2506 506 2519 ,
530 2482 701 2513 Guidonem
721 2482 759 2513 de
775 2482 889 2521 Joceux
911 2483 945 2513 ad
965 2483 1088 2514 vestram
1110 2484 1284 2521 praesentiam

215 2519 346 2551 duximus
361 2519 576 2559 destinandum,
596 2531 681 2559 quem
720 2521 739 2551 fi
754 2523 862 2560 placet,
882 2522 911 2552 in
924 2522 1119 2558 prosecutione
1133 2521 1196 2561 illa,
1214 2522 1283 2553 diri-

215 2567 300 2599 gere,
318 2560 401 2598 eique
412 2558 550 2598 affistere,
567 2562 655 2603 velitis
671 2544 806 2591 Consiliis
821 2561 855 2592 &
866 2561 972 2591 auxiliis
985 2561 1144 2599 oportunis.

57 2030 76 2048 θ
90 2031 144 2059 lv:

60 2077 126 2105 395·

255 2635 325 2667 Dat.
341 2644 372 2667 ut
388 2637 476 2676 supra.

350 2711 522 2744 Consimiles
536 2713 635 2746 litterae
648 2714 802 2756 diriguntur
813 2714 986 2755 subscriptis,
1004 2714 1155 2754 videlicet,

226 2788 376 2857 sDomilrzo
399 2791 434 2819 G.
456 2790 579 2830 Epifiopo
598 2791 741 2822 Albanen.
765 2793 874 2824 Sanaae
895 2795 1025 2824 Romana
1047 2791 1169 2834 Ecclqfiae
1190 2795 1288 2823 Carui-

297 2838 334 2856 na
346 2839 364 2857 t.

259 2866 375 2896 Domino
398 2869 432 2896 P.
452 2867 484 2896 de
507 2870 691 2898 Mortuomari
705 2868 782 2899 tituli
794 2870 889 2900 Saneii
903 2870 1035 2910 Stephani
1048 2874 1076 2900 in
1094 2869 1175 2900 calio
1189 2873 1287 2900 Monte

293 2903 446 2934 Presbitero
460 2905 612 2936 Cardimilt'.

258 2943 375 2972 Domino
388 2945 423 2972 R.
442 2943 475 2972 de
488 2946 586 2980 Farges
601 2946 708 2975 Sanfflae
724 2949 828 2976 Mariae
842 2949 937 2977 Novae
953 2950 1073 2977 Diacono
1090 2946 1241 2977 Cardinali.

256 2983 374 3047 Domz'lrfo
394 2984 426 3011 P.
444 2980 520 3011 tituli
541 2985 638 3012 Sanfli
659 2987 782 3014 Martini
803 2988 833 3014 in
852 2985 994 3016 Montibus
1014 2986 1168 3016 Presbitero
1191 2985 1289 3016 Cardi-

293 3030 331 3048 na
342 3031 360 3049 1.

261 3058 378 3126 Βονηῗιο
399 3061 434 3088 G.
460 3059 585 3099 Episcopo
608 3059 736 3093 Sabinen.
761 3063 868 3092 Sanb't'ae
889 3064 1018 3094 Romane
1038 3062 1162 3103 Ecclqfiae
1193 3063 1289 3093 Cardi-

293 3106 332 3125 na
344 3107 362 3127 ι.

259 3135 376 3165 Domina
393 3138 431 3166 L.
451 3137 560 3167 Sanaae
575 3139 680 3168 Mariae
694 3142 724 3168 in
741 3138 793 3168 vid
805 3138 868 3169 latei
882 3142 1003 3169 Diacono
1019 3138 1170 3170 cardinali.

257 3174 375 3203 Domino
389 3176 430 3203 N.
448 3177 543 3205 Sandi
557 3177 685 3206 Adriani
694 3180 814 3207 Diacono
830 3177 981 3208 cardinali.

257 3212 375 3241 Domino
391 3215 430 3242 D.
449 3215 557 3243 Sam‘lae
573 3218 677 3245 Mariae
689 3219 719 3245 in
735 3218 858 3255 Porticu,
879 3219 1000 3247 Diacono
1014 3215 1167 3248 Cardinali.

258 3251 376 3279 Domino
389 3253 425 3280 G.
444 3253 552 3281 Sanllae
567 3256 661 3283 Luciae
672 3257 701 3283 in
716 3253 794 3284 Silice
808 3258 930 3285 Diacono
944 3255 1097 3285 Cardinali.

259 3289 374 3317 Domino
390 3291 425 3318 Β.
441 3291 550 3320 δαηέῖιε
565 3295 668 3321 Mariae
683 3296 712 3322 in
727 3297 837 3333 Aquiro
850 3296 972 3323 Diacono
984 3293 1136 3323 Cardinali.

260 3327 377 3393 DomiJ-zo
396 3329 431 3357 P.
455 3328 578 3368 Episcopo
599 3332 727 3360 Portum.
751 3333 860 3362 Santlae
884 3335 1013 3362 Romame
1039 3331 1162 3373 Ecclefiae
1189 3332 1288 3362 Cardi-

296 3376 334 3394 κα
345 3376 364 3395 ι.

260 3406 375 3471 1)οηίῗο
389 3405 434 3432 M.
453 3403 528 3434 tituli
540 3406 701 3436 Sanstorum
716 3406 858 3446 Johanm's
872 3406 910 3444 (ἂι
926 3409 1009 3439 Pauli
1025 3409 1176 3439 Presbitero
1191 3410 1289 3440 Cardi-

298 3453 337 3472 na
348 3453 367 3472 ι.

272 3567 323 3601 De
360 3564 534 3612 inquirendo
552 3565 642 3613 fhper
668 3570 802 3602 Damnis
822 3595 832 3612 ‚
862 3568 1030 3615 secundum
1064 3572 1243 3606 concordata

673 3615 847 3651 Ambianis.

295 3698 363 3730 EX
378 3724 387 3738 ,
406 3699 514 3745 dileetis
534 3701 568 3732 &
589 3699 716 3746 fidelibus
736 3702 788 3734 suis
801 3726 820 3748 ‚'
840 3703 1054 3750 Bartholomaeo
1067 3705 1102 3736 de
1115 3705 1289 3751 Burgherlh,

299 3737 516 3770 Constabulario
531 3739 622 3770 Castri
638 3739 675 3784 sui
690 3740 865 3781 Dovorriae,
884 3744 918 3774 ὃ(
933 3742 1056 3775 Custodi
1071 3745 1290 3784 QunquePor-

228 3777 462 3855 missi-giiiistiffiigissgl
475 3779 509 3810 &
520 3778 645 3817 Johanni
656 3779 693 3810 de
707 3778 796 3818 Ifeld,
814 3780 947 3835 Salutem.
984 3842 987 3845 -

266 3852 346 3884 Cum
379 3856 457 3900 inter·
471 3842 664 3899 Magnificum
690 3856 853 3902 Principem
862 3882 878 3902 ῃ,
912 3858 1077 3902 Dominum
1098 3858 1262 3900 Philippum
1281 3887 1290 3900 ,

230 3892 635 3964 Νἰξεωδξτέῑὲἒῶἰιὲὶιῗῆῐεω
643 3896 704 3964 ἰὶῗὃς
721 3895 901 3965 (ΞοῑέζίιΙιίιι-ιοξ
917 3900 996 3937 luos,
1021 3908 1063 3967 ef&
1071 3908 1148 3968 pigre
1163 3900 1237 3945 una,
1257 3902 1290 3931 &

230 3965 284 3996 alia
295 3953 389 4000 dist-et
400 3944 641 4012 concordaffimtzo
669 3945 714 3966 ros
729 3959 739 3973 ,
763 3945 779 3965 e
814 3944 829 3965 a
840 3944 917 3974 tera,
932 3946 1022 3974 nuper
1066 3946 1095 3968 tn
1118 3947 1199 3978 ianis,
1218 3949 1292 3971 inter

229 4004 371 4087 ρυςῗὲζοέε
382 4010 800 4096 ἳῗιᾞῗῇῖἓῗὲἕᾱυὲῗὲἐὲζῖἶῖ
806 4011 1066 4097 ἒὲἒῗῖἓυξῖπὲῗ
1073 4015 1295 4093 ὺῖῗῃῒέῑὲῗῗὲἰ

223 4090 321 4121 JUfflSa
336 4082 370 4115 &
389 4085 663 4127 Transgreffiombus
678 4114 688 4129 ,
713 4090 854 4123 Gentibus
877 4090 979 4124 nostris
994 4114 1005 4131 ‚
1031 4093 1103 4125 infra
1118 4091 1293 4127 Potestatem

85 3698 282 3756 Ann.D.R

107 3759 192 3788 1329.

84 3793 139 3818 An.
156 3799 181 3826 3.

86 3831 117 3855 Ε.
139 3837 164 3864 3.

84 3869 146 3894 Pat.
167 3875 193 3902 3.

85 3907 218 3941 E.3.p.2.

86 3950 124 3969 m.
144 3951 188 3978 15.

51 3979 146 4029 sors.

1359 148 1847 216 rustica,
2313 188 2365 227 29

1300 255 1381 300 ipsius
1394 256 1480 296 Regis
1495 257 1638 302 Franciae,
1655 259 1671 289 a
1690 260 1900 299 Qiinquennio
1914 258 2049 299 proxime>
2083 261 2224 300 taeterito,
2247 260 2315 292 citra
2331 262 2365 293 il·
2384 259 2460 293 Ann.
2474 259 2513 295 i).

1302 295 1362 325 latis
1372 318 1379 331 ‚
1399 296 1432 325 &
1447 295 1628 326 consimiliter
1641 308 1725 328 certae
1740 302 1863 336 personae
1877 309 1926 337 per
1942 299 2028 337 Nos,
2042 310 2059 330 a
2095 300 2295 343 inquirendum
2306 324 2315 339 ,
2326 302 2362 332 &
2408 308 2495 342 1329,

237 347 283 378 Ad
300 346 553 385 Compofitionem
567 345 879 385 praemissam,necnon
889 341 924 372 ad
933 341 984 379 Jus
996 340 1127 384 nostrum
1139 339 1257 384 regium,
1297 332 1439 372 justitiam
1462 336 1698 378 conquerentibus
1717 337 1879 381 ¹faciendum
1895 362 1905 376 ,
1931 338 1968 368 de
1989 337 2152 382 Dampnis,
2177 338 2287 383 Iniuriis
2301 364 2311 377 ,
2327 341 2363 372 &
2384 343 2452 370 Edv.
2472 351 2500 378 3.

197 386 306 417 Statum
335 387 419 416 etiam
448 384 572 423 ejusdem
589 383 713 414 Comitis
737 382 806 419 (sub
823 382 902 420 cujus
921 380 1068 410 Dominio
1090 378 1168 408 Bona
1189 376 1259 405 dicti
1303 371 1583 408 Transgreffionibus
1597 396 1606 411 ,
1632 373 1776 405 Gentibus
1791 376 1912 419 ejusdcm
1926 375 2014 415 Regis
2031 377 2157 407 Franciae
2168 400 2179 416 ,
2197 379 2265 409 infra
2282 378 2365 416 Reg-

1304 419 1376 440 num
1390 433 1399 448 ,
1416 410 1449 440 &
1466 410 1638 442 Potestatem
1653 413 1780 443 nostram
1795 438 1805 451 ,
1823 415 1893 445 infra
1907 423 2019 453 tempus
2032 415 2220 455 praedictum,
2239 417 2365 449 similiter

1303 448 1396 516 illaff,
1414 447 1582 487 assignentur
1595 452 1630 481 ὃς
1643 450 1827 490 deputentur,

1379 497 1424 524 os,

1345 524 1544 569 Concordiam
1567 526 1643 557 illam
1657 550 1666 566 ,
1690 528 1828 566 quantum
1851 529 1885 559 ad
1908 540 1960 560 nos
1976 532 2112 569 pertinet,
2128 532 2256 563 volentes
2270 532 2370 565 debito

1308 563 1424 594 effefflii
1441 566 1610 604 mancipari,
1627 576 1661 596 ac
1677 566 1712 596 de
1728 566 1827 597 vestris
1842 569 2100 606 circumspecuone
2114 571 2147 602 ὃς
2162 571 2296 602 industria
2309 572 2368 610 ple-

1314 612 1381 633 nam
1394 602 1530 632 fiduciam
1545 613 1734 642 reportantes,

1349 641 1588 679 Affignaverimus
1603 653 1654 672 vos
1665 642 1835 680 justiciarios
1850 642 1960 674 nostros
1973 645 2008 675 ad
2023 647 2244 687 inquirendum,
2262 659 2312 686 per
2319 649 2369 680 Sa-

1311 689 1491 717 cramentum
1507 703 1516 718 ,
1542 681 1601 711 tam
1623 681 1819 711 Mercatorum
1842 683 1874 712 ὅ(
1895 682 2130 723 Marinariorum,
2148 687 2233 724 quim
2246 689 2369 719 aliorum

1312 718 1478 749 Proborum
1494 720 1527 750 δε
1546 719 1691 758 Legalium
1708 719 1888 758 Hominum,
1907 720 1943 750 de
1959 721 2097 752 Portubus
2119 725 2152 755 ὃς
2170 726 2270 764 Locis,
2289 727 2368 765 super

1313 756 1464 788 Costeram
1479 757 1567 788 Maris
1583 782 1592 796 ,
1619 759 1645 787 in
1667 757 1816 788 Comitatu
1829 757 1954 796 Cantiae,
1973 760 2123 800 Suffexiae,
2138 762 2169 794 ὃς
2186 765 2370 803 Suthampto-

1314 797 1386 833 niae,
1405 797 1437 827 &
1461 796 1583 834 partibus
1605 796 1812 835 adjacentibus,
1830 807 1879 834 per
1899 808 1970 834 quos
1990 798 2047 828 Rei
2067 799 2172 831 Veritas
2191 803 2292 834 melitis
2307 805 2371 834 sciri

1314 836 1436 875 poterit,
1456 836 1492 865 de
1504 835 1644 872 Darnpnis
1660 857 1669 872 ‚
1693 834 1802 872 injuriis
1817 856 1827 872 ,
1846 834 1878 864 &
1893 835 2175 878 Trangreffionibus,
2191 841 2370 873 Hominibus

1316 874 1349 904 &
1370 873 1496 904 Subditis
1517 873 1553 904 de
1574 873 1718 904 Potestate
1738 873 1807 903 dicti
1823 872 1911 912 Regis
1924 874 1947 903 F
1950 876 2070 913 ranciae,
2090 877 2157 907 infra
2173 889 2282 917 tempus
2296 891 2369 919 ptae-

1313 911 1442 950 dit‘tum,
1460 913 1519 942 tiitn
1533 913 1611 950 supra
1626 912 1712 942 Mare
1724 935 1733 950 ,
1761 911 1847 949 quam
1861 913 1939 949 supra
1953 913 2092 953 Terram,
2111 915 2190 946 illatis
2205 919 2252 956 (de
2269 920 2371 957 quibus

1314 950 1461 981 satisfaffio
1483 951 1616 982 hactenus
1629 975 1639 988 ,
1665 960 1715 989 per
1735 950 1858 980 formam
1878 950 1989 980 Pacum
2002 975 2011 988 ,
2035 952 2080 982 vel
2100 953 2154 984 alio
2176 957 2281 994 modo,
2299 958 2372 989 fieta

1315 998 1375 1019 non
1387 989 1452 1026 suit)
1469 990 1536 1028 ubi,
1553 991 1587 1021 &
1600 999 1650 1028 per
1664 999 1752 1027 quos,
1771 998 1831 1026 quo
1844 997 1988 1027 tempore,
2009 991 2139 1029 qualiter,
2158 993 2191 1022 &
2206 998 2371 1035 qum-nodo,

1315 1028 1348 1059 δε
1362 1028 1395 1057 ad
1411 1028 1550 1066 Qerelas
1564 1029 1696 1058 omnium
1717 1028 1751 1058 &
1766 1027 1940 1066 singulorum
1953 1027 2117 1059 Hominum
2139 1032 2172 1061 &
2188 1031 2373 1065 Subditorum

1316 1065 1388 1096 dicti
1402 1066 1494 1103 Regis
1510 1066 1655 1104 Franciae,
1672 1065 1710 1096 de
1722 1065 1881 1104 Dampriis,
1898 1066 2024 1105 Injuriis,
2042 1068 2077 1098 &
2091 1068 2373 1112 Trangreliionibus,

1317 1106 1355 1135 eis
1377 1105 1416 1135 sic
1435 1105 1515 1135 illatis
1529 1128 1538 1144 ,
1564 1105 1702 1142 conqueri
1723 1104 1898 1143 volentium,
1914 1104 2084 1136 audiendum
2098 1106 2132 1137 ὃς
2147 1101 2375 1143 terminandum,

1318 1143 1352 1174 &
1365 1143 1399 1172 ad
1413 1143 1526 1180 plenam
1539 1143 1573 1174 &
1589 1143 1711 1182 celerem
1723 1141 1866 1180 justitiam
1879 1143 1908 1172 in
1923 1144 1977 1174 hac
1994 1153 2071 1181 parre
2085 1145 2246 1177 faciendum
2255 1171 2265 1187 ‚
2363 1143 2373 1150 '

1356 1180 1394 1212 Et
1408 1181 1474 1212 ideo
1487 1183 1570 1213 vobis
1592 1182 1757 1212 mandamus
1777 1180 1873 1219 quod,
1891 1181 1925 1211 ad
1937 1191 2031 1212 certos
2042 1184 2101 1213 dies
2116 1184 2149 1214 δε
2162 1186 2240 1224 loca,
2260 1197 2331 1225 quos
2347 1188 2376 1219 in

1319 1220 1424 1251 eisdem
1432 1220 1628 1251 Comitatibus
1642 1220 1676 1250 ad
1691 1221 1748 1250 hoc
1763 1219 1957 1278 provideritis,
1976 1222 2115 1258 praemissa
2128 1225 2223 1253 omnia
2237 1226 2271 1256 δε
2286 1227 2377 1267 fingu-

1319 1260 1346 1289 la
1365 1260 1469 1290 faciatis
1482 1283 1491 1298 ,
1518 1260 1551 1291 &
1572 1260 1700 1298 expleatis
1715 1260 1745 1288 iri
1801 1258 1894 1288 forma
1916 1259 2069 1298 praedic‘ca,
2083 1261 2161 1292 salvis
2177 1264 2260 1294 nobis
2273 1265 2377 1296 Amer-
2393 1275 2408 1290 a
2426 1276 2468 1303 IV

1322 1299 1484 1336 ciamentis,
1502 1298 1535 1328 &
1552 1299 1626 1336 aliis,
1645 1298 1679 1328 ad
1695 1308 1747 1327 nos
1762 1296 1828 1327 inde
1841 1297 2036 1334 spectantibus.
2394 1315 2458 1351 39⁶⁸
2471 1294 2480 1301 ⁸

1358 1336 1562 1367 Mandavimus
1576 1339 1652 1368 enim
1665 1336 1892 1366 vicecomitibus
1904 1335 2005 1366 nostris
2013 1336 2211 1369 Comitatuum
2226 1342 2379 1378 praediem-

1320 1384 1403 1413 rum,
1423 1375 1502 1413 quod
1525 1375 1558 1406 ad
1577 1384 1669 1406 certos
1691 1375 1749 1405 dies
1770 1375 1803 1406 δε
1820 1374 1900 1412 loca,
1921 1385 1992 1413 quos
2005 1376 2043 1405 eis
2059 1375 2128 1406 scire
2143 1377 2265 1417 facietis,
2283 1384 2380 1412 venire

1320 1413 1425 1444 faciant
1440 1437 1451 1452 ,
1476 1423 1573 1444 coram
1594 1415 1674 1445 vobis
1689 1438 1697 1452 ,
1722 1422 1765 1444 tot
1784 1414 1817 1444 &
1839 1413 1921 1452 tales,
1940 1414 1999 1454 tarn
2016 1413 2193 1446 Mera-atores
2206 1418 2238 1447 ὃς
2254 1418 2382 1449 Mai-ina-

1322 1454 1396 1490 rios,
1414 1453 1500 1490 quam
1515 1454 1600 1492 alios,
1618 1453 1729 1483 Probos
1744 1452 1778 1482 &
1796 1452 1912 1490 Legales
1926 1451 2071 1483 Homines
2085 1453 2121 1484 de
2134 1454 2276 1486 Portubus
2292 1457 2324 1487 δε
2339 1458 2383 1488 lo-

1320 1492 1360 1521 cis
1374 1491 1532 1528 praedietis,
1551 1502 1598 1531 per
1614 1502 1704 1530 quos,
1721 1492 1782 1522 &c.
1801 1491 1834 1521 &
1856 1492 1977 1529 inquiri,
1993 1492 2027 1523 &
2051 1492 2130 1530 quod
2149 1494 2249 1533 vobis,
2268 1495 2298 1524 in
2312 1505 2384 1532 prae-

1323 1528 1428 1567 missis,
1445 1530 1579 1560 omnibus
1591 1532 1624 1562 ὃ(
1639 1531 1768 1567 singulis,
1787 1529 1920 1559 faciendis
1933 1530 1966 1560 &
1979 1529 2139 1568 explendis,
2158 1541 2272 1569 pareant
2293 1534 2325 1564 ὃ(
2340 1535 2384 1564 in·

1321 1567 1450 1636 teridanr,
1470 1577 1555 1637 prtgit
1567 1571 1604 1599 eis
1619 1578 1653 1599 ex
1666 1577 1747 1606 parte
1759 1568 1855 1598 nostra
1869 1578 1918 1606 pet
1931 1577 1984 1599 vos
1997 1568 2106 1606 plenius
2121 1572 2292 1611 injungetur.

1372 1616 1391 1635 n
1405 1616 1499 1645 cnjus,
1541 1617 1567 1637 c.

1356 1682 1447 1714 Teste
1462 1682 1545 1723 Rege
1557 1682 1632 1721 apud
1644 1681 1841 1720 Cantuariam,
1860 1681 1976 1712 decimo
1992 1692 2073 1714 nono
2089 1684 2136 1715 die
2144 1685 2231 1725 Junii.

1320 1759 1435 1791 Eodem
1449 1760 1540 1791 modo
1556 1760 1725 1801 assignantur
1738 1758 1883 1828 substgilpti
1895 1756 1926 1828 {ri
1942 1757 2134 1792 Comitatibus
2150 1761 2327 1805 subscriptis,
2343 1765 2390 1797 vi·

1824 1808 1893 1828 eice

1323 1878 1366 1906 W.
1387 1876 1526 1916 Epiftopus
1541 1878 1700 1906 Norwicen.
1764 1877 1800 1905 172
1829 1875 2009 1906 eomitatibus
2037 1876 2195 1916 Norffiilciae
2209 1900 2220 1917 ,
2252 1878 2319 1919 Suff
2347 1879 2385 1916 ὠ·

1321 1914 1436 1944 Thomas
1454 1915 1583 1955 Bardolf.
1794 1913 1888 1953 Efflx

1473 2044 1523 2075 De
1540 2041 1777 2075 Proclamasione
1786 2042 1879 2088 fhper
1894 2042 2083 2088 Inqutfitione
2094 2042 2234 2088 praefata.

1326 2129 1380 2183 R
1390 2127 1414 2157 E
1425 2127 1456 2158 X
1482 2127 1709 2158 vicecomitibus
1725 2126 1907 2165 Londoniae,
1924 2126 2057 2158 Salutem.
2407 2122 2483 2154 Arm·
2494 2122 2537 2154 D·

1419 2165 1501 2196 Cum
1515 2167 1605 2205 inter,
1623 2165 1818 2203 Magnificum
1835 2165 2019 2205 Principem,
2038 2166 2204 2198 Dominum
2213 2166 2390 2207 Philippum,
2427 2171 2512 2201 1329-

1325 2201 1441 2241 Regem
1458 2204 1600 2243 Franciae,
1619 2206 1652 2236 &
1669 2204 1752 2244 Nos,
1771 2215 1859 2243 nuper
1871 2206 1944 2243 apud
1959 2205 2135 2236 Ambianum
2151 2206 2244 2237 ruisset
2253 2206 2391 2237 Concor-
2410 2206 2460 2230 An.
2480 2211 2507 2237 3·

1326 2241 1437 2280 datum,
1457 2243 1534 2281 quod
1556 2243 1732 2274 Mercatores
1751 2245 1784 2275 &
1805 2244 1851 2274 alii
1873 2245 2048 2282 quicumque
2068 2244 2105 2275 de
2119 2244 2227 2282 Regno
2243 2245 2266 2275 F
2269 2247 2392 2284 ranciae,
2412 2245 2440 2267 E.
2463 2249 2487 2276 3·

1326 2281 1396 2311 infra
1416 2281 1555 2320 Regnum
1578 2283 1611 2314 ὃ(
1632 2281 1807 2313 Potestatem
1823 2282 1966 2322 nostram,
1984 2284 2017 2314 ὃς
2034 2283 2213 2314 Mercator-es
2228 2285 2262 2315 ὅτ
2277 2284 2338 2322 alii,
2356 2284 2393 2314 de
2409 2278 2499 2315 Claus
2517 2286 2545 2313 3.

1327 2319 1434 2359 Regno
1457 2320 1556 2352 nostro
1571 2346 1580 2359 ,
1607 2321 1680 2352 infra
1698 2319 1836 2361 Regnum
1858 2323 1891 2353 &
1907 2320 2081 2353 Potestatem
2104 2323 2185 2360 ipsius
2200 2322 2289 2366 Regis
2305 2323 2392 2353 Fran-
2409 2320 2439 2344 Ε·
2463 2326 2487 2353 3·
2507 2326 2543 2344 ⁷⁷³·

1326 2359 1396 2397 cive,
1414 2359 1489 2390 salvo
1501 2361 1534 2391 ὃς
1550 2360 1644 2391 secure
1658 2361 1785 2391 venirent
1799 2371 1868 2392 cum
1882 2359 1983 2391 Rebus
1998 2362 2032 2392 &
2046 2361 2234 2393 Mercandifis
2247 2363 2314 2400 luis,
2331 2361 2394 2392 abs·
2415 2355 2491 2391 ιῚᾸ·

1326 2407 1381 2435 que
1400 2398 1584 2437 arestatione,
1604 2399 1683 2436 super
1702 2399 1793 2438 ipsos,
1811 2400 1857 2430 vel
1882 2409 1984 2430 eorum
1999 2400 2096 2437 Bona,
2114 2399 2161 2430 seu
2178 2399 2392 2439 Mercimonia,

1330 2437 1481 2467 occasione
1500 2437 1768 2475 Transgressionum
1783 2462 1793 2476 ,
1819 2437 2008 2476 Injuriarum,
2025 2439 2070 2468 seu
2087 2437 2312 2478 Dampnorum,
2329 2439 2398 2470 hinc

1327 2475 1411 2514 inde,
1429 2476 1508 2514 ssipra
1523 2475 1608 2506 Mate
1620 2499 1631 2514 ,
1653 2484 1718 2507 ante
1737 2477 1802 2506 haec
1816 2485 1963 2514 tempora,
1982 2477 2141 2515 illatorum;
2161 2480 2195 2508 &
2211 2477 2291 2515 quod
2307 2486 2395 2509 certae

1329 2514 1453 2552 personae
1463 2537 1473 2552 ,
1491 2515 1549 2544 tam
1566 2524 1600 2546 ex
1614 2523 1691 2552 parte
1706 2515 1714 2544 i
1737 2515 1788 2545 sius
1809 2514 1897 2554 Regis
1912 2539 1922 2553 ‚
1940 2525 2025 2553 quam
2043 2524 2077 2545 eii
2092 2524 2169 2553 parte
2183 2515 2299 2555 nostra,
2315 2515 2399 2556 affig-

1329 2561 1432 2583 nentur
1451 2554 1485 2584 &
1503 2552 1673 2591 deputentur
1694 2563 1708 2582 a
1743 2553 1943 2592 inquirendum
1957 2553 1993 2584 de
2009 2553 2304 2593 Tranlssgreffionibus,
2322 2554 2400 2594 Inju-

1328 2592 1390 2630 riis,
1410 2592 1444 2622 &
1462 2591 1603 2631 Danipnis
1626 2591 1786 2630 praedietis,
1804 2603 1820 2622 a
1838 2594 2034 2630 quinquennio
2052 2594 2187 2631 proximo
2202 2595 2347 2631 praeterito
2361 2594 2396 2624 ὃς

1328 2631 1398 2660 citra
1412 2631 1507 2669 illatis,
1526 2631 1559 2661 &
1580 2630 1614 2661 ad
1636 2631 1878 2669 conquerentibus
1889 2629 2010 2667 Justitiae
2025 2631 2274 2670 complementum
2291 2632 2396 2662 facien-

1329 2668 1417 2713 dum,
1435 2669 1571 2707 idemque
1589 2668 1654 2699 Rex
1674 2669 1814 2707 praemissii
1835 2678 1870 2700 ex
1894 2677 1973 2708 parte
1993 2669 2039 2701 sua
2047 2671 2108 2709 jam
2121 2670 2222 2701 fecerit
2237 2671 2398 2708 proclama-

1329 2717 1367 2737 ri:

1368 2745 1438 2777 Nos
1449 2770 1459 2784 ,
1477 2745 1675 2777 Concordiam
1695 2746 1773 2777 illam
1789 2770 1798 2784 ,
1823 2755 1962 2784 quantum
1974 2746 2008 2777 ad
2022 2746 2091 2777 Nos
2104 2748 2245 2785 pertinet,
2262 2747 2394 2779 volentes

1329 2784 1449 2815 effec‘tui
1465 2787 1619 2824 mancipari
1632 2808 1642 2824 ,
1666 2786 1750 2816 vobis
1762 2787 1942 2822 praecipimus
1955 2785 2034 2823 quod
2051 2785 2162 2823 statim,
2178 2785 2240 2816 visis
2255 2787 2399 2825 praesenti-

1332 2825 1401 2862 bus,
1419 2824 1491 2854 infra
1515 2823 1670 2855 Civitatem
1690 2824 1857 2861 praedietam
1870 2847 1880 2861 ,
1904 2824 1932 2853 in
1953 2823 2023 2854 locis
2046 2824 2094 2853 ubi
2111 2824 2234 2854 videritis
2248 2825 2399 2864 expedire,

1331 2863 1448 2901 publice
1467 2863 1657 2900 proclamari,
1682 2863 1716 2892 &
1738 2871 1772 2891 ex
1795 2870 1874 2900 parte
1888 2861 1985 2892 nostra
1999 2862 2127 2893 districte
2140 2863 2244 2894 faciatis
2257 2865 2398 2903 inhiberi,

1331 2911 1368 2931 ne
1383 2902 1443 2939 quis
1457 2903 1538 2931 alicui
1553 2901 1729 2938 Mercatori,
1747 2900 1792 2930 seu
1807 2901 1851 2930 alii
1867 2900 1903 2931 de
1917 2900 2061 2931 Potestate
2075 2900 2145 2932 dieti
2158 2901 2248 2941 Regis
2260 2902 2398 2941 Franciae‚

1331 2941 1361 2970 iti
1385 2939 1527 2970 veniendo
1547 2940 1576 2969 in
1595 2939 1736 2976 Regnum
1761 2938 1909 2979 nostrum,
1927 2939 2085 2978 morando,
2103 2940 2150 2971 seu
2162 2941 2264 2971 exinde
2279 2941 2398 2971 redeun-

1332 2979 1388 3017 do,
1403 2977 1575 3016 Dampnum
1594 2978 1693 3008 inserat
1705 2977 1751 3007 seu
1767 2976 1950 3008 Gravamen:
1968 2987 2023 3008 nec
2037 2977 2114 3018 Eos,
2132 2979 2178 3010 seu
2192 2989 2293 3009 eorum
2316 2979 2396 3009 Bona

1332 3017 1379 3047 vel
1402 3017 1602 3046 *Mercimonia
1617 3040 1626 3055 ,
1653 3016 1805 3047 occasione
1827 3016 2092 3057 Transgreffionum
2107 3040 2117 3056 ,
2144 3017 2308 3053 Iniuriarum
2324 3040 2333 3055 ,
2357 3017 2393 3047 &

1330 3055 1535 3093 Dampnorum
1550 3055 1727 3094 hujusmodi,
1745 3055 1861 3092 arestet,
1880 3056 1925 3086 seu
1938 3055 2047 3086 arestari
2067 3056 2151 3086 faciat
2164 3056 2267 3093 quovis
2280 3055 2392 3093 modo;

1331 3095 1369 3124 set
1392 3094 1471 3132 quod
1490 3104 1591 3124 omnes
1613 3094 1646 3125 8(-
1669 3094 1771 3131 singuli
1791 3094 1902 3125 Subditi
1922 3095 2004 3132 ipsius
2021 3094 2110 3132 Regis
2122 3093 2192 3124 infra
2208 3093 2345 3130 Regnum
2358 3094 2394 3124 &¹

1331 3132 1507 3163 Potestatem
1524 3131 1619 3163 nostra
1632 3155 1641 3170 ‚
1669 3143 1737 3163 curn
1750 3132 1851 3164 Rebus
1871 3135 1904 3164 ὃ(
1921 3132 2107 3163 Mercandiiis
2130 3132 2199 3168 suis,
2216 3132 2292 3162 salvo
2306 3133 2339 3163 ὅ(
2354 3132 2396 3162 se-

1332 3172 1403 3201 cure
1424 3172 1537 3201 veniant
1552 3195 1561 3209 ,
1586 3171 1693 3201 ibidem
1717 3181 1887 3211 morentur,
1914 3172 1947 3203 ὃς
1969 3170 2069 3201 exinde
2090 3170 2222 3200 recedant
2235 3194 2246 3208 ,
2263 3170 2396 3201 faciendo

1332 3209 1560 3241 Consuetudines
1571 3209 1675 3241 debitas
1687 3211 1721 3242 ὃ(
1737 3210 1843 3242 ufitatas
1858 3212 1888 3241 in
1902 3209 2004 3240 eodem
2012 3209 2127 3248 Regno.

1368 3287 1458 3319 Teste
1471 3286 1552 3327 Rege
1566 3287 1641 3326 apud
1653 3286 1850 3325 Cantuariam,
1868 3286 1982 3317 decimo
1995 3295 2076 3316 nono
2090 3284 2137 3316 die
2145 3285 2236 3324 junii.

1370 3363 1485 3396 Eodem
1500 3365 1591 3396 modo
1608 3364 1773 3396 mandatum
1788 3364 1830 3394 est
1843 3362 2074 3394 vicecomitibus
2085 3363 2254 3402 subscriptis,
2273 3361 2334 3393 &c.

1466 3510 1527 3540 Pro
1548 3507 1698 3540 Lmvelino
1715 3516 1752 3552 ap
1769 3502 1965 3546 Kencwrick,
1993 3502 2029 3536 de
2046 3501 2274 3536 Pardonasione.

1332 3593 1419 3652 RE
1428 3591 1458 3623 X
1484 3592 1617 3622 omnibus
1631 3590 1740 3622 Ballivis
1754 3591 1788 3622 δε
1801 3589 1943 3620 Fidelibus
1957 3587 2024 3625 suis,
2041 3586 2076 3616 ad
2089 3585 2246 3624 quos,&c.
2256 3585 2391 3618 Salutem.
2412 3583 2489 3616 Ann.
2502 3584 2545 3618 D,-

1427 3632 1526 3662 Sciatis
1541 3630 1619 3669 quod
1629 3654 1638 3668 ,
2257 3663 2262 3668 Ι
2432 3632 2518 3663 1329.

1369 3669 1451 3701 Cum
1465 3672 1493 3700 in
1507 3669 1696 3702 Parliamento
1710 3667 1826 3703 nostro,
1843 3674 1932 3702 nuper
1943 3663 2016 3702 apud
2024 3661 2316 3693 westmonasterium
2331 3670 2393 3694 ten·
2412 3667 2465 3691 An.
2484 3673 2510 3700 3.

1331 3716 1380 3748 to,
1397 3708 1434 3739 de
1455 3709 1604 3739 communi
1625 3706 1730 3736 assensu
1750 3705 1932 3734 Praelatorum
1946 3727 1955 3740 ,
1981 3702 2132 3732 Comitum
2147 3724 2156 3739 ,
2180 3701 2341 3741 Baronum,
2359 3703 2393 3734 &
2412 3705 2442 3730 Ε.
2465 3711 2491 3738 3.

1330 3747 1452 3778 aliorum
1476 3746 1649 3783 Magnarum
1664 3767 1673 3782 ,
1691 3754 1723 3773 ac
1739 3742 1961 3773 Communitatis
1975 3740 2072 3780 Regni
2087 3739 2191 3779 nostri,
2211 3739 2318 3771 ibidem
2333 3742 2394 3771 exi-
2413 3744 2470 3767 Pas.
2488 3749 2515 3777 3.

1331 3784 1483 3824 stentiutn,
1500 3784 1649 3814 Provisum
1664 3782 1746 3812 fuerit
1759 3783 1792 3813 ὃς
1807 3780 1947 3810 Statutum
1957 3803 1971 3823 ,ι
2205 3815 2216 3825 Α
2410 3783 2440 3806 E.
2457 3788 2482 3814 3v
2493 3784 2518 3814 p.

1371 3822 1462 3862 Qiod
1485 3823 1577 3853 nullus
1599 3821 1719 3857 Magnas
1769 3819 1909 3856 autarius,
1928 3817 2128 3856 cnjuscumque
2141 3816 2235 3848 Status
2249 3816 2296 3848 seu
2310 3817 2393 3848 Con-
2415 3827 2483 3846 nm.
2500 3824 2543 3850 ¹4-

1332 3856 1445 3893 ditionis
1459 3861 1559 3899 fuerit,
1577 3860 1626 3897 qui
1647 3843 1796 3889 nobiseum
1816 3857 1849 3888 δε
1866 3856 1996 3894 Isabella,
2014 3855 2272 3900 ReginalAngliae,
2290 3856 2388 3887 Matre

1332 3900 1428 3931 nostra
1444 3897 1601 3935 carissima,
1618 3897 1688 3927 infra
1703 3896 1843 3935 Regnum
1859 3894 2006 3934 nostrum,
2025 3905 2079 3925 nec
2094 3895 2137 3925 alii
2153 3895 2182 3924 in
2198 3895 2301 3925 eodem
2311 3894 2390 3934 Reg-

1333 3949 1374 3969 no
1396 3947 1466 3969 tunc
1485 3943 1718 3975 commoranteS,
1735 3936 1784 3973 qui
1803 3935 1838 3965 ad
1854 3932 1940 3972 Nos,
1957 3935 1990 3965 &
2005 3934 2091 3971 ipsam
2105 3932 2232 3964 Matrem
2246 3933 2389 3971 nostram,

1335 3985 1493 4015 venerunt,
1512 3977 1542 4006 in
1563 3975 1724 4006 succursum
1739 3973 1870 4004 nostrum
1883 3997 1892 4011 ,
1912 3973 1945 4003 ad
1958 3971 2182 4011 persequendum
2198 3971 2356 4011 Hugonem
2370 3970 2397 4001 le

1335 4015 1493 4054 Despenser
1515 4014 1666 4045 Seniorem
1681 4037 1691 4052 ‚
1710 4014 1743 4044 &
1757 4012 1917 4052 Hugonem
1932 4011 1958 4042 le
1972 4011 2127 4049 Despenser
2137 4010 2307 4050 Juniorem,
2327 4018 2396 4040 tunc

1338 4054 1476 4085 Inimicos
1497 4053 1627 4090 nostros,
1644 4052 1877 4089 occasionentur,
1896 4049 2081 4081 molestentur
2102 4052 2130 4080 in
2146 4049 2257 4088 aliquo,
2275 4048 2320 4078 seu
2335 4055 2396 4090 gra-

1337 4101 1458 4132 ventur,
1477 4094 1509 4123 in
1522 4091 1668 4131 Personis,
1685 4100 1732 4124 aut
1745 4089 1831 4122 Bonis
1842 4089 1894 4160 sigis
1903 4112 1912 4127 ‚
1931 4090 1961 4120 in
1977 4087 2068 4122 Curia
2079 4087 2175 4121 nostra
2189 4112 2199 4127 ,
2213 4087 2260 4119 seu
2272 4085 2381 4161 alteria-1
2377 4105 2398 4152 ἆ
