2562 4279
134 96 165 146 4
287 101 291 106 -
592 72 1902 153 CLONVENTIONEssLITERAEJ

0 176 68 206 *fm-
80 173 123 205 D·
141 178 324 216 Pa't'ronatsis,
341 176 393 208 fiiis
405 173 571 206 Pastoribus
581 170 718 208 viduatis,
735 167 883 200 Elfflores
894 179 911 200 a
924 167 1007 199 nobis
1022 167 1143 208 eligendi
1152 166 1204 197 Li-

13 224 25 244 1
51 222 98 245 27.

0 222 59 281 E⁶1⁷}-
75 247 107 290 ¹3·
142 255 240 295 christi
256 259 390 284 Cantuar.
409 254 441 282 de
453 254 525 281 Dat.
548 257 593 286 17.
611 249 691 278 Nov.
703 246 789 285 supra
804 246 882 286 usque
895 245 952 276 haer
967 245 1070 290 verba,
1088 249 1151 290 viz,

182 293 383 332 Quamobrem
404 289 525 320 turbavit
546 297 599 317 nos
615 282 734 316 Rumor
748 309 758 324 ,
783 286 866 316 nobis
886 295 902 315 a
922 284 1064 315 nonnullis
1079 283 1208 315 fidelibus

143 333 244 363 nostris
258 339 345 368 nuper
360 328 495 366 perlatus,
513 325 593 364 quod
610 335 661 356 vos
676 323 799 363 (adjura
814 322 944 365 Coronae
959 322 1066 354 nostrae
1078 321 1209 354 conside-

142 372 281 401 rationem
296 377 355 398 non
371 365 516 402 habentes)
532 364 732 401 Episcopatum
745 357 989 402 Wygoiriiensem

182 407 228 438 Ad
242 416 344 444 quem,
365 404 540 434 Venerabilis
554 401 651 440 Pater,
669 400 856 439 wolstanus,
872 410 962 438 nuper

144 448 216 483 niae,
235 445 349 475 Electus
370 443 458 474 fuerat
472 465 482 481 ,
506 439 663 478 eademque
683 440 815 478 Electio,
834 438 900 477 post
914 438 1064 471 Assensum
1079 438 1211 469 nostrum

145 485 272 523 Regium
302 482 459 512 adhibitum
476 505 486 518 ,
511 490 561 519 per
588 479 646 510 loci
666 478 927 516 Metropolitanum
949 476 1101 509 Canonice
1123 477 1213 521 eXtitit

144 522 312 554 confirmata
346 521 394 550 cui
417 521 503 550 etiam
524 517 707 556 Temporalia
725 515 913 554 Episcopatus
928 515 999 547 illius
1010 539 1020 556 ,
1043 514 1125 554 capt&
1138 522 1213 553 prius

144 560 274 592 fidelitate
287 559 350 597 sua,
369 558 557 594 restituimus,
572 565 603 588 ut
617 557 658 587 est
673 557 780 593 moris,

156 626 160 630 ,
183 599 276 629 Vobis
296 596 447 634 conferri,
472 595 587 626 dimisso
610 594 689 625 dicto
709 593 881 632 Episcopatu
901 592 1108 624 Herefordensi
1122 616 1133 630 ,
1151 601 1212 622 non

144 637 247 676 absque
263 636 428 666 ambitionis
444 636 532 672 vitio,
549 632 726 673 procurastis.

183 675 237 713 Et,
255 677 338 713 quia,
355 673 459 713 absque
473 673 569 712 laefion
599 672 780 703 conscientiae
792 670 914 711 nostrae,
929 670 994 709 Jura
1010 669 1141 700 Coronae
1158 677 1213 699 no-

146 714 210 745 strae
218 738 228 753 ,
246 714 296 744 sub
311 706 547 749 diffi'mulatione,
606 721 653 741 ere
665 719 725 743 non
737 707 886 751 posstirr‘ius
901 710 990 739 taliter
1004 708 1146 746 deperire,
1158 717 1213 738 vo-

147 755 190 784 bis
203 754 231 783 in
247 752 270 782 F
271 751 444 786 idelifatiss&
459 749 615 789 Ligeannae
628 748 742 787 debito,
761 747 859 779 &sub
873 747 1050 778 forisfactura
1061 748 1195 777 omnium
1203 768 1214 784 ,

147 801 213 830 quae
227 791 310 821 nobis
323 789 483 821 forisfacere
498 790 638 827 poteritis,
655 788 780 818 distriffis
794 786 972 823 inhibemus,
991 787 1029 815 ne
1044 786 1215 823 quicquam,

147 829 227 868 quod
244 831 273 860 in
288 828 434 868 praemiffis
451 829 481 858 in
494 828 638 858 laesionem
649 827 756 865 jui'ium
769 825 902 855 Corona:
916 824 1023 855 nostrae
1038 825 1139 854 cedere
1147 834 1214 862 pos-

148 870 198 907 fit,
215 869 405 907 attempteris,
423 868 468 898 seu
481 867 585 897 faciatis
600 865 773 903 attemptari,
791 863 837 894 seu
853 862 912 894 fieri
928 873 978 901 per
998 863 1212 907 alios-procure-

145 909 180 940 tis
193 908 244 938 sub
257 906 386 946 periculo
401 904 482 945 quod
492 903 771 942 incumbit3scientes
787 911 840 940 pro
852 908 932 932 certo
947 901 1222 940 quod;dissimulare.

147 955 207 977 non
221 945 410 983 intendimus,
426 946 494 983 quin
510 943 669 973 Violatores
679 943 785 981 jurium
801 939 929 970 Coronae
943 940 1064 979 nostrae,
1082 949 1166 979 prout
1179 940 1214 971 ad

147 986 207 1017 hoc
221 993 255 1015 ex
262 985 378 1016 vinculo
383 983 534 1023 juramenti
547 981 726 1021 astringimur
734 1004 744 1019 ,
751 980 843 1018 puniri
857 978 949 1010 modo
956 979 1054 1010 debito
1070 980 1214 1012 faciemus.

185 1061 277 1093 Teste
293 1060 378 1098 Rege
393 1058 467 1098 apud
482 1050 649 1099 Coventre,
665 1046 845 1090 duodecimo
857 1055 903 1088 die
920 1056 1104 1089 Decembris.

483 1138 538 1167 Per
552 1135 633 1176 ipfitm
648 1139 745 1175 Regem
758 1135 797 1172 ῤ’
809 1138 944 1174 fllagnum
958 1134 1110 1165 Concilium.

1137 1214 1218 1221 Ἀ

149 1268 200 1301 De
223 1259 432 1298 Colleffioribm
451 1271 505 1310 pro
525 1262 646 1309 Capella
665 1261 710 1295 ad
735 1263 879 1295 Montem
896 1288 907 1305 ‚
932 1258 986 1294 ubi
1003 1269 1095 1308 nuper
1117 1262 1219 1295 Comes

466 1309 644 1355 Lancastriae
651 1311 721 1356 fuit
737 1309 911 1344 decollatus.

6 1403 83 1435 Ann.
93 1400 135 1433 D.
156 1398 293 1463 REX
317 1397 545 1430 vicecomitibus
560 1419 571 1435 ‚
584 1397 628 1440 ¹&
643 1396 780 1427 omnibus
799 1395 855 1426 aliis
866 1396 993 1435 Ballivis,
1010 1395 1170 1436 Ministris‚
1187 1398 1222 1429 &

33 1450 119 1480 1327.
238 1438 382 1509 gidelibus
396 1437 448 1468 suis
464 1459 474 1475 ,
499 1436 559 1467 tam
582 1436 653 1467 infra
675 1435 833 1466 Libertates
845 1458 856 1474 ,
880 1435 969 1474 quarn
986 1444 1080 1474 extra,
1099 1435 1134 1466 ad
1149 1446 1222 1475 quos

4 1486 61 1510 An.
80 1491 104 1509 1.
181 1487 219 1508 ἐ.
259 1486 372 1508 autem.

5 1525 36 1548 Ε.
58 1530 85 1557 3.
158 1480 275 1556 &Qua
288 1516 384 1546 datum
401 1513 441 1545 est
454 1512 538 1544 nobis
551 1511 666 1552 intelligi
679 1511 761 1551 quod
775 1511 891 1551 quidam
902 1535 912 1550 ‚
921 1512 1038 1544 subdole
1052 1513 1222 1553 confingen-

5 1564 65 1588 Pat.
87 1568 110 1586 i.
159 1564 200 1588 tes
214 1557 241 1586 se
254 1554 311 1585 esse
323 1553 527 1584 Procuratores
540 1551 667 1590 Capeuae
681 1574 692 1591 ,
714 1550 749 1582 ad
771 1550 929 1591 Montem,
946 1551 996 1582 ubi
1012 1552 1144 1583 Thomas
1158 1552 1223 1584 Co-

7 1602 39 1626 Β.
50 1602 106 1634 3.p.
116 1605 141 1634 3.
159 1604 219 1626 mes
232 1591 403 1625 Lancastriae
417 1589 584 1623 Decollatus
600 1591 652 1621 fuit
664 1614 674 1629 ‚
702 1589 915 1629 construendae,
932 1592 963 1621 in
977 1590 1090 1622 diversis
1102 1593 1225 1630 partibus

159 1633 255 1673 Regni
275 1631 366 1663 nostri
387 1639 523 1671 vagantur
537 1630 571 1661 &
587 1629 742 1660 discurrunt
757 1652 768 1668 ,
793 1629 959 1661 elemosinas
980 1629 1169 1668 postulantes,
1186 1631 1221 1662 &

157 1682 217 1703 non
229 1671 356 1706 modicas
369 1670 555 1709 pecuniarum
570 1667 708 1706 summas,
724 1669 754 1697 in
763 1667 894 1699 Ecclesiis
905 1679 938 1699 ac
953 1668 1038 1707 foris,
1053 1669 1086 1699 ad
1100 1679 1171 1707 opus
1184 1669 1225 1700 fa-

159 1712 246 1741 bricae
261 1709 388 1750 Capellae
402 1708 562 1749 praediClae,
581 1707 764 1745 colligentes,
783 1706 891 1737 easdem
905 1709 1088 1748 pecuniarum
1102 1708 1225 1739 summas

158 1750 188 1780 iri
202 1750 332 1789 proprios
346 1747 409 1780 usus
422 1755 613 1785 convertunt,
630 1747 658 1776 in
675 1746 831 1777 elusionem
846 1747 944 1784 populi
957 1746 1054 1786 Regni
1068 1746 1174 1786 nostri,
1191 1748 1224 1779 &

159 1788 365 1826 deceptionem
378 1786 569 1817 manifestam:

199 1826 268 1857 Nos
282 1850 292 1866 ‚
315 1825 443 1858 volentes
462 1825 587 1863 ipsorum
611 1824 722 1854 malitiae
744 1824 774 1853 in
796 1824 849 1854 hac
869 1832 948 1862 parte
975 1823 1092 1855 obviare
1107 1848 1117 1862 ,
1142 1826 1226 1856 vobis

161 1866 329 1896 mandamus
343 1888 352 1903 ,
377 1864 498 1894 firmiter
519 1865 693 1900 injungentes
706 1887 716 1901 ‚
739 1861 820 1900 quod
837 1887 846 1901 ,
870 1872 939 1893 cum
960 1862 1043 1900 aliqui
1066 1863 1226 1906 hujusmodi

162 1903 366 1935 Procuratores
380 1902 414 1933 ad
431 1902 494 1933 loca
509 1903 578 1932 infra
591 1901 707 1932 Ballivas
719 1901 822 1932 vestras
836 1903 981 1940 venerint,
999 1901 1163 1932 elemolinas
1172 1903 1226 1933 hu-

156 1942 299 1981 jusmodi,
317 1942 361 1972 seu
375 1942 527 1979 pecuniam
539 1964 548 1978 ,
563 1948 611 1970 aut
624 1940 675 1970 alia
690 1940 765 1970 bona
802 1949 836 1971 ex
852 1940 907 1971 hac
922 1939 1004 1971 causa
1017 1942 1227 1979 petituri,tunc

162 1991 211 2011 eos
229 1981 337 2011 arestari
351 2005 360 2018 ,
386 1981 420 2011 &
442 1980 472 2010 in
493 1978 603 2020 prisona
625 1979 701 2022 salvo
723 1963 859 2009 custodiri
877 1980 999 2017 faciatis,
1017 1978 1112 2011 donec
1126 1980 1200 2010 aliud
1213 1990 1228 2010 a

160 2020 245 2050 nobis
260 2019 326 2049 inde
342 2018 493 2048 habueritis
516 2019 544 2047 in
567 2017 720 2054 mandatis;
738 2018 772 2048 &
789 2017 825 2047 de
839 2017 1005 2048 nominibus
1019 2027 1138 2058 eorum,
1158 2026 1231 2057 quos

160 2057 200 2089 fic
214 2057 395 2088 arestaveritis
403 2081 413 2096 ,
430 2057 515 2088 nobis
527 2056 657 2087 constare
669 2056 774 2087 faciatis
786 2055 910 2087 indilate.

196 2095 232 2127 In
247 2097 327 2135 cujus
344 2097 408 2128 &c.

8 1646 46 1666 m.
65 1646 92 1671 7.

198 2173 291 2206 Teste
305 2173 388 2213 Rege
401 2172 477 2212 apud
491 2171 674 2211 Caumpdon.
695 2172 812 2204 decimo
826 2173 930 2212 quinto
943 2172 989 2204 die
1004 2171 1187 2204 Decembris.

15 2292 34 2309 ⁹
51 2292 105 2320 IV·
201 2295 231 2323 ἢ*
256 2301 315 2333 Pro
335 2297 583 2345 Archicpiftopo‚
608 2299 731 2332 Decano
745 2301 782 2337 ὠ·
807 2298 943 2344 Capitulo
965 2297 1199 2346 Rothomagerfi.

61 2340 84 2358 Ι.

16 2340 94 2426 ism,
108 2393 150 2424 D·
221 2372 260 2417 'E
269 2383 320 2421 X,
335 2381 442 2414 dilee'm
465 2381 583 2416 Clerico
606 2384 674 2421 suo,
693 2381 836 2421 Magistro
849 2382 934 2429 Petro
948 2383 985 2414 de
999 2382 1167 2423 Gaiiciano,
1186 2383 1236 2415 Sa-

18 2440 126 2501 ΑἯΖῙ,
207 2423 449 2505 (ἓὲὲξθῧῷηιὶῃυρ
470 2458 505 2490 Ε.
526 2470 615 2498 nuper
630 2459 838 2504 Rex-Angliae,
856 2459 938 2490 Pater
951 2458 1067 2499 noster,
1084 2460 1235 2506 occasione

19 2515 53 2539 E.
74 2520 99 2546 3,
170 2497 292 2532 Guerrae
305 2522 315 2537 ,
338 2505 411 2529 mter
432 2498 523 2536 ipsum
535 2522 545 2536 ,
572 2499 606 2530 ὃς
618 2498 784 2529 Dominum
800 2498 960 2536 Karolum‚
979 2498 1092 2537 Regem
1108 2499 1235 2531 Franciae

17 2549 108 2585 ciuus,
129 2556 152 2575 ι,
170 2538 312 2570 Ιὶὶυῖὶῑεῐῄ
326 2561 335 2574 ,
360 2546 451 2574 nuper
471 2546 577 2568 exortae
589 2560 597 2575 ,
610 2538 681 2567 inter
696 2537 799 2567 Terias
813 2537 847 2567 &
859 2536 1038 2567 Tenementa
1048 2538 1215 2569 Hominum
1224 2562 1234 2578 ,

19 2591 48 2615 E.
61 2593 155 2624 3,p,2,
170 2578 208 2609 de
225 2575 369 2609 Potestate
389 2575 480 2613 Regis
499 2576 625 2606 Franciae
639 2599 650 2614 ,
673 2576 703 2605 in
718 2575 824 2615 Regno
838 2575 957 2614 nostro,
973 2575 1076 2606 Terras
1089 2577 1123 2608 &
1137 2577 1236 2608 Tene-

19 2634 56 2655 m,
72 2634 102 2661 4,
172 2626 269 2648 menta
290 2614 505 2653 Archiepiscopi
524 2614 745 2651 Rotomagensis
760 2638 770 2652 ,
795 2614 830 2645 ὃς
849 2613 962 2644 Decani
975 2615 1009 2645 &
1024 2613 1148 2653 Capituli
1164 2617 1236 2654 ejus-

170 2652 239 2692 dem
259 2654 319 2686 loci
330 2676 342 2693 ,
366 2654 428 2693 capi
444 2653 546 2684 >fecerit
561 2654 591 2683 in
611 2663 729 2683 manum
747 2653 845 2690 suam,
874 2662 938 2690 quae
954 2653 1071 2691 quidem
1086 2653 1186 2684 Terrae
1200 2655 1233 2685 &

168 2693 351 2725 Tenementa
373 2692 498 2730 ipsorum
547 2691 758 2730 Archiepiscopi
772 2714 783 2730 ,
806 2690 919 2722 Decani
934 2692 968 2722 &
985 2690 1126 2731 Capituli,
1143 2692 1236 2724 adhuc

173 2734 204 2764 in
214 2743 302 2764 manu
314 2730 413 2762 nostra
425 2730 488 2761 sunt
503 2716 630 2761 detenta:

206 2771 254 2802 Ac
268 2780 303 2801 ex
316 2778 394 2808 parte
406 2769 609 2807 praediaestorum
624 2792 634 2807 ‚
658 2767 871 2808 Archiepiscopi
885 2792 894 2804 ,
918 2767 1029 2798 Decani
1043 2769 1076 2800 &
1091 2768 1235 2809 Capituli,

168 2810 254 2840 nobis
269 2809 300 2840 sit
315 2808 497 2848 supplicatum
512 2815 559 2846 ut,
577 2807 648 2838 cum
664 2806 821 2846 Pax,inter
834 2807 946 2838 dietum
962 2807 1076 2847 Regem
1090 2808 1234 2848 Franciae,

171 2849 206 2880 δι’
219 2857 290 2886 ῐιοε,
311 2848 367 2878 'arn
388 2846 540 2877 reformata
559 2845 656 2876 existat
670 2869 679 2884 ,
706 2845 825 2876 velimus
839 2847 877 2876 eis
890 2846 994 2877 Terras
1006 2848 1040 2877 ὃς
1054 2846 1235 2879 Tenementa

171 2887 219 2918 sua
309 2885 379 2923 ista,
397 2885 427 2914 in
441 2894 527 2919 manu
539 2884 636 2914 nostra
653 2884 691 2914 sic
706 2883 866 2923 existentia,
883 2884 976 2915 iacere
990 2885 1114 2916 liberari:

247 2935 298 2963 os,
316 2933 417 2954 eorum
432 2922 628 2962 supplicationi
643 2923 672 2952 in
688 2923 741 2953 hac
756 2932 833 2961 parte
854 2923 1044 2954 favorabiliter
1059 2932 1214 2955 annuentes
1224 2950 1234 2964 ‚

171 2964 257 2995 vobis
271 2962 438 2994 mandamus
470 2960 532 2997 uod
546 2961 668 2997 eisdem,
686 2961 912 3000 Archiepiscopo
926 2985 935 3001 ,
962 2961 1083 2993 Decano
1097 2964 1130 2994 &
1148 2962 1235 3002 Capi-

170 3002 251 3040 tulo,
267 3002 314 3033 {eu
330 3010 433 3032 eorum
480 3000 636 3029 rocurarori
653 3023 662 3037 ,
680 3000 725 3029 vel
744 3000 897 3031 Attoriiato
909 3002 939 3031 iri
952 3000 1005 3032 hac
1021 3010 1098 3039 parte
1132 3002 1236 3033 Terras

171 3042 208 3072 &
223 3039 404 3071 Tenementa
416 3038 621 3084 praeditstorum
637 3060 646 3074 ‚
665 3037 877 3076 Archiepiscopi
890 3062 899 3077 ,
920 3039 1029 3070 Decani
1044 3041 1078 3071 ἃ
1095 3025 1236 3080 Capituli,

171 3081 201 3109 in
216 3089 332 3110 manum
346 3077 436 3108 Patris
452 3075 539 3106 nostri
549 3098 558 3113 ,
576 3075 726 3106 occasione
739 3077 875 3114 praedista
890 3101 900 3116 ,
919 3088 1014 3118 capta,
1034 3080 1067 3109 ὅ(
1083 3081 1111 3109 in
1128 3079 1237 3111 Custo-

171 3117 219 3148 dia
241 3117 334 3148 vestra
353 3116 447 3146 adhuc
469 3114 631 3153 existentia,
650 3115 769 3145 liberetis
783 3116 922 3154 tenenda,
940 3126 1024 3154 prout
1037 3127 1069 3148 ea
1085 3128 1235 3150 tenuerunt

171 3163 236 3186 ante
255 3156 430 3200 Captionem
450 3153 637 3192 supradietam
654 3165 665 3191 3
688 3154 819 3184 volumus
841 3155 919 3185 enirn
941 3165 993 3187 vos
1012 3156 1078 3187 inde
1098 3166 1162 3197 erga
1184 3168 1236 3189 nos

171 3204 328 3226 exonerari.

173 3311 194 3343 b
210 3270 302 3316 Teste
321 3270 409 3310 Rege
427 3269 500 3308 apud
513 3269 777 3309 Wynchecoumbe
793 3293 803 3307 ,
824 3269 941 3300 decimo
956 3269 1033 3301 sexto
1048 3270 1094 3301 die
1106 3270 1236 3303 Decem-

136 3320 140 3324 ”
195 3320 238 3341 HS.

866 3386 918 3414 Per
931 3383 1012 3423 ipsum
1026 3388 1129 3424 Regem.

211 3463 325 3493 Eodem
346 3463 438 3494 modo
461 3462 624 3494 mandatum
645 3461 686 3494 est
699 3461 836 3500 Roberto
851 3461 887 3492 de
898 3462 1028 3502 Wyvill,
1045 3462 1081 3493 de
1097 3463 1187 3494 verbo
1202 3462 1237 3493 ad

174 3502 314 3540 verbum,
335 3502 396 3534 &c.
415 3511 447 3533 ut
460 3502 549 3540 supra.

213 3577 305 3608 Teste
317 3586 348 3608 ut
362 3578 449 3616 supra.

179 3709 377 3742 Summonitio
396 3709 473 3744 Adae
499 3709 535 3743 de
558 3712 681 3744 Orleton
706 3709 751 3742 ad
771 3709 1003 3757 comparendum
1031 3721 1136 3743 coram
1162 3711 1239 3756 Rege

34 3763 112 3795 Ann.
124 3761 168 3793 D.
578 3763 608 3791 in
626 3759 841 3793 Parliamento.

33 3811 142 3907 ἐνῇ-ζ’
185 3837 324 3907 Κέῑῖθλῐὲ
351 3841 421 3872 Adae
443 3842 479 3874 de
500 3842 640 3883 Orleton,
656 3854 744 3883 nuper
767 3843 968 3875 Herefordensi
983 3843 1145 3884 Episcopo,
1162 3842 1242 3890 Salu-

35 3902 123 3954 Clatas.
147 3927 172 3946 i.
223 3914 269 3944 Ex
283 3914 369 3946 relatu
383 3918 567 3951 intelleximus
581 3921 724 3965 fidedigno
733 3945 743 3961 ,
760 3921 840 3960 quod
856 3932 909 3954 vos
921 3921 1124 3960 Episcopatum
1138 3918 1240 3959 praedi-

34 3961 64 4025 ξ),
79 3962 170 4029 ἷράι.
185 3953 268 4024 {mm
288 3955 319 3984 in
338 3953 428 3987 Curia
441 3956 576 3990 Romana
597 3959 736 3991 dimilistis
751 3984 762 3999 ,
779 3960 814 3991 δε
828 3959 864 3991 ad
878 3960 1036 3992 Ecclesiam
1047 3959 1244 4000 Wygornien-

66 4014 74 4023 .
108 4016 114 4023 .
147 4015 155 4023 .
251 4014 263 4032 ,
1124 4016 1128 4017 ’

141 218 265 249 centiam
287 225 397 254 petere,
415 213 476 248 &22
494 217 576 251 prout
592 214 621 239 in
635 211 741 238 Literis
756 209 846 238 Priori
859 205 898 242 ὄν
912 211 1066 236 Conventui
1081 206 1204 246 Eccleszae
1244 210 1295 240 per
1318 204 1534 248 Wygornienfis

984 385 1066 431 Prior
1080 399 1212 439 Wygor-
1228 382 1239 391 -

1281 164 1362 203 Qiae
1377 174 1428 206 per
1441 173 1567 197 mortem
1603 168 1690 212 bonae
1704 169 1871 207 memoriae,
1888 168 2019 200 Thomae
2039 169 2076 201 de
2087 165 2243 211 Cbbharn,
2260 181 2315 203 nu-
2328 161 2406 194 Ann-
2419 161 2460 193 D·

1479 245 1482 249 Ι
1557 190 1712 246 Effpffcopi‚
1739 208 1789 246 qui
1811 207 1884 245 apud
1902 207 2068 238 Hertelburi
2082 231 2093 247 ,
2119 211 2148 241 in
2163 209 2314 244 comitatu
2353 209 2437 241 1327.

1246 241 1436 311 ἵνῖἶςοτῃιεε,
1455 242 1532 274 diem
1546 244 1627 275 suum
1644 245 1740 276 clausit
1755 254 1930 284 extremum,
1949 247 2076 286 vacavit,
2331 244 2398 271 ΕΜ·
2420 249 2447 278 3·

1314 291 1346 311 os
1361 281 1501 312 transferri
1517 283 1702 320 procurastis:

1267 318 1334 363 ,Ad
1356 323 1442 358 quam
1465 321 1581 364 quidem
1604 322 1760 352 Ecclesiam
1807 320 1981 353 Venerabilis
2004 322 2111 362 Pater,
2129 321 2299 358 Wolstanus

1248 357 1371 402 ejusdem
1386 357 1522 395 Eccleliae
1536 360 1758 398 VVygornienfis
1768 345 1900 399 Electus,
1918 360 2132 401 Confirmatus,
2148 364 2202 394 rite
2221 365 2254 396 &
2268 353 2316 397 ca1

1248 406 1355 442 npnice
1367 396 1523 441 Promotus
1536 399 1604 437 fuit,
1623 400 1656 430 &
1676 408 1692 428 a
1709 399 1793 429 nobis
1807 399 1992 437 Temporalia
2013 401 2137 439 ejusdem
2159 401 2315 442 Episcopa-

1249 442 1313 473 ωε,
1325 437 1382 473 jam
1396 435 1445 466 diu
1459 436 1519 476 est,
1537 439 1752 475 recepit,prout
1765 439 1853 468 moris
1869 438 1969 476 est,&
1985 440 2162 477 temporibus
2177 440 2318 481 Progeni-

1249 480 1347 503 torum
1362 474 1546 513 nostrorum,
1564 476 1635 506 sicut
1648 476 1751 514 nostis,
1770 476 1831 506 sieri
1845 477 2001 508 consuevit.

1288 510 1333 555 Ei:¹
1347 512 1426 549 quod
1441 523 1494 543 vos
1509 513 1627 545 diversas
1648 515 1784 552 Litteras,
1800 514 1860 553 juri
1875 514 2005 546 Coronae
2019 516 2127 547 nostrae
2140 517 2320 556 praejudicia-

1250 549 1306 588 les,
1325 559 1421 594 lmmo
1443 553 1537 589 potius
1558 553 1814 584 exhaeredationem
1836 553 1967 585 Coronae
1986 555 2093 586 nostrae
2117 557 2318 597 continentes,

1250 589 1391 626 praemissa
1410 591 1508 620 contin
1529 599 1607 622 entes
1623 616 1632 629 ,
1655 592 1725 622 infra
1745 592 1883 623 Remum
1898 592 2030 623 nostrum
2047 593 2195 632 portastis·
2217 596 2251 626 &
2264 597 2303 626 eis

1251 637 1311 657 non
1325 626 1503 673 obstantibus
1532 630 1736 661 nhibitionibus
1751 617 1869 669 mitris,
1885 632 1968 662 vobis
1991 642 2042 670 per
2057 632 2177 664 diversas
2187 619 2319 666 ’Litteras'

1251 665 1375 709 nostras,
1395 673 1455 709 tam
1469 666 1520 697 sub
1533 667 1661 707 Magno,
1680 670 1768 708 quam
1782 670 1834 700 ἠὼ
1847 670 1977 709 Privato,
1995 670 2027 701 Si
2049 670 2098 701 'llis
2113 671 2234 711 nostris,
2252 673 2317 710 plu-

1250 713 1306 748 ries
1327 703 1439 748 direffitis
1454 714 1494 748 'ex
1514 713 1592 743 parte
1613 707 1727 747 nostra,
1745 709 1786 739 uti
1802 708 1959 748 intenditis,
1979 709 2007 739 in
2044 711 2240 748 erogationem
2254 710 2317 742 Re-

1251 751 1305 782 giae
1321 740 1476 787 Dignitatis'
1488 743 1613 787 nostrae,
1630 741 1668 776 de
1679 757 1739 784 quo
1753 748 1900 778 turbamur
1917 749 1945 778 in
1958 749 2063 778 intimis
2076 749 2110 779 &
2124 748 2297 780 move-mur:

1290 779 1427 825 Volentes
1441 790 1525 826 igitur
1535 792 1597 820 jura
1611 782 1741 815 Coronae
1757 786 1878 825 nostrae,
1897 795 1981 824 prout
1996 796 2030 817 ex
2041 787 2201 825 juramenti
2217 789 2320 820 viricu-

1252 818 1282 849 lo
1296 818 1493 888 astrirbgimur,
1512 820 1592 851 illaesa
1606 831 1659 859 pro
1673 824 1779 854 viribus
1789 825 1956 856 conservare
1970 849 1979 865 ,
1997 827 2080 856 vobis
2096 826 2146 856 sub
2161 825 2319 865 Ligeantiae

1252 857 1365 902 vestrae.
1388 858 1537 906 eb¹f⁰'.&„
1549 859 1600 904 sub
1611 859 1793 904 forisfastura
1802 865 1935 908 omnium
1949 889 1959 903 ,
1978 874 2040 903 quae
2052 866 2136 896 nobis
2150 864 2317 897 forisfacere

1253 903 1397 940 poteritis,
1416 894 1544 928 districte
1557 898 1735 942 inhibemus,
1754 901 1792 932 ne
1804 902 1908 940 aliquas
1921 903 2023 934 litteras
2040 903 2320 942 quascumque,Re-

1252 934 1457 973 servationem,
1475 935 1718 980 Praefedhonem,
1733 948 1781 970 aut
1794 939 2010 980 Provisionem,
2029 942 2321 982 dietaewygornien-

1253 973 1286 1004 sis
1301 973 1438 1018 Ecclesiae
1453 983 1667 1014 contingentes,
1684 977 1768 1008 nobis
1782 978 1816 1009 δε
1829 977 1958 1009 Coronae
1971 980 2075 1010 nostrae
2096 981 2320 1021 praejudiciales,

1253 1012 1403 1058 publicetis
1416 1037 1426 1051 ‚
1449 1012 1496 1058 seu
1515 1013 1621 1058 faciatis
1641 1024 1693 1052 per
1715 1016 1784 1046 alios
1806 1017 2030 1056 quomodolibet
2042 1019 2197 1058 publicari,
2216 1020 2263 1052 vel
2278 1022 2319 1051 eis

1255 1058 1296 1082 uti
1310 1052 1499 1096 praesumatis,
1518 1053 1602 1083 nobis
1614 1053 1795 1092 inconsultis,
1811 1055 2025 1095 quovismodo;

1291 1090 1340 1122 Set
1353 1101 1405 1122 vos
1421 1094 1469 1128 ipli
1507 1101 1576 1122 cum
1591 1091 1695 1122 eisdem
1712 1092 1843 1132 Litteris,
1861 1093 1917 1124 sitis
1930 1104 2029 1125 coram
2041 1096 2125 1127 nobis
2136 1097 2169 1129 δε
2183 1096 2321 1129 Concilio

1254 1129 1354 1174 nostro
1369 1129 1444 1168 apud
1459 1114 1592 1161 &borum
1605 1155 1615 1169 ,
1633 1132 1663 1161 in
1679 1131 1868 1162 Parliamento
1882 1131 1983 1164 nostro
1991 1148 2006 1171 ,’
2019 1135 2099 1172 quod
2113 1135 2149 1166 ad
2163 1135 2240 1167 diem
2253 1136 2321 1168 Do-

1255 1178 1391 1199 mimcam
1401 1192 1411 1207 ,
1428 1169 1588 1207 proximam
1605 1169 1669 1208 post
1684 1169 1801 1201 Festum
1820 1169 2026 1202 Purificationis
2041 1171 2130 1204 δέκα
2145 1173 2249 1206 Mariae
2256 1174 2323 1206 Vir-

1255 1208 1342 1247 ginis,
1360 1209 1496 1245 proximo
1517 1207 1645 1239 futurum
1660 1231 1670 1246 ‚
1694 1208 1815 1241 fecimus
1836 1209 2011 1240 summoneri
2031 1209 2078 1248 (&
2091 1211 2229 1257 adtquem
2243 1213 2323 1245 diem

1276 1246 1375 1277 raefato
1397 1246 1499 1277 Elesto
1520 1247 1718 1279 mandavimus
1740 1247 1820 1287 quod
1835 1248 1942 1279 ibidem
1960 1247 2139 1286 personaliter
2150 1252 2268 1290 intersit)
2285 1251 2322 1283 ad

1282 1284 1416 1316 ciendum
1437 1286 1471 1317 &
1492 1286 1688 1324 recipiendum
1710 1286 1730 1307 ²*
1752 1287 1833 1324 super
1847 1286 1928 1318 disto
1943 1288 2079 1327 negotio,
2189 1285 2227 1328 ὃς
2238 1299 2323 1322 corn-
2337 1292 2357 1316 ³*
2372 1292 2426 1321 iv.

1254 1325 1337 1354 muni
1357 1322 1488 1354 Confilio
1510 1324 1683 1363 Magnatum
1704 1326 1738 1358 δε
1764 1325 1923 1357 Procerum
1944 1325 2043 1364 Regni
2060 1333 2112 1357 noi
2142 1327 2153 1358 i
2173 1328 2325 1367 contigerit
2342 1340 2406 1369 33²-

1255 1362 1380 1394 ordinari
1395 1375 1405 1401 3
1430 1364 1465 1395 δε
1484 1363 1543 1394 hoc
1561 1365 1612 1395 sub
1631 1363 1725 1396 vestro
1744 1365 1877 1403 periculo
1888 1364 1982 1396 facere
2000 1364 2158 1398 nuliatenus
2172 1368 2324 1400 omittatisi

1257 1401 1297 1433 Et
1309 1400 1431 1433 habeatis
1445 1401 1484 1432 ibi
1499 1401 1559 1434 hoc
1576 1402 1677 1434 Breve.

1295 1477 1387 1511 Teste
1400 1477 1484 1519 Rege
1495 1479 1571 1519 apud
1586 1479 1781 1522 Wygomiam
1794 1479 1934 1514 vicefimo
1947 1479 2025 1525 sexto
2042 1479 2089 1530 die
2106 1479 2291 1519 Decembris.
2329 1461 2332 1464 -

1814 1560 1869 1589 Per
1881 1555 1964 1599 r'pfinn
1973 1560 2073 1613 'Regem
2087 1555 2126 1595 ὠ
2139 1558 2293 1592 concilium.

1262 1682 1320 1716 Ad
1344 1685 1454 1731 Regem
1476 1683 1601 1728 Castellae
1619 1711 1629 1728 ,
1655 1683 1748 1732 super
1767 1682 1903 1732 Jtstitia
1923 1664 2156 1721 Mercatoribus
2167 1684 2328 1732 facienda.

1264 1768 1485 1829 MAgnisico
1506 1770 1632 1811 Principi
1646 1795 1658 1811 ,
1675 1769 1814 1802 Domino
1830 1767 1968 1811 Alfons0‚
1986 1771 2047 1804 Dei
2061 1772 2166 1811 gratia,
2184 1771 2332 1812 castellae,
2348 1776 2424 1808 Ann.
2433 1775 2474 1808 D.

1360 1807 1496 1849 Legionis
1509 1833 1519 1848 ,
1544 1809 1645 1840 Toleti
1660 1832 1671 1848 ,
1692 1808 1832 1848 Galiciae,
1849 1808 1975 1849 sibillae,
1993 1811 2170 1850 Cordubiae,
2186 1811 2314 1842 Murciae
2321 1820 2336 1851 ‚'
2370 1816 2456 1856 1328.

1259 1843 1398 1889 Jaliennae
1412 1870 1422 1885 ‚
1447 1849 1482 1878 &
1506 1847 1637 1888 Algarbae
1648 1871 1660 1888 ,
1685 1847 1762 1888 Regi
1777 1846 1898 1886 Illustri,
1915 1859 1949 1880 ac
1962 1848 2126 1881 Comitatus
2142 1849 2249 1889 Molyn
2263 1849 2333 1880 Do-
2347 1859 2400 1884 An.
2422 1865 2447 1884 i.

1263 1893 1362 1923 min0,
1382 1885 1525 1916 carissimo
1554 1886 1776 1927 Consanguineo
1792 1887 1856 1925 suo,
1874 1886 2045 1928 Edwardus‚
2062 1888 2122 1919 Dei
2142 1888 2248 1927 gratia,
2266 1888 2336 1919 Rex
2347 1900 2376 1922 E.
2401 1905 2426 1932 3.

1264 1922 1394 1993 §.iulg-liae,
1413 1926 1475 1956 &c.
1493 1924 1619 1956 Salutem
1639 1927 1672 1957 δε
1685 1925 1825 1957 succeffus
1838 1927 1965 1967 semper,
1981 1927 2017 1958 ad
2030 1935 2098 1958 vota
2110 1950 2121 1966 ,
2138 1927 2286 1966 prosperos
2298 1927 2332 1959 δε
2347 1934 2434 1971 Claus.
2458 1938 2484 1961 r:

1278 1972 1308 1993 oe
1320 1972 1387 1993 ices.
2373 1994 2378 2000 .
2408 1992 2414 1999 .
2440 1981 2483 2000 .2.

1304 2001 1433 2032 Gravem
1454 2002 1613 2041 Qerelam
1634 2002 1752 2034 Ricardi
1773 2001 1854 2034 Baret
1870 2025 1880 2041 ,
1901 2002 1938 2034 de
1960 2002 2088 2034 Civitate
2101 2002 2197 2033 nostr&
2217 2002 2337 2034 Exoniae
2349 1977 2483 2041 ξέἶιοη

1265 2039 1455 2118 ῙέῙΙετεαῑοτὶε,
1472 2043 1631 2080 recepimus
1643 2043 1682 2080 ‚de
1702 2045 1787 2072 Bonis
1800 2040 1877 2080 sitis,
1895 2041 2028 2082 hostiliter
2044 2045 2128 2080 captis
2143 2045 2173 2072 in
2188 2039 2284 2080 Infidd
2300 2042 2332 2072 de
2474 2044 2483 2047 ⁴

1306 2090 1328 2109 Β.

1305 2154 1382 2188 Data
1396 2156 1470 2195 apud
1486 2156 1692 2198 Notingham,
1709 2158 1812 2197 quinto
1826 2156 1873 2189 die
1882 2156 2017 2197 Januarii.

1414 2283 1463 2315 De
1480 2281 1632 2315 Condunu
1646 2293 1702 2328 pro
1722 2286 1842 2317 Simone
1861 2281 2072 2325 Cantuarieqlt‘
2084 2282 2200 2316 Eleae.

1271 2367 1399 2425 REX
1424 2368 1561 2399 omnibus
1577 2367 1686 2398 Amicis
1702 2369 1735 2399 &
1752 2367 1893 2399 Fidelibus
1907 2366 1959 2398 suis
1990 2367 2025 2398 ad
2040 2377 2112 2406 quos
2124 2369 2185 2400 &c.
2201 2364 2336 2397 Salutem.
2356 2370 2484 2402 AfflLD⁴

1365 2406 1446 2437 Cum
1457 2406 1574 2437 dileeius
1589 2406 1672 2437 nobis
1689 2407 1718 2437 in
1726 2405 1861 2446 Christo,
1871 2406 1908 2437 M
1943 2392 2007 2437 ister
2014 2406 2117 2437 Simon
2133 2406 2170 2436 de
2183 2403 2337 2449 Mepham‚
2385 2411 2470 2451 1328„

1273 2442 1391 2476 Donor
1404 2445 1497 2476 Sacrae
1517 2445 1692 2483 Theologiae
1706 2469 1716 2483 ,
1734 2446 1764 2475 in
1784 2445 1920 2485 Archiep'
1933 2454 2040 2483 copum
2054 2443 2285 2474 Cantuariensem
2298 2442 2339 2473 E·
2354 2454 2406 2478 An,
2427 2459 2451 2478 ι,

1271 2482 1360 2514 lectus
1374 2509 1382 2522 ,
1409 2485 1443 2515 ad
1464 2483 1582 2514 Curiam
1605 2484 1770 2514 Romanam
1785 2509 1795 2524 ‚
1825 2494 1879 2522 pro
1894 2484 2014 2522 negotiis
2026 2482 2182 2513 EleC'tionis
2195 2481 2339 2520 praedietae
2354 2494 2384 2517 E.
2407 2498 2433 2525 3,

1272 2523 1469 2561 expediendis,
1488 2523 1524 2553 de
1539 2522 1636 2553 nostra
1649 2521 1781 2553 Licentia
1795 2522 1828 2553 fit
1840 2522 2037 2560 profecturus,
2050 2530 2103 2551 vos
2117 2519 2240 2551 Amicos
2254 2530 2339 2558 roga—
2355 2532 2415 2557 Par,
2439 2536 2463 2555 ι,

1271 2570 1350 2599 mus,
1368 2562 1452 2592 vobis
1465 2560 1595 2591 fidelibus
1610 2561 1791 2598 mandantes,
1801 2560 1930 2599 quatinus
1945 2558 2041 2590 eidem
2055 2557 2246 2598 Eiesto,&c.
2255 2566 2339 2598 prout
2354 2572 2387 2597 E.
2406 2575 2432 2603 3,
2445 2571 2472 2604 p.

1269 2598 1342 2628 alias
1356 2603 1388 2629 in
1402 2603 1507 2630 Literis
1522 2598 1702 2638 constmir'ibus.
1744 2624 1747 2627 ,
2355 2616 2383 2645 3,
2400 2615 2439 2636 m,
2460 2609 2489 2642 3:

1307 2637 1341 2667 In
1357 2639 1435 2677 cujus
1451 2639 1513 2669 ὅτε.
1530 2647 1580 2675 per
1596 2646 1687 2667 unum
1699 2646 1808 2668 annum
1821 2637 1972 2668 duraturas.

1310 2713 1400 2745 Teste
1415 2714 1499 2754 Rege
1512 2714 1587 2753 apud
1602 2713 1805 2754 Notingham‚
1822 2713 1900 2745 sexto
1915 2713 1961 2744 die
1970 2711 2105 2752 januarii.

1272 2846 1331 2880 Ad
1349 2851 1464 2894 Papam
1480 2873 1490 2888 ‚
1517 2845 1552 2879 de
1567 2849 1696 2894 Strage,
1722 2850 1758 2885 (ῤ’
1786 2847 1895 2892 asperis
1921 2843 2110 2888 Eventibus,
2135 2855 2263 2891 tempore
2280 2848 2344 2878 Pa-

1318 2900 1376 2928 tris
1398 2900 1486 2941 Regis
1500 2923 1510 2938 ,
1549 2898 1585 2928 de
1613 2896 1768 2942 indifireto
1795 2898 1950 2942 Regimine
1975 2905 2046 2927 tunc
2061 2894 2257 2928 Praelatorum
2271 2918 2284 2935 ,
2305 2902 2342 2925 ac

1311 2956 1368 2991 pro
1387 2946 1596 2989 Cantuarierfi
1609 2957 1686 2978 nunc
1703 2944 1804 2979 ,Είεὲἶο
1825 2942 2091 2978 commendatoria.

2357 3046 2434 3078 Ann.
2449 3046 2491 3077 D.

1274 3109 1375 3140 oculos
1397 3110 1498 3140 inentis
1517 3109 1624 3140 nostrae
1638 3134 1647 3148 ,
1671 3109 1708 3138 de
1729 3107 1826 3146 Strage
1838 3129 1849 3144 ,
1874 3104 2023 3148 videlicet,
2042 3103 2219 3148 Nobilium,
2236 3114 2270 3135 ac
2284 3104 2342 3135 aliis
2358 3085 2474 3153 A7113i'8*

1273 3148 1338 3179 diris
1349 3149 1384 3179 &
1396 3148 1510 3186 asperis,
1518 3158 1583 3186 quae
1590 3147 1739 3178 Genitoris
1751 3144 1842 3175 nostri
1853 3143 2032 3181 temporibus
2045 3143 2259 3180 irreparabiliter
2275 3153 2342 3174 eve·
2405 3147 2409 3153 '
2445 3145 2452 3152 ’

1273 3196 1394 3231 nerunt,
1413 3197 1477 3225 quae
1494 3196 1527 3216 ex
1543 3184 1732 3224 quorumdam
1747 3183 1951 3219 taciturnitate,
1969 3182 2064 3212 immo
2080 3182 2175 3212 veritis
2188 3181 2340 3212 indiscreto
2357 3169 2388 3230 Ξ·
2409 3173 2436 3199 3·

1275 3226 1429 3265 Regimine
1452 3224 1654 3268 Praelatorum,
1673 3221 1828 3252 creduntur
1840 3219 2027 3263 verisimiliter
2042 3220 2211 3260 contigisse,
2228 3220 2342 3252 solerter
2358 3212 2428 3269 Em·
2453 3212 2482 3269 7¹27·

1275 3263 1407 3302 evigilare
1429 3272 1483 3292 nos
1505 3260 1593 3292 efficit
1610 3285 1620 3299 ,
1645 3262 1679 3291 δε
1700 3259 1735 3290 ad
1749 3259 1808 3289 hoc
1823 3259 1891 3290 totis
1902 3259 2006 3289 nisibus
2019 3258 2168 3297 laborare,
2185 3267 2219 3290 ut>
2230 3259 2341 3290 vacanti
2381 3264 2387 3269 '
2413 3251 2440 3279 3·
2482 3262 2490 3268 ²

1276 3301 1526 3340 impraesentiarum
1545 3298 1737 3330 Cantuarienfi
1755 3296 1891 3328 Ecclefiae
1914 3297 1991 3336 (quae
2007 3321 2016 3335 ,
2041 3297 2113 3329 sicut
2134 3297 2208 3328 inter
2229 3304 2343 3328 caeteras
2362 3290 2387 3309 ¹·

1277 3340 1375 3377 Regni
1393 3337 1482 3368 nostri
1494 3337 1633 3368 Ecclesias
1647 3337 1805 3367 Primatum
1821 3337 1933 3374 optinet
1948 3360 1958 3374 ,
1977 3337 2011 3368 ὃ(
2025 3336 2162 3374 dignitate
2196 3336 2343 3368 raeexriii-iet

1275 3378 1420 3415 ampliori,
1439 3376 1702 3407 itaGubernatione
1715 3375 1823 3412 indiget
1838 3376 1961 3413 puriore)
1979 3375 2038 3405 talis
2053 3376 2082 3405 in
2098 3374 2179 3405 Antii
2197 3375 2343 3411 'temprae-

1276 3425 1411 3455 ponatur,
1431 3417 1480 3454 qui
1498 3416 1564 3446 vitae
1585 3414 1725 3445 munditia
1748 3415 1952 3452 comprobatus
1966 3437 1976 3452 ,
1995 3415 2030 3445 &
2044 3413 2261 3455 conversatione
2274 3412 2343 3441 niti-

1276 3455 1345 3494 dus,
1364 3454 1536 3485 Litterarum
1553 3453 1675 3485 Scientia
1688 3452 1809 3492 fulgeat,
1828 3453 1861 3484 ὃς
1877 3475 1887 3492 ,
1902 3454 1932 3483 in
1946 3452 1973 3483 se
1989 3453 2074 3483 fluxae.
2088 3448 2342 3493 cogitationis-Ille-

1277 3494 1371 3524 cebris.
1383 3491 1514 3524 edomitis
1551 3492 1682 3532 Gregem
1696 3491 1892 3531 Dominicum
1909 3492 2024 3523 'noverit
2043 3491 2075 3522 in
2089 3489 2174 3521 Viam
2186 3486 2284 3518 Salutis
2298 3488 2343 3518 di-

1277 3534 1381 3572 rigere,
1400 3532 1434 3563 &
1456 3517 1587 3571 protieffe
1608 3530 1699 3568 magis
1713 3531 1806 3568 cupiat
1823 3530 1910 3569 quam
1926 3529 2062 3568 praeesse,
2079 3529 2126 3566 qui
2139 3525 2174 3557 &
2191 3527 2339 3570 nobis,'in

1277 3570 1455 3610 disponendis
1466 3570 1565 3608 Regni
1580 3569 1671 3600 nostri
1685 3568 1820 3609 negotiis,
1839 3568 1960 3599 consiliis
1972 3567 2110 3609 assistere,
2119 3564 2163 3609 ,ὃς
2174 3564 2281 3608 nostrae
2296 3574 2341 3594 in-

1278 3609 1414 3641 firmitan's
1428 3609 1610 3649 gravedinem
1626 3607 1729 3647 (qui-in
1747 3615 1829 3638 aetate
1844 3607 1940 3638 tener&
1956 3608 1996 3637 im
2037 3602 2127 3646 rtabill
2139 3601 2344 3646 oneriHunie-

1277 3659 1324 3678 ros
1343 3649 1537 3692 supposuimus
1558 3646 1727 3684 imbecilles)
1742 3646 1923 3685 supportare,
1937 3645 1971 3677 &
2006 3641 2129 3681 uffragns
2141 3641 2241 3672 fulcire
2253 3641 2344 3674 valeat

1277 3697 1297 3717 o
1318 3695 1434 3717 ommis.

1298 3697 1422 3764 pNuper
1443 3723 1580 3764 fiquidem
1602 3723 1696 3762 (Pater
1718 3722 1833 3760 Sanete)
1850 3721 1997 3757 waltero,
2015 3716 2207 3749 Cantuariensi
2222 3716 2344 3762 Archie·

1278 3764 1396 3802 piscopo
1412 3787 1422 3802 ,
1444 3764 1481 3794 ab
1503 3763 1558 3794 hac
1579 3762 1644 3794 luce
1666 3762 1812 3793 subtraere
1825 3785 1836 3800 ,
1860 3759 1942 3790 Prior
1963 3759 1997 3789 δε
2017 3756 2186 3787 Conventus
2199 3756 2344 3792 praedietae

1279 3801 1487 3834 Cantuariensis
1496 3800 1650 3840 Ecclesiae,
1668 3802 1813 3839 cupientes
1828 3798 1920 3841 eidem
1936 3796 2058 3840 viduatae
2071 3793 2205 3840 Ecclesiae
2218 3794 2254 3825 de
2276 3795 2345 3840 Pas]-

1281 3849 1344 3871 tore
1356 3840 1463 3871 idoneo
1475 3839 1636 3880 provideri,
1650 3839 1738 3880 petita
1753 3850 1769 3870 a
1782 3837 1865 3870 nobis
1877 3833 1997 3875 eligendi
2010 3833 2140 3876 licentia,
2155 3842 2242 3878 prout
2252 3841 2347 3882 πιρτξς

1281 3878 1341 3918 est,
1358 3879 1391 3910 &
1411 3878 1530 3917 optenta
1549 3878 1595 3909 die
1619 3878 1654 3909 ad
1675 3878 1859 3909 Eleffionern
1880 3873 1916 3904 de
1934 3873 2031 3903 fiiruro
2044 3869 2205 3910 Ponnfice,
2222 3872 2342 3905 indieta

1285 3916 1412 3949 Ecclefia
1425 3917 1640 3956 celebrandam,
1655 3916 1760 3948 statuto
1774 3920 1989 3956 convenerunt,
2006 3909 2040 3940 δί
2053 3909 2186 3953 babentes
2197 3920 2257 3955 prae
2270 3920 2346 3956 oeti-

1281 3956 1314 3987 lis
1329 3955 1422 3987 solum
1437 3954 1555 3994 Deum,
1573 3955 1728 3993 instinctu,
1745 3959 1778 3984 ut
1791 3946 2108 3992 verisimiliter-creditur
2121 3970 2133 3987 ,
2149 3947 2245 3980 San&
2258 3949 2348 3988 Spin.

1282 3993 1394 4034 ti'lssin
1407 4015 1418 4033 ,
1433 3994 1584 4027 discremm
1605 3990 1735 4030 Virum,
1759 3988 1933 4028 Magistrum
1951 3986 2103 4018 Simonem
2122 3985 2159 4024 de
2181 3987 2323 4056 Mephaig
2337 4010 2349 4025 ,

2321 4034 2359 4055 π-.

1274 3030 1322 3091 Ρ
1331 3031 1390 3063 ΑΡ
1400 3031 1442 3061 AE
1461 3030 1528 3062 Rex
1543 3031 1646 3062 devota
1662 3029 1768 3070 pedum
1781 3029 1876 3061 oscula
1889 3029 2049 3060 beatorum.
2061 3064 2068 3071 ”
2287 3065 2293 3071 ἡ

1361 3070 1574 3101 Praeteritorum
1588 3071 1728 3101 memoria
1737 3093 1747 3106 ,
1765 3068 1868 3099 viscera
1883 3067 1982 3098 dolore
1995 3065 2134 3103 saucians,
2143 3063 2177 3095 &
2191 3064 2342 3097 humilians
