2562 4279
730 179 839 221 ET
926 176 1208 219 ACTA*-

12 272 88 305 Ann.
104 269 144 301 D.
162 271 197 302 &
216 268 486 307 Tenementorum,
504 277 568 308 quae
583 267 705 305 fuerint,
721 265 846 296 Diieetae
858 262 1087 308 Consanguineae
1101 260 1224 302 nostrae,

34 309 119 350 1338.
160 309 264 340 Mari-ae
285 307 322 338 de
341 309 447 339 Saiieto
471 307 573 345 Paulo,
597 305 761 336 Comitiffae
783 303 1008 345 Pembrochiae,
1022 302 1055 332 ὃς
1077 309 1142 339 quae
1160 307 1224 336 capi

13 351 80 379 Edv.
99 357 126 385 3.
157 348 279 378 fecimus
299 348 336 377 in*
349 356 466 377 manum
481 345 621 382 nostram,
635 344 792 374 dederimus
805 343 838 373 ὃς
853 341 1089 384 concesserimus,
1107 347 1160 376 pro
1171 347 1225 366 no-

159 387 221 425 bis,
239 386 272 416 &
297 385 465 416 l-laeredibus
484 384 598 422 nostris,
617 382 709 412 eidem
728 381 889 420 Comitissae
911 378 1076 410 Manerium
1095 377 1130 406 de
1146 375 1226 406 Stro-

158 425 195 455 de
209 447 219 462 ,
244 426 318 454 cum'
335 423 524 462 pertinentiis,
546 422 576 452 in
596 420 745 451 Comit‘atu
763 419 893 456 Kantiae,
918 416 1034 461 Hane
1045 423 1066 445 N
1078 422 1129 458 pu
1140 421 1166 443 M
1191 414 1225 444 &

161 462 218 493 TE
229 470 251 492 N
264 472 282 493 E
292 470 315 493 N
326 471 415 493 DUM
434 462 468 492 ad
491 470 581 491 totam
603 461 689 490 vitam
709 459 786 488 suam
801 480 818 500 ,ι
834 463 919 494 prout
940 465 971 485 m
999 454 1112 484 Litteris
1125 451 1226 482 nostris

161 499 346 570 Paffintibus‚
360 502 427 531 inde
442 499 598 536 confeffis,
617 497 728 536 plenius
740 502 902 527 continetur
912 516 922 532 ‚

259 549 271 569 s

201 550 324 609 At‘t'efius
335 578 395 607 tam
407 576 564 613 laboribus,
581 576 664 614 quam
678 572 831 610 sumptibus
845 570 878 601 &
889 569 1011 607 expensis
1065 579 1115 599 uos
1128 568 1225 615 praefa-

164 625 194 647 ta
210 615 378 653 Comitiffa,
395 617 470 645 circa
487 623 595 653 gratam
617 612 781 652 custodiam*
801 609 923 639 ohannae
936 608 972 652 de
993 646 1000 651 ἱ
1028 608 1163 652 oestok,
1180 609 1227 639 Fi-

166 655 212 686 liae
230 653 336 685 nostrae
352 653 500 684 carissimae
512 649 707 682 inComitiva
722 650 773 692 eju}
795 657 842 691 em
857 646 1019 678 Comitiflae
1030 647 1133 678 diutius
1146 658 1229 678 com-

167 693 315 730 morantis,
334 692 477 730 apposuit,
494 691 527 721 &
542 691 627 720 etiarn
641 689 745 731 apponi
759 690 841 729 iecit,
864 723 873 732 Α
1193 726 1198 731 .

204 730 341 762 volentes
365 731 452 762 diet-ae
473 726 633 762 Comitiffx
655 734 771 765 gratiam
789 734 820 754 in
841 724 895 754 hac
915 732 992 764 parte
1013 723 1106 755 facere
1127 724 1231 766 speeia-

168 769 266 839 ierBE
275 800 405 839 DJrMUs
423 806 457 836 &
476 803 533 834 Co
543 811 615 834 Nee
626 812 659 833 ss
669 811 681 832 1
694 810 719 832 M
729 810 752 832 U
764 810 794 839 S,
818 811 870 841 pro
889 802 989 840 nobis,
1005 801 1038 832 &
1059 800 1231 832 Haeredibus

170 845 271 878 nostris
304 846 397 876 eidem
419 842 580 873 Comitiffae
602 841 764 872 Manerium
784 840 972 883 praedietum,
998 849 1069 870 cum
1090 842 1231 879 pertinen-

170 885 231 923 tiis,
254 869 499 914 l-iABENnuM
518 881 551 910 &
569 880 820 910 TENENDUM
846 879 952 909 libi&
972 878 1144 909 Haeredibus
1163 879 1233 918 suis,

129 945 131 947 -
171 924 228 953 una
241 932 311 953 cum
325 920 492 956 warennis,
509 918 716 956 Libertatibus‚
734 919 767 948 &
782 918 918 947 omnibus
929 917 1001 955 aliis,
1017 917 1052 948 ad
1086 918 1234 948 raedizf‘tum

174 960 339 991 Manerium
361 959 599 996 qualitercumque
620 956 839 994 pertinentibus,
857 957 892 986 de
914 956 996 986 nobis
1016 957 1049 986 &
1076 957 1077 961 ’
1100 957 1235 987 aeredibus

172 999 289 1035 nostris,
311 1006 362 1034 per
379 995 425 1026 SE
435 1005 458 1027 R
467 1006 486 1025 v
497 1005 509 1026 1
519 1004 541 1025 T
550 1005 561 1026 1
570 1005 591 1025 A
611 995 677 1026 inde
693 995 787 1026 debita
809 996 843 1025 &
863 993 1010 1033 consueta,
1029 1003 1076 1025 rixi
1085 1004 1103 1025 P
1114 1005 1132 1026 i:
1141 1005 1165 1026 R
1174 1004 1192 1026 P
1203 1005 1238 1034 Εἴ

173 1045 198 1068 τ.
206 1045 229 1067 υ
238 1045 261 1066 υ
268 1044 304 1067 Μ.

210 1072 245 1106 In
261 1074 358 1113 cujus,
377 1073 438 1105 &a

209 1148 303 1195 J’este
324 1150 405 1191 Rege
426 1149 499 1188 apud
521 1148 811 1181 westmonasterium
823 1172 834 1187 ,
851 1148 987 1180 vicesimo
1008 1149 1114 1180 oetavo
1134 1148 1179 1180 die
1199 1148 1242 1181 A-

173 1189 257 1230 pnhs'
671 1228 726 1256 Per
740 1228 834 1256 Breve
845 1226 876 1256 de
882 1228 998 1264 privato
1011 1225 1109 1264 Sigillo.

34 1351 54 1372 ⁸²
65 1355 99 1380 V·
119 1359 163 1389 32·
445 1349 473 1377 ,ᾗ
488 1354 545 1385 Pro
572 1347 798 1384 Mercatoribus
815 1348 993 1384 Brabizntiae.

32 1437 109 1470 Ann-
125 1437 166 1469 D.
185 1437 334 1498 REX,
354 1437 472 1469 Dilecto
493 1436 526 1467 ὃς
546 1436 636 1467 Fideli
649 1436 717 1475 suo,
735 1436 867 1467 waltero
882 1436 917 1466 de
938 1435 1066 1477 Manny,
1088 1436 1244 1468 Admirallo

55 1477 139 1514 1338.
262 1477 284 1507 F
287 1479 352 1508 lotae
372 1477 428 1507 suae
449 1475 598 1514 Navium,
615 1475 651 1505 ab
673 1474 734 1505 Ore
755 1474 848 1513 Aquae
863 1474 1034 1514 Thamiliae,
1052 1477 1142 1506 versus
1156 1484 1246 1514 partes

31 1519 84 1545 An.
103 1525 144 1543 12.
184 1516 326 1554 Boreales,
345 1515 476 1546 Salutem.

31 1558 62 1581 E.
84 1562 108 1589 3-
222 1554 302 1585 Cum
321 1555 392 1584 inter
414 1553 551 1583 Nuncios
571 1551 700 1590 nostrOS,
718 1552 746 1581 in
768 1551 891 1592 partibus
909 1550 1112 1582 Transmarinis
1127 1551 1247 1582 existen-

31 1591 168 1627 Cluus-tz-
183 1602 225 1625 tes
274 1593 323 1631 &,
346 1591 490 1623 Nobilem
513 1591 632 1629 Virum,
658 1590 776 1620 Ducem
797 1590 970 1629 Brabantiae',
998 1588 1247 1629 Conianguineum

33 1634 66 1657 E.
81 1639 108 1665 3-
186 1617 334 1670 nostrum,
353 1641 386 1661 ac
401 1629 535 1669 quosdam
550 1629 724 1660 Mercatores
737 1627 859 1666 ejusdem
875 1628 1006 1660 Ducattis
1020 1628 1191 1666 Brabantiae,
1206 1629 1249 1659 su-

31 1673 58 1705 Ρ·
83 1676 107 1693 ¹·
185 1682 234 1711 per
244 1669 408 1710 quibusdam
424 1668 512 1699 arduis
527 1669 559 1699 δε
574 1668 737 1706 urgentibus
751 1667 885 1706 Negotiis
899 1667 931 1697 fit
943 1667 1130 1704 Traeiatum,

33 1715 71 1734 m·
93 1714 119 1741 7-
225 1709 280 1748 Et,
298 1709 370 1741 inter
384 1715 499 1744 caetera,
518 1705 735 1737 Concordatum
750 1706 829 1743 quod
843 1705 1018 1736 Mercatores
1032 1706 1100 1735 dieti
1118 1705 1250 1736 Ducatfis

186 1747 360 1785 Brabamiae,
379 1747 408 1776 in
430 1745 539 1782 Regno
558 1744 656 1774 nostro
677 1752 911 1780 commorantes,
927 1743 1016 1773 libere
1031 1744 1064 1774 &
1078 1744 1180 1783 absque
1194 1746 1251 1774 im-

186 1787 353 1825 pedimento
371 1792 573 1823 quocumque,
591 1791 659 1814 curri
679 1781 862 1812 Mercandisis
875 1782 907 1812 ὃς
925 1781 1010 1818 Bonis
1026 1782 1093 1821 suis,
1112 1783 1147 1813 ad
1162 1791 1252 1824 partes

206 1826 328 1864 roprias,
352 1822 424 1853 infra
447 1830 558 1852 certum
580 1829 638 1851 tem
660 1830 706 1858 us,
731 1827 865 1860 poterunt
887 1819 914 1850 se
934 1821 1095 1859 transferre,
1123 1822 1155 1851 δε
1179 1821 1250 1852 Duo

185 1835 270 1895 llslilia
291 1863 324 1894 &
346 1861 500 1891 Ducentos
521 1860 624 1890 Saccos
668 1868 746 1897 anae,
763 1857 800 1888 de
817 1858 900 1888 Latiis
915 1867 978 1896 quae
991 1859 1103 1890 fuerunt
1117 1869 1180 1890 ante
1193 1859 1252 1889 Or-

186 1901 361 1933 dinationem
375 1922 384 1937 ,
400 1908 489 1937 nuper
509 1897 614 1929 saetam
628 1921 638 1934 ,
656 1896 692 1927 dc
713 1896 797 1927 Lanis
814 1897 886 1927 infra
906 1896 1041 1936 Regnum
1065 1897 1194 1928 nostrum
1217 1899 1252 1929 ad

187 1950 208 1971 0
228 1950 260 1970 us
280 1937 414 1969 nostrum
434 1947 467 1968 ca
488 1935 591 1974 iendis,
607 1936 703 1967 secum
723 1935 826 1965 ducere
848 1935 882 1965 ad
904 1935 990 1966 dietas
1011 1945 1099 1976 partes
1112 1936 1187 1975 suas,
1203 1937 1253 1968 sub

186 1950 263 2010 salvo
284 1978 316 2008 &
339 1976 437 2007 securo
487 1975 632 2012 onduem,
652 1974 712 2012 iplis
733 1973 944 2004 Mercatoribus
956 1985 971 2004 a
985 1973 1091 2014 Portu,
1111 1985 1170 2013 quo
1182 1985 1253 2007 curn

189 2016 275 2047 Lanis
298 2015 331 2046 δε
351 2014 408 2045 aliis
431 2013 614 2045 Mercandisis
633 2014 685 2043 suis
703 2011 834 2043 recessuri
855 2012 994 2051 existunt,
1011 2022 1060 2053 per
1082 2023 1134 2044 nos
1152 2014 1253 2045 nostro

188 2054 316 2094 periculo
331 2052 477 2090 faciendo,
692 2056 693 2059 ’
1006 2057 1008 2059 '

228 2092 266 2123 Et
277 2093 312 2123 de
325 2090 428 2122 assensu
443 2089 611 2121 eorumdem
628 2088 844 2128 Mercatorurn,
860 2090 1081 2121 ordinaverimus
1095 2090 1256 2129 Paflagium

190 2131 271 2163 suum
291 2129 364 2170 apud
385 2128 507 2160 Portum
521 2128 556 2159 de
569 2127 762 2167 Gippewico,
785 2139 855 2158 cum
871 2128 955 2159 Lanis
973 2130 1006 2160 &
1023 2130 1079 2160 aliis
1094 2129 1256 2161 Mercimo-

191 2171 245 2202 niis
258 2169 308 2200 suis
325 2167 481 2206 praedietis,
496 2167 587 2198 versus
600 2166 687 2197 dietas
701 2176 791 2206 partes
804 2167 855 2197 sub
869 2167 1029 2198 Condudstu
1040 2168 1139 2198 nostro
1149 2192 1159 2208 ,

229 2206 323 2238 Vobis
338 2206 502 2236 mandamus
515 2204 593 2246 quod
607 2213 649 2235 tot
666 2204 781 2243 Naves,
800 2212 872 2243 quot
886 2215 937 2244 pro
952 2205 1023 2236 salva
1038 2205 1187 2238 Dudtione
1201 2206 1259 2238 La-

192 2255 297 2278 narum
316 2244 513 2285 praedie'carurn
533 2243 625 2275 versus
647 2252 733 2281 partes
754 2244 899 2281 praedictas
917 2244 1075 2276 neceffiiriae
1088 2245 1205 2284 fuerint,
1223 2246 1259 2276 de

194 2283 307 2315 Guerra
327 2284 432 2323 parari,
447 2283 481 2314 &
494 2281 674 2313 Hominibus
688 2283 815 2321 armatis,
835 2282 1009 2322 Marinariis,
1027 2283 1061 2314 δε
1074 2284 1130 2315 aliis
1143 2284 1179 2314 N
1181 2294 1257 2315 eces-

193 2323 283 2362 sariis,
305 2321 472 2353 sufficienter
494 2322 614 2358 muniri,
640 2321 674 2352 δε
697 2330 757 2364 eaS,
776 2321 814 2351 sic
835 2330 936 2360 paratas
956 2322 990 2352 &
1010 2324 1150 2363 munitas,
1176 2324 1260 2364 usque

195 2361 366 2402 praedidkum
387 2360 509 2391 Portum
529 2360 565 2391 de
586 2358 778 2398 Gippewico,
796 2359 853 2391 fine
873 2360 1023 2399 dilatione,
1044 2362 1138 2392 venire
1157 2362 1261 2393 faciatis

197 2410 254 2440 pro
275 2399 404 2439 Paffiigio
426 2398 565 2430 Lanarum
581 2398 794 2438 praedictarum,
974 2401 991 2423 .‘

233 2437 389 2477 Navesque
410 2438 467 2468 illas
481 2460 492 2476 ,
517 2438 571 2467 una
591 2447 658 2467 cum
679 2436 763 2466 Lanis
783 2436 940 2475 iamdictis,
963 2436 993 2467 in
1014 2436 1092 2468 dic‘to
1115 2437 1204 2469 Portu
1226 2438 1263 2470 de

198 2476 262 2515 Gip
282 2478 391 2514 ewico,
417 2477 445 2506 iri
469 2476 571 2506 eisdem
593 2475 743 2513 impositis,
768 2475 852 2513 usque
873 2476 960 2507 dietas
979 2483 1067 2516 partes
1090 2476 1264 2516 Brabantiae,

196 2515 248 2547 sub
275 2515 339 2559 alvo
362 2515 395 2546 &
409 2515 507 2545 securo
522 2513 699 2552 Conduiffi,
715 2512 855 2554 proficisci
869 2515 991 2553 faciatis,
1026 2514 1066 2546 Et
1078 2514 1136 2546 hoc
1149 2516 1265 2547 nullate-

196 2563 250 2585 nus
263 2561 410 2584 omittatis.

234 2628 326 2700 {Ili'Seste
344 2629 428 2670 Rege
447 2629 521 2671 apud
539 2628 849 2668 Westmonasterium,
876 2629 1014 2661 vicesimo
1033 2630 1140 2662 oetavo
1158 2631 1204 2662 die
1226 2632 1268 2664 A·

200 2678 245 2715 pri
279 2692 286 2700 .

863 2746 917 2775 Per
931 2744 1012 2785 ipfiem
1027 2747 1131 2784 Regem.

205 2871 254 2905 De
278 2869 438 2905 traaando
465 2882 534 2907 cum
552 2872 682 2903 Domino
707 2869 743 2903 de
759 2871 927 2903 Hcmtevill
942 2871 1034 2918 fitper
1049 2875 1149 2906 Mora
1159 2874 1222 2919 fita
1240 2877 1272 2907 in

605 2917 761 2965 Obfiquiis
788 2921 887 2966 Regis.

208 3003 342 3067 REX
360 3003 526 3044 Univerfis,
544 3003 577 3035 ad
592 3014 662 3045 quos
676 3005 737 3036 &c.
757 3003 891 3035 Salutem.

325 3044 424 3076 Sciatis
437 3044 513 3083 quod
527 3053 594 3082 rios,

245 3084 294 3115 De
307 3082 438 3114 fidelitate
451 3081 566 3123 probata
583 3084 616 3113 ὃς
631 3081 885 3121 circumspectione
897 3082 1034 3122 provida,
1053 3082 1226 3114 Venerabilis
1241 3085 1270 3115 in

209 3121 329 3153 Christo
349 3120 454 3160 Patris,
473 3120 594 3151 Henrici
615 3120 747 3159 Episcopi
768 3120 990 3159 Lincolniensffi,
1015 3131 1066 3161 ac,
1086 3122 1271 3153 Dilectorum

207 3161 242 3191 &
255 3159 395 3192 Fidelium
410 3159 592 3197 nostrorum,
615 3159 766 3191 Willielmi
780 3158 815 3188 de
827 3159 944 3198 Bohun,
962 3159 1221 3199 Norhamptoniae,
1237 3162 1270 3192 ὅτ.

208 3198 332 3229 Roberti
345 3198 382 3229 de
395 3197 522 3237 Ustord,
538 3197 701 3236 Suffolciae,
717 3196 886 3237 Comitum,
906 3199 988 3238 plene
1003 3198 1192 3238 confidentes,

248 3236 295 3268 Ad
307 3236 507 3267 Tractandum
520 3237 554 3268 &
571 3235 817 3267 Concordandum
826 3260 835 3276 ,
849 3237 947 3267 nostro
959 3239 1094 3276 nomine,
1111 3248 1179 3269 cum
1190 3261 1200 3277 ,
1215 3238 1272 3270 Di-

209 3275 287 3306 letsto
307 3275 406 3314 nobis,
425 3274 579 3313 Radulpho
601 3275 790 3306 Condomiiio
810 3275 846 3305 de
869 3276 935 3307 Ali-a
956 3275 1046 3316 Villa,
1065 3275 1178 3317 Milite,
1193 3277 1272 3316 super

213 3313 300 3348 Mora
313 3313 376 3349 sua,
396 3313 544 3344 nobiscum
557 3314 586 3343 in
599 3313 700 3344 nostris
712 3314 851 3352 obsequiis
863 3314 1004 3353 facienda,

250 3352 298 3383 Ac
313 3351 557 3389 adjuramentum
572 3351 721 3382 Fidelitatis
731 3352 765 3383 ab
779 3362 815 3382 eo
828 3352 1038 3393 recipiendum,

249 3390 382 3421 Necnon
404 3389 438 3419 ad
457 3389 564 3428 Vadia,
582 3391 614 3421 ὅτ.
634 3390 727 3420 Feoda
763 3400 795 3421 ac
812 3390 1085 3422 Remunerationem
1100 3402 1275 3432 congruam,

208 3430 286 3469 juxta
304 3427 399 3458 Statfis
412 3428 452 3458 sui
466 3427 624 3472 decentiam
647 3413 842 3466 (consideratis
862 3429 1002 3460 laboribus
1020 3441 1089 3471 quos
1114 3442 1166 3472 pro
1192 3434 1274 3463 nobis

212 3468 311 3506 subiit,
326 3467 360 3497 &
373 3466 440 3496 loco
453 3475 539 3535 guem
554 3467 634 3496 nobis
648 3474 742 3497 tenere
751 3468 852 3506 poterit
864 3468 894 3497 in
909 3468 1021 3506 futuro)
1037 3470 1087 3500 sibi
1099 3469 1274 3501 constituen-

212 3505 339 3575 dumd&
361 3514 452 3536 conce
474 3503 594 3543 endum,
608 3505 642 3536 &
662 3505 840 3536 Solutionem
861 3515 1074 3545 competentem
1086 3508 1154 3539 inde
1170 3510 1220 3540 fibi
1232 3510 1275 3541 fa-

212 3555 277 3576 cien
299 3553 347 3575 um

251 3582 289 3614 Et
306 3582 341 3613 ad
355 3566 455 3612 bmnia
466 3581 518 3612 alia
531 3581 565 3612 ὃς
579 3581 680 3621 singula
694 3580 837 3620 facienda,
855 3592 920 3621 quae
933 3583 963 3613 in
976 3582 1030 3615 hac
1045 3591 1121 3623 parte
1135 3594 1275 3625 oportuna

213 3621 336 3659 fuerint,
355 3622 440 3651 etiam
453 3620 473 3650 fi
487 3619 653 3650 mandatum
668 3620 779 3660 exigant
789 3620 922 3660 speciale,

253 3658 369 3690 Plenam
391 3658 474 3698 Ipsis,
489 3659 522 3689 ὃς
545 3657 667 3688 Duobus
688 3668 805 3697 eorum,
823 3667 921 3689 tenore
937 3660 1131 3700 praesentium,
1149 3663 1276 3694 comitti-

215 3708 277 3729 mus
296 3697 487 3736 Potestatein3
526 3697 699 3727 romittentes
717 3696 786 3726 Nos
805 3696 914 3728 Rarum
933 3699 967 3728 δε
989 3698 1114 3730 Gratum
1134 3701 1276 3732 habituros

214 3736 485 3776 quicquid'praefati,
530 3735 659 3774 piscopus
673 3734 707 3765 &
722 3733 867 3774 Comites,
887 3736 933 3768 vel
946 3735 1005 3768 duo
1019 3747 1137 3778 eorum,
1155 3741 1275 3772 nomine

216 3774 328 3814 nostro,
344 3775 461 3806 fecerint
472 3775 501 3804 in
516 3774 570 3804 hac
583 3781 668 3814 parte.
1038 3798 1048 3801 ,

57 3005 136 3039 Arm.
151 3003 194 3035 D.

55 3044 176 3113 2333·-

26 3135 29 3140 ’
56 3126 181 3190 its)...

63 3208 109 3227 12.
126 3201 156 3225 E.
169 3207 194 3235 3.

60 3242 86 3275 Ρ.
111 3245 135 3264 ῐ.

45 3266 100 3302 ἶιη.
118 3283 159 3310 19.

254 3848 322 3883 Dat.
333 3851 406 3894 apud
417 3850 721 3890 Westmonasterium‚
738 3849 880 3882 tricesimo
895 3849 941 3883 die
954 3850 1064 3890 Aprilis.

1280 174 1312 214 P
1353 177 1395 217 U
1436 179 1467 219 B
1502 174 1536 222 L
1573 176 1593 222 I
1630 183 1668 225 C
1708 181 1756 224 A.
2291 197 2307 225 1
2319 190 2346 234 3·

2341 263 2475 337 Αηη.8ῢ,;

1295 349 1344 380 De
1364 347 1486 392 dive’fis
1510 355 1600 385 Viris
1617 352 1777 387 Nobilibus
1797 358 1829 387 in
1850 353 2002 402 obsequia
2021 358 2108 402 Regis
2129 346 2299 388 retinendls.
2342 314 2414 373 En?
2432 355 2443 382 3
2452 368 2457 374 ·

1341 432 1406 463 EX
1426 434 1592 479 Universis,
1628 436 1751 469 raesentes
1766 431 2058 480 Literasinspefimris',
2077 440 2209 471 Salutem.
2342 440 2395 463 An.
2417 444 2458 464 ¹2·

1388 472 1485 503 Sciatis
1500 473 1577 511 qucd
1626 486 1672 514 os,
2343 479 2373 502 E.
2396 482 2425 511 3·

1306 509 1356 553 De
1372 509 1504 555 fidelitate
1518 514 1634 552 probata
1648 516 1682 545 &
1694 515 1946 553 circumspee'tione
1956 517 2093 556 provida,
2109 516 2215 548 Diletsti
2228 517 2261 548 &
2275 516 2323 547 Fi·
2339 512 2404 541 lbid.

1269 546 1339 578 delis
1349 549 1452 587 nostri,
1472 549 1614 589 Radulphi
1629 550 1808 584 Condomini
1822 555 1856 585 de
1872 555 1937 585 Alta
1951 555 2040 594 Villa,
2060 557 2092 587 ὃς
2108 556 2205 587 Fratris
2219 556 2326 587 Galfri-

1269 585 1297 615 di
1319 586 1354 616 de
1377 586 1517 627 Maldon,
1542 589 1657 621 Ordinis
1679 592 1777 622 Saneti
1798 592 1948 633 Augustini
1968 594 2198 633 Heremitarum,
2224 594 2327 624 intime

1269 623 1458 664 confidentes,

1307 662 1326 682 ²*
1337 663 1382 693 Ad
1399 664 1610 709 Traetandum,
1629 667 1662 697 δε
1677 666 1921 712 Concordandum
1939 680 1992 710 pro
2004 671 2101 709 nobis,
2121 670 2261 702 &nostro
2277 679 2330 702 no·
2346 670 2363 691 ⁴*
2373 673 2408 699 V·
2419 674 2464 709 33›

1271 710 1326 739 ne,
1344 711 1430 743 cuin,
1448 702 1605 734 Nobilibus
1620 705 1695 736 Viris
1709 729 1719 744 ,
2108 723 2110 726 ’

1313 778 1445 815 Hugardo
1463 779 1495 808 de
1507 779 1624 820 Joyvill
1635 783 1751 812 Domino
1768 783 1799 812 de
1814 787 1888 823 Gayo

1313 817 1435 862 Waltero
1447 818 1478 847 de
1491 820 1601 847 Vienna
1616 823 1731 849 Domino
1744 821 1775 850 de
1791 807 1929 851 Miribeilo
1937 844 1947 860 ,

1275 855 1477 924 Mffi{igilbsuedo
1492 857 1523 886 de
1539 856 1723 897 claromonte,
1744 859 1866 899 Mistralz
1881 864 1908 890 V
1909 864 2001 897 ienne,

1313 933 1357 960 Et
1371 917 1488 962 Ainione
1498 935 1614 964 Domino
1627 935 1659 964 de
1673 934 1702 964 la
1722 939 1803 966 Serra
1811 961 1821 975 ,

1313 972 1431 1000 Henrico
1446 971 1478 1000 de
1491 975 1588 1002 Monte
1603 973 1730 1013 Lupello,

1313 1010 1356 1037 Et
1368 1009 1468 1038 Perodo
1484 1012 1599 1041 Domino
1613 1012 1644 1042 de
1659 1015 1756 1051 Turri,

1277 1044 1315 1077 Et
1333 1057 1434 1078 eorum
1453 1047 1581 1087 lingulis,

1319 1122 1369 1154 De
1383 1123 1472 1154 Mora
1485 1124 1548 1163 sua,
1567 1125 1714 1156 nobiscum
1729 1134 1825 1157 contra
1839 1127 1921 1157 nobis
1933 1126 2103 1158 adversantes
2117 1128 2263 1166 facienda,

1319 1161 1358 1193 Et
1377 1161 1410 1192 ad
1431 1163 1518 1202 ipsos,
1536 1165 1685 1195 nobiscum
1704 1165 1740 1195 sic
1760 1166 1939 1202 retinendos,
1964 1166 2139 1196 Fidelitatem
2160 1169 2192 1197 ὃς
2214 1168 2342 1198 securim-⁷

1285 1208 1345 1231 tem
1364 1211 1465 1231 eorum
1482 1203 1592 1241 siugulis
1606 1202 1704 1233 nostro
1718 1205 1837 1233 nomine
1850 1204 2036 1242 stipulandum
2051 1206 2084 1236 &
2098 1206 2306 1243 recipiendum,

1322 1238 1368 1283 Ac
1390 1239 1502 1279 Feoda,
1521 1242 1554 1271 &
1578 1241 1666 1272 Vadia
1686 1250 1826 1281 congrua,
1844 1252 1961 1271 necnon
1975 1242 2247 1274 Remunerationem
2261 1245 2347 1274 ratio-¹

1284 1277 1406 1347 gabilem
1416 1279 1505 1347 ,dipsig
1526 1280 1558 1310 &
1581 1290 1681 1311 eorum
1703 1281 1817 1311 cuilibet
1842 1281 2082 1319 promittendum,
2100 1282 2348 1321 constituendum,

1335 1326 1427 1347 corice
1448 1327 1483 1347 eri
1504 1328 1571 1356 uin,

1323 1353 1361 1385 Et
1381 1365 1412 1385 ea
1425 1379 1434 1393 ,
1453 1366 1516 1395 quae
1539 1357 1577 1387 fic
1596 1357 1727 1388 Traeiata
1741 1380 1749 1396 ,
1768 1356 1952 1388 Concordata
1965 1380 1974 1395 ,
1994 1357 2027 1388 ὃς
2050 1357 2124 1388 Azita
2145 1359 2261 1397 fuerint,
2281 1369 2351 1399 qua·-

1286 1403 1410 1433 cumque
1421 1394 1548 1425 firmitate
1562 1395 1727 1427 Vallandum
1735 1420 1744 1434 ,

1312 1432 1370 1462 ‘Ac
1383 1434 1487 1499 'ii‘mnia
1507 1434 1556 1465 :ilia
1576 1434 1609 1465 &
1628 1434 1732 1473 singula
1752 1433 1934 1473 faciendum,
1951 1444 2016 1474 quae
2037 1434 2185 1466 necessaria
2208 1435 2307 1466 fuerint
2320 1436 2350 1466 in

1310 1479 1388 1499 raemi
1414 1481 1434 1500 is

1289 1478 1309 1552 p·
1328 1493 1473 1550 Praefatis,
1487 1509 1643 1549 Radulpho
1663 1512 1696 1541 &
1709 1511 1795 1542 Fratri
1811 1511 1958 1548 Galfrido,
1977 1510 2108 1550 plenam,
2126 1519 2224 1542 tenore
2235 1512 2354 1550 praesen-

1289 1555 1360 1589 tium
1370 1570 1379 1586 ,
1398 1549 1584 1579 concedimus
1599 1551 1632 1580 ὃς
1648 1551 1854 1581 committimus
1867 1549 2056 1588 potestatem,
2072 1551 2287 1590 promittentes,
2301 1560 2354 1589 pro

1289 1585 1387 1628 nobis,
1405 1586 1438 1616 &
1467 1585 1635 1618 Haeredibus
1656 1588 1774 1626 nostris,
1793 1589 1861 1618 Nos
1882 1588 1990 1618 Rarum
2010 1588 2043 1619 &
2065 1588 2190 1619 Gratum
2210 1589 2356 1623 habituros

1289 1623 1421 1662 quicquid
1443 1634 1492 1663 per
1509 1625 1619 1664 dics‘tOS,
1638 1624 1822 1666 Radulphum
1846 1628 1879 1657 &
1898 1627 2021 1656 Fratrem
2039 1625 2220 1667 Galfridum,
2238 1627 2359 1669 nomine,

1291 1660 1407 1730 nopro,
1421 1663 1551 1732 'Affig'
1569 1665 1614 1695 vel
1632 1664 1755 1695 Gestum
1770 1666 1851 1695 fuerit
1866 1667 1896 1695 in
1913 1664 2066 1704 ptaemiffis.

1345 1710 1365 1729 n
1380 1710 1473 1740 cujus,
1528 1712 1554 1733 c.

1329 1775 1398 1808 Dat.
1412 1778 1486 1815 apud
1500 1779 1542 1810 W
1545 1778 1791 1810 estmonasteiiurn
1801 1802 1811 1818 ,
1830 1778 1970 1810 tricesimo
1982 1777 2030 1808 die
2044 1777 2155 1817 Aprilis,

1294 1906 1343 1938 De
1369 1907 1563 1938 conventione
1593 1918 1661 1939 cum
1680 1902 1800 1940 Mathai
1819 1904 1854 1938 de
1870 1906 1901 1938 la
1926 1908 2025 1939 Brette
2043 1918 2063 1939 a
2083 1908 2160 1953 Rege
2175 1906 2361 1952 confirmata.

1297 1989 1384 2046 RE
1395 1989 1425 2021 X
1443 1991 1604 2030 Omnibus,
1622 1992 1655 2024 ad
1672 2001 1741 2032 quos
1756 1992 1817 2024 &c.
1834 1989 1967 2023 Salutem.

1407 2030 1504 2061 Sciatis
1521 2032 1618 2070 quod,
2378 2029 2455 2061 Ann.
2470 2029 2511 2060 D.

1337 2066 1416 2098 Cum
1432 2069 1519 2107 inter,
1534 2069 1671 2100 dileetum
1684 2070 1718 2101 &
1730 2068 1842 2100 fidelem
1857 2067 2002 2107 nostrum,
2015 2067 2163 2098 Oliverum
2178 2067 2215 2098 de
2228 2067 2360 2109 Ingham,
2405 2069 2490 2109 1338.
2506 2079 2508 2081 ·

1299 2103 1487 2138 Senescallum
1499 2107 1629 2139 nostrum
1646 2108 1809 2146 Vasconiae,
1828 2117 1880 2145 pro
1894 2108 1975 2137 nobis
2003 2116 2036 2136 ex
2051 2115 2127 2147 parte
2142 2107 2198 2138 una
2229 2109 2279 2146 ὃς,
2292 2107 2361 2139 Νο-
2379 2112 2432 2136 An.
2452 2117 2492 2135 iz.

1299 2143 1386 2176 bilem
1409 2145 1581 2185 Mulierem,
1601 2147 1731 2177 Matham
1752 2147 1788 2177 de
1808 2146 1831 2176 la
1848 2145 1958 2183 Brette,
1976 2130 2136 2176 Dominam
2149 2146 2183 2175 de
2197 2130 2361 2186 Montynak
2382 2152 2410 2174 E.
2433 2156 2458 2182 3·

1301 2184 1334 2214 &
1350 2184 1385 2214 de
1400 2183 1543 2224 Genffac,
1562 2195 1595 2215 ex
1610 2185 1678 2224 alia,
1694 2185 1725 2216 sit
1739 2184 1926 2215 Conventum
1942 2185 1975 2214 &
1989 2183 2205 2214 Concordatum
2215 2207 2225 2224 ,
2382 2185 2449 2222 Vasc.
2472 2192 2515 2211 12.

1340 2223 1434 2262 Qiod
1448 2223 1524 2254 dieta
1540 2223 1640 2254 Matha
1654 2224 1755 2262 cedet,
1769 2224 1801 2254 ὃς
1815 2223 1971 2261 concedet,
1986 2222 2068 2252 nobis
2083 2232 2175 2253 totum
2185 2223 2236 2260 Jus
2250 2224 2284 2254 &
2296 2234 2363 2255 om-
2383 2228 2412 2250 E·
2436 2232 2461 2259 3-

1302 2271 1370 2292 nem
1393 2262 1546 2293 Afflonem
1584 2273 1647 2301 quaa
1669 2262 1770 2300 habet,
1789 2262 1833 2291 vel
1857 2261 1958 2291 habere
1980 2262 2083 2300 poterit
2100 2261 2134 2292 ad
2155 2261 2287 2301 Locum,
2306 2261 2366 2294 Ca·
2386 2271 2422 2290 m.
2443 2268 2470 2296 5.

1304 2299 1452 2330 stellaniam
1465 2324 1475 2340 ,
1490 2302 1523 2332 &
1545 2286 1779 2339 firaepofituram
1802 2301 1837 2331 de
1857 2300 2010 2342 Bragerae,
2028 2309 2096 2330 cum
2119 2301 2309 2340 pertinentiis,
2332 2302 2368 2332 &

1304 2339 1335 2368 in
1355 2340 1410 2377 eis,
1429 2349 1463 2369 ac
1480 2339 1507 2370 in
1522 2341 1656 2370 omnibus
1666 2341 1734 2370 locis
1747 2339 1823 2377 aliis,
1838 2347 1901 2376 quse
1916 2342 2028 2368 suerunt
2043 2338 2187 2376 quondam
2199 2338 2321 2370 Domini
2334 2340 2371 2371 de

1305 2377 1440 2417 Bragerac
1459 2379 1487 2407 in
1505 2377 1638 2409 Dioecese
1653 2380 1676 2408 'I
1685 2378 1827 2416 liolosani,
1852 2376 1884 2406 H
1894 2387 1913 2406 A
1923 2385 1942 2406 Β
1951 2385 1969 2407 E
1980 2384 2003 2406 N
2012 2385 2033 2406 D
2043 2386 2064 2406 A
2082 2376 2181 2407 Nobis
2192 2377 2225 2409 &
2240 2377 2371 2409 Haeredi-

1306 2416 1358 2446 bus
1372 2415 1474 2446 nosti-is
1490 2424 1830 2454 IMPERPETUUM,

1343 2453 1379 2484 Et
1401 2454 1478 2493 quod
1498 2455 1572 2486 dieta
1595 2455 1724 2486 Domina
1743 2455 1837 2493 dabit,
1861 2454 1894 2485 &
1915 2453 2056 2484 concedet
2079 2453 2160 2484 nobis
2182 2453 2316 2485 Castrum
2336 2454 2371 2488 ὃς

1306 2491 1412 2523 Villam
1434 2493 1470 2523 de
1492 2493 1672 2533 Montynac,
1692 2503 1759 2524 curn
1781 2492 1951 2532 pertinentiis
1970 2514 1980 2530 ,
2004 2490 2209 2523 HABENDA
2235 2493 2270 2524 &
2298 2492 2374 2525 Tssss

1310 2540 1334 2562 N
1345 2541 1362 2561 E
1374 2540 1395 2561 N
1408 2541 1428 2561 D
1439 2541 1457 2561 A
1479 2531 1592 2571 Nobis,
1611 2533 1643 2563 ὃς
1659 2531 1830 2562 Haeredibus
1844 2529 1944 2560 nostris
1982 2538 2080 2560 IMPE
2090 2539 2113 2560 R
2124 2539 2166 2561 PE
2177 2538 2231 2561 τυ
2241 2537 2299 2561 vivi
2309 2555 2320 2571 ,

1346 2569 1491 2609 Diei-„ique
1511 2570 1659 2610 Domina,
1677 2571 1794 2601 durante
1806 2568 1919 2599 Guerra
1938 2552 2099 2607 &iasconi'ass
2117 2569 2274 2609 concedet,
2293 2571 2327 2602 δε
2341 2569 2375 2600 lia

1309 2609 1417 2639 berabit
1439 2609 1537 2647 nobis,
1563 2610 1595 2640 &
1616 2609 1787 2640 Haeredibus
1808 2607 1926 2645 nostris,
1951 2615 1998 2637 aut
2017 2607 2173 2637 Senescallo
2192 2607 2309 2647 nostro,
2327 2607 2374 2640 vel

1309 2646 1469 2677 Haeredum
1488 2647 1668 2687 nostrorum,
1687 2647 1852 2684 Vaseoniae,
1870 2647 1919 2686 qui
1940 2655 2017 2676 nunc
2033 2645 2093 2685 est,
2112 2646 2156 2675 vel
2170 2647 2218 2685 qui
2231 2656 2285 2683 pro
2298 2656 2373 2678 tern-

1310 2695 1380 2723 pore
1400 2686 1499 2725 fuerit,
1517 2686 1686 2716 Custodiam
1705 2685 1872 2716 Castrorum
1886 2685 1919 2715 &
1935 2683 2083 2714 Locorum
2099 2684 2134 2714 de
2148 2683 2274 2715 Genssac
2289 2686 2322 2716 &
2337 2684 2374 2717 de

1312 2724 1403 2755 Moiit
1418 2723 1496 2763 Mir,
1514 2734 1547 2754 ac
1560 2724 1726 2756 Castrorum
1740 2725 1775 2754 de
1791 2723 1916 2754 Mauron
1932 2722 1965 2752 δί
1980 2723 2015 2752 de
2030 2721 2188 2762 Montent,
2222 2722 2262 2753 Ita
2278 2728 2375 2754 tamen

1312 2763 1389 2800 quod
1409 2762 1484 2793 dieta
1507 2762 1635 2794 Domina
1655 2764 1687 2794 ὃς
1713 2762 1848 2793 Haeredes
1869 2761 1909 2791 sui
1926 2761 2011 2790 libere
2026 2761 2171 2798 percipere
2183 2761 2290 2793 valeant
2304 2761 2376 2794 Fru-

1312 2802 1374 2832 <stus
1386 2802 1420 2832 &
1434 2801 1571 2832 Redditus
1586 2801 1753 2832 Castrorum
1768 2802 1801 2832 &
1816 2800 1963 2830 Locorum
1978 2798 2190 2837 praedietorum.
2364 2826 2365 2829 ,

1348 2839 1387 2870 Et
1408 2840 1484 2871 idem
1505 2839 1670 2870 Senescallus
1691 2839 1785 2870 noster
1799 2862 1809 2878 ,
1840 2839 1869 2868 in
1892 2837 2204 2874 Recompensatioriem
2224 2838 2376 2876 praeditsto-

1312 2888 1391 2916 rum,
1410 2879 1527 2909 nomine
1547 2878 1645 2908 nostro
1652 2901 1663 2918 ,
1681 2878 1836 2917 promiserit
1851 2876 1935 2907 dietae
1950 2874 2062 2906 Mathae
2076 2874 2227 2916 Castrum,
2247 2877 2376 2917 Locum,

1312 2916 1377 2947 Prae
1397 2918 1530 2947 ofituram
1550 2941 1560 2956 ,
1592 2918 1625 2948 &
1645 2916 1837 2947 castellaniam
1857 2914 1892 2944 de
1915 2913 2118 2944 Mont-Andre
2139 2925 2172 2945 ac
2192 2914 2352 2954 Bladagium
2361 2937 2376 2963 ἶ

1312 2965 1372 2994 quo
1414 2955 1547 2985 habemus
1571 2956 1599 2984 in
1615 2954 1691 2985 Villa
1706 2957 1738 2986 &
1756 2952 1923 2985 Castellania
1939 2952 1976 2996 de
1989 2952 2121 2996 ffleynes,
2138 2954 2191 2983 unii
2204 2963 2271 2984 cum
2284 2954 2375 2985 Terra

1312 3004 1396 3034 quam
1411 3004 1497 3034 nuper
1516 2993 1647 3024 Domina
1660 2993 1694 3023 de
1711 2992 1836 3033 Gleynes
1851 2992 1887 3022 de
1899 2991 1981 3021 nobis
1994 2991 2104 3021 ibidem
2118 2992 2207 3022 tenuit
2243 3001 2275 3022 ac
2289 2992 2375 3022 etiam

1313 3042 1381 3063 cum
1403 3032 1533 3063 Manerio
1555 3032 1591 3062 de
1610 3031 1735 3062 Condak
1750 3055 1760 3070 ,
1782 3032 1815 3062 &
1836 3030 2019 3074 Praepositura
2040 3029 2074 3060 de
2089 3029 2183 3073 born,
2208 3014 2376 3069 Memysan,

1313 3070 1506 3102 Herbefavere
1521 3094 1530 3110 ,
1555 3071 1588 3102 &
1611 3071 1647 3101 de
1667 3070 1833 3110 Brassency,
1856 3079 1926 3100 cum
1945 3076 2134 3106 pertinentiis,
2160 3067 2247 3097 ΗΑΒ
2259 3072 2372 3099 ΕΝΒΑ

1314 3109 1400 3140 dietae
1419 3109 1548 3148 Mathae,
1571 3110 1604 3140 ὃς
1623 3109 1792 3139 Haeredibus
1812 3109 1879 3147 suis,
1897 3106 1933 3137 de
1955 3107 2054 3145 nobis,
2078 3107 2111 3136 &
2133 3104 2302 3137 Haeredibus
2322 3116 2376 3137 no-

1315 3147 1394 3186 stris,
1410 3155 1758 3185 IMPERPETUUM,

1351 3187 1437 3218 Salvis
1460 3187 1544 3217 nobis
1570 3186 1738 3225 Homagiis,
1758 3184 1961 3221 Fidelitatibus,
1980 3180 2123 3221 Resortis,
2143 3183 2176 3213 ὃς
2199 3182 2256 3213 aliis
2278 3180 2376 3215 Deve*

1312 3226 1358 3256 riis
1370 3249 1381 3265 ,
1407 3226 1488 3256 nobis
1508 3226 1538 3255 in
1559 3225 1617 3255 aliis
1635 3223 1768 3255 similibus
1789 3223 1877 3253 Locis
1894 3222 1961 3253 dieii
1983 3219 2115 3251 Ducatsis
2132 3220 2231 3252 debitis
2249 3222 2286 3252 ab
2306 3223 2378 3253 anti-

1313 3274 1422 3334 qugri:
1432 3310 1459 3332 M
1473 3325 1483 3341 ,
1500 3302 1577 3342 quod
1598 3301 1684 3340 Nos,
1701 3302 1735 3332 &
1758 3299 1894 3331 Haeredes
1917 3296 2022 3336 nostri,
2044 3297 2160 3328 resarciri
2182 3298 2215 3328 &
2235 3297 2377 3328 restituere

1314 3341 1450 3371 faciemus
1491 3341 1614 3371 raeditfitae
1637 3339 1747 3370 Mathce
1762 3362 1772 3377 ,
1805 3338 1895 3368 Sociis
1917 3337 1950 3367 δε
1971 3335 2158 3367 Servitoribus
2176 3336 2250 3374 suis,
2278 3337 2377 3366 omnia

1314 3379 1450 3419 Dampna
1525 3379 1694 3418 Deperdita,
1718 3387 1781 3415 quze
1801 3377 1871 3416 ipsos
1888 3376 2034 3405 incurrere
2053 3375 2207 3411 contigerit
2227 3374 2376 3404 occasione

1316 3417 1482 3449 adhaesionis
1502 3419 1585 3449 nobis
1607 3417 1689 3447 faeta:
1701 3440 1710 3454 ,
1730 3423 1813 3454 prout
1832 3415 1894 3445 iiaec
1917 3414 1950 3443 ὃς
1966 3413 2016 3443 alia
2034 3413 2065 3456 iii
2075 3414 2194 3455 quadani
2209 3411 2377 3456 Indentura',

1315 3458 1387 3488 inter
1407 3457 1536 3495 praefatos
1551 3480 1562 3496 ,
1586 3454 1771 3486 Senescallum
1791 3455 1824 3484 ἃ
1847 3452 2009 3483 Dominam
2023 3473 2034 3489 ,
2058 3451 2125 3481 inde
2147 3450 2220 3481 faeta
2234 3472 2245 3489 ,
2268 3449 2377 3490 plenius

1315 3503 1514 3534 continentur,

1352 3573 1437 3612 Nos,
1456 3582 1520 3611 quae
1533 3580 1581 3610 per
1595 3568 1742 3609 praefatum
1757 3567 1942 3599 Senescallutn
1958 3564 2087 3609 nostrum
2103 3564 2132 3595 in
2148 3564 2201 3595 hac
2215 3573 2292 3603 parte
2304 3564 2376 3607 faeta

1316 3611 1394 3650 sunt,
1414 3613 1443 3642 in
1462 3611 1598 3641 omnibus
1617 3615 1807 3646 acceptantes,
1825 3617 1874 3645 ea,
1892 3616 1924 3636 ac
1943 3614 2040 3634 omnia
2056 3605 2088 3634 δε
2102 3604 2222 3647 singula,
2240 3612 2376 3635 contenta

1319 3651 1349 3680 in
1371 3650 1447 3681 dieta
1467 3647 1631 3680 Indenturfi.
1650 3655 1783 3685 quatenus
1802 3645 1835 3675 ad
1849 3655 1900 3675 nos
1914 3644 2028 3680 attinet,
2044 3652 2097 3680 pro
2114 3643 2211 3680 nobis,
2229 3642 2263 3672 ὃ(
2275 3641 2376 3675 Haerea.

1317 3689 1404 3719 dibus
1419 3688 1517 3719 nostris
1529 3710 1538 3726 ,
1556 3686 1744 3725 approbamus
1755 3706 1766 3722 ,
1784 3683 1950 3714 ratificamus
1965 3704 1975 3720 ‚
1992 3682 2042 3719 δι’,
2059 3688 2157 3712 tenore
2178 3679 2376 3721 praesentium,

1317 3727 1528 3758 confirmamus.
1730 3727 1734 3733 '

1355 3765 1389 3796 In
1403 3765 1498 3803 cujus,
1517 3764 1576 3795 &c.

1357 3841 1424 3873 Dat.
1441 3840 1513 3881 apud
1528 3837 1814 3872 Westmonasterium
1823 3861 1833 3877 ,
1848 3837 1989 3869 tricesimo
2001 3835 2048 3866 die
2063 3832 2176 3873 Aprilis.

1979 3905 2032 3935 Per
2044 3903 2125 3944 ipsum
2139 3906 2241 3943 Regem.

2243 4100 2261 4119 Ἢ
2277 4100 2377 4129 Liten!
