2562 4279
235 86 295 136 64
669 75 1318 125 CONVENTION

98 165 179 200 Anti.
193 166 237 199 D.
282 169 388 202 Eidem
410 168 522 201 Comiti
542 178 592 208 per
612 164 731 201 Litteras
749 166 857 200 nostras
878 169 1065 200 meminimus
1079 167 1150 200 Nos
1162 165 1312 208 scripsisse,

100 215 216 275 2232.
245 210 368 279 uolo-{ieet
389 245 721 290 Dominus-Robertus,
745 246 894 290 quondam
917 245 1028 278 Comes
1050 244 1205 290 Flandriae‚
1220 243 1313 289 ‚Avus

243 286 304 318 suus
339 286 372 316 &
385 286 424 315 sui
437 285 565 322 Subdiu,
579 284 722 314 <iustarum
733 284 946 316 Dissensionum
959 293 1108 315 materiam
1121 282 1311 326 praebuissent,

281 308 381 355 Nobis
401 330 495 353 tamen
518 323 641 362 placuit,
659 329 712 362 pro
727 324 808 354 bono
823 323 905 355 Pacis
916 325 950 355 &
965 323 1161 362 Concordiae,
1180 323 1252 353 inter
1266 321 1312 352 di-

242 361 304 394 &os
318 361 428 392 nostros
440 362 474 392 &
488 362 549 392 suos
561 361 696 392 Subditos
709 361 911 401 confovendo,

281 399 457 430 Dummodo
477 400 533 437 ipse
546 400 639 431 dictos
653 399 788 431 Subditos
801 400 984 432 effectualiter
997 400 1089 430 facere
1102 399 1185 430 vellet
1199 397 1310 441 desiste-

239 448 271 468 re
291 448 305 468 a
326 447 511 477 quocumque
532 438 680 477 Subsidio,
698 439 805 478 Scotis,
825 439 952 470 Inimicis
968 440 1000 470 δε
1015 437 1181 482 Rebellibus
1192 436 1311 473 nostris,

240 476 439 545 {inpendendo
447 499 468 545 ‚s
474 478 539 545 &Ra
553 476 791 546 Solitimunione,
809 488 879 510 cum
893 477 998 509 eisdem
1010 476 1154 515 Faciendi,
1168 475 1242 507 dum
1255 485 1310 505 no-

261 524 283 544 is
297 523 436 545 exnterint
463 525 489 545 ic
537 526 552 545 e
575 526 590 546 e
612 526 639 547 es

280 552 377 592 Qiod
395 554 505 592 aliquos
526 554 562 585 de
581 556 632 586 suis
645 539 683 586 ’in
702 554 842 594 Regnum
862 555 992 586 nostrum
1008 555 1121 585 mittere
1134 553 1214 591 super
1228 552 1310 584 dieto

238 590 391 661 <articulo,
409 593 444 623 &
463 593 536 632 aliis,
555 603 608 632 pro
621 593 737 634 Treuga
754 594 915 634 hujusmodi
929 593 1051 624 ineundi
1064 592 1238 630 necessariis,
1257 600 1312 622 tra-

271 638 364 661 aturos
378 640 384 659 :

277 667 314 699 Et
333 668 413 709 quod
429 668 513 709 Nos,
531 679 601 702 curn
613 671 697 702 nobis
709 671 744 702 de
756 671 882 710 ipsorum
895 671 1061 702 nominibus
1072 669 1253 706 constitisset,
1271 668 1310 697 eis

242 705 362 738 Litteras
378 708 484 739 nostras
500 708 536 741 de
549 709 625 740 salvo
640 711 673 741 &
689 710 787 741 securo
800 709 960 741 conductu
971 709 1062 740 facere
1075 709 1260 745 volebamus,

280 744 430 786 Didioque
452 746 570 778 Comite
580 749 640 786 jam
655 750 684 778 in
720 750 823 780 artibus
837 749 981 786 Franciae,
1000 756 1032 778 ut
1047 747 1181 789 refertur,
1196 754 1308 776 moram

241 782 380 824 faciente,
397 795 465 825 vos,
483 786 520 817 de
540 789 596 825 ejus
619 786 693 818 Man
715 795 777 825 ato,
795 796 827 817 ut
848 787 975 824 asseritis,
994 787 1028 817 &
1048 784 1208 822 Conseniu,
1220 795 1260 828 'ac
1273 783 1309 814 de

242 822 374 855 Consilio
391 825 425 856 &
449 825 568 856 Affensu
589 826 674 856 totius
695 826 797 857 Patriae
820 825 977 863 Flandriae,
999 834 1048 863 per
1067 824 1168 854 vestras
1189 824 1308 854 Litteras

239 859 311 906 N.0⁵
324 863 455 903 rogastis,
473 872 504 895 ut
521 865 591 895 inter
607 864 675 894 Nos
690 866 723 896 &
737 865 847 894 nostros
862 864 1013 901 Subditos,
1029 864 1062 894 &
1079 862 1229 901 praefatum
1244 862 1308 892 Co-

239 908 342 932 mitem
361 903 396 933 δε
416 903 478 933 suos
498 902 634 934 Subditos
655 902 794 934 Flaiidriae
813 903 958 941 Treugam
981 902 1156 940 concedere,
1176 911 1225 941 per
1244 910 1307 932 cer-

239 946 304 970 tum
319 942 496 977 terminum,
507 951 560 979 pro
575 940 676 972 nostro
690 942 772 972 libito
786 941 964 978 duraturam,
979 941 1174 978 dignaremur:

277 977 331 1018 Et,
353 980 423 1010 infra
445 979 556 1010 dicitum
577 980 769 1019 Temnum,
787 989 881 1010 certos
900 980 934 1010 &
957 980 1161 1010 convenientes
1180 978 1258 1009 diem
1272 977 1306 1008 &

238 1015 340 1048 locum
359 1017 510 1057 affignare,
527 1017 562 1048 ad
577 1028 650 1056 quos
663 1019 739 1050 idem
756 1018 882 1057 Comes,
900 1028 953 1057 pro
967 1018 992 1048 se
1005 1019 1038 1049 &
1054 1017 1147 1048 Patria
1162 1018 1208 1049 sui
1224 1017 1305 1048 Flan-

237 1054 326 1094 driae,
341 1066 432 1088 certos
450 1057 604 1095 Nuncios,
622 1067 691 1088 cum
713 1057 861 1088 sufficienti
884 1056 1025 1088 Potestate
1038 1057 1074 1087 de
1089 1056 1163 1088 Pace
1174 1058 1208 1089 ὅ(
1223 1056 1306 1088 Con-

236 1094 336 1124 cordia
359 1096 540 1134 tractaturos,
557 1098 662 1133 poterit
682 1096 838 1134 destinare,
857 1095 1040 1136 supplicando
1051 1096 1135 1126 etiam
1151 1104 1181 1126 ut
1198 1096 1305 1127 nostras

235 1131 356 1176 Litteras
376 1133 412 1164 de
433 1134 591 1165 Conduetu
606 1158 616 1174 ,
643 1136 673 1166 in
694 1135 744 1166 illo
764 1143 884 1174 eventu,
909 1135 993 1166 dietis
1015 1133 1247 1165 Procuratoribus
1266 1136 1305 1167 fic

236 1170 370 1202 Venturis
385 1172 442 1203 fieri
457 1173 607 1210 faciamus;

273 1208 433 1242 Afferentes
446 1212 480 1243 &
514 1213 710 1249 romittentes,
727 1220 761 1242 ex
776 1220 853 1251 parte
865 1212 935 1242 dic'ti
949 1211 1074 1242 Domini
1087 1211 1189 1251 vestri,
1205 1213 1303 1253 quod,

234 1248 254 1279 fi
269 1248 338 1292 Nos
350 1221 512 1288 hujusmodi)
525 1251 712 1290 Requisitioni
725 1250 825 1282 vestrae
839 1251 1001 1281 duxerimus
1013 1250 1196 1294 annuendum
1204 1251 1284 1290 ,Vos
1293 1276 1303 1291 ,

232 1286 391 1325 huiusmodi
411 1288 533 1325 Treuga
555 1290 599 1320 vel
620 1289 693 1320 Pace
710 1289 887 1327 durantibus,
904 1290 940 1320 ab
955 1299 1037 1319 omni
1051 1288 1202 1327 Subsidio,
1219 1290 1304 1322 dictis

233 1325 328 1357 Scoris
344 1350 353 1365 ,
378 1328 462 1358 nobis
484 1328 650 1367 Rebellibus
663 1353 673 1366 ,
699 1328 892 1366 impendendo
907 1351 916 1366 ,
939 1328 972 1358 &
992 1338 1008 1358 a
1027 1326 1304 1360 Communicatione

231 1366 428 1434 gusmsteisdem
447 1366 590 1405 facienda,
618 1366 754 1406 quamdiu
772 1368 856 1398 nobis
877 1366 1009 1397 Rebelles
1030 1366 1152 1406 fuerint,
1178 1369 1304 1400 omnino

255 1413 290 1434 ei
318 1413 377 1436 etis.

271 1441 341 1474 Nos
359 1445 458 1483 igitur,
475 1444 633 1483 hujusmodi
655 1444 850 1482 Requisitione
864 1443 956 1475 vestra
969 1444 1078 1484 plenius
1090 1444 1250 1485 interiens,
1269 1456 1303 1477 ac

231 1480 414 1514 desiderantes
434 1484 506 1514 inter
526 1483 595 1514 Nos
614 1485 648 1515 &
667 1484 781 1515 dictum
800 1483 970 1521 Comitem,
989 1484 1022 1514 &
1046 1483 1159 1514 nostros
1172 1485 1204 1515 &
1221 1486 1304 1522 ipiius

232 1519 369 1552 Subditos
390 1522 484 1552 mutui
503 1524 607 1552 amoris
626 1523 818 1560 integritatem
837 1522 993 1553 reformare
1043 1522 1207 1561 Treugam,
1230 1525 1303 1556 inter

233 1558 345 1590 nostros
363 1561 397 1591 &
417 1560 481 1591 suos
500 1561 635 1592 Subditos
654 1561 821 1599 praedictos,
837 1561 921 1600 usque
942 1561 977 1591 ad
1002 1544 1118 1591 Festum
1130 1562 1226 1593 Sanffl
1240 1562 1304 1593 Mi-

235 1598 339 1629 chaelis
358 1600 496 1639 proximo
516 1599 663 1637 futurum,
683 1601 702 1619 *²
716 1600 847 1630 duximus
868 1599 1102 1638 concedendam,
1116 1600 1186 1631 dum
1208 1609 1303 1632 tamen

235 1637 366 1677 praefatus
381 1637 492 1669 Comes
504 1638 622 1669 eandem
636 1639 784 1678 Treugam
800 1640 904 1677 (quam
916 1638 1088 1669 Procurator
1105 1639 1214 1678 vester,
1231 1641 1302 1671 cum

234 1675 393 1713 adiefflone
408 1676 592 1708 Conditionis
607 1678 769 1717 praedictae,
787 1677 913 1715 firmate,
931 1676 976 1706 seu
990 1685 1136 1712 acceptare
1150 1680 1302 1717 renuebat)

235 1715 305 1744 citra
326 1715 441 1746 Festum
464 1715 578 1746 Paschae
598 1718 734 1755 proximo
756 1717 884 1747 futurum
898 1723 1042 1755 acceptet,
1060 1716 1095 1747 ὃς
1108 1726 1174 1747 earn
1190 1718 1218 1747 in
1233 1726 1304 1749 terra

232 1752 371 1784 Flandriae
392 1754 543 1794 publicari,
563 1755 597 1786 &
607 1755 700 1786 dic‘tos
715 1755 849 1785 Subditos
863 1754 924 1784 suos
939 1765 954 1784 a
969 1764 1141 1793 quocunque
1155 1755 1303 1796 Subsidio,

232 1791 316 1822 dietis
336 1792 429 1823 Scotis
449 1792 597 1832 faciendo,
615 1794 649 1824 &
670 1804 686 1824 a
707 1792 984 1824 Communicatione
1005 1803 1072 1824 cum
1094 1793 1215 1833 eisdem,
1235 1795 1305 1827 sicut

231 1830 402 1871 praedieium
424 1831 482 1871 est,
499 1832 645 1871 faciendi,
663 1833 788 1863 omnino
807 1831 935 1863 deiistere
960 1832 1063 1872 faciat,
1079 1833 1155 1871 quta
1176 1833 1304 1866 Promis-

232 1869 341 1900 sionem
355 1869 476 1901 vestram
490 1871 687 1909 supradictam.

269 1908 340 1938 Nos
358 1910 437 1939 enim
457 1919 570 1940 exnunc
591 1909 811 1941 Constabulatio
838 1910 931 1942 Castri
954 1910 1043 1942 nostri
1063 1911 1218 1943 Dovorriae
1232 1935 1242 1950 ,
1268 1913 1302 1944 &

231 1945 356 1977 Custodi
379 1947 518 1987 Qiinque
539 1948 682 1979 Portuum
704 1948 870 1979 nostrorum
885 1972 894 1987 ,
919 1950 962 1978 vel
983 1951 1038 1987 ejus
1059 1950 1178 1981 Locum
1198 1953 1304 1982 tenenti

230 1984 353 2024 ibidem,
372 1996 420 2024 per
439 1985 547 2017 nostras
570 1986 686 2018 Litteras
703 1989 786 2026 (quas
800 1988 918 2026 praefato
930 1987 1112 2019 Procuratori
1125 1989 1220 2019 vestro
1234 1989 1305 2020 libe-

232 2024 373 2060 ravimus)
391 2024 521 2055 dedimus
541 2027 570 2056 in
590 2025 748 2064 Mandatis,
765 2026 845 2065 quod
867 2025 964 2056 statim
980 2027 1067 2096 ficum
1082 2027 1130 2058 sibi
1147 2027 1304 2061 constiterit

229 2060 312 2092 Treu
333 2073 378 2093 am
398 2063 566 2102 praediEtam
590 2064 653 2095 fore
671 2066 699 2096 in
722 2065 803 2096 dietis
826 2065 947 2103 partibus
961 2066 1097 2096 Fandriae
1113 2067 1286 2104 publicatam

230 2100 265 2131 &
288 2071 490 2146 Inffiibitionem
513 2103 617 2135 facetam
635 2104 676 2147 'de
697 2103 846 2151 Subsidio,
862 2105 896 2136 &
919 2103 1199 2149 Communicatione
1211 2091 1305 2145 hujuiff

228 2140 312 2170 modi
347 2151 417 2172 cum
438 2141 533 2173 Scotis
554 2142 695 2180 praedictis
717 2142 864 2180 facienda,
883 2153 912 2172 in
933 2143 1028 2175 forma
1041 2143 1218 2183 supradicta)
1239 2156 1305 2176 ean-

230 2177 299 2223 dem
319 2164 480 2225 ³1'reugam·
494 2182 523 2211 in
543 2181 657 2219 singulis
680 2181 822 2226 Portubus
843 2183 876 2213 &
889 2182 960 2213 locis
973 2182 1085 2227 Ballivae
1099 2183 1153 2213 suae
1167 2185 1306 2224 publicari

230 2217 321 2287 gaecia}
339 2220 373 2250 &
394 2228 482 2250 teneri
489 2242 499 2258 ,
517 2220 550 2251 δε
574 2220 644 2251 Nos
665 2221 788 2252 similiter
809 2220 838 2252 id
857 2220 935 2252 idem
954 2222 1021 2253 alibi
1041 2232 1070 2253 in
1087 2221 1192 2262 Regno
1205 2223 1305 2255 nostro

268 2267 289 2286 ri
317 2267 448 2290 aciemus.

266 2295 410 2327 Volumus
427 2296 536 2337 insuper
558 2297 655 2338 quod,
673 2299 741 2329 citra
764 2297 882 2329 Festum
902 2298 1070 2330 Nativitatis
1091 2299 1304 2338 sanetiJohan-

230 2333 273 2363 nis
289 2333 420 2373 Baptistae
434 2337 571 2372 proximo
586 2337 731 2373 futurum,
750 2346 836 2367 certae
854 2338 999 2377 personae,
1016 2336 1202 2368 sufficientem
1217 2338 1303 2370 Pote-

230 2370 333 2402 statem
359 2374 394 2403 ab
425 2373 484 2411 ipso
515 2373 635 2405 Comite
655 2375 688 2405 &
713 2374 979 2406 Communitatibus
1002 2376 1142 2406 bonarum
1166 2377 1303 2409 Villarum

231 2409 372 2441 Flandriae
393 2410 544 2451 habentes,
563 2413 598 2444 ad
619 2412 777 2448 huiusmodi
801 2414 965 2452 Treugam,
984 2415 1017 2445 &
1038 2414 1087 2444 alia
1107 2425 1170 2445 eam
1185 2425 1304 2456 tangen-

233 2449 286 2486 tia,
305 2449 495 2489 firmandum,
515 2461 631 2483 necnon
650 2452 684 2483 &
707 2461 816 2492 tempus
831 2452 992 2490 hujusmodi
1006 2452 1132 2492 Treugae
1147 2464 1304 2495 prorogan-

232 2487 318 2526 dum,
336 2488 371 2519 ad
393 2488 461 2520 Nos
485 2490 569 2529 usque
591 2489 723 2522 Eborum
744 2491 979 2530 transmittantur,
1000 2501 1054 2529 pro
1069 2493 1171 2529 quibus
1186 2493 1303 2525 Litteras

231 2524 340 2558 nostras
354 2527 391 2557 de
401 2527 476 2558 salvo
489 2529 522 2559 &
535 2529 632 2560 secuto
644 2528 803 2561 Condu&u
813 2530 874 2568 jam
889 2529 964 2569 fieri,
981 2530 1015 2562 &
1029 2531 1110 2562 dieto
1122 2530 1303 2565 Procuratori

228 2563 325 2597 vestro
340 2565 545 2598 Mandavimus
554 2567 674 2599 liberari.

82 1621 99 1638 ·
115 1621 169 1650 111.

82 1658 151 1696 998·

265 2642 335 2675 Dat.
350 2643 423 2683 apud
440 2642 660 2685 Knaresburgh,
679 2646 727 2677 26.
741 2646 788 2678 die
803 2646 955 2679 Februarii.

384 2770 433 2801 De
450 2771 570 2817 Treuga
586 2782 655 2803 cnm
677 2770 906 2815 Flandrenfibus
922 2771 1154 2806 Proclamanda.

230 2855 288 2917 E
296 2855 326 2887 T
342 2854 514 2887 Mandatum
528 2855 570 2886 est
577 2855 734 2888 Edmundo
741 2882 749 2894 ,
757 2856 869 2888 Comsti
884 2857 1010 2896 Kantiae,
1017 2858 1235 2892 Constabulario
1243 2860 1302 2892 Ca-

307 2895 356 2926 stn'
365 2895 451 2934 Regis
463 2894 619 2925 Dovorriae
627 2918 636 2934 ,
645 2896 678 2926 &
687 2895 809 2927 Custodi
824 2897 964 2936 Quinque
980 2896 1123 2928 Portuum
1130 2898 1229 2939 Regis,
1240 2901 1305 2931 Fra-

235 2937 271 2967 tri
292 2933 381 2978 Regis
393 2933 555 2971 kariffimo,
572 2933 617 2963 vel
633 2935 689 2972 ejus
704 2934 819 2965 Locum
832 2937 955 2974 tenenti,
971 2937 1069 2979 quod,

271 2973 302 3006 Si
324 2981 391 3003 citra
412 2972 523 3002 dictum
546 2971 662 3002 Festum
686 2972 800 3003 Paschae
822 2974 873 3004 sibi
893 2973 1050 3006 constiterit
1070 2975 1182 3007 dietum
1198 2976 1305 3008 Comi-

233 3019 312 3051 tem,
329 3011 376 3042 vel
396 3012 455 3049 ejus
473 3009 559 3040 Vices
573 3019 701 3050 gerentes
717 3011 885 3050 praediffltos,
903 3012 1108 3044 Inhibitionem
1123 3015 1157 3045 &
1171 3015 1306 3048 Publica-

233 3052 342 3120 tiionem
364 3049 513 3088 praedidhis
531 3049 562 3079 in
585 3049 661 3080 diets
681 3049 752 3080 terr&
772 3050 910 3082 Flandriae
929 3051 1027 3082 fecisse
1044 3053 1074 3083 in
1094 3053 1191 3086 forma
1213 3054 1306 3094 supra-

256 3091 310 3120 1613

271 3112 360 3159 Tu'nc
381 3126 463 3158 Treu
485 3136 551 3165 am,
572 3136 621 3164 per
641 3125 756 3166 Regem
771 3127 952 3166 concessam,
971 3128 1056 3168 usque
1071 3129 1104 3159 ad
1121 3131 1233 3162 dictum
1250 3133 1306 3164 Fe-

233 3165 309 3198 stum
325 3166 422 3196 SanCii
477 3165 588 3196 ichaelis
603 3165 782 3203 duraturam,
800 3167 829 3196 in
848 3166 957 3206 singulis
971 3166 1057 3206 locis,
1074 3169 1103 3198 in
1118 3168 1223 3201 Balliva
1236 3171 1284 3202 sua
1294 3195 1305 3211 ,

231 3206 282 3236 ubi
298 3203 429 3242 expedire
440 3204 559 3242 viderit,
576 3203 692 3244 publice
704 3204 872 3243 proclamari
887 3207 920 3236 &
939 3207 1028 3235 teneri
1044 3207 1147 3244 faciat3

270 3243 404 3274 Inhibens
425 3243 563 3272 omnibus
583 3243 617 3273 ὃ(
633 3242 758 3282 fingulis,
777 3242 813 3273 de
827 3242 928 3273 eadem
942 3243 1048 3274 Balliva
1062 3245 1124 3283 sua,
1145 3246 1224 3283 quod
1239 3247 1306 3279 Ho-

232 3283 378 3317 minibus,
397 3289 443 3311 aut
464 3279 693 3320 Mercatoribus,
712 3281 749 3312 de
770 3281 909 3319 potestate
923 3281 991 3312 dicti
1005 3280 1131 3314 Comitis
1149 3284 1172 3313 F
1174 3285 1304 3325 landriae,

232 3323 264 3352 in
286 3320 410 3361 personis
431 3326 477 3348 aut
498 3317 599 3349 Rebus
616 3319 683 3357 suis,
701 3319 817 3351 durante
833 3320 950 3361 Treugfi
964 3321 1118 3360 praedicti,
1132 3322 1304 3362 Dampnum

231 3369 293 3391 non
307 3358 426 3390 inferant
441 3356 488 3387 seu
528 3366 658 3387 ravamen
674 3367 680 3386 :

269 3397 324 3435 Et,
343 3397 414 3428 ciim
435 3395 501 3433 huju
514 3395 592 3425 modi
615 3394 842 3427 Publicationem
864 3397 978 3435 fecerit,
994 3396 1069 3437 Regi
1095 3399 1178 3438 inde,
1196 3400 1246 3432 sub
1260 3402 1306 3432 Si-

230 3436 300 3476 gillo
320 3437 388 3474 suo,
406 3433 539 3465 distincte
554 3434 589 3465 &
602 3436 696 3474 aperte
711 3435 839 3465 constare
853 3436 946 3466 faciat·
970 3445 1001 3466 ut
1014 3435 1097 3475 Rex,
1116 3439 1184 3470 inde
1199 3441 1305 3471 certio-

231 3484 306 3507 ratus
315 3498 325 3513 ,
342 3474 489 3514 Treugam
501 3473 578 3504 illam
593 3472 661 3503 alibi
675 3474 705 3504 in
720 3473 826 3514 Regno
839 3473 890 3505 suo
903 3460 1039 3514 publicari
1051 3474 1143 3508 faciat.

266 3549 356 3581 Teste
370 3549 453 3590 Rege
466 3548 539 3589 apud
553 3548 758 3588 Knaresburgh
767 3573 776 3589 ‚
796 3550 843 3581 26.
857 3550 903 3582 die
915 3550 1067 3583 Februarii.
1134 3595 1145 3605 X

693 3609 747 3638 Per
761 3607 843 3648 ipfitm
858 3610 953 3647 Regem
967 3606 1005 3644 ό·
1020 3607 1171 3639 Concilium.

81 2878 158 2911 Anii.
171 2876 212 2908 D.

81 2926 188 2985 Αἴὲἷέ·

81 3000 112 3024 ε.
128 2978 153 3023 '2.
190 2976 195 2982 ’

79 3033 216 3069 Claufii6.

81 3076 113 3100 Ζ.
134 3081 160 3099 2.

81 3120 119 3141 vi.
137 3110 214 3146 14.d.

327 3691 440 3723 Eodem
461 3693 552 3726 modo
567 3693 698 3726 scribitur
712 3694 868 3735 subscriptis
883 3696 1043 3735 separatim;
1061 3695 1212 3736 videlicet,

333 3806 338 3810 ,
375 3810 379 3814 ,
464 3770 506 3808 ’ff-
525 3769 563 3805 ὠ
577 3770 645 3808 suff.

272 3808 379 3840 Masuri
394 3803 432 3838 ὠ
445 3809 566 3838 Ballivis
580 3813 607 3837 V
608 3809 663 3839 illae
678 3810 710 3839 de
724 3812 819 3840 Lenne

270 3842 391 3875 Ballivis
407 3846 434 3873 V
435 3844 487 3876 illae
499 3848 531 3877 de
548 3851 655 3887 Alagma
669 3834 846 3887 Jernemutss.

270 3770 299 3797 V
299 3770 398 3797 icecom.
417 3770 462 3798 No

1347 78 1479 127 ES,
1535 78 1929 128 LITERAE‚

2442 160 2519 194 Anna
2530 163 2562 196 D

2466 210 2549 243 1323.

1704 254 1754 286 De
1771 250 1897 285 Orando
1909 262 1966 298 pro
1983 254 2070 298 Rege.
2438 240 2509 270 Ην·
2525 246 2553 272 ⁵·

1354 331 1410 391 R
1420 331 1487 381 EX
1496 360 1504 375 ,
1520 337 1642 368 Dileffls
1654 335 1750 382 fibi.³1¹
1765 336 1900 376 Christo,
1909 336 2053 381 Magistro
2064 328 2325 380 Ordinis-Fratrum
2339 332 2419 366 Prae-
2436 329 2552 392 247¹·16·

1430 375 1605 415 dicatorum,
1624 376 1769 407 Prioribus
1783 377 1816 407 ὃς
1831 376 1969 407 Fratribus
1980 375 2102 414 ejusdem
2117 372 2250 412 Ordinis,
2267 373 2302 403 ad
2316 372 2416 404 Gene-
2489 376 2516 396 2·

1349 412 1404 442 rale
1425 413 1593 454 Capitulum
1615 416 1712 453 suum,
1736 415 1809 454 apud
1831 415 2040 445 Barchinonam
2058 414 2088 443 in
2110 411 2258 457 Ispanum,
2282 413 2312 442 in
2333 412 2418 444 Festo
2436 403 2562 443 Claufiffl·

1350 449 1533 483 Pentecostes
1547 455 1682 493 proximo
1697 454 1809 492 futuro,
1823 452 2035 484 Celebrandum
2043 474 2054 490 ,
2069 459 2268 490 conventuris,
2282 451 2418 491 salutem,
2438 445 2470 509 {s
2485 453 2502 470 ²

1349 488 1384 520 &
1398 489 1502 528 Spiritu
1517 491 1624 522 saneto
1636 492 1717 530 dirigi
1731 493 1761 522 in
1776 492 1913 529 Agendis.
1973 530 1978 535 ¹
2023 530 2029 535 ι
2228 529 2234 534 ,
2396 530 2403 537 ·
2492 481 2562 519 ¹4·AE

1387 527 1470 559 Dum
1490 530 1666 569 fragilitatem
1691 530 1837 561 l-Iumanae
1859 529 2042 561 Conditionis
2063 528 2098 559 ad
2114 537 2284 560 memoriam
2305 529 2418 561 reduci-

1351 574 1432 606 mus,
1451 569 1563 600 oculata
1584 568 1639 599 fide
1655 570 1851 608 conspicimus
1868 568 2006 600 Humana
2018 566 2125 606 singula
2140 567 2323 606 coruptibilia
2337 568 2416 608 fore,

1350 605 1384 635 &
1397 607 1507 637 transire
1520 607 1556 637 de
1569 606 1644 637 facili
1657 607 1692 638 ad
1705 618 1765 638 non
1780 608 1845 638 esse.

1386 643 1573 676 Confidentes
1595 646 1600 650 '
1622 647 1675 676 itur
1695 645 1731 675 de
1744 646 1934 677 misericordia
1947 645 2165 686 omnipotentis
2178 644 2237 676 Dei
2249 649 2257 682 (
2267 646 2346 686 cujus
2360 655 2415 677 vo-

1347 679 1448 714 luntati
1462 685 1561 715 omnia
1574 654 1768 722 siffiiciuntur)
1787 686 1820 717 &
1834 685 1915 725 quod
1930 685 1965 716 ad
1975 685 2095 716 eandem
2109 683 2338 724 consequendum
2350 684 2414 716 Dea

1347 729 1484 752 votorum
1499 732 1595 760 preces
1609 721 1732 754 multum
1746 731 1881 763 poterunt
1893 723 1955 755 suff
1997 725 2052 763 ari,

1384 758 1587 791 Devotionem
1601 760 1723 792 vestram
1737 761 1768 791 in
1785 761 1920 793 Domino
1934 773 1949 792 a
1991 763 2090 794 &uose
2101 762 2269 800 requirimus
2283 762 2315 793 δε
2329 771 2413 802 roga-

1348 805 1428 836 muS,
1443 800 1572 839 quatinus
1592 798 1676 838 Nos,
1693 801 1727 830 &
1745 798 1908 839 Isabellam,
1927 800 2074 840 Reginam
2089 801 2218 839 Angliae,
2236 800 2411 832 Consortem

1345 836 1474 867 nostram
1494 837 1693 876 Cariffimam,
1711 847 1744 868 ac
1764 838 1884 870 Liberos
1896 839 2025 878 nostros,
2044 841 2074 870 in
2090 838 2238 869 Misiararn
2252 839 2411 878 solempniis

1347 875 1367 892 ²¹¹²
1376 876 1386 908 (
1395 884 1444 913 per
1461 886 1513 906 vos
1526 876 1717 910 celebrandis)
1735 877 1769 908 &
1781 877 1838 908 aliis
1852 877 2037 909 Orationibus
2051 877 2149 909 vestris
2161 878 2270 909 devotis
2279 902 2288 916 ‚
2305 878 2411 917 specia-
2435 886 2451 903 ³
2461 889 2514 917 111„

1345 911 1407 943 liter
1428 914 1648 945 commendatos
1668 915 1759 945 velitis
1773 916 1876 946 habere
1891 938 1900 954 ,
1925 916 1959 947 &
1982 926 2031 954 per
2051 915 2216 948 Confratres
2234 917 2359 956 vestros⁷
2382 918 2411 948 in
2435 933 2502 962 999,

1346 949 1497 983 Domibus
1513 950 1631 984 Ordinis
1648 953 1735 992 illius,
1754 953 1784 984 in
1807 953 1961 985 Musarum
1974 954 2150 995 solempniis,
2167 956 2201 987 &
2214 954 2350 987 Precibus
2360 956 2416 987 suis

1346 989 1472 1030 devotis,
1490 991 1562 1022 Deo
1576 992 1669 1023 facere
1682 991 1805 1022 similiter
1820 992 2036 1032 commendari,

1383 1028 1468 1067 Ipsius
1499 1030 1726 1062 Misericordiam
1748 1040 1801 1069 pro
1823 1031 1907 1061 nobis
1920 1031 2024 1071 jugiter
2050 1031 2252 1071 implorantes,
2275 1041 2307 1064 ut
2329 1033 2413 1066 nobis

1348 1069 1489 1100 concedat
1508 1070 1648 1105 Regnum
1665 1069 1699 1100 &
1713 1069 1835 1108 Terras,
1853 1069 1959 1100 nostrae
1977 1068 2092 1101 Ditioni
2110 1071 2249 1108 subifflm,
2266 1081 2300 1102 ac
2314 1072 2415 1111 Popu-

1343 1104 1424 1146 lum,
1442 1108 1541 1139 nostro
1555 1102 1711 1148 Regimini
1731 1107 1947 1147 Commissum,
1965 1108 2002 1140 sic
2023 1118 2117 1149 regere
2130 1110 2160 1139 in
2173 1109 2314 1148 praesenti,
2331 1110 2416 1150 quod

1344 1155 1413 1177 cum
1427 1146 1534 1178 Eleffls
1547 1147 1599 1179 suis
1613 1156 1727 1186 regnare
1739 1146 1875 1185 possimus
1887 1148 2067 1188 perhenniter
2079 1149 2109 1178 in
2119 1147 2225 1178 futuro.

1382 1222 1451 1255 Dat.
1467 1224 1541 1265 apud
1556 1223 1777 1265 Knaresburgh,
1795 1224 1935 1256 vicesimo
1949 1224 2026 1257 sexto
2039 1225 2085 1256 die
2100 1225 2252 1256 Februarii.

1852 1297 1905 1325 Per
1919 1298 2013 1333 Breve
2027 1295 2060 1326 de
2066 1298 2184 1335 privato
2199 1294 2299 1333 Sigillo.

1421 1430 1471 1462 De
1487 1427 1616 1476 Judicio
1629 1428 1722 1476 sitper
1741 1427 1871 1463 Andreu
1889 1428 1926 1463 de
1945 1429 2080 1463 Hartcla
2091 1428 2329 1477 pronunciando.

1340 1513 1488 1570 REX,
1516 1513 1626 1545 dileffls
1652 1514 1685 1545 &
1712 1514 1839 1546 fidelibus
1865 1515 1917 1546 suis
1931 1539 1941 1554 ,
1963 1515 2121 1548 Edmundo
2143 1514 2257 1546 Comiti
2278 1514 2413 1555 Kantiae‚

1414 1553 1500 1585 Fratri
1518 1552 1617 1584 nostro
1630 1553 1790 1592 carissimo,
1800 1554 1928 1593 Johanni
1943 1554 1980 1585 de
1994 1554 2169 1596 Hastynges,
2182 1553 2408 1592 Consanguineo
2429 1551 2506 1586 Ann.
2515 1553 2556 1589 D.

1340 1590 1441 1622 nostro
1463 1591 1623 1630 cariilimo,
1644 1590 1800 1632 Radulpho
1819 1592 1924 1631 Baffet,
1939 1592 2066 1632 Johanni
2085 1594 2214 1632 Pecche,
2229 1591 2356 1632 Johanni
2370 1593 2407 1624 de
2449 1601 2536 1634 1323.

1341 1630 1386 1661 W
1405 1630 1501 1669 ssiam,
1521 1629 1682 1669 Militibus,
1700 1632 1735 1662 &
1750 1631 1891 1663 Galfredo
1904 1632 1929 1663 le
1945 1632 2054 1672 Scrop,
2068 1633 2194 1664 salutern.
2430 1636 2484 1660 An.
2496 1635 2538 1663 16.

1400 1670 1477 1701 ciatis
1516 1669 1576 1700 uod
1597 1669 1798 1706 assignavimus
1818 1681 1885 1710 vos,
1905 1672 2048 1710 quinque,
2064 1681 2201 1712 quatuor,
2220 1678 2273 1702 tres
2289 1670 2324 1702 &
2338 1670 2410 1702 duos
2430 1675 2459 1699 Ε.
2480 1681 2508 1700 2.

1340 1707 1489 1747 vestti‘im,
1524 1708 1678 1739 usticiarios
1699 1708 1808 1739 nostros
1825 1709 1859 1740 ad
1878 1709 2090 1749 degradandum
2111 1709 2258 1742 Andream
2272 1709 2309 1740 de
2320 1709 2409 1741 Hart-
2428 1712 2479 1738 Par
2499 1709 2541 1740 16.

1341 1746 1405 1785 cla,
1437 1746 1590 1778 Comitem
1613 1746 1753 1787 Karlioli,
1782 1746 1941 1779 Inimicum
1963 1749 1996 1779 &
2017 1748 2200 1780 Proditorem
2220 1749 2351 1780 nostrum
2372 1749 2406 1781 &
2423 1751 2456 1776 E·
2473 1757 2500 1777 2·

1340 1784 1441 1821 Regni
1461 1786 1549 1817 nostri
1574 1788 1584 1821 (
1608 1795 1676 1816 uem
1697 1796 1784 1826 nuper
1803 1787 1832 1816 in
1852 1786 2004 1818 Comitem
2026 1786 2135 1818 Gladio
2145 1788 2306 1825 cinximus)
2324 1788 2359 1819 &
2372 1787 2408 1819 ad
2423 1791 2450 1824 P·
2468 1795 2493 1815 ¹-

1336 1823 1484 1862 Judicium
1506 1824 1542 1855 de
1558 1825 1636 1864 ipo,
1652 1824 1733 1869 super
1755 1824 1804 1855 De
1824 1826 1982 1864 radatione,
2000 1825 2175 1865 inimicitia,
2194 1827 2228 1857 &
2242 1826 2389 1857 Seditione
2425 1833 2462 1852 m·
2478 1830 2509 1853 ²·'

1340 1863 1498 1901 praediCtis,
1516 1863 1782 1903 pronunciandum,
1852 1864 2046 1904 reddendum,
2067 1866 2146 1903 juxta
2164 1873 2295 1895 tenorem
2314 1849 2407 1904 cujusi
2425 1862 2479 1892 dvr-

1340 1902 1407 1932 dam
1425 1902 1564 1940 Cedulae,
1581 1912 1669 1942 quam
1689 1903 1787 1941 vobis,
1806 1904 1945 1944 quinque,
1964 1912 2100 1943 quatuor,
2118 1904 2224 1943 tribus,
2241 1904 2275 1935 &
2294 1902 2407 1935 duobus

1340 1940 1468 1972 vestrum
1482 1942 1621 1972 mittimus
1636 1941 1684 1971 sub
1699 1941 1770 1980 pede
1782 1941 1875 1978 Sigilli
1888 1942 1986 1973 nostri.

1376 1979 1415 2011 Et
1436 1980 1502 2011 ideo
1525 1980 1607 2011 vobis
1630 1980 1797 2011 mandamus
1810 1980 1909 2019 quod,
1933 1980 1967 2011 ad
1987 1988 2099 2011 certum
2114 1980 2191 2011 diem
2206 2003 2217 2019 ,
2243 1987 2330 2020 quern
2342 1990 2410 2020 vos,

1341 2019 1483 2058 quinque,
1506 2027 1626 2057 quatuor
1673 2027 1726 2049 tres
1740 2042 1750 2057 ,
1775 2019 1821 2049 vel
1845 2018 1904 2049 duo
1926 2018 2057 2049 vestrsim
2077 2019 2112 2049 ad
2131 2020 2196 2049 haec
2216 2018 2411 2058 provideritis,

1340 2058 1514 2088 conveniatis
1534 2057 1610 2097 apud
1682 2058 1812 2095 rliolum,
1831 2057 1864 2088 δε
1890 2057 2040 2096 Judicium
2059 2057 2228 2097 praedietum
2239 2058 2413 2095 pronuncie-

1340 2097 1375 2127 tis
1410 2098 1444 2128 ὃ(
1458 2096 1576 2127 reddatis
1589 2097 1619 2126 in
1634 2095 1730 2127 forma
1744 2095 1889 2135 praedicti.

1378 2119 1581 2166 Mandavimus
1601 2136 1679 2166 enim
1702 2135 1879 2166 Vicecomiti
1899 2135 1998 2166 nostro
2020 2135 2188 2173 Cumbriae,
2206 2135 2287 2169 Quod
2299 2135 2333 2166 ad
2348 2144 2411 2166 cer-

1340 2181 1404 2205 tum
1423 2174 1520 2213 diem,
1567 2184 1634 2205 uem
1655 2184 1725 2213 vos,
1744 2175 1888 2212 quinque,
1904 2183 1974 2212 tres,
1992 2176 2037 2206 vel
2057 2175 2116 2205 duo
2135 2173 2280 2212 vestrsim,
2295 2175 2322 2204 ei
2341 2174 2412 2206 scire

1339 2213 1460 2251 facietis,
1478 2223 1531 2252 pro
1589 2212 1765 2252 egradatione
1786 2212 1940 2253 praedicta,
1959 2215 1993 2245 &
2015 2213 2195 2244 Executione
2213 2212 2320 2252 Judicii
2336 2223 2411 2252 prae-

1341 2251 1411 2282 dieti
1431 2252 1581 2291 faciendis,
1607 2252 1708 2290 vobis,
1729 2252 1872 2291 quinque,
1897 2260 2033 2290 quatuor,
2051 2252 2156 2291 tribus,
2173 2253 2207 2283 δε
2227 2252 2338 2283 duobus
2359 2262 2409 2283 ve-

1342 2289 1453 2328 strum,
1472 2292 1501 2321 in
1525 2291 1672 2328 praemissis
1685 2291 1717 2320 sit
1731 2290 1877 2321 intendens
1890 2290 1924 2320 &
1945 2290 2128 2329 respondem,
2148 2300 2231 2332 prout
2244 2301 2312 2330 vos,
2326 2291 2410 2329 quin-

1339 2339 1414 2398 qule,
1430 2338 1571 2399 quatuor-3,
1584 2337 1655 2368 tres,
1671 2329 1715 2360 vel
1728 2329 1787 2360 duo
1803 2328 1949 2368 vestrum,
1967 2330 1994 2360 ei
2008 2330 2156 2370 injungetis
2169 2339 2203 2361 ex
2216 2337 2292 2370 parte
2302 2328 2408 2360 nostrii.

1393 2377 1411 2397 n
1427 2377 1522 2409 Cujus,
1562 2377 1601 2399 ἐ.

1411 2445 1504 2491 Teste
1527 2445 1614 2486 Rege
1637 2445 1711 2485 apud
1731 2445 1934 2487 Knaresburgh
1949 2469 1959 2486 ,
1985 2446 2121 2478 vicesimo
2151 2444 2271 2486 septimo
2289 2443 2336 2476 die
2355 2443 2410 2476 Fe-

1337 2485 1449 2516 bruarii.
1798 2526 1852 2554 Per
1866 2526 1960 2554 Breve
1974 2523 2007 2553 de
2014 2519 2247 2562 prgvato'Sigillo.

1528 2658 1624 2690 Tenor
1643 2655 1777 2700 Cedulae,
1803 2655 1840 2689 de
1858 2668 1919 2704 qua
1933 2656 2030 2703 fhpra
2037 2654 2079 2702 fit
2095 2656 2216 2690 mentio·

1336 2740 1468 2803 PUR
1482 2752 1538 2774 ceo
1553 2752 1609 2782 que
1623 2742 1718 2774 nostre
1735 2742 1858 2780 Seignur
1869 2742 1895 2773 le
1909 2741 1970 2786 Roi
1980 2764 1991 2781 ,
2001 2780 2008 2786 ι
2100 2779 2106 2786 ·
2223 2778 2230 2785 ἡ

1402 2780 1461 2811 Pur
1483 2782 1508 2812 le
1527 2789 1606 2821 grant
1627 2782 1695 2812 bien
1713 2782 1747 2813 &
1770 2782 1862 2813 loialte
1909 2780 1978 2819 qu'il
1999 2779 2119 2811 intendit
2137 2779 2246 2811 d'avoir
2265 2785 2350 2810 troue
2369 2786 2407 2810 en
2423 2797 2492 2830 Am
2512 2793 2562 2829 D!

1336 2829 1409 2850 vous
1431 2820 1546 2851 Andreu
1570 2820 1606 2851 de
1625 2819 1750 2860 Harcla,
1768 2831 1821 2859 pur
1839 2803 1915 2851 aider
1937 2819 1971 2850 &
1986 2827 2151 2859 meyntener
2165 2818 2203 2849 ses
2216 2817 2407 2858 Dreyroures,
2446 2846 2459 2867 ¹
2482 2821 2500 2867 2·
2518 2857 2526 2866 ·
2540 2817 2555 2867 ⁶(

1337 2858 1370 2888 &
1385 2858 1422 2889 les
1436 2858 1542 2890 Droitz
1557 2859 1594 2889 de
1606 2858 1633 2890 sa
1646 2858 1803 2898 Coronne,
1820 2859 1853 2890 &
1869 2859 1905 2890 de
1920 2857 1989 2889 soun
2002 2857 2126 2898 Poeple,
2145 2865 2266 2888 countre
2279 2857 2316 2887 ses
2329 2856 2407 2887 Ene-
2422 2845 2492 2905 Ha}-
2502 2843 2543 2904 3*

1338 2905 1400 2936 mys
1421 2897 1457 2928 de
1477 2906 1687 2949 toutesmarta,
1703 2899 1737 2929 &
1757 2905 1927 2929 nomement
1948 2904 2069 2929 countre
2089 2895 2204 2927 Robert
2216 2895 2253 2926 de
2266 2895 2354 2934 Brus,
2371 2894 2406 2926 δε
2422 2924 2436 2941 r
2436 2924 2481 2947 am
2492 2883 2562 2951 &1²2

1337 2935 1841 3015 ῑῶῖῗὲξιῑεεῗῖἓῐὲᾜῐῗῑέἕῗῗῶὓ,
1857 2975 1891 3006 &
1907 2974 1944 3006 de
1957 2974 1983 3005 sa
1998 2969 2084 3015 mEyn
2097 2983 2170 3018 vous
2181 2979 2267 3014 ceynt
2279 2971 2406 3011 d'Espee,
2428 2952 2471 2982 ¹8·
2484 2955 2544 2980 3⁵*

1339 3013 1373 3044 &
1394 3023 1466 3044 vous
1484 3014 1559 3046 dona
1581 3015 1637 3046 Fee
1656 3015 1693 3045 de
1711 3015 1749 3045 les
1771 3015 1905 3052 Counte,
1932 3013 2094 3051 ChasteuX,
2111 3011 2213 3050 Villes,
2229 3011 2353 3051 Terres,
2371 3012 2405 3043 &

1338 3051 1540 3093 Tenementz,
1559 3065 1612 3092 pur
1626 3053 1718 3084 vestre
1732 3053 1802 3086 estat
1817 3060 1981 3094 meyntener
1993 3059 2082 3081 come
2096 3048 2216 3095 Counte
2228 3060 2238 3095 ,³

1376 3090 1416 3122 Et
1435 3101 1512 3133 apres
1531 3103 1603 3131 ceo,
1617 3102 1673 3133 que
1693 3102 1765 3122 vous
1786 3093 1880 3123 avietz
1893 3090 1940 3120 tiel
1954 3090 2069 3120 honour
2083 3089 2117 3120 &
2131 3088 2249 3120 bienfait
2263 3088 2359 3120 resceu
2370 3088 2408 3120 de

1340 3129 1436 3160 nostre
1454 3131 1497 3162 dit
1517 3131 1655 3170 Seignur,
1673 3130 1693 3160 si
1712 3129 1783 3160 estes
1802 3130 1863 3160 alez
1883 3138 1918 3158 au
1931 3127 1973 3159 dit
1988 3127 2104 3158 Robert
2116 3127 2153 3158 de
2166 3127 2236 3159 Brus
2249 3127 2410 3158 treitrouse-

1339 3178 1438 3206 ment,
1456 3168 1627 3208 fausement,
1655 3168 1689 3199 &
1710 3168 1937 3204 malueisement,
1961 3176 2010 3207 par
2031 3166 2112 3197 escrit
2132 3167 2166 3198 &
2187 3176 2236 3205 par
2254 3165 2408 3204 serement‚

1339 3217 1391 3244 pur
1399 3216 1564 3247 meyntener
1577 3209 1603 3238 le
1615 3208 1656 3238 dit
1671 3206 1785 3238 Robert
1806 3206 1907 3237 d'estre
1926 3205 1986 3236 Roi
2000 3204 2139 3236 d’Escoce
2173 3211 2354 3245 roprement,
2367 3214 2406 3236 en

1339 3245 1365 3275 la
1381 3246 1487 3276 reverse
1499 3247 1535 3277 de
1548 3246 1573 3276 la
1587 3244 1740 3276 entencion
1751 3246 1776 3275 le
1792 3244 1854 3276 Roi
1868 3254 1920 3285 pur
1934 3243 2014 3283 quele
2026 3244 2046 3274 il
2059 3254 2130 3275 vous
2162 3253 2173 3276 t
2187 3242 2306 3274 Counte
2321 3253 2328 3273 :

1378 3282 1433 3314 Par
1453 3286 1518 3323 quei
1541 3285 1639 3325 agarde
1661 3282 1737 3314 ceste
1759 3283 1853 3315 Court
1866 3293 1921 3323 que
1935 3293 2006 3314 vous
2020 3282 2108 3313 soietz
2121 3282 2278 3323 degradee:
2301 3282 2336 3314 &
2350 3290 2408 3320 que

1338 3331 1410 3352 vous
1426 3322 1541 3360 pardetz
1556 3333 1636 3353 noun
1649 3321 1685 3352 de
1698 3321 1835 3361 Counte,
1848 3332 1902 3362 pur
1913 3331 1985 3353 vous
1998 3321 2032 3352 &
2045 3331 2099 3359 pur
2112 3331 2163 3353 vos
2176 3321 2283 3359 heiroe,
2297 3329 2314 3350 a
2323 3327 2406 3350 toutz

1333 3361 1412 3399 jours
1428 3361 1494 3429 :d,&
1516 3372 1580 3430 (μίξει.
1590 3371 1663 3392 vous
1684 3360 1912 3431 soieaddegleynt
1932 3360 1969 3392 de
1986 3360 2113 3400 l'Espye3
2132 3361 2167 3392 &
2185 3369 2241 3400 que
2259 3367 2312 3391 vos
2328 3357 2406 3397 espe-

1339 3408 1425 3430 rouns
1464 3409 1527 3430 orre
1552 3409 1631 3431 Olent
1645 3410 1701 3431 cou
1723 3409 1751 3430 es
1785 3410 1802 3430 e
1852 3409 1934 3431 ouns.

1376 3436 1414 3467 Et
1434 3447 1486 3476 pur
1501 3444 1562 3469 ceo
1581 3448 1637 3478 que
1656 3410 1731 3470 vegs
1749 3437 1868 3470 Andreu
1882 3462 1892 3477 ,
1914 3437 2036 3468 homme
2055 3437 2109 3478 lige
2127 3435 2223 3467 nosti-e
2239 3433 2359 3474 Seignur
2379 3434 2406 3466 le

1338 3475 1414 3514 Roi,
1429 3485 1550 3508 countre
1571 3476 1665 3508 vestre
1685 3477 1825 3518 homage,
1843 3478 1884 3508 foi
1903 3477 1936 3508 &
1955 3477 2123 3515 ligeaunce,
2140 3480 2296 3505 encountre
2313 3472 2406 3518 ves’tre

1337 3514 1460 3551 Seignur
1481 3516 1538 3553 lige
1552 3538 1562 3553 ‚
1586 3515 1657 3546 estes
1676 3516 1735 3547 alee
1755 3516 1990 3553 tretrousement,
2016 3515 2185 3555 fausement,
2208 3511 2242 3542 &
2263 3511 2408 3557 malueise-

1337 3562 1418 3584 ment
1439 3564 1454 3584 a
1468 3553 1582 3585 Robert
1597 3555 1633 3585 de
1647 3553 1733 3593 Erus,
1753 3554 1867 3594 Enemy
1881 3555 1984 3584 mortel
1997 3563 2014 3584 a
2028 3552 2124 3584 nostre
2138 3549 2277 3588 Seignour
2287 3549 2408 3594 ietRoi,

1338 3591 1373 3622 &
1393 3591 1429 3622 de
1447 3593 1515 3623 soun
1534 3592 1642 3624 Realm
1652 3593 1681 3630 J'a
1693 3593 1765 3624 soun
1784 3592 1909 3632 Poeple,
1946 3603 1974 3623 ar
1985 3591 2136 3632 serement‚
2152 3588 2186 3619 &
2198 3597 2248 3626 par
2260 3587 2340 3619 escrit
2353 3599 2410 3627 por

1339 3639 1504 3669 meyntener
1525 3642 1560 3662 au
1583 3632 1624 3662 dit
1639 3630 1769 3669 Robert,
1792 3632 1826 3663 &
1839 3643 1854 3662 a
1868 3630 1906 3662 ses
1921 3602 2010 3662 {eires
2021 3629 2046 3659 le
2058 3625 2193 3658 Roialme
2205 3626 2344 3657 d'Escoce
2357 3637 2408 3658 eri-

1337 3675 1492 3708 terement,
1508 3679 1525 3700 a
1538 3677 1583 3700 tut
1597 3668 1691 3701 vestre
1702 3669 1782 3701 force
1795 3670 1829 3702 &
1843 3680 1960 3710 power,
1977 3674 2098 3710 countre
2110 3672 2204 3695 toutes
2214 3672 2316 3704 gentz:

1375 3706 1413 3737 Et
1437 3717 1491 3747 que
1503 3718 1580 3739 ivous
1593 3717 1745 3739 nomeretz
1761 3709 1793 3740 sis
1805 3709 1922 3748 homes,
1939 3708 1973 3738 &
1986 3706 2012 3736 le
2027 3705 2068 3735 dit
2082 3702 2196 3747 Robert
2211 3711 2288 3734 autre
2300 3703 2350 3741 fis,
2363 3703 2405 3748 15⁶

1335 3744 1991 3824 iisrsiriistridaffiifiasarasit
2018 3741 2432 3812 assisa-iffa?
2531 3758 2549 3780 ··

1850 3807 1861 3824 2
2390 3797 2402 3805 ‘
2420 3801 2498 3827 ¹⁰00!

1334 3820 1397 3851 droi
1441 3833 1459 3852 n
1677 3834 1683 3854 :

1373 3830 1461 3899 Efffi
1474 3832 1545 3901 [gilli
1560 3832 1690 3901 {gyra-13¹&
1710 3863 1779 3894 estat
1801 3871 1842 3892 ou
1862 3858 2019 3892 condicion
2032 3856 2091 3899 quil
2109 3855 2197 3896 feust,
2214 3857 2305 3889 voufit
2317 3864 2409 3889 coun-

1333 3898 1436 3931 tredire
1459 3899 1485 3930 le
1505 3900 1548 3933 dit
1572 3900 1788 3942 Ordeynement
1805 3910 1842 3931 en
1862 3898 1911 3929 nul
1934 3905 2039 3936 poynt,
2063 3904 2119 3934 que
2138 3905 2226 3935 vous,
2250 3905 2309 3940 ove
2330 3903 2410 3940 toute

1333 3936 1425 3969 vestre
1449 3937 1532 3970 force
1555 3939 1589 3970 &
1614 3949 1730 3977 power,
1749 3939 1861 3970 curriez
1881 3937 1956 3973 seur,
1974 3936 2009 3967 &
2026 3945 2063 3966 en
2082 3941 2161 3965 taunt
2181 3933 2331 3972 enpreistes
2343 3943 2410 3966 trei-

1342 3976 1533 4016 ttousement,
1556 3978 1738 4016 sancctum,
1761 3977 1795 4009 &
1817 3973 2027 4007 malueisement
2049 3971 2236 4012 d’enprendre
2253 3971 2412 4047 1³⁰1ssng

2421 2999 2518 3059 ⁷322*
2559 2989 2562 3046 ῗ
