2562 4279
790 198 901 237 ET
986 195 1251 237 ACTA

39 299 44 305 ⁴
68 286 194 320 Ann.D.
208 283 318 321 sorem,
339 294 385 324 per
401 295 467 325 quas
482 284 624 314 humiliter
638 283 801 323 supplicavit
817 291 847 313 ut
864 306 874 322 ,
890 293 943 321 pro
956 282 1008 326 suis
1029 280 1170 322 praedietis
1185 279 1274 309 Nun-

88 335 174 368 ¹324·
210 324 276 361 ciis,
293 323 399 355 salvum
411 323 602 366 Condudtum
616 322 791 360 concedere,
803 322 841 365 ⁴&t
855 323 966 352 mittere
981 320 1156 364 dignaretur,
1172 319 1204 348 δε
1216 316 1275 346 Lo-

67 370 135 394 Edv.
152 375 177 393 2.
212 372 281 392 cum
303 372 413 406 certum
426 386 435 401 ,
456 371 513 399 quo
530 361 564 390 ad
586 360 666 398 ipsius
684 360 857 398 praesentiam
872 382 881 397 ,
899 369 952 398 pro
964 358 1126 396 praemiffis,
1140 355 1276 386 accedere

97 2835 118 2856 '¹'
137 2836 191 2864 1v.

99 2884 162 2902 102.

212 400 341 440 possent,
359 401 506 437 intimate,
889 436 893 441 ,
918 435 924 441 ἢ
1026 435 1031 439 ,
1070 435 1074 439 ,
1248 432 1263 438 Η

252 439 300 470 Set
318 440 393 470 idem
415 439 480 468 Rex
502 437 524 467 F
526 438 643 475 ranciae,
659 436 772 475 abjeetis
786 435 973 476 ignominiose
991 434 1130 472 prioribus
1149 432 1277 476 Nunciis

215 479 224 512 (
242 478 318 516 quod
338 478 464 508 dolenter
487 476 597 511 fertur)
619 484 652 505 ex
676 477 820 512 inopinato
834 498 844 511 ,
871 475 904 504 ὃς
925 473 1028 511 absque
1051 471 1277 516 Praemunitioiie

213 526 408 555 quacumque,
426 515 551 552 Gentes,
566 513 703 543 Dominii
715 516 748 544 &
763 512 999 555 Potestatis'diQi
1018 510 1106 554 Regis
1123 511 1155 541 &
1168 509 1279 552 Ducis,

214 556 243 584 in
260 555 363 594 Regno
384 555 433 585 suo
455 552 617 583 fiducialiter
636 554 847 588 conversantes,
863 559 925 588 capi
941 549 1026 588 fecit,
1045 549 1079 580 &
1095 557 1277 593 incarcerari:

215 594 249 624 δε
269 593 359 631 plures
376 593 466 624 adhuc
487 591 594 621 detinet
615 591 652 621 sic
676 589 834 627 Captivos,
852 598 959 632 ponens
971 587 1113 632 Custodes
1127 598 1156 617 in
1173 586 1279 630 {fitori-

218 633 268 661 bus
284 632 381 669 Regni
397 654 405 669 ,
424 640 471 668 per
493 640 564 668 quos
584 630 634 659 suis
656 629 753 664 literis,
769 628 807 657 sic
822 628 943 665 scriptis,
960 626 1086 666 Anglicis
1103 627 1136 658 &
1151 626 1208 656 aliis
1223 624 1280 667 Ini-

219 671 300 700 micis
313 671 362 700 suis
374 668 527 708 ingressum
543 669 569 698 in
585 667 719 704 Regnum
731 665 810 696 suum
824 666 954 697 interdici
969 665 1127 696 mandavit:
1150 663 1282 708 Comita-

219 717 280 739 tutn
295 708 409 738 Pontivi
429 707 498 737 dicti
513 706 600 745 Regis
611 705 645 734 &
660 703 752 734 Ducis
765 727 775 741 ,
794 705 823 733 in
838 704 943 744 Regno
963 703 1050 743 Regis
1062 703 1189 733 Franciae
1202 706 1281 731 situa-

219 756 298 785 tum,
316 755 364 786 per
380 745 559 782 Potentiam,
577 742 677 781 absque
691 742 827 773 Process'u
844 743 899 774 alio
916 752 1118 782 quocumque,
1136 751 1211 771 occu
1233 749 1282 769 an-

219 782 259 816 do
280 785 438 815 voluntarie
453 807 462 821 ,
484 783 517 813 &
536 788 708 817 occupatum
727 780 881 812 detinendo
896 794 906 820 ι,
924 782 961 812 set
975 791 1029 812 nec
1043 782 1133 811 literas
1150 779 1186 810 de
1229 788 1284 808 on-

222 823 307 855 ductu
317 847 326 862 ,
341 832 387 856 aut
401 823 465 860 Res
479 821 579 851 onsum
593 820 724 859 aliquale,
740 829 793 860 pro
810 820 867 850 aliis
885 821 920 851 N
924 821 1029 858 unciis,
1046 819 1111 850 licet
1123 818 1227 849 diutius
1240 817 1283 846 su-

221 872 271 900 per
286 861 434 897 Costeram
482 859 544 891 laris
564 858 756 898 expe&assent
773 858 806 889 ad
821 859 1073 897 transfretandum,
1092 857 1219 893 mittere,
1238 855 1284 886 seu

221 902 355 931 nunciare
368 898 541 936 dignabatur.

261 940 376 979 Qiibus
394 946 453 966 non
473 935 649 966 obstantibus
670 935 798 976 praefatus
821 936 884 967 Rex
905 937 938 967 ὃς
961 936 1031 967 Dux
1046 959 1056 974 ,
1079 935 1178 966 volens
1191 933 1284 964 adhuc

222 978 286 1009 alias
306 976 386 1008 Pacis
400 976 457 1009 vias
469 983 624 1013 temptare,
641 975 660 1005 si
676 975 766 1006 forsan
779 975 847 1006 dieti
861 975 950 1015 Regis
969 975 1097 1006 Franciae
1116 972 1285 1006 benivolen-

224 1018 292 1047 tiam
307 1012 457 1053 aliqualiter
477 1014 623 1053 impetrare
637 1014 740 1045 valeret
755 1014 787 1052 (s
802 1024 879 1044 crans
898 1014 977 1053 quod
991 1014 1036 1046 vel
1050 1014 1198 1056 proprium
1217 1009 1286 1041 Vas-

222 1055 317 1086 sallum
339 1052 435 1083 audire
454 1051 635 1092 dignaretur)
664 1054 736 1084 misit
757 1063 771 1084 a
813 1064 880 1083 eum
900 1053 1049 1091 praefatum
1070 1051 1233 1082 Dominum
1252 1048 1287 1093 de

223 1092 344 1124 Sulliaco
357 1115 367 1129 ,
382 1090 546 1121 Hominem
567 1091 646 1122 suum
661 1093 760 1131 ligium
773 1093 806 1124 &
821 1092 962 1123 vafliillum
974 1115 984 1130 ,
1003 1099 1090 1122 certas
1109 1091 1142 1122 &
1154 1088 1287 1133 expi‘essas

243 1131 296 1164 acis
318 1131 375 1160 vias
389 1153 398 1169 ,
422 1131 585 1162 reverentiae
600 1153 609 1168 ,
628 1131 661 1162 &
681 1132 796 1162 honoris
815 1133 898 1169 (quas
910 1141 968 1161 non
984 1129 1147 1161 credebatur
1164 1129 1288 1171 aliquem

222 1141 390 1200 Dominum
410 1168 483 1199 velle
505 1169 651 1208 refutasse,
678 1171 706 1200 in
727 1180 803 1209 parte
822 1171 909 1201 etiam
929 1169 1061 1200 offerenti
1082 1167 1287 1211 derogatorias)

223 1208 344 1238 offerens
359 1233 369 1246 ,
394 1208 428 1239 &
450 1207 585 1245 pollicens
601 1209 653 1239 suis
673 1208 773 1239 Literis
792 1208 941 1239 Indentatis
955 1231 964 1246 ‚
989 1208 1080 1239 eidem
1102 1206 1234 1250 Domino
1252 1204 1288 1234 de

223 1247 347 1278 Sulliaco
369 1247 489 1277 liberatis
503 1269 512 1284 ,
538 1248 610 1278 inter
631 1258 696 1286 quas
715 1247 842 1284 promisit
861 1247 955 1277 eidem
976 1246 1056 1284 Regi
1069 1245 1216 1283 Franci-ae,
1234 1253 1287 1283 pro

223 1286 305 1326 ipsius
318 1285 471 1316 reverentia
488 1286 521 1316 δε
534 1286 660 1324 honore,
675 1287 788 1317 dietum
803 1284 937 1317 Castrum
951 1285 987 1316 de
1007 1285 1114 1315 Monte
1130 1283 1241 1327 Pessato
1260 1284 1289 1312 in

224 1334 325 1355 manus
340 1324 399 1354 suas
417 1323 524 1355 tradere
539 1347 549 1362 ,
564 1325 725 1356 &liberare
744 1324 899 1355 tenendum
919 1323 1004 1362 usque
1024 1323 1093 1354 dum
1109 1322 1288 1361 Homagium

226 1362 293 1393 esset
308 1364 354 1394 sibi
369 1363 495 1401 fastum,
514 1364 548 1394 &
560 1371 629 1394 tunc
642 1363 720 1403 super
735 1363 839 1394 eodem
859 1362 962 1393 Castro
974 1362 1067 1393 eidem
1088 1361 1163 1401 Regi
1177 1362 1209 1392 &
1225 1361 1290 1391 Du-

229 1403 256 1433 ci
268 1401 409 1438 justitiam
421 1402 584 1440 fatfturum5
1285 1438 1289 1443 ⁵

266 1440 368 1472 Petens
388 1441 544 1472 terminum
560 1464 569 1479 ‚
588 1450 641 1480 pro
659 1440 810 1480 Homagio
829 1440 958 1472 faciendo
972 1464 982 1479 ,
1001 1439 1187 1479 Qiindenam
1207 1438 1292 1482 saisisti

230 1478 399 1518 Michaelis,
411 1480 476 1518 vel,
492 1480 527 1511 ad
541 1481 656 1511 libitum
670 1479 760 1511 Reois
774 1481 797 1511 F
798 1481 902 1512 ranciae
918 1503 928 1519 ,
942 1481 1013 1510 inter
1029 1478 1144 1509 festum
1159 1478 1294 1521 Piirisica-

230 1519 314 1550 tionis
335 1520 424 1549 beatae
443 1518 546 1550 Mariae
559 1542 569 1557 ,
586 1520 620 1550 &
643 1505 769 1551 menissm
791 1519 854 1558 post
877 1518 1010 1549 Pascham
1025 1519 1161 1561 proximo
1175 1519 1291 1555 sequen-

230 1564 305 1596 tem3
324 1559 358 1588 &
373 1557 452 1595 quod
468 1559 579 1588 interim
591 1558 752 1596 hujusmodi
766 1557 916 1598 Aggresius
931 1558 965 1588 &
987 1556 1141 1587 Violentias
1161 1564 1295 1587 revocare

230 1596 264 1627 ὅ(
280 1596 383 1627 ceffare
399 1598 489 1627 facere
502 1596 678 1636 dignaretur,

267 1635 353 1667 Ultra
367 1644 464 1676 petens
478 1635 554 1666 idetii
570 1636 633 1666 Rex
645 1636 678 1667 ὃς
693 1635 763 1667 Dux
776 1633 855 1675 quod
869 1656 879 1670 ‚
898 1634 917 1664 si
931 1633 1007 1673 Regi
1022 1633 1149 1664 Franciae
1163 1642 1222 1663 nori
1238 1632 1297 1669 pla-

230 1682 309 1705 ceret
328 1682 397 1704 cum
420 1673 523 1704 eodem
540 1674 623 1713 Rege
642 1675 675 1705 ὃς
691 1673 794 1712 Duce,
812 1672 858 1704 vel
877 1672 970 1711 aliquo
993 1682 1047 1710 pro
1068 1673 1145 1716 ipso,
1164 1671 1299 1708 truttam,

229 1712 319 1743 saltim
332 1713 490 1753 dignaretur
504 1712 661 1746 consentire
667 1736 678 1751 ,
696 1721 727 1744 ut
744 1713 839 1743 omnis
858 1711 931 1743 inter
946 1720 993 1741 eos
1008 1710 1157 1754 Qiaes’no,
1176 1710 1212 1741 cle
1225 1719 1297 1740 con-

230 1751 307 1782 sensu
321 1750 457 1793 partium,
473 1760 588 1789 coram,
607 1750 789 1782 Sanifflsmo
803 1749 887 1780 Patre
900 1772 911 1787 ,
927 1747 1063 1780 Domino
1087 1749 1211 1780 Summo
1225 1747 1302 1792 Pon—

230 1789 325 1829 tifice,
343 1800 392 1829 per
405 1799 515 1821 certum
531 1789 652 1820 moduni
666 1790 733 1828 (qui
749 1790 779 1819 in
793 1789 876 1820 dietis
891 1787 987 1818 Litcris
1000 1787 1153 1819 indeiitatis
1168 1797 1299 1819 contine-

232 1830 296 1865 tur)
311 1828 452 1878 proposita
465 1827 559 1860 fuisset
571 1851 581 1866 ,
600 1827 712 1867 &Jura
731 1829 850 1865 partium
872 1827 1008 1871 exhibita:
1027 1835 1057 1860 ut
1072 1828 1143 1871 ipse,
1163 1826 1209 1857 sua
1228 1826 1300 1857 Pru-

233 1867 330 1899 dentia
342 1890 353 1906 ,
371 1869 442 1897 inter
464 1866 560 1896 Partes
578 1866 644 1906 ipsas
656 1890 665 1904 ,
684 1867 808 1898 veritatis
828 1867 861 1897 δί
876 1875 951 1904 pacis
963 1867 1039 1897 viam
1054 1865 1184 1897 ordinare
1199 1866 1231 1896 ὃς
1247 1865 1300 1895 sta-

231 1915 313 1976 Euere
331 1907 454 1944 valeret,
476 1906 509 1945 &
523 1912 573 1944 ut,
596 1905 674 1945 quod
695 1915 745 1945 per
761 1905 853 1945 ipsum
866 1905 991 1936 decisum
1007 1904 1079 1937 foi-et
1089 1928 1099 1943 ,
1117 1904 1236 1935 firmum
1252 1905 1302 1934 ha-

254 1952 353 1976 eretur.

270 1984 308 2015 Et
324 2007 333 2019 ‚
351 1991 382 2013 ut
402 1981 480 2012 idem
503 1982 569 2014 Rex
590 1983 719 2016 Franciae
732 1984 866 2014 veraciter
880 1982 1051 2021 perpendere
1066 1982 1156 2020 posset
1170 1980 1302 2012 affectio-

233 2032 303 2053 nem
317 2021 413 2058 Pacis,
431 2031 516 2060 quam
529 2022 661 2061 gerebat,
679 2021 750 2053 misit
766 2022 897 2060 praefatu's
911 2021 976 2052 Rex
990 2020 1031 2053 δῖ’
1041 2021 1124 2060 Dux,
1141 2030 1209 2051 cum
1222 2020 1301 2062 dic‘to

234 2059 368 2090 Domino
387 2060 423 2089 de
442 2060 566 2091 Sulliaco
581 2083 590 2098 ,
613 2061 758 2100 proprium
779 2060 934 2091 Nuncium
949 2083 958 2098 ,
976 2070 1043 2091 cum
1063 2059 1146 2098 plena
1160 2057 1301 2090 Potestate

234 2097 374 2166 Ῑὶἒεῑαῖὀί
381 2097 524 2166 gastrum
536 2099 722 2142 praedictum,
741 2099 774 2130 δε
787 2098 884 2129 omnia
898 2109 1000 2131 caetera
1020 2098 1174 2137 supradiffta
1187 2097 1302 2129 fideliter

235 2146 252 2167 a
274 2147 312 2166 im
343 2147 379 2166 en
400 2146 416 2165 i.

273 2147 334 2214 Ipse
351 2184 466 2214 quoque
487 2174 551 2206 Rex
570 2174 696 2213 Franciae
710 2199 720 2213 ,
736 2175 861 2213 exposita
882 2175 932 2206 fibi
954 2176 1036 2214 plen'e
1057 2177 1215 2217 intentione
1233 2175 1302 2207 (ἰὶἂί

238 2211 328 2252 Regis
345 2213 456 2252 Angliae
477 2213 510 2244 &
532 2211 624 2244 Ducis
639 2237 648 2252 ,
666 2224 715 2252 per
729 2213 893 2245 Dominum
906 2213 942 2245 de
957 2214 1081 2245 Sulliaco
1094 2223 1303 2254 memoratum,

238 2253 308 2283 nihil
323 2254 445 2283 omnino
463 2251 553 2283 facete
568 2275 577 2291 ,
595 2253 632 2284 set
648 2263 701 2282 nec
720 2252 902 2293 respondere,
919 2263 974 2283 nec
990 2253 1143 2285 Nuncium
1157 2254 1227 2284 dieti
1243 2253 1303 2283 Re-

238 2293 279 2329 gis
294 2292 327 2323 δε
344 2291 436 2321 Ducis
451 2290 544 2321 videre
556 2291 602 2321 vel
616 2291 711 2322 audire
727 2293 853 2330 curavit,
871 2291 911 2322 set
923 2291 990 2323 fecit
1008 2293 1057 2323 fibi
1070 2293 1195 2324 mandari
1211 2301 1240 2324 ut
1255 2302 1304 2324 ce·

237 2330 328 2360 leriter
343 2330 442 2360 rediret
457 2329 490 2359 ad
507 2339 603 2367 partes.

277 2368 380 2408 Sicque
394 2392 404 2408 ,
422 2368 510 2406 spreta
530 2369 610 2399 omni
631 2368 711 2399 Pacis
732 2368 794 2406 via,
808 2367 930 2407 Justitiae
942 2369 975 2400 δε
989 2368 1120 2400 Veritatis
1133 2371 1306 2408 immernor,

238 2407 396 2445 oblitusque
414 2407 560 2444 cujuslibet
580 2407 843 2439 Confoederationis
857 2431 867 2444 ,
885 2408 958 2438 inter
971 2407 1064 2439 dictos
1084 2408 1181 2446 Reges
1195 2411 1227 2441 &
1242 2410 1305 2441 suos

240 2443 440 2484 Progenitores
456 2447 534 2480 (tam
547 2445 800 2486 Consanguinitatis
813 2469 823 2485 ,
843 2447 929 2484 quam
944 2446 1113 2487 Affinitatis,
1128 2448 1162 2478 ὃς
1178 2448 1304 2486 Copula-

240 2494 306 2515 mm
327 2483 424 2522 Coiiju
443 2485 529 2517 aliurn
543 2508 554 2523 ,
572 2495 605 2517 ae
624 2485 740 2523 aliarum
756 2487 766 2522 )
787 2485 870 2515 multi
891 2485 982 2516 liciter
1004 2487 1101 2517 itiitae:
1121 2487 1307 2526 pendentibus

241 2521 405 2560 hujusmodi
449 2523 617 2562 raritatibus,
634 2524 694 2562 ipso
708 2523 793 2561 Rege
807 2524 841 2555 &
888 2533 941 2554 uce
953 2523 1060 2564 semper
1074 2548 1084 2563 ,
1103 2526 1136 2557 &
1150 2526 1244 2557 adhuc
1258 2537 1308 2567 pa-

240 2569 305 2593 rato
323 2562 416 2593 facere
432 2561 627 2601 Homagjum,
642 2563 675 2594 δε
691 2562 827 2602 quicquid
840 2561 875 2593 ad
890 2571 956 2599 eum
971 2565 1091 2601 pertinet
1105 2564 1198 2600 (dum
1211 2574 1307 2597 tamen

241 2601 305 2631 tute
323 2599 438 2640 posset)
458 2600 550 2631 dictus
572 2601 637 2631 Rex
659 2601 786 2632 Franciae
802 2624 813 2640 ,
833 2601 934 2640 absque
952 2602 1008 2632 alio
1028 2601 1164 2634 Processu
1179 2605 1209 2638 in
1222 2603 1309 2635 Curia

244 2637 308 2677 sua,
325 2637 371 2670 vel
382 2649 481 2677 coram
494 2637 627 2678 Paribus‚
645 2639 691 2670 vel
702 2639 768 2671 alias
778 2640 1016 2680 qualitercumque
1030 2641 1129 2672 debite
1138 2642 1229 2680 facto,
1238 2653 1308 2673 coii-

242 2677 353 2727 gregata
368 2677 546 2709 multitudine
562 2676 731 2709 Bellatorum
744 2678 840 2715 (dicto
855 2678 937 2717 Rege
949 2679 983 2710 &
997 2678 1310 2721 Duce‚propter00n÷

244 2717 445 2752 toeoerationes
464 2717 498 2752 &
519 2717 581 2748 alias
599 2717 745 2749 Amicitiae
766 2716 877 2756 causas,
898 2719 970 2750 inter
991 2728 1040 2750 eos
1057 2719 1091 2750 &
1113 2719 1312 2760 Progenitores

246 2754 310 2787 suos
323 2754 498 2792 contrad’tas,
515 2755 631 2786 firmiter
641 2756 767 2794 sperante
780 2755 869 2794 ipsum
883 2756 915 2788 R
950 2767 997 2787 em
1018 2757 1145 2792 Franciae
1159 2759 1236 2790 nolle
1251 2761 1310 2790 tani

247 2793 397 2824 crudeliter
416 2793 446 2823 in
468 2793 559 2833 ipsum
580 2795 675 2825 saevire
687 2817 697 2833 ,
714 2795 748 2832 &
761 2817 771 2833 ,
795 2795 837 2825 ob
859 2795 890 2829 id
902 2819 912 2836 ,
942 2805 957 2826 e
971 2795 1006 2827 ad
1026 2796 1117 2829 Arma
1135 2798 1220 2830 etiam
1243 2806 1313 2830 tunc

249 2841 310 2861 non
331 2832 468 2870 parante)
488 2831 561 2862 misit
581 2831 768 2869 Avunculum
787 2834 868 2864 suum
912 2834 932 2855 ²*
957 2834 1125 2867 Dominum
1149 2835 1286 2868 Karolum
1303 2861 1313 2876 ,

247 2878 317 2900 cum
331 2869 471 2913 *Exercitu
493 2879 598 2909 magno
610 2893 619 2908 ,
637 2880 737 2901 contra
758 2872 849 2908 ipsum
869 2856 983 2913 Regem
998 2873 1032 2905 &
1045 2873 1182 2914 Ducem,
1198 2884 1233 2905 ex
1246 2886 1314 2914 qua—

248 2909 316 2938 dam
329 2907 505 2950 injustissima
519 2908 681 2940 Occasione
703 2908 769 2947 sieta
791 2912 875 2948 (quae
891 2912 921 2941 in
937 2919 1058 2952 utroque
1072 2912 1180 2952 Regno
1193 2924 1254 2945 non
1273 2915 1314 2945 est

250 2956 311 2977 non
324 2955 451 2985 notoria,
468 2946 502 2981 ὅ(
521 2946 643 2978 creditur
658 2947 855 2986 Apostolicam
864 2959 924 2980 non
937 2950 1021 2982 latere
1035 2950 1234 2988 Sanetizatem)
1246 2962 1314 2991 pro-

251 2993 399 3016 vocatum.

290 3022 377 3062 Qui,
395 3023 489 3054 subito
511 3024 617 3054 irruens
635 3023 663 3054 iri
684 3023 834 3056 Ducatum
853 3025 1038 3066 Aquitaniae,
1060 3026 1150 3067 Regis
1168 3029 1202 3059 &
1223 3028 1315 3062 Ducis

275 3062 381 3094 raedieti
397 3085 407 3100 ,
430 3061 538 3101 Strages
556 3063 691 3093 maximas
703 3085 713 3101 ,
737 3063 770 3094 &
789 3063 914 3101 dampna
933 3066 1081 3099 innumera
1129 3067 1232 3101 Terras
1246 3068 1315 3100 dieti

287 3101 343 3138 egis
364 3101 397 3131 &
419 3100 512 3131 Ducis
531 3101 595 3132 alias
610 3101 800 3141 occupando,
818 3102 882 3132 alias
895 3102 1087 3143 devastando,
1131 3107 1251 3145 opulum
1268 3107 1317 3141 de,-

253 3138 387 3170 struendo
408 3139 438 3170 in
458 3150 509 3170 ore
529 3138 626 3174 Gladii
641 3142 651 3174 )
669 3140 762 3175 intulit
780 3143 814 3172 &
834 3141 968 3180 irrogavit
983 3153 994 3180 ;
1011 3141 1148 3174 Domino
1168 3144 1213 3175 del
1233 3144 1317 3184 Bret,

255 3175 389 3207 Homine
408 3178 474 3217 ligio
493 3179 563 3209 dieti
582 3179 671 3216 Regis
692 3180 726 3211 &
747 3178 839 3210 Ducis
855 3203 865 3218 ,
883 3180 893 3214 (
903 3191 988 3219 quem
1010 3181 1084 3212 idem
1101 3181 1167 3212 Rex
1184 3183 1218 3214 δε
1231 3182 1318 3222 Dux,

254 3215 351 3254 suique
371 3215 568 3256 progenitores
584 3217 681 3257 amplis
702 3217 864 3257 Beneficiis,
882 3219 915 3250 ὃς
929 3219 1046 3251 Divitiis
1057 3243 1068 3259 ,
1085 3231 1118 3251 ac
1134 3220 1318 3253 Posseffioni-

255 3255 308 3284 bus
330 3254 461 3285 fertilibus
475 3278 485 3294 ,
503 3256 533 3286 in
552 3255 632 3287 dieto
653 3255 772 3288 Ducatu
787 3280 797 3296 ,
815 3256 988 3296 ditaverunt)
1006 3259 1086 3290 dieto
1105 3259 1241 3292 Domino
1258 3260 1318 3293 Ka-

257 3293 322 3336 rolo
334 3292 471 3323 asfistente
484 3302 584 3325 contra
597 3294 708 3327 dietum
723 3295 877 3335 Regem&
890 3295 1026 3337 Ducem,
1043 3297 1212 3330 Dominum
1226 3300 1318 3340 suum,

258 3332 291 3362 &
309 3331 398 3370 ipsum
412 3331 548 3363 hostiliter
561 3332 727 3373 insequente.

294 3369 342 3400 Set
362 3369 397 3400 &
410 3393 419 3407 ,
437 3369 618 3401 Germanum
635 3371 703 3402 dieti
725 3371 773 3402 Re
793 3373 814 3402 is
828 3373 862 3403 &
877 3372 970 3404 Ducis
982 3398 992 3413 ‚
1010 3373 1199 3407 Edmundum
1215 3375 1320 3408 Comi-

257 3415 317 3439 tem
337 3406 449 3438 Kantiae
464 3431 474 3452 ,
492 3408 644 3448 Nepotem
664 3410 744 3449 ipsius
795 3411 863 3441 aroli
876 3434 886 3449 ,
902 3412 979 3443 idem
992 3412 1115 3446 Karolus
1128 3438 1137 3453 ,
1157 3416 1186 3445 in
1200 3416 1266 3447 villa
1284 3416 1319 3447 de

259 3446 369 3485 Regula
404 3446 474 3477 dieti
490 3446 599 3491 DuciS‚
611 3448 671 3486 jam
683 3448 819 3487 Obsedit;
836 3449 873 3480 sic
881 3449 1017 3490 satagens,
1036 3461 1100 3485 toto
1113 3463 1236 3493 conatu,
1248 3465 1321 3495 prae-

259 3485 351 3515 fatum
366 3470 513 3517 Ducatum
525 3485 607 3516 dicito
619 3485 741 3526 Regi&
756 3486 836 3519 Duci
848 3488 970 3528 auferre,
987 3490 1022 3521 &
1034 3490 1083 3522 suo
1098 3491 1244 3524 Dominio
1258 3495 1322 3525 sub-

255 3532 407 3607 jugssieffi‘tus
426 3562 510 3593 etiam
532 3560 598 3607 Rex
620 3561 748 3607 Franciae
767 3566 919 3598 maximam
995 3566 1064 3598 ffem
1083 3567 1217 3604 Navium
1237 3571 1323 3610 parari

262 3601 387 3671 52¹2?
396 3609 571 3677 iffssssgffilfss
584 3600 751 3672 :1333ssssss
767 3602 1152 3675 {cegirssnggumsscinffiuctss
1168 3607 1325 3677 ²¹¹⁰<i³·³‘³¹‘²'’¹¹⁰

276 3650 395 3723 uCumg
408 3664 492 3718 igit²ur
513 3648 689 3710 di&zngex
707 3679 740 3710 ὅ(
757 3652 930 3713 Duxgaliillis
937 3704 947 3719 ,
969 3678 1017 3713 aut
1036 3655 1113 3714 asinii
1126 3656 1323 3722 &fnlcilnlssideat

265 3720 332 3756 quid
347 3726 427 3756 agere
439 3716 522 3757 poffit
535 3728 589 3758 pro
601 3717 676 3749 Pace
690 3717 899 3766 consequenda,
916 3720 995 3765 spem
1009 3731 1117 3759 ponens
1131 3723 1161 3753 iti
1175 3722 1261 3762 Deo,
1276 3735 1327 3755 ne-

268 3754 392 3786 ceffitate
411 3756 528 3787 coactus
567 3767 605 3788 ne
626 3766 750 3787 omnino
766 3766 814 3796 per
826 3758 1072 3790 diffimulationem
1086 3761 1120 3791 ὃ(
1132 3762 1329 3803 negligentiam

264 3779 681 3874 ffiriiiffitfiflgjuetgisabgtessjtriarn
695 3793 874 3828 Defenfionis
886 3807 940 3836 pro
949 3797 994 3836 se,
1012 3798 1046 3829 δε
1061 3797 1175 3839 Populo
1184 3823 1194 3839 ,
1209 3811 1242 3832 ac
1254 3803 1328 3834 Ter-

513 3857 523 3872 ,
599 3846 608 3866 i
622 3860 628 3865 .
1002 3846 1004 3849 ’

306 3868 473 3903 Consideret
491 3874 586 3912 itaque
603 3874 697 3904 omnis
710 3871 807 3911 Justus
818 3895 829 3911 ,
851 3874 871 3905 fi
891 3874 964 3913 negli
984 3875 1058 3905 entia
1078 3875 1125 3907 vel
1147 3880 1328 3912 contumacia

269 3907 358 3941 valeat
370 3909 449 3941 dieto
461 3910 585 3952 Regi&
600 3911 681 3944 Duei
694 3912 824 3951 imputari
838 3913 867 3943 in
878 3882 1027 3951 praediffitis.

1334 193 1809 239 PUBLICA„
2307 209 2384 253 ³17

2396 281 2475 316 Ami.
2490 282 2532 321 D„

2420 329 2505 365 1324.

1318 366 1376 396 Pro
1391 364 1569 409 Neazpolione
1587 365 1745 400 cardinali·
1764 395 1774 409 ,
1798 382 1834 401 ne
1851 367 2017 414 molestetur
2026 368 2117 418 fhper
2140 368 2302 407 Praebendis
2310 373 2380 420 fiais
2397 365 2465 392 Edv.
2481 374 2511 395 ²·

1661 424 1809 462 tanquam
1825 419 2015 466 Alienigena.

1321 495 1472 550 REX,
1492 497 1598 528 diletstis
1616 499 1649 530 &
1669 499 1795 532 fidelibus
1815 500 1881 541 suis,
1900 501 2031 536 Henrico
2046 505 2082 536 de
2096 500 2256 546 PenreIaw,
2275 506 2310 538 &
2325 507 2378 546 JO-
2395 519 2448 544 Aa.
2473 517 2515 544 18.

1384 535 1481 577 'hanni
1494 535 1529 565 de
1545 535 1702 576 Brumpton
1712 562 1721 577 ,
1738 538 1869 570 Salutem.

1356 570 1438 603 Licet
1457 583 1494 603 nu

1318 609 1366 639 vis

1320 657 1432 688 menta,
1451 650 1529 681 Bona
1548 651 1581 682 &
1598 651 1704 682 Catalla
1721 676 1731 692 ,
1748 655 1881 685 omnium

1319 689 1574 733 quam'Eaicorum
1590 691 1622 721 &
1638 691 1827 730 Secularium,
1845 694 1872 722 in
1887 666 2034 726 Comitatu
2050 697 2192 737 Oxoiiiae,
2209 700 2331 739 quisunt
2345 701 2381 731 de

1321 726 1466 771 Dominio
1487 728 1520 759 δε
1544 727 1685 759 Potestate
1705 728 1794 769 Regis
1810 731 1934 762 Franciae
1949 736 1957 763 (
1970 737 2090 772 exceptis
2105 737 2127 766 F
2129 738 2330 776 landrensibus,
2346 741 2383 770 δε

1320 765 1370 796 hiis
1385 777 1433 805 qui
1448 777 1477 796 iti
1491 766 1599 804 Regno
1615 767 1712 798 nostro
1728 777 1871 799 morantur
1884 770 1917 800 ad
1934 771 2033 802 Fidem
2047 775 2187 811 nostram)
2208 777 2241 807 ὃς
2257 784 2289 807 ea
2304 778 2382 808 salvo

1320 805 1564 844 custodiendum,
1585 805 1626 836 Ita
1647 806 1726 846 quod
1747 808 1782 837 de
1796 807 1938 848 Exitibus,
1957 811 2024 841 inde
2039 816 2281 854 provenientibus,
2300 816 2385 846 'nobis

1322 844 1523 882 responderetis
1537 845 1571 874 ad
1585 845 1766 876 scaccarium
1781 845 1911 877 nostrum
1919 870 1929 885 ,
1947 858 2029 885 prout
2051 850 2079 879 iri
2092 850 2201 883 Litteris
2216 855 2315 884 nostris
2329 854 2384 898 Paa-

1322 884 1462 921 tentibus,
1477 883 1560 914 vobis
1574 883 1642 914 inde
1657 884 1811 923 confestis,
1829 885 1936 922 plenius
1950 888 2126 918 continetur:
2355 890 2367 911 ‘⁴'

1362 920 1506 952 Nolentes
1518 929 1613 952 tamen
1625 923 1706 962 quod
1715 946 1725 961 ,
1743 924 1907 953 venerabilis
1920 923 2001 954 Pater
2010 948 2019 964 ,
2033 925 2065 955 N
2068 927 2176 964 capulio
2189 929 2272 960 saneti
2286 927 2385 962 Adria*

1324 961 1354 990 ni
1372 959 1521 991 Diaconus
1543 960 1696 991 Cardinalis
1711 984 1720 999 ,
1739 960 1952 993 Praebendarius
1972 962 2138 995 Praebendae
2160 966 2194 996 de
2214 967 2385 1008 Kvngeffut-

1324 1007 1395 1036 ton,
1409 999 1437 1028 in
1453 998 1579 1030 Ecclesia
1592 1001 1681 1030 beatae
1693 998 1796 1030 Mariae
1809 1000 1970 1031 Liticolniae
1978 1024 1988 1040 ,
2003 1002 2081 1042 super
2098 1001 2257 1035 Prxbendi‘s
2270 1017 2317 1037 aut
2329 1007 2384 1038 Bo*

1325 1040 1368 1069 nis
1382 1037 1451 1074 suis,
1470 1038 1498 1067 in
1511 1037 1618 1076 Regno
1631 1037 1729 1068 nostro
1742 1037 1935 1077 existentibus,
1957 1041 2121 1073 molestetur
2134 1043 2177 1072 seu
2191 1053 2336 1083 gravetur,

1363 1075 1454 1106 Vobis
1469 1077 1634 1107 mandamus
1648 1099 1656 1114 ,
1680 1077 1761 1116 quod
1777 1079 1901 1114 captioni
1919 1078 2072 1110 Terrarum
2086 1104 2096 1119 ,
2123 1080 2390 1123 Tenementorum,

1326 1114 1490 1153 Bonorum,
1507 1116 1541 1146 &
1556 1113 1749 1154 Catallorum,
1767 1116 1895 1153 praediffi
1911 1115 2067 1149 Cardinalis
2108 1120 2138 1149 in
2156 1119 2303 1151 Comitatu
2320 1132 2389 1159 prae-

1326 1153 1423 1191 dieto,
1444 1154 1473 1183 in
1493 1163 1611 1183 manum
1630 1153 1773 1192 nostram,
1787 1162 1924 1191 praetextu
1943 1142 2158 1188 Commissionis
2172 1158 2276 1190 nosttae
2290 1161 2392 1197 praedi-

1329 1193 1402 1231 ἀρε,
1419 1193 1541 1222 omnino
1561 1191 1769 1231 supersedeatis,
1790 1193 1933 1232 quousque
1954 1193 2028 1224 aliud
2045 1197 2061 1225 a
2076 1197 2158 1227 nobis
2175 1197 2252 1237 super
2267 1198 2324 1228 hoc
2342 1199 2393 1229 ha—

1329 1231 1444 1261 bueritis
1458 1232 1486 1260 in
1504 1230 1647 1261 mandatis.

1366 1268 1419 1308 Et,
1438 1269 1459 1299 si
1471 1268 1590 1307 Terras,
1607 1268 1806 1309 Tenementa,
1825 1269 1924 1309 Bona,
1940 1269 1986 1302 vel
2003 1270 2126 1310 Catalla,
2144 1275 2269 1310 praediffl
2293 1271 2394 1307 Cardia

1330 1307 1396 1338 nalis
1409 1331 1418 1346 ,
1434 1308 1583 1338 occasione
1604 1308 1739 1345 praedieffi
1752 1334 1761 1346 ,
1781 1310 1907 1348 ceperitis
1927 1309 1956 1340 in
1978 1319 2095 1340 manuni
2111 1313 2233 1343 nostram
2245 1336 2254 1351 ,
2273 1323 2340 1344 tunc
2364 1324 2396 1344 ea

1331 1346 1485 1377 Attornatis
1506 1347 1634 1385 praedicti
1656 1346 1812 1378 Cardinalis
1834 1349 1862 1378 in
1882 1348 1935 1378 hac
1949 1358 2045 1387 parte,
2064 1350 2120 1379 una
2132 1360 2200 1380 cum
2215 1350 2341 1382 Exitibus
2359 1353 2396 1382 de

1332 1387 1409 1454 teg-ils
1427 1386 1460 1417 &
1474 1386 1641 1454 “ff-emm&
1656 1386 1707 1416 illis
1722 1409 1731 1425 ,
1749 1387 1764 1416 a
1777 1394 1908 1425 tempore
1921 1386 2069 1426 Captionis
2083 1389 2227 1428 praeditstae
2243 1393 2395 1429 perceptis,

1333 1435 1362 1455 in
1384 1433 1446 1455 iate
1460 1434 1489 1454 re
1515 1434 1613 1455 ituatis.

1336 1463 1462 1532 O'Jegte
1484 1462 1568 1501 Rege
1589 1462 1664 1501 apud
1684 1463 1805 1494 Turrim
1829 1464 1993 1495 Londoniae
2006 1488 2015 1503 ,
2047 1465 2181 1502 vicesimo
2203 1466 2327 1497 secundo
2353 1466 2399 1498 die

1369 1511 1417 1532 cto
1440 1512 1482 1531 ris.

1398 1576 1568 1608 Consimiles
1581 1577 1684 1609 litteras
1696 1577 1785 1618 Regis
1798 1579 1881 1648 hagaelt
1895 1579 1971 1610 idern
1993 1579 2147 1612 Cardimlis
2160 1580 2340 1621 subscriptis3

1797 1628 1826 1649 vi
1846 1627 1946 1656 ercet,

1337 1692 1470 1732 Magistro
1481 1692 1610 1732 Johanni
1624 1693 1655 1724 de
1663 1693 1838 1734 Horkestow?

1338 1734 1436 1769 Rogero
1450 1733 1481 1761 de
1496 1732 1630 1762 thiztton
1640 1757 1649 1772 ,

1338 1773 1436 1807 Regem
1449 1770 1480 1801 de
1492 1770 1653 1811 Gildeburg,
1668 1770 1767 1802 clerico
1776 1796 1786 1810 ,

1337 1809 1466 1847 Jolmum'
1480 1811 1511 1839 de
1529 1809 1651 1850 Arches,

1339 1848 1454 1877 Roberto
1470 1850 1500 1878 de
1516 1851 1641 1887 Barton,

1341 1886 1472 1917 Michaelt
1486 1888 1517 1917 de
1533 1887 1638 1925 math,

1840 1708 1874 1759 ²}
1888 1719 1916 1745 in
1930 1718 2066 1746 Comitatu
2081 1715 2294 1755 Northampton.

1853 1786 1919 1836 }in
1936 1796 2074 1823 Comitatu
2091 1793 2189 1823 Bucks.

1853 1848 2122 1917 }i⁷¹,{{}ri²hi⁷²g⁰'
2139 1853 2167 1880 in
2183 1851 2320 1879 comitatu
2330 1846 2403 1878 Eho*

1390 2054 1449 2084 Pro
1469 2053 1596 2083 Nunciis
1616 2048 1737 2084 Roberti
1761 2047 1798 2084 de
1816 2052 1893 2131 {rus
1911 2078 1921 2094 ,
1947 2049 1992 2084 ad
2007 2051 2201 2084 imitandum
2214 2051 2305 2098 sitper
2315 2051 2360 2097 fi-

1785 2103 1849 2132 nai
1873 2103 1961 2134 Pace.

2400 559 2420 581 E

2422 564 2477 583 .2.

1496 584 1566 617 per,
1582 576 1654 606 inter
1664 577 1714 620 alia
1729 600 1739 616 ,
1757 578 1978 617 assignaverimus
1990 593 2058 621 vos,
2075 585 2271 623 coniundh'm,
2287 584 2320 615 &
2336 584 2379 615 di·
2399 592 2534 630 claustr&

1359 620 1399 640 im
1414 635 1423 650 ,
1440 611 1474 642 ad
1495 613 1664 650 capiendum
1688 625 1718 645 in
1733 625 1851 646 manum
1863 617 1989 648 nostram
2006 622 2100 650 omnia
2119 621 2222 653 Terras
2235 624 2267 653 δε
2282 623 2382 654 Tene-
2399 637 2428 660 E.
2450 642 2476 659 2.

1916 657 2091 696 ersonatum,
2110 662 2167 690 tam
2182 661 2382 701 Clei'icorum,
2401 681 2436 699 m.
2448 680 2492 708 30,
2506 669 2536 707 »δὲ

1346 2187 1402 2242 R
1413 2184 1438 2214 E
1449 2184 1478 2215 X
1498 2183 1729 2215 Vicecomitibus
1744 2208 1753 2223 ,
1769 2184 1803 2215 &
1821 2185 1955 2215 omnibus
1973 2186 2029 2216 aliis
2051 2184 2162 2216 Ballivis
2175 2207 2185 2224 ,
2207 2184 2362 2225 Ministris,
2377 2187 2411 2218 &
2430 2194 2508 2225 Arm,
2520 2193 2561 2225 D,

1343 2260 1478 2292 Salutem.

1345 2416 1378 2446 &
1400 2415 1512 2448 dietum
1532 2416 1698 2447 Robertum
1717 2417 1753 2446 de
1776 2417 1845 2447 Brus
1859 2440 1869 2454 ,
1882 2417 1996 2455 suosque
2017 2416 2187 2461 Complices
2205 2418 2238 2448 &
2254 2418 2386 2449 Fautores
2402 2441 2412 2457 ,

1346 2494 1431 2531 usque
1444 2494 1478 2524 ad
1495 2494 1652 2524 Civitatem
1665 2493 1790 2524 nostram
1803 2493 1953 2532 Eborum,
1969 2495 1999 2525 in
2012 2496 2144 2532 proximo
2161 2497 2214 2526 sint
2226 2496 2352 2526 venturi:

1387 2531 1453 2563 Nos
1471 2534 1562 2573 ipsum
1582 2532 1772 2572 Episcopum,
1793 2542 1827 2563 ac
1841 2532 1987 2563 Homines
1999 2533 2035 2563 de
2050 2533 2169 2565 Familia
2188 2533 2254 2572 sua,
2272 2533 2357 2573 usque
2379 2533 2414 2564 ad
2436 2552 2496 2580 103,

1348 2580 1500 2602 numerum
1524 2571 1702 2601 consimilem
1719 2594 1728 2609 ,
1754 2572 1789 2602 δε
1808 2573 1926 2611 (proeter
1945 2572 2017 2611 ipsos
2031 2595 2040 2611 ,
2061 2571 2237 2611 Episcopum
2257 2574 2291 2604 &
2309 2572 2417 2603 Comi-

1350 2617 1409 2639 teni
1426 2634 1435 2648 ,
1458 2609 1574 2646 didios)
1596 2610 1663 2640 alios
1685 2610 1728 2640 sex
1748 2610 1885 2641 Nuncios
1899 2634 1908 2650 ,
1934 2612 2021 2649 usque
2041 2611 2076 2641 ad
2104 2621 2256 2642 numerum
2282 2612 2420 2652 sexaginta

1350 2647 1487 2686 Equitum
1504 2671 1513 2686 ,
1538 2650 1570 2679 &
1592 2658 1692 2679 eorum
1715 2648 1813 2687 Equos
1828 2674 1837 2688 ,
1855 2648 1991 2680 Hernefia
2005 2672 2016 2688 ‚
2033 2659 2065 2680 ac
2087 2659 2188 2680 eorum
2212 2649 2369 2681 Servientes
2385 2650 2420 2681 ὃς

1351 2686 1528 2724 Garciones,
1547 2688 1580 2718 &
1595 2697 1697 2718 eorum
1712 2687 1790 2717 Bona
1806 2697 1994 2728 quaecumque
2011 2711 2020 2726 ‚
2035 2688 2200 2728 suscepimus
2213 2688 2242 2718 in
2257 2687 2420 2720 Protectio-

1351 2735 1418 2755 nem
1431 2727 1464 2757 &
1478 2725 1684 2756 Defensionem
1700 2726 1827 2756 nostram
1843 2726 2009 2767 specialem,
2033 2736 2148 2757 necnon
2162 2728 2193 2757 in
2207 2726 2316 2759 salvum
2331 2729 2365 2759 ὅτ,
2380 2727 2422 2758 se·

1352 2775 1453 2795 curum
1474 2764 1666 2795 Conductum
1684 2764 1814 2795 nostrum
1829 2788 1838 2803 ,
1864 2766 1894 2795 in
1918 2765 2060 2795 veniendo
2080 2766 2107 2795 iri
2129 2765 2266 2810 Regnum
2289 2766 2420 2798 nostrum

1352 2803 1524 2842 praedifffflm
1539 2826 1549 2842 ,
1565 2803 1673 2833 ibidem
1696 2802 1834 2833 morando
1848 2827 1858 2840 ,
1873 2804 1907 2834 &
1929 2803 2030 2834 exinde
2051 2805 2081 2834 iri
2104 2803 2233 2835 Scotiam
2251 2804 2397 2836 redeundo
2412 2815 2423 2843 ς

1353 2851 1438 2886 prou-t
1453 2843 1483 2872 in
1498 2841 1597 2872 Literis
1610 2842 1711 2873 nostris
1724 2841 1902 2881 Parentibus,
1922 2843 1961 2873 eis
1974 2842 2052 2882 super
2066 2842 2125 2873 hoc
2142 2843 2296 2883 confeffls,
2314 2844 2422 2883 plenius

1352 2889 1521 2911 continetur.
2165 2892 2172 2902 ·

1392 2918 1478 2959 Nos,
1496 2918 1622 2950 volentes
1636 2918 1851 2949 Protefflonem
1865 2919 1900 2950 ὃς
1915 2918 2120 2950 Defenfionem
2134 2920 2239 2951 nostras
2257 2921 2422 2959 praedictas,

1354 2967 1468 2987 necnon
1483 2958 1516 2988 &
1529 2957 1633 2987 salvum
1648 2959 1682 2989 &
1694 2957 1823 2988 securum
1836 2957 2025 2989 Conductum
2038 2958 2168 2990 nostrum
2182 2959 2368 2998 praedictum,
2393 2961 2421 2990 in

1354 2997 1489 3026 omnibus
1510 2996 1670 3034 observari,
1689 3007 1740 3034 ac,
1758 2997 1795 3027 de
1816 2995 1925 3027 dileetis
1944 2997 1978 3028 &
2000 2997 2127 3028 fidelibus
2146 2998 2245 3028 nostris
2257 3021 2266 3036 ,
2284 2998 2420 3028 Roberto

1355 3033 1392 3064 de
1406 3034 1610 3065 Umframville
1624 3032 1744 3065 Comite
1755 3035 1791 3065 de
1805 3035 1938 3075 Anegos,
1958 3036 1992 3066 δε
2008 3035 2163 3075 Radulpho
2175 3036 2211 3067 de
2219 3036 2252 3066 N
2255 3036 2422 3075 eville,ple-

1356 3073 1432 3103 narie
1455 3072 1629 3104 confidentes
1643 3097 1653 3112 ,
1670 3074 1680 3103 i
1703 3075 1744 3104 sos
1757 3097 1767 3112 ,
1785 3074 1967 3112 conjunffim
1980 3098 1989 3113 ,
2009 3075 2042 3105 ὃς
2065 3075 2176 3105 divisim
2193 3098 2202 3112 ,
2220 3074 2423 3105 Conductores

1357 3111 1391 3141 ἃ
1406 3110 1602 3150 Gardiatores,
1621 3112 1667 3142 seu
1681 3083 1961 3151 {londutftoremssc
1974 3111 2318 3152 Gardiatoi·em,ipsoruni
2328 3135 2337 3151 ,
2354 3113 2424 3150 Epi-

1355 3149 1435 3188 scopi
1448 3151 1482 3181 &
1496 3149 1624 3181 Comitis
1636 3150 1672 3181 de
1687 3150 1818 3190 Murref,
1828 3152 1862 3182 &
1873 3152 1992 3182 aliorum
2009 3151 2195 3182 Nuncioruin
2208 3151 2412 3190 praedictorum
2421 3173 2430 3189 ,

1357 3198 1392 3218 ac
1412 3189 1546 3219 omnium
1569 3189 1601 3220 &
1621 3190 1792 3229 singulorum
1814 3190 1850 3220 de
1869 3190 1990 3220 Familiis
2012 3190 2062 3219 fiiis
2076 3212 2086 3227 ,
2110 3189 2196 3228 usque
2215 3190 2249 3220 ad
2266 3199 2421 3221 numerum

1358 3227 1526 3266 praedidlmm
1536 3250 1546 3266 ‚
1565 3238 1597 3258 ac
1620 3228 1799 3259 Servientuin
1816 3229 1849 3259 ὃς
1865 3228 2043 3259 Garcionum
2058 3228 2174 3258 suorum
2188 3251 2197 3266 ,
2217 3238 2286 3259 cum
2300 3230 2360 3268 ipsis
2372 3238 2423 3259 ve-

1357 3266 1498 3296 nientium
1513 3267 1542 3296 in
1557 3265 1692 3306 Regnum
1708 3267 1856 3305 nostrum,
1872 3267 2032 3304 veniendo,
2048 3267 2080 3297 &
2096 3266 2202 3297 ibidem
2220 3267 2359 3298 morando
2368 3290 2378 3305 ,
2390 3275 2423 3296 ac

1358 3304 1460 3336 exinde
1475 3304 1618 3336 redeundo
1634 3329 1643 3344 ,
1662 3307 1732 3337 sicut
1747 3306 1915 3345 praedictum
1930 3305 1987 3344 est,
2004 3314 2103 3336 tenore
2117 3305 2316 3344 praesentium,
2335 3305 2426 3344 depu-

1360 3352 1465 3374 tamus:

1399 3381 1623 3413 Mandantes‘&
1642 3381 1758 3413 firmiter
1779 3383 1955 3421 injungentes
1974 3380 2201 3413 Vicecomitibus
2217 3405 2226 3420 ,
2246 3383 2279 3413 &
2292 3382 2426 3412 omnibus

1360 3422 1394 3453 &
1409 3421 1519 3460 singulis
1534 3420 1707 3452 Custodibus
1722 3421 1873 3459 Villarum,
1892 3420 2112 3451 Constabulariis
2124 3420 2289 3451 Castrorum
2304 3421 2337 3450 ὅ(
2354 3419 2424 3450 For—

1361 3460 1520 3491 taliciorum
1544 3463 1612 3498 (per
1628 3470 1692 3499 quae
1706 3460 1776 3498 ipsos
1792 3462 1903 3491 transire
1917 3461 2086 3499 contigerit)
2106 3469 2138 3489 ac
2161 3459 2217 3489 aliis
2231 3457 2369 3488 Miiiistris
2388 3459 2423 3489 ὃς

1362 3498 1489 3529 fidelibus
1504 3497 1606 3528 nostris
1626 3499 1856 3538 quibuscunque,
1873 3499 1952 3538 quod
1971 3497 2109 3537 praefatisff
2125 3496 2236 3540 Comiti
2259 3497 2294 3527 de
2311 3495 2425 3535 Anegos

1363 3537 1397 3567 &
1417 3536 1571 3574 Radulpho
1585 3548 1595 3575 3
1612 3546 1645 3566 ac
1665 3546 1765 3567 eorum
1785 3538 1861 3567 alteri
1875 3559 1885 3575 ,
1904 3545 2037 3574 tanquam
2053 3534 2288 3566 Condudtoribus
2303 3536 2335 3565 δε
2350 3535 2426 3577 Car-

1365 3575 1533 3613 diatoribus,
1549 3575 1594 3605 seu
1611 3573 1793 3606 Condudmi'i
1807 3576 1840 3606 ὃς
1854 3575 2031 3612 Gardiatori,
2050 3572 2272 3612 praedietorum,
2291 3573 2426 3612 Episcopi

1365 3615 1399 3646 &
1414 3612 1541 3645 Comitis
1554 3614 1590 3645 de
1606 3612 1725 3644 Murref
1733 3637 1742 3652 ,
1760 3624 1792 3645 ac
1814 3615 1935 3644 aliorum
1956 3612 2143 3642 Nunciorum
2157 3612 2375 3651 praedietorum,
2394 3622 2428 3643 ac

1365 3655 1495 3683 omnium
1511 3654 1544 3684 &
1567 3652 1739 3691 singulorum
1759 3653 1796 3682 de
1818 3651 1938 3681 Familiis
1955 3651 2022 3688 suis,
2040 3650 2123 3688 usqqe
2142 3651 2175 3680 ad
2190 3661 2341 3681 numerum
2357 3660 2429 3690 prae-

1367 3691 1478 3722 dietum
1491 3714 1500 3729 ,
1520 3700 1554 3721 ac
1576 3691 1756 3721 Servientum
1779 3692 1812 3721 ὃς
1835 3689 2014 3719 Garcionum
2035 3688 2164 3727 suorum,
2182 3690 2211 3718 in
2227 3690 2295 3727 liiis,
2332 3699 2376 3719 uae
2394 3689 2430 3719 ad

1366 3727 1558 3761 Salvationei'n
1572 3730 1605 3760 &
1617 3728 1822 3759 Defeniionem
1836 3751 1846 3766 ‚
1862 3737 1975 3758 necnon
1989 3727 2095 3757 salvum
2108 3728 2140 3758 &
2162 3728 2289 3758 securum
2337 3727 2431 3760 ondu-

1368 3768 1449 3798 etum
1464 3768 1638 3803 eorundem,
1658 3768 1846 3805 contingunt,
1866 3766 1917 3796 sint
1932 3766 2121 3803 intendentes,
2138 3766 2351 3806 respondentes,
2359 3777 2432 3798 con-

1368 3806 1485 3837 sulentes
1504 3806 1538 3835 &
1557 3806 1735 3842 auxiliantes,
1752 3814 1820 3835 cum
1836 3803 2013 3834 Hominibus
2034 3803 2069 3834 ad
2089 3805 2178 3835 Arma
2193 3829 2202 3842 ‚
2222 3805 2255 3836 ὃ(
2271 3814 2334 3836 toto
2347 3804 2432 3836 Posse

1367 3846 1437 3883 suo,
1451 3845 1600 3883 quotiens,
1615 3844 1649 3874 &
1662 3842 1775 3881 quando
1792 3852 1841 3880 per
1861 3842 1931 3880 ipsos
1944 3866 1954 3880 ,
1971 3841 2120 3873 Comitem
2140 3843 2174 3874 de
2191 3843 2303 3885 Anegos
2316 3846 2350 3876 &
2370 3844 2430 3875 Ra-

1369 3883 1524 3922 dulphum,
1542 3891 1576 3912 ac
1588 3890 1690 3911 eorum
1703 3882 1839 3918 alterum,
1856 3890 1890 3910 ex
1904 3889 1980 3918 parte
1998 3880 2110 3920 nostra,
2125 3882 2226 3913 fuerint
2239 3884 2408 3923 praemuniti.

1407 3922 1442 3952 In
1455 3922 1534 3960 cujus
1545 3942 1557 3960 ,
1569 3921 1631 3952 &c.
1651 3919 1736 3959 usque
1749 3919 1784 3951 ad
1798 3918 1915 3950 Festum
1931 3919 2028 3950 Saneti
2041 3919 2144 3952 Hilarii
2157 3923 2289 3960 proximo
2303 3922 2429 3953 futurum

1369 3961 1519 3992 duraturas.

1408 3997 1497 4030 Teste
1510 3996 1594 4037 Rege
1607 3994 1681 4037 apud
1697 3995 1851 4035 Mortilak‚
1868 3997 1950 4028 tertio
1963 3996 2009 4029 die
2022 3996 2212 4029 Novembris.

2039 4076 2093 4106 Per
2104 4073 2186 4114 ipsum
2197 4076 2302 4113 Regem,

1802 4139 1861 4181 ΡΞ
2368 4138 2434 4173 ET

1422 2223 1548 2254 fidelibus
1562 2224 1631 2262 suis,
1647 2225 1707 2255 tam
1718 2224 1790 2254 infra
1804 2224 1959 2255 Libertates
1969 2247 1981 2264 ,
2005 2225 2092 2264 quam
2108 2233 2199 2262 extra,
2217 2225 2251 2255 ad
2266 2235 2336 2265 quos
2350 2226 2411 2257 &c.
2452 2243 2538 2273 1324,

1383 2300 1481 2332 Sciatis
1497 2299 1597 2339 quod,
1615 2302 1685 2332 cum
1697 2300 1873 2332 Willielmus
1889 2301 2044 2340 Episcopus
2063 2300 2099 2331 de
2111 2300 2218 2332 San&o
2232 2299 2361 2340 Andrea,
2376 2303 2410 2334 δε
2429 2272 2546 2338 {ank-18.

1344 2338 1476 2370 Thomas
1497 2339 1630 2370 Randolf
1642 2339 1752 2370 Comes
1765 2340 1801 2370 de
1823 2339 1941 2370 Murref
1950 2363 1961 2379 ,
1976 2350 2010 2371 ac
2025 2340 2070 2370 alii
2083 2340 2139 2370 Sex
2156 2340 2271 2372 Nuncii
2286 2341 2411 2372 Roberti
2435 2354 2492 2378 pm,
2506 2349 2547 2377 χε,

1344 2377 1380 2407 de
1395 2377 1479 2415 Erus,
1497 2378 1530 2408 ad
1546 2379 1727 2408 tractandum
1739 2378 1816 2417 super
1831 2378 1905 2409 finali
1919 2378 1992 2409 Pace
2007 2380 2040 2410 δε
2054 2378 2238 2417 Concordia,
2256 2381 2329 2410 inter
2341 2390 2412 2419 nos,
2428 2393 2456 2416 E.
2478 2399 2508 2416 2,

1346 2463 1445 2486 contra
1466 2457 1484 2475 ³¹*
1506 2465 1557 2486 nos
1573 2455 1608 2485 de
1624 2455 1735 2486 Guerra
1746 2455 1910 2494 existentes,
1921 2455 2103 2494 ineundis‚in
2122 2456 2259 2495 Regnum
2272 2455 2414 2496 nostrum,
2430 2434 2527 2500 eti-¹1¹5·

2432 2506 2447 2522 ἡ

2474 2507 2526 2532 ΙΨ.
