2562 4279
0 234 33 254 tn.
48 223 90 256 D.

0 271 63 302 344-

0 312 25 331 υ.
44 312 70 339 3.

0 1562 74 1620 3⁴53.

0 1651 50 1696 bist.

0 1709 12 1735 Ι
18 1717 61 1743 ..μ
67 1711 93 1743 ςᾲ

0 2174 34 2195 tn.
53 2163 93 2197 D.

0 2212 74 2269 ἔμ’

9 2290 36 2317 3.

0 2320 49 2356 rus.

1 2362 86 2393 .iz.3.

115 143 193 182 166

111 225 204 256 Nova
220 223 367 263 quaedam,
383 220 495 252 noviter
509 218 684 256 emergentia
716 215 793 253 super
807 215 973 253 attemptatis
987 220 1083 244 contra
1089 211 1184 243 Treu-

113 274 180 300 garn
217 265 288 293 inter
304 261 371 292 Nos
384 260 417 290 &
432 257 626 288 Adversarium
642 239 768 285 noiirum
782 253 908 284 Franciae
925 252 1036 290 pridem
1051 258 1181 289 captam,

113 303 147 334 &
163 286 204 332 οὲ
224 301 287 331 alias
310 298 398 329 causas
416 296 526 334 arduas,
542 294 620 333 super
644 294 742 331 quibus
764 301 815 321 nos
839 292 962 328 oportuit
984 290 1128 328 ordinare,
1147 289 1180 320 δε

116 340 336 372 Parliamentum
349 334 477 366 nostrum
492 342 670 370 convocare,
687 331 819 361 duximus
831 328 1032 360 differendum.

148 377 194 408 Ad
217 377 300 413 haec,
318 376 382 412 quia
397 371 653 408 ComitiDerbiae,
677 369 898 405 Consanguineo
907 367 1002 398 nostro
1022 365 1183 404 carissimo,

119 426 204 453 nuper
218 414 325 444 dietam
337 412 526 442 Obfidionem
542 409 616 440 adire
627 407 801 445 disponenti,
818 407 896 444 super
910 406 1096 444 resumptione
1111 405 1184 434 Tra-

119 453 210 485 &atus
224 451 424 488 Matrimonii,
441 451 512 479 inter
526 448 630 478 Filium
647 445 770 476 vestrum
786 444 1014 481 Primogenitum
1036 444 1069 474 &
1086 443 1186 473 Filiam

115 491 237 522 nostram
253 489 478 526 Primogenitam
493 485 694 522 contrahendi,
711 485 869 522 aperuimus
884 492 1012 513 mentem
1025 481 1149 512 nostram
1159 503 1169 520 ,

151 529 186 560 Et
200 528 276 558 idem
293 526 422 565 Comes,
436 524 529 556 audita
543 524 715 554 Redditione
728 522 888 561 Algezirae,
906 531 966 551 non
985 520 1185 558 progredieba-

112 576 154 598 tur
170 567 280 597 ulterius
290 588 298 603 ,
316 566 353 595 set
366 562 547 595 commissam
561 563 611 592 fibi
625 572 675 600 per
691 561 757 592 Nos
764 560 945 591 Credentiam
962 559 1106 589 commisit
1114 568 1187 599 prae-

112 606 171 636 fato
181 605 301 644 Johanni
314 604 350 634 de
363 602 521 640 Brokafiiis,
538 600 636 632 vestrae
650 599 794 630 Serenitati
809 598 912 636 Regiae
927 597 1104 628 referendam
1114 619 1123 635 ,

149 644 211 682 Qi
226 643 337 681 quidem
350 641 490 680 johannes
510 640 593 670 nobis
612 639 680 669 dixit
700 637 779 676 quod
805 637 894 668 vestra
917 636 1077 667 Sublimitas
1094 634 1184 674 ipsum

113 683 190 720 super
217 683 272 712 hoc
293 688 432 718 gratanter
450 678 575 717 audivit,
604 677 637 708 &
659 676 837 706 Innovationi
855 675 925 706 dieti
951 673 1101 705 Tractatus
1119 674 1185 703 laeto

112 720 199 751 corde
217 719 350 750 consensit
365 741 375 757 ,
399 718 465 747 licet
489 717 533 746 alii
552 726 606 755 pro
624 715 763 746 Tradiatu
789 714 930 745 consimili
954 723 1040 754 penes
1063 712 1184 743 vestram

112 757 365 796 Magnificentiam
382 755 556 793 institissent,
575 756 609 785 ὅ(
647 754 705 784 uod
721 752 791 791 illis,
815 754 885 784 citra
903 761 1046 790 receptam
1064 761 1080 782 a
1104 751 1186 781 nobis

111 796 188 835 super
204 797 260 827 hoc
279 795 501 833 Responfivam5
517 793 629 834 Respon
642 802 690 822 um
713 791 830 822 finaliter
856 801 915 821 non
937 791 1054 827 daretis,
1074 789 1110 820 de
1126 799 1185 829 quo

110 844 220 873 gratam
244 834 364 865 vestram
394 832 616 864 Benivolentiam
632 855 641 870 ,
667 831 773 870 quantis
801 826 968 868 possumus,
994 827 1184 867 prosequimur

110 874 279 905 Aetionibus
295 874 456 909 gratiarum.

148 911 185 943 Et
201 913 265 950 quia
279 912 369 942 dictus
382 910 531 942 Tradimus
545 910 627 940 nobis
649 907 745 938 insidet
765 907 886 938 multum
908 905 1006 944 cordi,
1020 905 1079 944 jam
1095 903 1184 935 Nun-

110 951 173 982 cios
188 949 298 981 nostros
312 950 346 981 ad
361 948 557 981 Tractandum
571 949 603 979 &
623 946 863 977 Concordandum
879 945 1029 976 vobiscum
1039 967 1048 982 ,
1063 944 1108 974 seu
1124 943 1184 973 De-

111 990 210 1027 putatis
226 989 338 1026 vestris,
361 988 390 1019 su
412 998 441 1018 er
459 988 595 1018 Tractatu
614 985 770 1023 praedidio,
795 995 865 1015 cum
883 983 1020 1014 Potestate
1037 982 1184 1013 sufficienti

111 1028 245 1059 duximus
260 1027 379 1058 ordinan
399 1037 445 1063 os,
469 1027 517 1064 qui
532 1026 599 1056 citra
615 1023 726 1054 Festum
746 1023 890 1054 Omnium
909 1022 1097 1060 Sanctorum,
1118 1031 1186 1060 pro-

115 1067 198 1097 ximo
224 1065 348 1097 futurum
367 1065 400 1096 ad
418 1065 567 1102 ultimum,
594 1071 705 1100 propter
730 1062 790 1093 hoc
806 1071 885 1092 erunt
901 1062 932 1091 in
950 1059 1073 1091 Civitate
1091 1059 1187 1090 nostra

112 1104 243 1143 Baionae,
265 1105 351 1143 parati
369 1103 519 1142 procedere
538 1104 567 1132 in
583 1101 722 1132 Traetatu
741 1101 889 1139 praedicto.

150 1143 353 1181 Qamobrem
380 1141 518 1179 Regalem
542 1140 742 1171 Excellentiam
770 1140 866 1171 votive
891 1148 1022 1176 rogamus
1044 1138 1186 1176 quatinus,

110 1181 283 1212 voluntatem
301 1182 492 1212 continuantes
509 1180 668 1217 inceptam,
687 1178 768 1208 dietis
782 1177 900 1208 Nuntiis
917 1176 1032 1214 nostris,
1047 1185 1114 1206 tunc
1131 1176 1184 1205 ibi-

111 1220 195 1288 (ἓξπν,
221 1219 374 1257 significare
393 1218 482 1250 velitis
504 1218 582 1256 super
601 1217 668 1248 loco
691 1216 843 1248 Tractatus
856 1240 866 1256 ‚
891 1218 924 1247 ὃς
943 1216 1002 1246 aliis
1014 1237 1024 1253 ,
1048 1214 1118 1245 velle
1136 1225 1185 1245 ve-

140 1268 209 1288 turn.

153 1296 228 1328 Data
245 1296 319 1335 apud
336 1296 470 1338 Rysyng,
488 1294 662 1326 duodecimo
679 1293 724 1324 die
744 1292 873 1332 Augusti.

567 1345 574 1359 9

334 1419 393 1454 Ad
414 1419 575 1464 Praefizmm
599 1421 707 1465 Regem
730 1417 793 1450 aliae
820 1419 949 1450 Litterae.

114 1509 270 1572 Eidem,
289 1507 354 1553 Rea
369 1507 499 1538 Salutem.
599 1544 604 1549 Ι
620 1544 624 1550 Ι
667 1544 673 1550 ι
778 1543 783 1548 “
863 1542 868 1547 .
911 1541 916 1546 ¹
1062 1541 1083 1549 ..

211 1549 257 1579 De
273 1546 358 1577 multa
376 1544 505 1584 proceffit
522 1543 688 1575 Nobilitatis
706 1543 739 1574 &
750 1541 930 1573 Liberalitatis
944 1541 1088 1572 affluentia
1096 1542 1184 1581 quod,

151 1587 232 1618 Cum
258 1583 441 1615 innotesceret
464 1582 565 1614 vestrae
591 1581 820 1619 Magnificentiae
840 1580 1004 1619 Johannem
1028 1580 1064 1610 de
1082 1579 1184 1611 Brocas

111 1626 145 1656 &
169 1624 365 1656 Guillielmum
390 1622 553 1653 Dominum
569 1621 605 1651 de
631 1620 772 1651 Pomeriis
786 1643 796 1658 ,
817 1618 926 1649 nostros
943 1619 1097 1658 Nuncios,
1115 1624 1129 1634 ⁸
1146 1619 1182 1650 ad

112 1675 164 1695 vos
178 1663 291 1732 nfiiffos'
309 1661 379 1693 velle
397 1671 487 1692 unum
507 1659 621 1699 Equum
640 1658 786 1690 Genetum
804 1658 838 1689 ad
857 1657 937 1688 usum
954 1657 1085 1688 nostrum
1102 1667 1186 1690 com—

133 1702 188 1733 arai
202 1713 217 1733 e
941 1707 947 1716 ·

112 1713 132 1742 p
148 1725 247 1772 Vestr’a
274 1738 489 1776 Munificentia,
508 1736 615 1767 dietam
637 1735 821 1774 Emptionem
847 1733 905 1764 fieri
930 1743 987 1764 non
1005 1735 1186 1774 permittens,

111 1779 193 1810 Duos
210 1779 304 1818 Equos
323 1777 464 1808 Genettos
479 1777 563 1806 nobis
583 1775 656 1805 mifit
670 1784 720 1815 per
734 1773 862 1804 eosdem·
883 1772 918 1802 de
938 1782 995 1810 quo
1022 1781 1113 1810 grates
1131 1784 1184 1804 vo-

111 1819 153 1848 bis
171 1817 312 1848 referimus
326 1815 454 1856 speciales
469 1824 475 1843 ε
494 1813 576 1845 Nam
594 1814 653 1844 tarn
674 1820 749 1852 grata
765 1813 799 1844 δε
812 1797 937 1842 ordinata
957 1811 1117 1843 Liberalitas
1138 1813 1183 1843 in-

112 1857 187 1888 time
204 1866 256 1887 nos
274 1854 379 1885 refecit.

151 1895 218 1927 Dat.
239 1903 268 1926 ut
285 1894 370 1932 supra.

145 2025 237 2069 Super
262 2017 448 2068 Sponfhlibus
471 2022 548 2052 inter
572 2021 808 2065 Primogenitum
831 2020 918 2065 Regis
942 2015 1085 2061 Castellae,
1111 2021 1149 2056 (ῤ’

525 2068 639 2102 filiam
664 2071 762 2115 Regis.

113 2156 375 2229 REltitiinNObffl
389 2155 479 2195 Viro,
497 2154 626 2186 Ferando
645 2154 748 2186 Zancii
768 2153 803 2184 de
821 2153 989 2188 Vailhedolit
1008 2152 1114 2193 Militi,
1133 2152 1183 2185 Sa-

150 2235 199 2267 De
218 2235 382 2267 Affiffione
400 2233 495 2272 grat-51,
524 2243 609 2270 quam
629 2232 663 2263 ad
682 2242 733 2263 nos
750 2232 783 2262 &
808 2230 916 2261 nostros
942 2231 1036 2267 geritis
1059 2240 1094 2261 ex
1112 2227 1183 2260 affe-

113 2273 160 2305 ‹stu
197 2275 282 2313 ficut,
309 2273 424 2303 dilectus
443 2273 476 2303 ὃ(
495 2271 580 2302 fidelis
598 2271 688 2301 noster
706 2295 714 2309 ‚
737 2270 880 2310 johannes
897 2269 932 2300 de
950 2269 1085 2300 Brokafiis
1103 2270 1185 2300 nobis

112 2298 218 2351 retulit,
234 2314 316 2343 vobis
333 2321 419 2351 grates
436 2310 578 2341 referimus
600 2310 742 2348 speciales,

147 2351 278 2383 Corditer
306 2361 357 2381 vos
381 2358 509 2387 rogantes
536 2357 686 2387 quatenus,
711 2347 904 2379 Affestionem
925 2348 1120 2377 continuantes
1143 2347 1186 2376 in-

2 2404 28 2422 2.
49 2405 84 2424 m.
109 2400 236 2429 ceptam,
256 2399 354 2427 penes,
373 2387 562 2424 Magnificum
581 2386 762 2425 Principem,
783 2386 946 2416 Dominum
961 2385 1102 2423 vestrum,
1119 2384 1186 2415 Do-

0 2434 67 2462 alar.

2 3268 48 3288 nn.
58 3257 99 3288 D.

0 3305 77 3336 [344.

0 3346 25 3362 υ.
46 3336 87 3362 ιδ.

0 3447 24 3475 3.
37 3453 67 3477 E.
81 3459 106 3486 3.

0 3495 14 3512 ι,
31 3496 60 3522 4,

113 2432 225 2459 minum
249 2429 365 2465 Regem
392 2426 540 2464 Castellae,
567 2424 817 2462 Consanguineum
843 2424 970 2454 nostrum
995 2423 1184 2463 cariffimum,

112 2476 142 2498 ut
157 2468 304 2498 Traetatus
322 2468 393 2496 inter
415 2464 504 2502 ipsum
529 2465 561 2494 &
589 2474 641 2493 nos
659 2463 736 2501 super
763 2463 968 2500 MatrimoniO,
993 2464 1063 2492 inter
1081 2461 1184 2492 Filium

112 2505 193 2536 suum
212 2505 435 2544 primogenitum
453 2503 486 2533 ὅ(
506 2502 604 2531 Filiam
623 2501 748 2531 nostram
768 2501 997 2537 Primogenitam
1015 2500 1184 2531 contrahen-

111 2544 151 2574 do
170 2545 234 2581 (pro
254 2553 311 2581 quo
330 2542 363 2572 N
367 2542 465 2572 uncios
484 2540 591 2570 nostros
609 2550 675 2571 cum
695 2539 833 2570 Potestate
852 2539 999 2570 sufficienti
1013 2539 1072 2577 jam
1091 2539 1183 2577 dispo-

111 2583 212 2613 suimus
225 2581 457 2616 transmittcndos)
478 2579 629 2617 procedat,
654 2579 687 2608 &
705 2577 884 2608 effeetualiter
902 2578 1088 2616 prosperetur,
1115 2578 1184 2607 veli-

112 2622 146 2652 tis
161 2622 335 2661 interponere
349 2628 417 2649 cum
432 2617 560 2647 efficaci-31
577 2626 662 2655 partes
681 2616 799 2655 vestras,
822 2617 854 2647 ὅ(
872 2617 953 2647 vobis
971 2625 1078 2654 gratam
1097 2615 1183 2647 sacie-

114 2669 195 2697 mus,
214 2668 242 2689 ut
258 2658 411 2694 convenit,
429 2656 629 2693 Repenlivam.

152 2697 220 2728 Dat.
238 2697 310 2735 apud
329 2693 629 2732 Westmonastetium,
646 2693 762 2724 decimo
780 2692 853 2723 sexto
873 2693 919 2722 die
938 2692 1070 2730 Augusti.

132 2782 243 2815 Eodem
262 2781 351 2813 modo
371 2780 536 2812 mandatum
554 2779 603 2848 dli
619 2778 775 2848 subscriptis
787 2801 797 2817 ,
813 2777 863 2809 sub
879 2777 982 2809 eadem
1006 2777 1069 2809 data
1086 2801 1096 2816 ,
1120 2779 1166 2809 vi-

605 2828 620 2848 e
632 2827 702 2856 icet,

153 2879 282 2919 Johanni
301 2877 417 2919 Alfonfi)
435 2878 467 2908 de
485 2879 604 2915 Broket,

152 2918 279 2957 Johanni
298 2921 415 2958 Martyn
432 2917 463 2946 de
481 2920 573 2955 Lene,

117 2957 274 2988 Militibus:

154 2994 288 3034 Alagistro
306 2993 433 3033 Johanni
450 2993 581 3031 Stephani
600 2990 764 3022 cancellario
783 2992 859 3027 Regis
878 2989 1018 3028 castella,

154 3033 260 3064 Alkar.
279 3036 473 3071 Genettorum,
492 3035 570 3070 Regis
589 3030 712 3070 Castellae
731 3027 865 3068 Illustris,
882 3028 1025 3068 Magistro.

197 3161 290 3206 Super
314 3161 489 3193 Munisione
513 3155 683 3200 Castrorum
710 3157 741 3186 in
759 3151 899 3200 partibus
925 3155 1095 3185 Britanniae.

125 3242 268 3299 REX,
285 3243 391 3274 dilec'lis
403 3244 436 3274 δε
451 3243 575 3273 fidelibus
586 3240 654 3278 sun,
674 3239 757 3271 Petro
776 3238 821 3269 del
837 3237 955 3278 Serayn,
975 3238 1008 3268 &
1026 3237 1118 3268 Sociis
1128 3237 1188 3275 suis,

202 3281 279 3321 super
306 3281 470 3312 Munitione
496 3280 661 3311 Castrorum
686 3279 850 3309 nostrorum
880 3277 912 3307 &
932 3276 1069 3314 johannis
1098 3275 1188 3306 Ducis

123 3319 288 3359 Britanniae,
305 3322 333 3351 in
352 3321 471 3358 partibus
490 3319 638 3350 Britanniae
657 3317 884 3352 commorantibus,
902 3314 1035 3344 Salutem.

163 3358 210 3389 De
225 3359 313 3390 Mor-3
331 3358 438 3397 vestra,
460 3357 537 3396 super
556 3356 719 3386 Munitione
726 3354 889 3386 Castrorum
907 3352 1107 3390 praedictorum
1120 3352 1187 3383 hac-

127 3404 203 3428 tenus
221 3398 400 3435 continuata,
417 3398 518 3427 scimus
535 3395 618 3425 vobis
637 3402 725 3430 grates
742 3395 836 3424 bonas.

162 3435 198 3466 Et
214 3437 275 3474 quia
293 3436 423 3473 quidam,
441 3443 537 3465 contra
556 3433 679 3462 formam
697 3432 821 3471 Treugoe
837 3454 846 3468 ,
871 3431 942 3460 inter
959 3438 1010 3460 nos
1028 3429 1060 3460 &
1079 3428 1190 3459 Adver—

130 3473 228 3504 sarium
247 3474 375 3505 nostrum
395 3474 537 3510 Franciae,
553 3473 582 3501 in
601 3470 682 3500 dietis
702 3471 826 3508 partibus
841 3467 1123 3506 Britanniae,pridem
1139 3468 1193 3496 ini-

128 3519 180 3550 tae,
197 3511 296 3543 Castra
322 3513 356 3542 ὅτ
384 3513 461 3542 Loca
481 3511 573 3541 nostra
598 3510 628 3539 in
646 3508 749 3539 eisdem
769 3507 886 3546 partibus
905 3507 954 3536 fibi
969 3507 1093 3536 nituntur
1110 3513 1192 3535 attra-

129 3550 192 3579 here
208 3573 216 3589 ,
243 3551 275 3581 ὅ(
302 3550 393 3580 fideles
422 3549 531 3579 nostros
559 3548 665 3578 ibidem
689 3557 739 3584 pro
765 3547 868 3576 vii-ibus
886 3554 1047 3582 expugnare
1068 3545 1192 3581 (propter

129 3588 206 3625 quod
225 3587 308 3618 Mora
327 3588 414 3618 vestra
429 3588 503 3624 illic,
521 3588 599 3625 super
619 3585 783 3616 Munitione
800 3583 963 3614 Castrorum
980 3581 1195 3622 praedictorum,

129 3626 210 3655 nobis
229 3626 268 3656 est
286 3627 378 3657 adhuc
396 3626 549 3656 admodum
566 3623 714 3663 oportuna)
733 3633 784 3653 vos
802 3631 950 3659 rogamus,
968 3621 1084 3651 firmiter
1101 3620 1193 3649 nichi-

132 3662 252 3694 lominus
273 3666 461 3703 injungentes,
481 3664 576 3702 quod,
602 3664 679 3699 super
697 3661 861 3691 lvlunitione
880 3658 1013 3696 praedicta
1028 3681 1038 3696 ,
1063 3659 1092 3687 in
1112 3658 1195 3688 dietis

131 3702 254 3738 partibus
271 3702 416 3732 Britannia:
434 3703 600 3738 moremini,
618 3700 757 3738 quousque
773 3698 846 3728 aliud
869 3699 950 3727 vobis
965 3696 1122 3727 duxerimus
1144 3696 1194 3725 de-

134 3739 341 3781 mandandum,
366 3740 501 3777 aliquibus
521 3739 676 3775 mandatis,
701 3748 748 3775 per
771 3735 959 3767 Senescallum
984 3734 1110 3765 nostrum
1127 3733 1195 3763 Vas-

133 3785 228 3806 comae
245 3786 289 3807 aut
309 3778 452 3815 Majorem
472 3778 602 3808 Civitatis
620 3777 722 3807 nol’trae
744 3775 857 3805 Baiome
873 3775 949 3811 prius
966 3774 1049 3804 vobis
1065 3772 1195 3811 directis,

135 3818 194 3844 'non
212 3814 394 3845 obstantibus:

172 3851 296 3882 Scientes
313 3853 407 3891 quod,
425 3863 494 3884 cum
524 3853 580 3883 Dei
603 3853 738 3891 adjutorio
752 3876 762 3889 ,
785 3851 821 3881 ad
837 3850 926 3880 dietas
942 3858 1029 3886 partes
1049 3847 1197 3880 Bsitanniae

137 3891 284 3921 Armatam
302 3889 462 3920 Potentiam
481 3891 623 3921 mittemus
641 3891 712 3920 infra
731 3890 838 3926 Breve,
862 3889 891 3917 in
911 3887 993 3918 vestri
1011 3888 1044 3918 &
1060 3887 1198 3917 Fidelium

136 3928 296 3960 nostrorum
312 3929 431 3965 partium
449 3930 613 3959 earumdem
631 3929 759 3958 solatium
776 3928 809 3958 &
825 3928 971 3964 juvamen.

173 3965 262 4035 'geste
281 3965 365 4004 Rege
382 3966 454 4003 apud
472 3966 756 3998 Westmonasterium
766 3988 777 4005 ‚

138 4013 178 4042 gu
205 4014 221 4035 1.

829 4042 881 4071 Per
897 4041 979 4078 ipsum
996 4042 1099 4077 Regem.

804 3964 920 3995 decimo
942 3964 1048 3994 octavo
1070 3963 1116 3994 die
1140 3963 1201 3994 Au-

556 119 1360 175 CONVENTIONES‚
1421 117 1822 168 LITERAE,

1354 205 1466 237 Eodem
1486 205 1576 237 modo
1596 204 1765 236 mandatum
1784 202 1827 235 est
1846 202 2021 243 subscriptis'3
2036 203 2184 246 videlicet,
2323 209 2401 242 Ὰῃῃ,
2412 209 2457 244 D

1257 284 1409 315 Guillielmo
1429 282 1556 314 Arnaldi
1576 283 1608 312 de
1627 285 1748 320 Camon,
1766 279 1806 316 ό*
1823 284 1903 312 Sociis
1915 280 1976 322 fiais
1992 280 2052 317 &cx
2322 258 2434 328 ἐιῒμξ

1255 323 1344 354 Teste
1362 331 1393 354 ut
1411 322 1496 361 supra-

1257 402 1339 429 Petro
1359 398 1487 430 Arnaldi
1505 398 1635 439 Darbuys
1645 421 1654 437 ‚
1669 395 1707 432 &¹
1724 399 1802 427 Sociis
1809 396 1879 438 fisis.

1258 437 1347 468 Teste
1363 446 1393 469 ut
1407 438 1495 477 supra.

1441 562 1468 590 *ἓ
1489 567 1538 598 De
1565 565 1663 610 Curfia
1684 567 1810 598 Monetae
1827 560 2051 609 proclamando,
2317 569 2450 609 *V-424i

1221 647 1301 704 LE
1320 648 1380 679 Roi
1398 659 1425 680 as
1443 648 1593 680 Viscontes
1608 648 1643 679 de
1660 647 1804 687 Londres,
1823 647 1915 680 Saluz.
2315 645 2391 678 Arm.
2406 646 2449 684 D;

1314 687 1427 727 Come,
1445 698 1493 725 par
1509 687 1596 718 affent
1613 687 1650 717 de
1667 697 1738 718 nous
1752 710 1762 726 ,
1786 690 1820 719 &
1838 688 1874 718 de
1897 685 1991 717 nostre
2018 685 2150 724 Consess,
2169 694 2220 724 pur
2247 694 2298 715 co-
2335 694 2423 725 1344.

1223 731 1310 755 mune
1326 725 1409 763 profit
1423 726 1458 756 de
1471 735 1514 757 tot
1531 725 1623 756 nostre
1636 724 1772 756 Roialme
1793 725 2008 764 d’Engleterre,
2023 724 2074 756 soit
2096 725 2221 756 ordenez
2243 733 2297 761 que
2314 727 2369 753 An.
2388 727 2432 754 18.
2451 745 2453 747 -

1222 760 1246 790 la
1257 765 1359 794 novele
1375 763 1522 805 Monneye
1537 763 1630 802 d'Or,
1647 763 1716 794 c’est
1729 763 1849 802 assaver3
2314 766 2347 790 E·
2367 769 2394 799 32

1223 802 1493 870 d’ssslnelMoneye’
1511 802 1648 834 Currante
1664 802 1689 833 la
1709 803 1790 840 piece
1807 812 1858 840 put
1876 802 1917 842 sys
1938 801 2028 834 Soldz
2050 802 2083 834 &
2105 800 2164 833 Oet
2187 800 2298 833 Deners
2316 800 2403 867 Cgaus.

1301 851 1330 871 er
1340 851 1419 880 mgs,
2319 848 2328 867 ι
2355 844 2400 868 .E.
2439 844 2450 870 .'

1257 879 1294 922 Et
1309 890 1363 910 une
1376 890 1450 911 autre
1466 877 1595 920 Moneye
1603 877 1856 918 d’Or,Currantla
1863 879 1946 917 piece
1959 878 2298 920 purQiaranteDeners,
2313 883 2339 915 p.
2366 887 2391 905 2.
2411 850 2454 909 n3›.

1259 917 1294 948 Et
1307 918 1333 961 ‚la
1349 918 1458 949 Tierce
1474 918 1600 949 Monoie
1612 917 1702 956 d'Or,
1717 916 1858 948 Currante
1872 918 1896 947 la
1911 918 1992 955 piece
2007 929 2060 957 pur
2072 919 2153 959 Vynt
2168 917 2299 956 Deners,
2320 916 2360 945 18.
2374 917 2427 946 dor.

1222 993 1230 1023 Ι
1255 956 1369 1024 {ergne
1384 956 1433 988 son
1455 967 1554 996 courS,
1573 967 1621 996 par
1639 966 1688 997 my
1703 955 1797 986 nostre
1815 955 1858 986 dit
1873 955 2006 986 Roialme
2019 956 2227 996 d'Engleterre,
2246 966 2300 995 pur

1232 1003 1248 1023 e
1283 1003 1303 1025 it
1319 1005 1391 1034 pris,

1262 1032 1298 1063 Et
1335 1044 1369 1064 ue
1382 1034 1431 1064 nul
1445 1034 1550 1073 home,
1567 1033 1603 1064 de
1618 1033 1698 1072 quele
1713 1032 1779 1064 estat
1795 1044 1834 1064 ou
1849 1032 2000 1064 condition
2016 1032 2063 1071 q'il
2085 1032 2156 1072 soit,
2173 1044 2209 1064 ne
2225 1032 2299 1065 refu-

1222 1069 1256 1140 [δεῖζ
1263 1072 1299 1140 die
1323 1074 1455 1141 Cehoeielre
1469 1075 1585 1104 meilme
1599 1072 1625 1103 la
1641 1072 1790 1112 Moneye,
1805 1072 1845 1103 fiir
1859 1073 1943 1112 peine
1958 1071 1994 1102 de
2009 1071 2196 1103 forfeiturede
2205 1071 2300 1111 Corps

1293 1120 1308 1141 e
1371 1120 1398 1142 at

1261 1148 1297 1194 Et
1318 1160 1372 1188 que
1385 1135 1452 1180 tou³x
1470 1149 1577 1188 Meirs,
1596 1149 1762 1189 Viscounts,
1779 1149 1879 1180 Baiurfs
1901 1149 1950 1180 des
1970 1149 1994 1180 F
1995 1147 2147 1187 ranchises,
2161 1148 2196 1179 &
2214 1157 2301 1180 autres

1223 1185 1324 1218 Bailhfs
1339 1189 1372 1219 &
1388 1188 1551 1227 Ministres,
1568 1189 1656 1219 dcinz
1669 1189 1729 1219 lour
1745 1190 1824 1227 poiar
1840 1190 1874 1220 &
1890 1187 2091 1226 Jurisdiaef'tion,
2108 1188 2184 1218 eient
2200 1188 2296 1226 poair,

1222 1236 1237 1256 a
1252 1226 1375 1258 chescun
1392 1227 1496 1267 pleint,
1513 1228 1662 1258 d‘attacher
1675 1236 1742 1258 toux
1757 1236 1828 1258 ceux
1843 1236 1896 1265 que
1911 1227 2037 1257 ferrount
2051 1226 2077 1257 al
2091 1233 2247 1264 encontre,
2263 1226 2298 1257 δι’.

1223 1264 1260 1295 de
1274 1265 1341 1296 faire
1355 1266 1429 1296 droit
1445 1277 1460 1297 a
1474 1266 1498 1296 la
1518 1267 1603 1305 partie
1618 1266 1736 1296 Pleintif
1751 1267 1784 1297 δε
1800 1265 1989 1304 punissement
2009 1264 2056 1296 tiel
2077 1273 2164 1296 come
2178 1271 2301 1303 appent,

1220 1302 1288 1334 sanz
1303 1304 1412 1342 desport
1425 1304 1493 1336 faire
1506 1315 1521 1335 a
1538 1305 1612 1344 nully
1630 1304 1772 1344 Persone,

1258 1342 1295 1373 Et
1307 1344 1418 1383 auxint,
1436 1353 1487 1382 pur
1506 1343 1544 1374 les
1566 1344 1705 1380 graundes
1725 1343 1759 1375 &
1784 1345 1905 1374 notoires
1926 1342 2063 1373 Defautes
2100 1339 2248 1379 Damages
2264 1340 2299 1371 &

1223 1380 1332 1425 Penes,
1349 1393 1404 1421 que
1419 1382 1481 1413 sont
1495 1391 1593 1413 trovez„
1615 1382 1717 1414 devant
1740 1393 1812 1413 nous
1825 1383 1860 1414 &
1874 1381 1970 1413 nostre
1992 1381 2035 1412 dit
2052 1378 2203 1418 consenc,
2219 1389 2255 1410 en
2272 1379 2299 1410 la

1222 1429 1344 1457 primere
1359 1420 1482 1452 Moneie
1496 1421 1580 1451 d’Or.

1260 1458 1344 1502 Dont
1360 1470 1414 1490 une
1427 1462 1508 1498 piece
1520 1460 1602 1490 estoit
1618 1460 1724 1491 ordene
1735 1470 1786 1499 pur
1798 1459 1849 1500 Sys
1863 1459 1968 1498 Soldz,

1261 1497 1298 1542 bt
1314 1508 1368 1529 une
1385 1507 1459 1529 autre
1474 1509 1526 1537 pur
1539 1499 1634 1540 Troys
1648 1499 1752 1538 Soldz,

1259 1535 1295 1566 ht
1308 1537 1331 1567 la
1347 1537 1453 1568 Tierce
1468 1547 1521 1575 pur
1536 1536 1635 1568 Disoet
1653 1537 1775 1568 Deniers
1785 1563 1795 1577 ,

1259 1574 1389 1619 Ordeine
1403 1575 1443 1620 est
1458 1577 1491 1607 ὃ(
1507 1576 1633 1607 ass'entuz
1649 1587 1703 1615 que
1717 1576 1823 1608 mesme
1845 1575 1904 1607 cele
1921 1575 2046 1607 Monoie
2059 1584 2100 1606 -ne
2119 1582 2225 1615 courge
2246 1573 2298 1605 de-

1221 1612 1298 1652 sore,
1317 1624 1352 1644 ne
1373 1617 1425 1645 {ort
1445 1615 1594 1658 resceurcn
1618 1617 1759 1653 paiement
1777 1626 1811 1646 en
1828 1614 1921 1646 nostre
1938 1615 1979 1646 dit
2001 1613 2153 1652 Roialme,
2168 1613 2253 1644 saunz
2271 1613 2297 1644 le

1222 1661 1290 1696 gree
1304 1653 1353 1683 des
1369 1653 1560 1692 Recetvours,
1576 1655 1643 1684 einz
1658 1655 1709 1685 soit
1726 1655 1893 1686 enticrment
1914 1652 2054 1685 defcndue
2076 1653 2109 1684 &
2131 1659 2243 1690 reporte
2260 1661 2296 1682 au

1225 1689 1344 1730 Billion,
1362 1702 1414 1730 pur
1430 1692 1454 1722 la
1469 1692 1548 1723 valuc
1563 1692 1675 1723 d’Icelle
1689 1693 1802 1732 illoeqes
1817 1692 1956 1731 prendre,

1235 1768 1238 1772 .
1259 1729 1504 1774 Voustniandor-ns
1517 1740 1571 1771 que
1587 1739 1658 1762 tores
1672 1731 1708 1761 les
1721 1731 1816 1762 choses
1831 1730 1957 1770 susdites,
1974 1741 2023 1770 par
2046 1737 2105 1761 tote
2119 1728 2210 1761 vestre
2225 1728 2297 1760 Bail-

1221 1766 1274 1806 he,
1291 1769 1420 1813 auxrbien
1432 1769 1518 1800 demz
1531 1770 1685 1808 franchise,
1704 1780 1789 1800 come
1812 1770 1930 1809 dehors,
1950 1780 1978 1800 es
1997 1770 2069 1800 lieux
2091 1779 2130 1800 ou
2149 1777 2221 1799 vous
2235 1777 2299 1799 ver-

1221 1806 1983 1885 {ffatqssussslfinffifelssss'q5lf531tci³³52vffofiuss³1issssgff
2003 1805 2298 1877 33⁶f2¹32¹215¹5mq⁰335
2334 1819 2336 1821 ’

1222 1893 1320 1915 contre
1334 1884 1359 1915 le
1376 1884 1554 1916 Ordinances
1568 1870 1739 1924 avantdites,
1757 1885 1800 1916 sur
1813 1886 1838 1917 la
1853 1886 1936 1924 peine
1952 1870 2103 1917 at'rantdite.
2222 1867 2233 1884 ⁹
2295 1878 2299 1881 ’

1257 1922 1341 1955 Don.
1355 1934 1370 1955 a
1390 1923 1516 1956 Westm.
1533 1923 1560 1956 le
1578 1933 1613 1955 xx
1626 1925 1689 1963 jour
1707 1923 1819 1956 d'Aust.

1774 2005 1833 2034 Par
1851 2000 1876 2034 le
1892 2005 1943 2034 Roi
1961 2001 2000 2039 ὠ
2013 2001 2064 2041 sein
2081 1998 2192 2039 Conseil.

1222 2080 1262 2112 As
1281 2083 1354 2113 tieux
1367 2080 1455 2114 Briefs
1469 2081 1531 2114 sont
1545 2081 1655 2114 direstz
1674 2093 1702 2114 as
1725 2090 1793 2113 touz
1806 2080 2026 2113 les‘Viscountes
2039 2077 2248 2117 d’Engleterre,
2264 2076 2311 2110 δι’

1277 2123 1370 2153 auxint
1384 2132 1410 2153 as
1423 2122 1650 2162 southescriptes3
1668 2121 1851 2159 cestassaver,

1260 2200 1304 2229 Le
1321 2201 1417 2230 Prince
1433 2200 1467 2230 de
1485 2199 1567 2230 Gales
1584 2199 1623 2236 ὠ·
1641 2203 1744 2231 Counte
1760 2199 1793 2229 de
1808 2196 1904 2239 cestre.

1261 2241 1313 2268 Au
1332 2238 1461 2279 Evesque
1478 2240 1510 2268 de
1530 2238 1670 2279 Durefine.

1258 2281 1311 2307 Au
1330 2277 1612 2318 Justice'd'Irlaund,
1629 2289 1662 2308 ou
1682 2277 1766 2318 afim
1784 2279 1964 2307 Lieutenant.

1262 2319 1314 2345 Au
1333 2317 1454 2346 Gardein
1471 2317 1505 2346 de
1521 2320 1622 2357 Cinque
1640 2319 1739 2346 Portz.

1262 2358 1315 2385 Au
1333 2356 1458 2386 Gardein
1475 2353 1513 2390 ό·
1533 2357 1641 2395 Viscont
1661 2356 1694 2385 de
1710 2355 1856 2396 Berewyk.

1224 2452 1273 2483 De
1297 2452 1336 2484 E.
1362 2452 1440 2498 Rege
1463 2425 1564 2483 Scotiae
1587 2450 1747 2494 Capitaneo
1770 2445 1947 2491 constituto,
1969 2449 2006 2486 (ῥ’
2031 2445 2068 2479 de
2093 2444 2277 2480 intendendo.

1221 2535 1341 2593 REX
1367 2535 1611 2574 Archiepiscopis‚
1636 2533 1797 2573 Episcopis,
1819 2532 2003 2572 Comitibus,
2023 2531 2193 2573 BaronibuS,
2213 2527 2294 2559 Mili-

1295 2576 1392 2614 tibus,
1415 2574 1643 2605 Vicecomitibus
1659 2596 1669 2611 ‚
1693 2572 1821 2610 Ballivis,
1849 2571 2004 2608 Ministris‚
2028 2568 2294 2598 Commumtatibus
2312 2574 2389 2607 Ann-
2405 2575 2446 2606 D·

1223 2611 1378 2644 Civitatum
1392 2613 1426 2644 ὅ(
1440 2612 1594 2650 Villarum,
1607 2612 1641 2642 &
1654 2611 1789 2641 omnibus
1805 2610 1863 2640 aliis
1884 2609 2026 2639 Fidelibus
2045 2605 2098 2636 suis
2117 2605 2292 2643 singulorum
2330 2623 2415 2655 1344,

1221 2649 1420 2719 gomitatuum
1445 2651 1512 2682 ultra
1530 2651 1688 2686 Trentam‚
1705 2650 1764 2680 tam
1788 2647 1860 2676 infra
1886 2645 2059 2683 Libertates,
2081 2644 2170 2685 quam
2198 2652 2289 2683 extra,
2310 2657 2362 2680 An.
2387 2655 2429 2681 18.

1243 2700 1256 2719 a
1269 2699 1355 2720 sstem·
2312 2696 2342 2719 Ε,
2360 2702 2385 2728 3.

1260 2728 1358 2758 semis
1375 2727 1473 2767 quod,
2312 2734 2377 2757 Scor.
2399 2729 2440 2758 18.

1260 2765 1340 2796 Cum
1354 2765 1487 2796 Rebelles
1502 2764 1535 2795 &
1551 2762 1666 2793 Inimici
1681 2761 1768 2792 nostri
1783 2761 1819 2792 de
1833 2759 1932 2790 Scotifi
1944 2759 2020 2798 plura
2029 2759 2296 2798 contraTreugam,
2313 2773 2345 2797 E.
2362 2778 2388 2807 3,
2407 2778 2446 2798 m„

1223 2804 1293 2835 inter
1314 2804 1382 2835 Nos
1402 2805 1436 2834 ὃς
1459 2802 1535 2841 Ipsos
1555 2802 1671 2838 initam,
1690 2801 1781 2839 palam
1806 2799 2048 2837 attemptaverint,
2073 2798 2214 2836 Regnum
2241 2809 2294 2829 no-
2312 2816 2340 2843 5,

1224 2842 1312 2873 strum
1332 2843 1447 2880 Angli-ae
1461 2842 1560 2880 pluries
1574 2838 1710 2870 hostiliter
1725 2838 1933 2876 ingrediendo,
1950 2837 2158 2875 depraedando,
2175 2838 2209 2868 &
2226 2836 2294 2868 Ma-

1222 2881 1246 2911 la
1264 2892 1327 2920 quae
1342 2890 1471 2919 poterunt
1487 2877 1689 2919 perpetrando,
1705 2878 1738 2909 &
1755 2878 1849 2916 pejora
1869 2877 2084 2908 comminentur
2105 2876 2139 2907 ὅ(
2159 2884 2296 2907 conentur

1224 2930 1298 2989 prtiaI
1295 2921 1399 2951 viribus
1415 2928 1587 2958 perpetrare,

1300 2969 1333 2989 os

1264 2982 1399 3028 Volentes
1412 3006 1514 3028 eorum
1533 2995 1654 3027 Malitiae
1663 3018 1674 3034 ,
1693 3002 1776 3034 prout
1790 2995 1946 3032 convenit,
1963 2993 2095 3031 obviare,
2114 2992 2148 3023 &
2160 2991 2297 3023 Securita-

1221 3037 1243 3067 ti
1263 3036 1400 3067 Fidelium
1415 3037 1448 3067 &
1461 3035 1613 3066 Terrarum
1628 3033 1792 3065 nostrorum
1804 3034 1912 3064 ibidem
1927 3032 2087 3070 consulere,

1259 3075 1466 3106 Constituimus
1478 3074 1512 3105 &
1526 3072 1740 3110 affignavimus,
1756 3072 1890 3103 dilectum
1905 3070 2159 3107 Consanguineurn
2169 3067 2203 3098 &
2212 3067 2293 3099 Fide-

1225 3115 1282 3146 lem
1296 3114 1425 3145 nostrum
1441 3135 1451 3152 ,
1475 3111 1528 3143 Ma
1552 3111 1668 3142 nificum
1692 3110 1875 3149 Principem,
1909 3109 2081 3140 Edwardum
2104 3107 2138 3137 de
2164 3106 2296 3146 Balliolo,

1225 3153 1342 3188 Regem
1369 3152 1498 3190 Scotiae,
1546 3152 1704 3191 apitaneum
1728 3149 1761 3180 δε
1785 3148 1945 3180 Ductorem
1958 3146 2126 3177 Hominum
2140 3144 2174 3175 ad
2190 3145 2296 3184 Arma,

1223 3194 1256 3224 &
1271 3192 1388 3222 aliorum
1399 3199 1644 3228 quorumcumque
1658 3187 1794 3218 Fidelium
1809 3186 1986 3223 nostrorum,
2004 3195 2055 3222 pro
2064 3183 2237 3214 Defenfione
2249 3183 2295 3215 di-

1224 3234 1334 3262 ctarum
1350 3231 1472 3268 partium
1489 3227 1596 3258 ibidem
1610 3226 1786 3257 existentium
1796 3226 1846 3263 ,t&
1852 3224 1918 3255 illuc
1926 3232 2036 3262 propter
2050 3223 2106 3254 hoc
2115 3221 2294 3261 9ῐοῖεᾶωο-

1227 3280 1289 3301 rum

1265 3292 1312 3339 Ac’l
1323 3305 1484 3338 salvandum
1504 3304 1538 3334 &
1554 3302 1763 3334 defendendum
1783 3301 1870 3332 dffitas
1891 3300 2036 3332 Marchias
2055 3307 2152 3331 contra
2171 3298 2296 3330 Invafio-

1227 3357 1274 3377 nes
1286 3347 1318 3377 &
1335 3343 1535 3381 Aggreffiones
1548 3341 1694 3371 dierorum
1714 3340 1904 3371 inimicorum
1925 3339 2087 3370 nostrorum
2093 3361 2104 3378 ‚
2121 3339 2154 3370 &
2169 3337 2203 3369 ad
2222 3337 2295 3376 ipso-

1227 3395 1292 3416 rum
1308 3383 1448 3413 Malitiam
1462 3382 1496 3412 &
1509 3379 1686 3410 Proterviam
1702 3378 1928 3415 reprimendum:

1265 3423 1300 3453 Et
1314 3432 1377 3459 θος,
1395 3429 1476 3459 prout
1491 3429 1533 3450 res
1547 3420 1668 3458 exegerit
1685 3418 1718 3448 &
1735 3418 1860 3455 licuerit,
1877 3416 2098 3455 insequendum,

1267 3463 1285 3481 *Ψ
1305 3461 1350 3491 Ac
1365 3470 1414 3498 ea,
1431 3469 1494 3497 quae
1505 3457 1629 3487 indebite
1648 3464 1748 3487 contra
1767 3456 1875 3486 dictam
1890 3456 2042 3493 Treugam
2056 3456 2116 3493 jam
2138 3460 2298 3491 attemptata
2315 3461 2449 3500 '‘V-4²5·

1228 3501 1306 3537 sunt,
1323 3499 1368 3529 vel
1390 3496 1576 3535 imposterum
1602 3495 1755 3532 contigerit
1776 3495 1953 3532 attemptari,
1970 3491 2201 3530 reformandum,
2218 3493 2253 3523 &
2264 3493 2300 3521 'in

1229 3539 1331 3570 statum
1346 3537 1475 3567 debitum
1490 3533 1700 3571 reducendum,

1267 3577 1302 3607 Et
1319 3576 1352 3606 ad
1370 3585 1469 3605 omnes
1486 3572 1619 3603 Subditos
1636 3571 1744 3602 nostros
1756 3571 1897 3601 dictarum
1913 3571 2034 3608 partium
2044 3592 2054 3608 ‚
2071 3569 2106 3600 ad
2123 3567 2302 3607 proficiscen-

1229 3617 1299 3646 dum
1316 3624 1385 3645 cum
1402 3623 1438 3643 eo
1456 3611 1548 3642 versus
1564 3611 1652 3641 dietas
1670 3610 1815 3640 Marchias
1832 3609 1991 3647 ordinatos,
2011 3617 2080 3646 quos
2102 3608 2133 3637 in
2151 3607 2204 3637 hac
2222 3615 2302 3645 parte

1233 3655 1281 3684 fibi
1300 3653 1453 3684 contrarios
1470 3650 1607 3680 invenerit
1624 3648 1668 3679 scu
1690 3648 1816 3678 Rebelles
1829 3670 1839 3685 ,
1866 3647 1901 3678 de
1918 3646 2047 3677 Confilio
2064 3647 2098 3677 &
2117 3645 2299 3676 Avisamento

1233 3692 1403 3729 Magnatum
1419 3690 1452 3720 &
1473 3688 1645 3723 Nobilium,
1663 3687 1696 3716 ad
1722 3695 1808 3725 partes
1826 3686 1883 3716 illas
1900 3695 1934 3716 ex
1953 3685 2033 3715 causa
2051 3683 2187 3722 praediCtai
2204 3682 2299 3721 profe-

1232 3731 1397 3767 Cturorutn,
1416 3728 1518 3766 punire
1535 3726 1568 3756 &
1588 3724 1723 3762 castigare
1742 3725 1920 3762 faciendum,

1269 3768 1305 3799 Et
1321 3767 1355 3798 ad
1373 3768 1470 3797 omnia
1487 3765 1540 3795 alia
1557 3763 1717 3794 faciendum
1735 3763 1768 3794 &
1785 3761 1991 3793 excercendum
2006 3784 2017 3800 ,
2041 3770 2105 3799 quae
2123 3769 2176 3798 pro
2192 3757 2302 3789 Defen-

1232 3808 1308 3875 {mne
1326 3806 1463 3836 dictarum
1481 3803 1603 3842 panium
1621 3802 1654 3832 &
1671 3801 1870 3832 reformatione
1886 3801 2128 3838 Attemptatorum
2143 3795 2302 3834 hujuiinodi

1247 3853 1333 3876 uerint
1348 3855 1368 3874 o
1408 3852 1498 3874 rtuna.

1272 3883 1309 3914 Et
1327 3853 1407 3912 idegO
1414 3882 1498 3911 vobis
1516 3879 1682 3910 mandamus
1699 3878 1779 3917 quod
1796 3878 1891 3908 eidem
1910 3876 1984 3916 Regi
2002 3877 2033 3906 in
2049 3871 2192 3916 praemiffis
2204 3896 2214 3911 ,
2237 3882 2303 3903 om-

1236 3922 1319 3952 nibus
1335 3921 1369 3951 &
1387 3920 1516 3956 singulis,
1534 3917 1668 3949 faciendis
1684 3917 1718 3948 &
1742 3916 1908 3954 exequendis
1951 3922 2083 3951 nunquam
2102 3911 2244 3942 nobismet
2260 3913 2304 3949 ip-

1239 3961 1289 3997 sis,
1307 3959 1326 3989 fi
1341 3959 1484 3996 praesentes
1501 3958 1635 3995 essemus,
1653 3956 1766 3994 pareatis
1783 3955 1817 3986 &
1832 3938 2000 3994 intendatis,
2011 3952 2045 3981 ὅτ
2060 3948 2234 3980 consulentes
2249 3949 2305 3980 fitis

1241 3998 1273 4028 &
1289 3998 1463 4034 auxiliantes,
1487 3996 1616 4033 quotiens
1631 3996 1665 4027 &
1685 4001 1768 4034 prout
1789 3993 1886 4030 vobis,
1902 3990 1947 4023 vel
1967 3991 2050 4020 alleul
2072 3986 2218 4026 vestrum,
2235 3987 2305 4019 scire

1243 4036 1338 4067 fecerit
1351 4044 1385 4066 ex
1399 4042 1473 4072 parte
1486 4032 1590 4065 nostra.
2286 4046 2303 4094 Ι.

2303 4074 2321 4094 Π
