2562 4279
47 268 124 308 Aria.
138 267 181 307 i).

70 322 151 355 1324.

47 357 111 381 Edi).
131 364 157 383 2.

52 1172 130 1204 Ann.
146 1171 188 1202 D.

76 1219 162 1250 1324.

51 1255 105 1278 An.
125 1260 168 1285 ¹7·

52 1293 82 1316 Ε.
107 1299 132 1315 2.

54 1332 124 1355 Rom.
142 1336 182 1361 17.

56 1413 91 1431 m.
105 1405 167 1439 5.rl.

200 269 255 325 R
268 266 292 298 E
303 264 333 299 X
352 269 457 299 eisdem
471 265 594 307 Comiti,
609 267 669 303 &ss
684 274 715 297 ut
722 262 961 308 siaeprb,Salutem.

298 308 345 336 De
359 308 612 345 circumspectione
625 307 717 337 vestra
732 307 850 345 provida
863 306 1049 336 confidentes:

234 343 341 383 Vobis,
360 347 469 384 tribus,
482 348 516 377 δε
527 346 638 376 duobus
654 345 780 375 vestrum
797 345 983 382 Mandamus,
999 344 1097 384 quod,

233 383 262 414 Si
277 385 359 414 vobis
374 385 503 415 constare
516 385 617 422 poterit
633 384 713 421 quod
727 384 807 422 aliqui
824 383 965 413 Homines
977 381 1013 412 de
1028 382 1136 419 Regno
1148 380 1258 418 nostro,

214 424 241 453 ui
257 423 350 454 Scotis
364 431 464 453 contra
478 431 529 452 nos
542 421 729 459 adhaeserunt,
746 423 778 453 &
793 421 896 452 Terras
913 421 958 450 seu
977 420 1169 457 Tenementa,
1184 419 1256 449 infra

225 472 330 502 egnum
346 461 490 498 nostrum,
509 470 638 498 tempore
651 460 826 491 Adliaesionis
839 459 921 496 illius,
931 459 1098 488 habuerunt:
1117 458 1163 488 vel
1178 457 1258 498 quod

194 501 280 569 aliqui
297 501 443 538 homines,
462 500 497 529 de
518 498 616 529 Scotia
629 521 639 537 ,
657 500 691 529 ad
712 498 813 529 Fidem
835 498 868 529 &
889 496 997 527 Pacem
1018 496 1143 527 nostram
1164 498 1261 528 venire

214 550 233 569 o
246 548 336 570 uerint

194 551 213 572 V
233 578 321 608 Tunc
337 562 389 606 iios
401 575 436 606 de
449 585 550 606 eorum
566 574 746 605 Nominibus
762 575 795 604 δε
818 573 1044 604 Conditionibus
1085 574 1190 611 lenitis,
1211 573 1261 603 sub

197 616 286 656 sigillis
303 615 416 652 vestris,
431 623 477 644 aut
493 614 618 644 duorum
631 612 772 648 vestrum,
790 612 965 651 informetis,
991 619 1021 642 ut
1050 622 1067 641 u
1080 613 1164 642 terius
1182 612 1261 649 {uper

198 655 256 685 hoc
275 654 334 684 fieri
353 653 488 684 faciamus
501 676 511 692 ,
529 653 606 692 quod
623 652 660 682 de
679 650 817 681 Concilio
845 649 944 681 nostro
964 650 1026 681 fore
1048 650 1199 682 viderimus
1222 650 1261 681 fa*

194 693 339 725 ciendum.

236 730 325 763 Teste
339 737 371 760 ut
384 729 471 768 supra.

202 845 331 902 REX
350 830 471 890 eiiiiem,
489 842 662 886 Radulpho,
675 841 821 896 JQbssfmiJ
840 843 873 874 &
888 843 978 884 Adce,
997 844 1130 887 Salutem.

296 885 345 915 De
359 881 614 923 circumspefflone
630 888 720 912 veisa
735 881 873 922 provrda,
894 883 954 918 &c.
976 890 1007 912 ut
1018 882 1114 922 supra.

236 922 325 955 Teste
338 922 422 963 Rege
435 928 466 951 ut
480 923 567 958 supra.

835 769 889 797 Per
902 766 985 806 ipftmz
997 769 1103 805 Regem.

822 958 876 990 Per
895 959 976 1000 ipficm
994 961 1098 998 Regem.

213 1129 216 1135 Ι
247 1091 342 1134 Super
358 1084 553 1139 ,Monasterio
573 1085 608 1120 de
625 1089 758 1131 Bur'ton,
783 1090 820 1126 ὠ·
839 1085 1007 1121 Rebellibns
1020 1083 1064 1120 ibi
1081 1084 1217 1120 deviHis.

205 1167 327 1235 PApae
340 1172 407 1203 Rex
420 1171 524 1204 devota
538 1172 643 1210 pedum
657 1173 750 1204 oscula
762 1174 919 1204 beatorum.

293 1211 377 1243 Dum
395 1212 429 1242 ad
444 1221 571 1242 mentem
584 1213 744 1243 reducimus
757 1221 859 1252 quanta
865 1235 876 1251 ,
895 1218 1000 1242 exortae
1016 1220 1103 1250 nuper
1119 1212 1147 1241 in
1161 1210 1268 1249 Regno

205 1250 322 1289 n'ostl'O,
340 1250 526 1282 Turbationis
542 1259 686 1289 tempore,
706 1250 825 1287 religiosi
840 1251 893 1281 viri
907 1274 917 1288 ,
943 1249 975 1281 δὲ
1001 1251 1081 1280 nobis
1099 1252 1127 1280 in
1151 1248 1269 1279 Christo

203 1289 319 1327 dilecti,
338 1290 435 1320 Abbas
451 1290 484 1320 &
501 1288 641 1320 Monachi
655 1288 823 1320 Monasterii
837 1289 873 1320 de
887 1288 996 1319 Burton
1010 1287 1086 1327 super
1110 1289 1269 1325 Trentam,

202 1328 321 1359 Ordinis
333 1327 420 1358 saani
439 1327 597 1366 Benedicti,
615 1327 784 1358 Coventrioe
798 1328 832 1359 &
849 1327 1033 1358 Leichfeldiae
1053 1327 1179 1357 Diocesis
1222 1325 1271 1356 In-

201 1367 360 1398 commoda
375 1367 565 1404 protulerunt:
591 1366 624 1397 &
644 1367 762 1406 qualiter
784 1377 884 1397 eorum
908 1365 1094 1396 Poffeffiones
1117 1366 1150 1396 δε
1174 1350 1270 1402 Eona,

204 1416 254 1444 per
267 1405 404 1463 aggressus
418 1405 581 1435 nostrorum
596 1404 777 1444 Rebellium,
793 1404 898 1436 vastata
916 1405 1024 1436 fuerant
1039 1414 1181 1447 ,necnon
1200 1404 1272 1443 ipso-

204 1455 269 1474 rum
284 1444 301 1474 X
314 1444 358 1474 illa
372 1443 407 1473 de
420 1443 544 1482 Burtoii,
565 1444 648 1473 etiam
660 1444 730 1474 dum
744 1446 848 1483 propre
870 1453 993 1482 eramus,
1022 1444 1083 1480 iplis
1104 1443 1272 1473 Rebellibus

205 1482 236 1513 in
250 1483 347 1522 fugam
363 1482 522 1521 conversis,
541 1481 658 1512 inmiffis
672 1483 800 1521 ignibus,
819 1482 930 1513 redadh
945 1483 972 1511 in
987 1483 1094 1511 cineres
1113 1482 1146 1512 ὃς
1159 1481 1272 1519 favillas,

244 1520 347 1552 Gravis
360 1521 484 1560 patimur
500 1521 641 1551 anxietatis
655 1521 783 1560 aculeos,
801 1523 835 1553 &
852 1531 906 1559 pro
921 1521 1045 1559 ipsorum
1062 1519 1210 1550 relevanda
1219 1520 1272 1549 Pe-

204 1560 303 1599 nuria,
320 1563 356 1590 eo
371 1559 496 1590 solertius
508 1569 606 1589 manus
617 1567 761 1599 apponere
775 1561 908 1599 cupimus
919 1559 1064 1598 adjutrices
1077 1581 1086 1597 ,
1111 1568 1170 1597 quo
1191 1559 1275 1589 nobis

206 1599 333 1638 ibidem,
351 1599 467 1629 coelitus
483 1598 640 1636 attributae,
662 1598 789 1629 victoriae
803 1621 812 1636 ,
832 1599 868 1628 de
888 1597 951 1635 ipsis
971 1597 1072 1627 nostris
1094 1597 1274 1635 Rebellibus,

207 1638 315 1676 semper
330 1636 471 1668 efficimur
486 1646 644 1675 memores,
662 1647 695 1668 ac
711 1636 813 1667 exinde
829 1637 931 1668 divinis
950 1635 1151 1674 Beneplacitis,
1170 1635 1199 1665 in
1214 1637 1273 1674 pie-

210 1677 271 1708 tatis
285 1676 434 1716 operibus,
451 1685 532 1715 prom
555 1677 647 1705 tiores.

248 1714 384 1753 Nupersi
407 1714 518 1751 uidem,
563 1722 619 1743 :iter
630 1712 740 1750 sanste,
759 1723 812 1751 pro
839 1713 1006 1743 relevatione
1027 1710 1113 1743 status
1133 1712 1276 1750 ipsorum,

211 1753 331 1784 Abbatis
346 1753 379 1784 &
433 1753 629 1789 onachorum,
647 1752 680 1781 &
697 1752 726 1781 in
741 1760 923 1790 augmentum
939 1751 1041 1781 Divini
1055 1750 1191 1789 Obsequii
1213 1774 1222 1789 ,
1241 1761 1274 1781 ac

211 1793 380 1823 memoriam
395 1791 480 1823 dietae
494 1790 601 1820 nostrae
615 1790 761 1828 viifftoriie,
779 1792 833 1827 eis,
851 1790 887 1819 de
900 1790 1064 1820 liberalitate
1082 1790 1278 1829 Regia,vAd-

169 1848 172 1851 ,
211 1832 376 1862 vocationes
391 1829 578 1861 Ecclesiar'um
591 1828 627 1858 de
641 1827 797 1859 Tatenhull
809 1829 842 1859 ὃς
854 1828 1021 1868 Hambury,
1035 1828 1121 1860 dietae
1135 1829 1278 1868 Diocesis,

212 1869 396 1900 Donavimus
404 1868 471 1906 Jure
486 1873 622 1907 perpetuo
638 1866 826 1905 possidendas:

247 1904 445 1939 Concedentes
461 1907 494 1937 &
506 1906 648 1937 licentiam
661 1906 813 1937 tribuentes
827 1905 946 1944 eisdem,
965 1907 1044 1944 quoti
1058 1905 1195 1937 Ecclesias
1211 1906 1279 1944 illas,

213 1956 246 1977 ac
260 1945 469 1978 Ecclesiam-de
482 1944 645 1984 Aldulnest,
663 1944 784 1983 ejusdem
798 1942 944 1982 Diocesis,
964 1946 1014 1975 libi
1036 1947 1194 1984 apropriate
1215 1945 1279 1983 pos-

212 1982 289 2024 sent,
307 1986 340 2016 &
356 1985 385 2014 in
399 1984 459 2015 usus
474 1985 602 2023 proprios
616 1986 726 2021 tenere,
746 1992 793 2021 ut,
820 1983 989 2023 exipsorum
1017 1982 1218 2022 proventibus,
1236 1984 1281 2014 ci-

213 2024 268 2054 tius
284 2023 431 2054 restaurare
443 2022 599 2062 Deperdita
608 2022 659 2061 ,&
673 2022 779 2053 facilius
795 2023 1041 2057 incumbentiaeis
1054 2022 1151 2053 Onera
1164 2023 1281 2063 suppor-

213 2063 272 2093 'tare
285 2061 449 2102 potuissent„
464 2067 468 2070 ·
743 2096 746 2100 .
764 2086 765 2089 ,

251 2095 447 2135 Defiderantes
463 2099 562 2140 igitur,
583 2108 644 2131 toto
659 2100 745 2131 corde
755 2124 765 2138 ,
783 2101 947 2134 intentionis
961 2100 1066 2132 nostrae
1087 2101 1282 2138 propositum,

213 2139 309 2178 ’quoad
323 2139 575 2208 ApXropriationes
586 2139 931 2180 distarumchclesiai-um
946 2161 956 2177 ,
981 2139 1043 2176 ipsis
1064 2138 1213 2179 Religiosis
1232 2150 1282 2170 au-

211 2178 346 2209 fiorit'ate
383 2174 529 2215 'postolica
544 2177 701 2219 faciendas,
715 2178 814 2216 optato
835 2177 951 2208 effectui
973 2178 1150 2217 mancipari,
1175 2177 1210 2208 ad
1233 2187 1282 2210 ve-

213 2216 277 2248 strae
294 2216 473 2248 Beatitudinis
488 2216 590 2251 Apices
604 2215 733 2244 duximus
746 2216 965 2252 recurrendum,

253 2254 365 2284 Votivis
379 2252 526 2287 affeetibus
541 2252 739 2292 supplicantes,
755 2253 903 2292 quatinus,
919 2253 954 2284 ad
975 2255 1099 2293 ipsorum
1121 2254 1280 2294 Religioso·

215 2298 281 2323 'rum
297 2293 441 2331 inopiam,
453 2291 488 2322 'in
503 2300 606 2330 quam,
625 2299 684 2322 non
699 2302 733 2323 ex
747 2291 831 2330 eulpa
846 2292 974 2332 propria,
998 2294 1037 2324 set
1055 2291 1170 2324 furentis
1192 2295 1283 2324 fortu-

217 2342 264 2362 nre
277 2331 393 2372 injuria,
410 2330 551 2368 insperatis
565 2331 728 2368 eventibus,
747 2331 900 2362 noscuntur
914 2331 1059 2370 incidiffe‚
1083 2340 1205 2369 paternae
1221 2333 1282 2369 pie-

216 2371 277 2400 tatis
291 2370 422 2400 intuitum
436 2369 902 2409 convertentes,Supplicationem
915 2373 925 2406 (
936 2380 1018 2408 quam
1033 2370 1132 2400 vestrae
1147 2369 1283 2400 Clemen-

215 2409 264 2439 tiae
277 2409 487 2439 transmittimus
501 2408 678 2445 praesentibus
693 2407 886 2446 interclusam,
905 2416 936 2438 ut
950 2410 1038 2447 magis
1051 2417 1117 2439 nota
1132 2409 1162 2439 lit
1183 2409 1284 2439 vestrae

215 2446 386 2478 Beatitudini
400 2447 523 2477 intentio
536 2445 639 2476 nostrae
653 2447 772 2483 mentis)
792 2446 872 2477 solita
887 2447 1057 2486 benignitate
1070 2448 1286 2487 admittere,&,

212 2487 291 2555 jcujxta
303 2484 438 2530 speratam
453 2484 600 2523 fiduciam,
618 2484 679 2515 tam
700 2485 818 2525 gratiose
836 2484 966 2525 expedire
987 2486 1161 2526 dignemini,
1183 2487 1286 2517 intuitu

250 2532 369 2561 amatis,

258 2561 302 2593 Ut
318 2562 404 2592 iidem
418 2562 572 2601 Religiosi,
592 2571 641 2601 per
656 2562 829 2602 Apostolicae
844 2562 1046 2594 munificentiae
1069 2564 1234 2603 largitatem,
1249 2564 1285 2594 ab

187 2622 189 2624 -
219 2602 359 2631 iminente
373 2600 477 2639 Inopia
490 2601 616 2638 relevati,
636 2600 862 2638 Hospitalitatem
874 2601 1055 2640 consuetam,
1080 2598 1114 2634 δέ
1131 2603 1180 2631 alia
1192 2603 1230 2632 eis
1245 2603 1287 2632 in-

77 2930 208 2959 *1V.6i.

78 3016 156 3046 Ann.
170 3013 213 3043 D.

101 3062 187 3094 1324.

78 3097 131 3122 An.
150 3102 191 3127 17.

80 3136 110 3158 Ε.
132 3140 157 3157 2.

80 3173 140 3197 Pat.
154 3177 195 3203 17.

81 3212 112 3234 E.
134 3217 160 3234 2.

81 3253 106 3283 p.
126 3255 152 3271 2.

81 3294 120 3312 m,
137 3285 164 3311 6.

220 2640 383 2670 cumbentia
396 2649 499 2677 onera,
518 2641 645 2678 congrue
665 2640 773 2670 valeant
790 2639 949 2679 supportare
962 2663 971 2677 ,
991 2642 1024 2672 ὃ(
1044 2652 1080 2671 eo
1105 2642 1289 2671 ferventiores

220 2677 380 2747 gffip}antur
396 2677 431 2708 ad
444 2678 570 2717 Divina,
587 2687 645 2718 quo
657 2678 844 2717 Temporalia
866 2678 983 2710 subsidia
1005 2680 1056 2711 sibi
1075 2680 1206 2711 senserint
1227 2689 1288 2710 non

242 2726 274 2746 ee
299 2726 323 2746 e.

260 2753 419 2785 conservet
432 2756 493 2786 &c.

302 2793 371 2824 Dat.
385 2794 459 2832 apud
475 2790 916 2835 westmonasterium-decimo
928 2798 1030 2836 quinto
1043 2796 1089 2828 die
1097 2797 1185 2838 junii.

251 2917 278 2944 ᾖ
299 2920 348 2952 De
375 2915 554 2960 restitutione
579 2921 803 2966 Temporalium
831 2922 1023 2968 Epifiopatus
1054 2922 1267 2971 thntonierfis.

231 3003 322 3064 RE
332 3002 382 3042 X,
397 3003 504 3034 dilectis
523 3003 644 3035 Clericis
660 3006 729 3043 suis,
748 3005 876 3036 Ricardo
893 3006 929 3036 de
951 3006 1150 3046 Ayremynne,
1168 3006 1203 3037 &
1215 3006 1294 3036 Wil-

307 3043 406 3073 lielmo
425 3043 461 3072 de
482 3042 627 3073 Pillaunde
642 3068 651 3081 ,
675 3042 852 3075 Custodibus
876 3043 1056 3082 Episcopatus
1077 3044 1295 3084 Wyntoniensis

228 3082 368 3121 vacantis,
385 3081 418 3112 &
435 3082 464 3111 in
478 3091 563 3112 manu
578 3081 674 3112 nostra
686 3081 839 3120 existentis,
857 3082 979 3113 salutem.

266 3117 347 3150 Cum
382 3119 527 3161 Dominus
551 3120 579 3158 J.
607 3121 742 3151 Summus
769 3120 905 3151 Pontifex
932 3120 1133 3152 Provifionem
1160 3120 1295 3152 Ecclesiae

226 3158 443 3198 Wyntonieniis
456 3180 465 3196 ,
489 3157 552 3197 post
573 3167 697 3189 mortem
710 3182 719 3197 ,
739 3159 825 3189 bonae
848 3161 994 3190 memuriae
1010 3182 1018 3196 ,
1040 3158 1164 3200 Rigandi
1177 3184 1187 3198 ,
1206 3169 1295 3200 nuper

229 3196 364 3238 Episcopi
376 3195 480 3226 ibidem
490 3220 500 3236 ,
514 3196 689 3235 dispositioni
699 3198 754 3228 suae
769 3197 814 3228 illa
826 3198 890 3228 vice
905 3198 1062 3229 reservasset
1075 3208 1081 3227 :

271 3235 307 3265 Et
336 3234 521 3272 postmodum
536 3258 546 3274 ‚
577 3236 726 3267 discretum
757 3236 861 3267 Virum
886 3237 1057 3277 Magistrum
1075 3236 1237 3275 Johannem
1258 3236 1295 3267 de

231 3273 386 3311 Stratfurd,
405 3273 645 3310 Archidiaconum
668 3274 843 3313 Lincolniae,
863 3276 893 3305 in
908 3275 1081 3315 Episcopum
1096 3276 1152 3306 loci
1166 3275 1294 3313 praediffl

231 3311 435 3354 praefecerit&
450 3311 609 3351 Pastorem,
624 3312 733 3343 Curam
746 3314 780 3344 &
796 3314 1079 3345 Administrationem
1094 3314 1179 3345 dietae
1194 3313 1295 3345 Eccle-

233 3353 279 3383 1⁴1ae
289 3374 298 3389 ‚
313 3352 343 3381 iri
357 3350 546 3386 Spirirualibus
558 3351 591 3381 ὅτ
605 3351 841 3391 Temporalibus,
860 3353 907 3383 sibi
921 3353 1145 3391 committendo,
1164 3353 1232 3383 sicut
1246 3363 1295 3391 per

235 3391 353 3421 Litteras
374 3387 503 3418 Parentes
514 3389 593 3426 ipsius
607 3389 720 3420 Summi
735 3388 881 3421 Pontificis
894 3392 1027 3431 Bullatas,
1045 3392 1127 3423 nobis
1140 3392 1205 3422 inde
1219 3392 1294 3422 dire-

233 3429 309 3465 Ctas,
327 3427 408 3458 nobis
421 3426 531 3456 constat
546 3436 551 3456 :

280 3467 326 3497 Ac
348 3465 439 3508 didius
460 3464 598 3504 Magister
612 3466 773 3505 JohanneS,
792 3467 928 3497 omnibus
950 3468 984 3499 ὃ(
1005 3469 1116 3507 singulis
1132 3470 1242 3508 verbis,
1265 3470 1295 3499 in

234 3506 320 3537 distis
342 3504 440 3535 Literis
453 3504 611 3541 contentis,
630 3505 712 3534 nobis
724 3505 757 3545 &
768 3505 827 3544 Juri
840 3504 969 3536 Coronae
983 3507 1087 3537 nostrae
1102 3508 1297 3546 praejudiciali-

236 3547 309 3582 bus,
323 3542 339 3572 s
374 3543 438 3582 nte,
454 3542 562 3579 palam,
578 3542 612 3572 &
630 3543 753 3582 exprefse
772 3545 997 3576 renunciaverit:
1017 3547 1049 3576 &
1072 3546 1148 3585 super
1170 3547 1228 3577 hoc
1242 3557 1296 3576 no-

239 3583 303 3615 strae
322 3552 430 3625 &satias
450 3580 670 3626 set-submiserit,
688 3581 726 3624 ὃς
743 3583 956 3624 recognoverit,
976 3592 1009 3613 ac
1030 3584 1165 3615 fatebatur
1185 3585 1211 3614 se
1224 3585 1296 3616 velle

237 3618 620 3688 TemppralialEpiscopatus
640 3619 769 3656 praedieti
791 3622 915 3659 recipere
934 3630 968 3651 ex
981 3621 1074 3652 nostrii
1086 3623 1249 3654 liberatione
1261 3624 1295 3655 &

260 3659 326 3689 ratia
366 3659 445 3688 eciai
461 3668 468 3687 ·.

239 3669 259 3700 g
278 3669 365 3735 Nos?
379 3697 421 3726 ob
440 3696 626 3727 reverentiam
646 3695 715 3726 dic'ii
735 3695 858 3727 Domini
872 3697 983 3728 Summi
998 3697 1164 3739 Pontii-icis,
1182 3710 1297 3732 necnon

240 3736 281 3766 ob
293 3735 474 3766 affectionem
488 3735 632 3772 specialem
643 3757 652 3772 ,
671 3744 755 3771 quam
767 3735 844 3765 idem
859 3735 1005 3767 Dominus
1017 3736 1152 3768 Summus
1168 3738 1298 3770 Pontifex

239 3775 310 3813 gerit
331 3782 392 3812 erga
415 3774 567 3803 Personam
579 3773 719 3809 nostram,
737 3773 863 3803 volentes
874 3775 991 3811 praefato
1006 3774 1145 3813 Magistro
1155 3776 1298 3817 Johanni,

240 3815 271 3843 in
285 3812 338 3843 hac
352 3821 445 3850 parte,
459 3813 576 3851 gratiam
589 3813 681 3843 facere
696 3811 860 3850 specialem,
875 3813 1094 3845 Praefeetionem
1110 3814 1184 3844 illam
1197 3826 1299 3855 accep-

239 3852 363 3881 tavimus
375 3873 385 3888 ,
404 3851 436 3880 &
458 3851 584 3887 cepimus
605 3851 627 3879 F
630 3851 779 3880 idelitatem
799 3850 877 3888 ipsius
897 3851 1048 3890 Praefecti,
1063 3852 1095 3882 &
1114 3852 1300 3892 Temporalia

243 3888 425 3927 Episcopatus
438 3890 566 3926 praediffl
578 3889 745 3919 restituimus
754 3888 859 3918 eidem:

282 3926 405 3960 Et·ideo
429 3928 510 3956 vobis
531 3928 692 3958 mandamus
707 3951 715 3964 ,
741 3927 819 3965 quod
841 3927 934 3956 eidem
958 3927 1101 3959 Praefecto
1120 3928 1302 3970 Temporalia

246 3963 430 4002 Episcopatfis
443 3965 512 3995 illius
527 3966 645 3997 liberetis
661 3967 687 3995 in
702 3966 795 3997 forma
808 3965 950 4003 przedie‘ta.

284 4001 373 4032 Teste
385 4001 468 4043 Rege
480 4004 554 4043 apud
564 4005 758 4045 Tonebrugge
766 4027 776 4046 ,
795 4004 927 4036 viceiimo
942 4003 1049 4035 octavo
1064 4004 1110 4035 die
1120 4004 1204 4043 Junii.

882 4082 936 4113 Per
948 4078 1028 4119 ipfitm
1039 4083 1144 4121 Regem,

744 176 890 223 ‘⁷E'T
939 176 1013 222 'A
1051 179 1167 224 CT
1208 178 1272 219 A'

1332 178 1807 226 PUBLICA.

1301 263 1357 324 E

2305 203 2379 231 101

1367 264 1578 309 ‘sq-mandatum
1594 268 1637 311 ‘est
1657 268 1811 310 Militibus,
1829 271 1939 302 Liberis
1959 270 2155 311 Hominibus,
2173 274 2208 304 &
2228 274 2363 305 omnibus
2385 275 2459 305 Ann.
2474 274 2517 308 D.

1375 305 1431 333 aliis
1444 327 1453 342 ,
1473 305 1650 336 Tenentibus
1672 307 1707 336 de
1728 308 1897 348 Episcopatu
1920 311 2058 354 praedidto
2072 335 2081 350 ‚
2101 312 2180 351 quod
2202 312 2295 343 eidem
2310 312 2361 351 Jo-
2405 321 2489 352 1324.

1302 340 1404 380 hanni,
1425 351 1556 380 tanquam
1580 344 1722 387 Episcopo
1743 349 1775 377 ὃς
1800 347 1934 378 Domino
1954 349 2020 388 suo,
2039 360 2067 379 in
2081 351 2228 389 omnibus,
2247 360 2312 389 que
2329 352 2363 381 ad
2382 353 2450 382 Ed-v.
2469 363 2496 382 ι.

1301 378 1501 424 Episcopatum
1520 382 1602 411 illum
1616 386 1952 422 pertinent,intendentes
1965 388 2019 420 sint
2032 389 2066 419 &
2077 388 2292 428 respondentes,
2310 390 2365 420 sic-

1306 426 1336 446 ut
1352 418 1519 454 praedicium
1536 419 1585 449 est.

1339 455 1373 486 In
1391 458 1482 495 cujus,
1501 458 1561 488 &c.

1376 494 1466 525 Teste
1479 505 1508 526 ut
1522 496 1607 534 supra.

1422 645 1469 676 De
1485 642 1743 686 Protestationibus
1759 647 1850 693 fhper
1872 648 2059 691 Restitutione
2078 652 2240 688 anteditla.

1309 737 1378 792 IN
1397 740 1516 770 nomine
1534 739 1674 778 Domini,
1696 741 1802 772 Amen.

1331 817 1335 822 ·
1371 817 1376 822 ι
1391 778 1479 821 Anno
1491 779 1614 816 ejusdem
1627 779 1791 818 millelimo,
1810 782 2016 820 trecentesimo,
2035 785 2168 817 vicesimo
2200 795 2300 818 uarro:
2318 786 2366 817 In-

1309 815 1436 847 dietione
1453 816 1571 855 ieprima
1588 827 1594 847 z
1624 817 1806 849 pontificatus
1820 819 1987 850 Sanffiffimi
2003 823 2031 850 in
2045 823 2161 855 Christo

1310 856 1382 885 mini
1401 854 1507 894 nostri,
1527 856 1649 886 Domini
1665 855 1804 895 johannis
1815 880 1826 895 ,

1311 895 1432 929 oetam,
1451 894 1496 924 die
1509 894 1608 926 ultimi
1619 894 1725 924 Mensis
1733 895 1809 933 Junii
1818 918 1827 933 ,

1349 931 1531 963 Constitutus
1546 933 1723 970 personaliter
1740 935 1769 963 iri
1790 932 1910 973 quadam
1926 933 2047 966 Camera
2062 936 2154 968 Palatii
2170 938 2369 973 Excellentissi-

1310 973 1352 1001 mi
1373 971 1509 1010 Principis
1532 972 1564 1002 &
1589 971 1713 1002 Domini
1733 972 1822 1002 nostr-i
1836 995 1846 1010 ,
1872 972 1997 1003 Domini
2019 974 2164 1014 Edwardi,
2342 980 2349 988 “

2387 756 2463 787 Ann.
2478 753 2522 786 D.

2407 804 2491 834 1324·

1878 859 1882 862 .
1908 859 1912 863 ,
2053 861 2056 865 .
2130 864 2145 867 Η
2207 828 2282 865 mis,
2299 826 2366 856 Do-
2386 838 2412 861 Α
2461 841 2501 868 ¹7·

1842 856 1951 888 Divma
1972 858 2170 901 Provrdentia,
2188 864 2270 903 Papte
2290 875 2367 896 anno
2388 877 2408 899 E
2435 881 2459 897 2.

2389 914 2458 938 Sceil.
2466 918 2523 936 con—

2383 950 2447 986 suta
2463 950 2489 975 ile

1311 1009 1398 1050 Regis
1413 1010 1524 1048 Angliae
1538 1010 1670 1050 Illustris‚
1686 1010 1759 1048 apud
1773 1010 2078 1052 westmonasterium,
2096 979 2372 1055 NobiJiipvirgrabig,
2392 990 2426 1053 {1
2444 995 2480 1052 217
2486 1005 2492 1012 ”

1311 1049 1406 1079 minus
1427 1046 1559 1087 Rogerus
1580 1048 1616 1078 de
1635 1048 1727 1079 Belers
1750 1048 1850 1087 Miles,
1867 1050 1900 1079 &
1919 1049 1991 1080 Baro
2012 1053 2150 1083 &caetani
2166 1054 2235 1084 dieii
2254 1055 2373 1086 Domini

1309 1086 1398 1118 nostri
1423 1085 1524 1126 Regis,
1547 1087 1582 1117 de
1607 1087 1741 1117 mandato
1763 1086 1826 1126 libi,
1847 1096 1879 1119 ex
1902 1099 1978 1127 parte
2002 1090 2122 1127 ejusdem
2151 1093 2270 1122 Domini
2290 1095 2378 1125 nostri

1314 1126 1420 1165 Regis,
1438 1134 1503 1164 per,
1518 1125 1707 1156 venerabilem
1725 1125 1758 1155 &
1773 1126 1923 1156 diicretum
1938 1128 2058 1165 Virum,
2079 1129 2192 1168 Magiit-
2202 1142 2248 1160 um
2266 1132 2377 1162 Rober-

1311 1173 1374 1196 tum
1395 1164 1431 1194 de
1453 1163 1569 1194 Baudolc
1583 1187 1593 1202 ,
1613 1163 1857 1194 Archidiaconum
1882 1164 2069 1196 Middlesexie
2113 1169 2145 1198 ὃς
2168 1168 2378 1201 Cincellartum

1311 1204 1411 1241 ipiius,
1427 1211 1495 1233 tunc
1510 1203 1693 1242 praesentem,
1713 1202 1807 1237 ῒὶὶέὶο,
1827 1204 1855 1232 in
1870 1204 1926 1233 mei
1942 1203 2057 1234 Notarii
2071 1190 2180 1237 l3ublici
2196 1209 2377 1249 infratcripti‚

1313 1243 1347 1272 &
1368 1241 1502 1271 Testium
1522 1241 1739 1281 subscrIptorum
1762 1241 1924 1279 praesentia,
1942 1243 1976 1271 ad
1999 1242 2060 1273 haec
2079 1246 2227 1282 specialiter
2261 1257 2381 1278 vocato-

1314 1289 1377 1311 rum
1393 1281 1426 1311 &
1441 1287 1621 1317 rooatorum,
1638 1280 1779 1319 quandam
1794 1279 2049 1319 Protestationem,
2067 1282 2096 1311 in
2111 1283 2213 1321 scriptis
2228 1286 2380 1324 redactam,

1315 1329 1413 1349 coram
1438 1304 1581 1358 Nssgistro
1597 1318 1731 1357 Johanne
1747 1319 1783 1348 de
1803 1318 1942 1349 Stratford
1967 1326 1972 1331 ‘
1991 1319 2039 1349 De.
2061 1330 2120 1358 quo
2144 1321 2287 1353 Dominus
2307 1324 2344 1354 Pa
2365 1335 2381 1355 a

1315 1356 1518 1397 Episcopatum
1534 1357 1783 1395 Wintoniensem,
1802 1366 1832 1387 ut
1847 1358 2028 1396 afferebatur,
2046 1360 2222 1398 providerat)
2241 1362 2325 1401 legit,
2352 1372 2382 1392 e-

1317 1398 1356 1427 cit
1370 1398 1404 1429 &
1420 1396 1599 1435 interposuit,
1620 1397 1698 1434 cujus
1713 1395 1927 1427 Protestationis
1939 1405 2020 1428 tenor
2033 1398 2091 1428 talis
2106 1398 2160 1428 est:

1405 1474 1541 1505 Nomine
1556 1474 1693 1512 Domini,
1712 1476 1815 1506 Amen.

1318 1476 1341 1530 I
1397 1513 1466 1543 Nos
1486 1513 1658 1552 Edwardus,
1676 1513 1735 1545 Dei
1755 1513 1857 1553 gratia,
1875 1513 1940 1546 Rex
1964 1515 2076 1554 Angliae
2114 1515 2261 1548 Dominus
2280 1517 2387 1548 Hiber-

1318 1552 1392 1589 niae,
1411 1552 1444 1582 &
1467 1552 1536 1582 Dux
1557 1552 1732 1591 Aquitaniae,
1750 1563 1851 1582 coram
1873 1562 1916 1592 te,
1935 1554 2063 1584 Notario
2084 1538 2223 1594 i'ublico,
2249 1557 2386 1594 protesta-

1318 1599 1397 1627 mur,
1420 1590 1512 1629 palam
1531 1592 1564 1620 ὃς
1587 1591 1727 1629 expresse,
1751 1591 1844 1630 quod,
1864 1593 1935 1622 cum
1955 1594 1991 1622 ab
2012 1594 2145 1632 antiquO,
2164 1596 2197 1624 ὃ(
2221 1606 2234 1624 a
2256 1605 2386 1635 tempore

1318 1627 1502 1659 Fundationis
1523 1628 1711 1660 Eccleliarum
1728 1628 1955 1666 Cathedralium,
1972 1632 2278 1671 Archispilcopaliunz,
2298 1636 2331 1665 &
2345 1634 2387 1664 E-

1318 1667 1501 1704 piscopalium
1518 1689 1527 1705 ,
1542 1669 1628 1698 totius
1647 1668 1742 1706 Regni
1764 1668 1875 1706 Angliae
1888 1691 1898 1707 ,
1918 1668 2044 1699 Provisio
2056 1692 2065 1707 ,
2080 1670 2124 1699 seu
2145 1670 2312 1711 Piaefe2i10,
2333 1673 2387 1703 Ar-

1319 1705 1566 1746 chiepiscoporum
1592 1707 1626 1737 &
1647 1705 1854 1744 Episcoporum
1869 1729 1878 1744 ,
1910 1707 1944 1737 ad
1968 1706 2165 1744 progenitores
2188 1711 2297 1740 nostros
2320 1712 2388 1750 (qui

1340 1754 1372 1774 ro
1386 1754 1514 1784 tempore
1529 1744 1641 1775 fuerunt
1653 1745 1807 1775 earundem
1821 1744 2010 1776 Eccleiiarum
2026 1738 2195 1778 Fundatura
2208 1750 2241 1779 ὃ(
2255 1749 2367 1780 Patroni
2377 1758 2388 1786 )

1316 1753 1385 1822 Pure
1400 1783 1499 1821 Regio
1513 1782 1643 1814 Coronae
1659 1784 1731 1822 suae,
1751 1784 1832 1821 plene
1845 1783 2005 1823 spectasset,
2021 1785 2053 1815 ὅ(
2069 1786 2257 1825 pertinuisset,

1359 1821 1466 1853 Donec
1481 1845 1491 1860 ‚
1516 1826 1602 1852 bonae
1631 1823 1779 1852 memoriae
1794 1846 1803 1861 ,
1815 1822 1962 1860 Johannes
1974 1847 1983 1862 ,
1998 1824 2144 1862 quondam
2169 1824 2233 1855 Rex
2260 1826 2387 1865 Angliae,

1320 1859 1446 1891 Proavus
1466 1860 1579 1900 noster,
1597 1861 1632 1891 de
1654 1859 1782 1892 Consilio
1797 1863 1830 1892 Sc
1849 1860 1964 1892 Affensu
1981 1862 2126 1892 Bai-onum
2141 1863 2237 1898 Regni
2250 1867 2389 1904 ejul'i'em,

1323 1898 1447 1934 Praelatis
1468 1899 1564 1939 Regni
1578 1899 1616 1929 sui
1631 1899 1828 1939 concessisset,
1846 1900 1925 1939 quod
1938 1911 2040 1931 eorum
2053 1899 2303 1933 Ecclesiae‘extanc
2322 1905 2390 1934 libe-

1322 1948 1400 1976 ram,
1415 1938 1465 1969 sub
1486 1938 1564 1970 certa
1584 1938 1696 1976 forma,
1716 1939 1848 1969 haberent
1865 1939 1985 1978 eligendi
2009 1939 2028 1958 *ς
2047 1939 2236 1978 Faculmem,
2254 1942 2326 1973 salva
2343 1940 2391 1972 ubi

1324 1978 1358 2008 &
1376 1977 1588 2009 Succefforibus
1607 1976 1673 2016 suis,
1694 1977 1821 2016 Regibus
1842 1977 1972 2017 Angliae,
1991 1976 2130 2009 Custodia
2152 1979 2313 2018 hujusmodi
2333 1981 2392 2012 Ee-

1325 2016 1468 2048 ciesiarurn
1483 2017 1660 2054 vacantium,
1677 2024 1743 2046 toto
1757 2025 1887 2054 tempore
1900 2018 2049 2047 vacationis
2063 2018 2234 2056 earundeixi3

1362 2055 1401 2086 Ita
1421 2056 1506 2085 etiam
1527 2054 1624 2093 quod,
1641 2063 1792 2091 antequam
1804 2056 1836 2084 ad
1854 2054 2033 2085 Eleffionem
2050 2056 2251 2095 procederent,
2271 2057 2323 2088 Ele
2330 2058 2391 2088 ‘fto-

1324 2103 1366 2125 res
1384 2094 1527 2125 licentiam
1547 2104 1562 2124 a
1583 2092 1700 2130 praefato
1717 2092 1798 2132 Rege
1813 2094 1845 2123 ὃ(
1860 2093 1911 2123 suis
1927 2094 2138 2124 Successoribus
2152 2104 2245 2134 petere
2262 2105 2390 2127 tent—ren-

1326 2142 1388 2170 tur,
1432 2131 1563 2170 uodque,
1582 2131 1732 2162 Eletstione
1753 2132 1905 2170 celebrata,
1923 2132 2008 2162 iidem
2032 2132 2176 2163 Electra-e:
2194 2134 2272 2164 suum
2297 2135 2390 2165 Cleri-

1324 2180 1395 2204 curn
1436 2170 1494 2201 teto
1515 2170 1589 2210 Regi
1610 2172 1791 2210 praesentare,
1810 2172 1843 2202 &
1863 2179 1955 2210 petere
1976 2171 2135 2209 hujusmodi
2151 2172 2293 2203 Electicni
2309 2174 2391 2205 suurn

1326 2209 1449 2241 adhiberi
1471 2205 1674 2249 Consensutn3
1698 2220 1801 2250 quem,
1819 2219 1853 2240 ex
1873 2210 1955 2242 causa
1974 2211 2149 2249 rationabili,
2167 2210 2246 2250 Ipie,
2264 2212 2296 2243 ὃς
2320 2213 2392 2244 Suc-

1325 2249 1445 2281 cessores
1460 2247 1499 2279 sui
1514 2248 1623 2286 possent
1633 2248 1783 2288 denegare:

1364 2288 1419 2328 Et,
1436 2287 1597 2326 hujusmodi
1607 2288 1740 2319 consensu
1755 2287 1897 2327 adhibito,
1916 2289 1950 2320 δε
1966 2287 2116 2319 Elefflone
2127 2289 2156 2318 in
2174 2300 2307 2320 evenurn
2321 2300 2393 2321 cori-

1327 2326 1451 2366 firmata,
1470 2335 1614 2357 teneantur
1636 2326 1704 2357 dieti
1727 2327 1820 2357 Eieeti
1843 2327 2026 2367 Temporalia
2039 2326 2064 2357 E
2087 2328 2260 2367 iicopatuutn
2278 2334 2394 2360 luorum

1327 2366 1365 2396 ab
1387 2366 1446 2405 ipso
1467 2365 1549 2405 Rege
1570 2366 1603 2396 ὃ(
1628 2365 1841 2397 Succefl'oribus
1860 2366 1913 2396 suis
1928 2374 2040 2405 petere,
2108 2376 2138 2396 ea
2152 2368 2274 2405 recipere
2290 2371 2326 2398 de
2341 2377 2396 2406 eo,

1329 2405 1363 2435 &
1377 2414 1408 2435 ea
1422 2404 1485 2435 alias
1497 2402 1649 2434 nullatenus
1661 2405 1808 2444 recepturi.

1366 2442 1393 2473 A
1430 2444 1510 2474 uibus
1521 2442 1637 2482 quidem
1647 2442 1778 2482 Juribus,
1795 2443 1839 2472 vel
1851 2452 1952 2474 eorum
1965 2444 2074 2482 aliqu0,
2089 2452 2137 2482 per
2150 2443 2294 2481 Gratiam,
2308 2453 2393 2482 quam

1329 2483 1397 2521 tibi,
1455 2482 1557 2521 agistro
1573 2480 1698 2520 Johanni
1719 2481 1756 2512 de
1777 2481 1933 2520 Stratford,
1951 2482 1991 2512 ob
2005 2483 2200 2512 reverentiam,
2222 2482 2395 2513 Satictiiiixii

1329 2522 1360 2552 in
1380 2520 1498 2551 Christo
1521 2520 1625 2559 Patris,
1644 2519 1768 2550 Domini
1785 2519 1940 2559 Johannis,
1959 2520 2066 2551 Divina
2088 2520 2289 2559 Providentia,
2311 2522 2396 2559 Pap'e

1329 2560 1395 2590 xxii.
1415 2560 1448 2590 &
1470 2558 1612 2598 potissime
1623 2559 1665 2589 ob
1679 2558 1864 2589 affeffionem
1879 2559 2042 2597 specialem,
2059 2569 2146 2598 quam
2161 2559 2236 2590 idern
2254 2560 2398 2590 Dominus

1331 2597 1422 2637 Papa,
1440 2597 1480 2628 sui
1500 2598 1586 2637 gratia
1599 2620 1609 2636 ,
1627 2597 1699 2637 gerit
1719 2607 1782 2636 erga
1803 2597 1949 2637 personam
1972 2598 2114 2636 nostram,
2132 2598 2166 2629 ad
2190 2600 2304 2635 praeiens
2327 2599 2395 2628 f2ci-

1331 2647 1408 2674 mus,
1427 2638 1558 2667 recedere
1570 2646 1629 2666 non
1641 2635 1812 2666 intendimus
1827 2636 2035 2675 quovismodo,
2054 2637 2091 2668 set
2106 2647 2138 2667 ea
2152 2637 2247 2667 futuris
2262 2637 2398 2676 tempori-

1332 2677 1384 2707 bus
1398 2675 1516 2706 firmiter
1529 2675 1681 2705 observari.

1368 2714 1440 2745 Nec
1462 2713 1626 2753 praesentem
1645 2712 1773 2743 Gratiam
1789 2736 1798 2751 ,
1824 2723 1909 2753 quam
1930 2713 1983 2745 tibi
2001 2712 2136 2752 facimus,
2155 2713 2189 2744 ad
2211 2712 2396 2753 Consequen-

1332 2753 1400 2786 tiam
1415 2753 1485 2785 trahi
1501 2753 1630 2785 volumus
1644 2753 1673 2782 in
1688 2749 1823 2782 futurum.

1372 2831 1442 2871 Qu}⁴
1463 2831 1577 2871 quidem
1598 2829 1806 2862 Protestatione
1827 2829 1864 2861 sic
1879 2853 1889 2868 ,
1912 2837 1943 2860 ut
1963 2830 2144 2867 praemittitur
2161 2853 2170 2867 ,
2186 2829 2306 2860 nomine
2327 2829 2398 2860 dieti

1334 2868 1441 2908 Regis,
1459 2870 1636 2910 interposita,
1655 2871 1688 2901 &
1705 2879 1754 2906 per
1770 2870 1917 2908 praefatum
1933 2868 2106 2907 Magistrum
2117 2869 2282 2906 Johannem
2297 2877 2399 2907 accep-

1333 2908 1405 2946 tata,
1422 2911 1504 2939 omni
1523 2907 1767 2940 Administrationi
1782 2907 1812 2938 T
1814 2907 2020 2946 eniporalium,
2036 2917 2101 2945 quae
2117 2907 2165 2937 libi
2176 2931 2185 2945 ,
2199 2909 2301 2938 virtute
2313 2908 2398 2938 didiae

1334 2946 1522 2985 Provisionis,
1540 2947 1639 2986 abique
1653 2944 1799 2976 Consensu
1812 2945 1924 2984 Regio,
1940 2947 2096 2984 competit,
2110 2945 2154 2976 seu
2169 2955 2332 2983 competere
2345 2955 2398 2983 po-

1336 2987 1418 3023 terit,
1436 2996 1469 3016 ac
1489 2987 1622 3016 omnibus
1635 2995 1668 3015 ac
1684 2984 1810 3024 singulis,
1825 2985 1965 3015 contentis
1981 2985 2011 3014 in
2030 2985 2128 3014 Literis
2145 2985 2332 3024 Apostolicis,
2352 2984 2397 3013 su-

1336 3034 1385 3061 per
1402 3024 1567 3055 Provisione
1587 3023 1722 3064 praediffta
1741 3021 1838 3061 factis,
1852 3022 1929 3053 dieto
1944 3022 2080 3052 Domino
2097 3023 2186 3061 Regi,
2204 3033 2247 3053 aut
2259 3022 2320 3060 juri
2335 3021 2398 3063 Co-

1335 3072 1413 3092 ronae
1434 3063 1489 3093 suae
1510 3060 1755 3101 praejudicialibus3
1774 3062 1910 3101 quatenus
1929 3060 2183 3100 Temporalitatem
2197 3061 2263 3090 dicii
2282 3060 2399 3099 Epiico-

1336 3110 1416 3138 patus
1436 3102 1638 3141 contingebant
1655 3099 1750 3136 (salvo
1768 3101 1876 3138 semper
1892 3100 1995 3130 Titulo
2020 3100 2083 3135 suo)
2100 3100 2204 3137 palam,
2224 3099 2399 3137 {intpliciter,

1336 3141 1370 3171 &
1391 3140 1515 3177 expresse
1536 3139 1730 3178 renunciavit,
1747 3140 1780 3170 δε
1796 3140 1874 3178 petiit
1890 3139 2008 3169 eandem
2022 3138 2276 3177 Temporalitatem
2292 3147 2342 3175 per
2355 3137 2399 3177 ip-

1335 3179 1398 3209 sum
1413 3178 1542 3218 Regem,
1557 3179 1590 3209 &
1605 3178 1642 3208 de
1655 3177 1736 3214 ipsius
1749 3177 1849 3208 Gratia
1863 3178 1987 3215 speciali,
2006 3178 2055 3206 fibi
2068 3177 2181 3206 liberari.

1375 3216 1522 3248 Fatebatur
1542 3218 1645 3255 etiam,
1661 3216 1695 3247 ὃς
1714 3218 1882 3256 recognovit
1903 3216 1929 3245 se
1949 3215 2019 3245 velle
2033 3214 2284 3252 Temporalitatem
2301 3213 2401 3251 praedi-

1336 3256 1412 3286 &cam
1435 3256 1471 3286 de
1486 3266 1571 3286 manu
1585 3256 1665 3296 ipsius
1679 3254 1786 3294 Regis,
1805 3255 1824 3284 si
1841 3256 1891 3285 fibi
1903 3254 2042 3293 placeret,
2061 3252 2096 3282 de
2112 3251 2212 3283 Gratia
2225 3252 2314 3292 Regis
2327 3253 2400 3282 rcci-

1336 3305 1418 3335 pere,
1439 3297 1472 3327 &
1488 3305 1546 3325 non
1562 3294 1597 3325 de
1613 3304 1696 3323 manu
1711 3294 1822 3324 alterius
1837 3293 2045 3330 cujuscumque.

1372 3334 1411 3365 Et
1430 3334 1581 3372 praedictus
1595 3332 1740 3363 Dominus
1755 3331 1957 3368 Cancellarius,
1973 3329 2038 3369 post
2051 3328 2304 3360 Renuntiationem
2314 3352 2322 3365 ,
2342 3327 2398 3371 Pe-

1339 3374 1483 3411 titionem,
1498 3370 1732 3409 Confeffionem‚
1751 3371 1784 3400 &
1801 3369 2061 3406 Recognitionem,
2082 3368 2244 3405 praedietis,
2263 3367 2398 3397 Azitston-

1337 3420 1392 3443 tate
1405 3411 1474 3442 dieti
1488 3410 1611 3440 Domini
1625 3409 1728 3447 Regis,
1745 3400 1968 3445 Temporalitem
1984 3407 2053 3437 diffi
2070 3405 2269 3448 Episcopatus,
2288 3405 2398 3449 tunc-in

1339 3460 1425 3481 manu
1448 3450 1528 3487 ipsius
1549 3449 1637 3486 Regis
1658 3447 1838 3484 existentem,
1858 3445 1937 3476 dieto
1960 3445 2099 3484 Magistro
2115 3445 2237 3486 johinni
2262 3443 2399 3486 reddidit,

1338 3488 1387 3519 sub
1401 3488 1480 3518 dieta
1496 3486 1720 3523 Protestatione,
1737 3494 1766 3515 ut
1780 3484 1890 3515 affertiit
1900 3508 1908 3522 ,
1923 3484 1958 3514 de
1970 3484 2055 3522 gratia
2069 3482 2189 3520 ejuidem
2206 3480 2330 3510 Domini
2345 3491 2399 3510 no-

1339 3527 1387 3557 stri
1400 3526 1488 3565 Regis
1500 3526 1624 3565 speciali,
1642 3526 1674 3556 ὃς
1688 3525 1723 3555 ab
1737 3524 1795 3562 ipso
1808 3523 2000 3554 incontinenti
2015 3519 2318 3559 posteaJuramentutn
2331 3519 2400 3549 fide-

1337 3566 1419 3597 litatis
1432 3566 1544 3604 recepit.

1375 3642 1447 3672 Ac‘ta
1471 3641 1530 3671 sunt
1549 3641 1612 3671 haec
1625 3641 1658 3672 &
1670 3639 1758 3670 Gesta
1773 3638 1876 3676 Anno,
1894 3635 2072 3673 Indititione,
2092 3633 2208 3672 Mense,
2225 3633 2300 3672 Die,
2320 3633 2401 3664 Pon-

1338 3680 1464 3720 tificatu,
1482 3681 1515 3711 &
1530 3679 1633 3718 Loco,
1649 3677 1825 3718 supradicitis3

1769 3759 1952 3791 Praesentibus
1960 3781 1970 3796 ,

1378 3849 1540 3882 Venerabili
1565 3850 1594 3878 in
1616 3845 1732 3878 Christo
1754 3846 1851 3884 Patre,
1876 3844 1997 3875 Waltero
2012 3866 2022 3882 ,
2042 3846 2098 3874 Dei
2116 3843 2230 3882 gratia',
2255 3843 2405 3884 Exonienfi

1417 3891 1443 3918 E
1461 3892 1471 3917 i
1484 3900 1509 3917 co
1526 3898 1539 3916 o
1559 3898 1568 3916 .·

1381 3888 1541 3959 Nogflsibsss
1553 3926 1587 3956 &
1602 3924 1723 3954 discretis
1735 3923 1825 3961 Viris,

1382 3964 1512 4003 Galfioedo
1529 3962 1554 3993 le
1577 3966 1653 4000 Scrop
1662 3987 1670 3999 ,
1690 3961 1809 4000 Capituli
1823 3960 1983 4001 Justiciario
1996 3963 2026 3990 in
2041 3962 2134 3990 Banco
2148 3960 2217 3990 dido
2232 3961 2344 3989 Domini
2357 3967 2404 3987 noe

1409 4005 1464 4043 stri
1477 4005 1554 4040 Regis
1563 4024 1572 4040 ,
1589 4000 1750 4032 Dunelmen.
2398 4034 2405 4039 ·

1383 4040 1531 4075 Willielmo
1550 4040 1582 4069 de
1602 4039 1750 4080 Bereford,
1768 4037 1887 4077 Capituli
1901 4037 2061 4078 Justiciario
2073 4036 2186 4078 ejush'em
2200 4039 2310 4068 Domini
2324 4031 2405 4073 nostre

1419 4083 1497 4118 Regir
1508 4081 1538 4112 in
1552 4080 1645 4111 Bamo
1658 4081 1811 4117 Communi,
1827 4079 1941 4115 sarum,

1865 4114 1900 4146 N
1922 4124 1938 4154 3
2266 4107 2389 4141 Walter·

2412 1950 2540 1979 *1v.62.
