2562 4279
732 214 841 255 ET
926 213 1191 255 ACTA
1277 209 1744 256 PUBLICA.

2276 227 2324 268 53

6 302 83 334 Am,
97 299 140 330 Γ).
1217 338 1221 339 ⁷
1264 294 1363 339 multis
1370 296 1426 327 aliis
1437 298 1564 335 reprobis
1573 299 1630 342 ejus
1644 298 1824 331 Processibus
1838 299 1872 331 &
1881 297 2048 331 detestandis
2058 297 2321 338 Exceffibus,prae-
2336 296 2413 327 Ann.
2430 295 2475 327 D.

10 348 120 414 3523?
556 340 570 342 “’
738 341 753 343 “·
775 342 780 343 ’
828 341 856 343 W
1010 340 1046 341 '7'
1080 339 1112 341 W
1263 333 1422 370 sumptione
1434 344 1593 374 perpetratis
1608 337 1769 375 Haeretica,
1784 347 1917 369 taceatur.
2363 344 2448 375 1339-

14 535 85 560 Rom.
99 538 142 566 ¹3·

13 590 101 644 Csatis.

26 1616 158 1647 ⁶V.128.

46 2936 115 2968 Ann
138 2933 179 2965 D.

48 2958 163 3050 aa:

189 389 238 421 De
255 384 412 419 excitdndo
431 386 551 419 Clerum
567 384 704 467 EbormZ
723 388 884 467 Pdr‘ovinciae
893 396 948 432 pro
966 381 1099 426 Subsidio
1119 385 1193 428 Regi

593 447 676 470 conce
699 448 732 467 en
756 448 782 468 0.

221 528 298 568 EX,
317 528 478 559 Venerabili
500 530 529 559 in
553 528 671 559 Christo
693 528 788 566 Patri,
805 526 857 556 W.
877 526 976 557 eadem
987 525 1088 566 gratia,
1106 525 1227 557 Archie-

240 568 359 606 piscopo
373 567 521 605 Eborum,
541 567 652 606 Angliae
667 565 798 604 Primati,
814 565 946 596 Salutem.

207 607 351 645 Qamvis
369 605 604 650 Arcbiepiscopiis
625 603 828 636 Cantuariensis
843 626 852 641 ,
878 614 910 634 ac
931 604 1025 634 caeteri
1043 602 1169 642 Praelati,
1193 604 1227 634 &

20 649 102 683 ¹3³3·
118 655 143 682 3.
167 643 268 680 Clerus
298 644 351 674 suae
378 643 562 682 Provniciae,
598 643 738 681 quandam
764 642 920 673 Decimam
935 667 945 679 ,
982 642 1050 672 ultra
1072 641 1228 672 Decimam

13 694 121 723 P'2'm‘

15 734 43 759 9.
67 724 94 751 d.

167 682 353 713 Triennalem
370 683 430 721 jam
453 690 630 719 currentem,
649 681 732 710 nobis
752 680 788 710 de
805 680 889 711 Bonis
904 681 955 711 suis
969 679 1183 718 Ecclesiasticis,
1199 682 1227 709 in

168 720 393 756 Convocatione
412 721 494 758 ipsius
516 719 730 756 Archiepiscopi
753 719 956 749 Cantuarieriiis
968 742 978 756 ,
1009 718 1045 749 de
1064 717 1154 749 Clero
1174 720 1228 749 suae

166 759 331 791 Provinciae
345 759 498 799 praediffiio,
517 757 590 796 apud
603 757 759 788 Ecclesiam
773 758 885 789 Sandiae
900 757 1022 798 Brigidae
1038 757 1166 788 London
1189 757 1229 787 fa-

167 798 215 829 ἃέι
249 798 456 835 concesserint,
1111 834 1116 839 .

207 821 245 868 ἐι
259 837 417 867 Terminos
428 835 582 866 Solutionis
597 834 710 864 secundi
727 834 803 864 Anni
815 834 901 865 dietae
915 833 1050 865 Decimae
1063 833 1231 864 Triennales

167 876 335 913 anticipare,
354 876 384 904 in
405 873 549 904 Auxilium
573 872 799 910 Supportationis
819 873 970 911 Onerum,
989 882 1053 910 quse
1067 883 1119 910 pro
1133 872 1231 902 defen-

169 914 249 945 sione
263 913 399 944 Ecclesiae
414 912 579 951 Anglicanae
596 913 628 942 &
643 911 738 951 Regni
753 911 857 949 nostri,
873 921 972 942 contra
986 910 1125 941 Hostium
1148 911 1232 942 inva-

168 953 275 991 siones,
294 961 346 981 nos
358 958 504 988 oporteret
515 950 711 981 inevitabiliter
725 950 871 988 sustinere,

213 990 291 1027 Vos,
310 999 342 1020 ac
363 988 489 1026 Praelati,
505 989 538 1019 &
561 987 680 1028 Clerus,
698 989 783 1019 dietae
803 989 902 1020 vestrae
915 987 1092 1026 Provinciae,
1111 987 1234 1018 nichilo-

173 1029 268 1060 minus
289 1027 389 1058 habitis
411 1027 487 1064 prius
500 1027 581 1066 super
595 1027 671 1065 hoc,
689 1027 725 1058 de
738 1027 871 1058 mandato
886 1026 998 1062 nostro,
1021 1026 1134 1057 diversis
1150 1025 1235 1056 Con-

172 1066 388 1103 vocationibus,
406 1066 440 1097 &
462 1064 601 1104 Expositis
621 1067 707 1096 vobis
728 1067 857 1104 periculis
877 1067 910 1097 &
927 1066 1021 1103 malis,
1039 1076 1104 1103 quae
1118 1065 1235 1095 manife-

173 1105 242 1174 stjfis'
252 1105 425 1143 iniinebant,
444 1104 558 1143 aliquod
575 1104 737 1135 Subsidium
750 1105 832 1135 nobis
845 1104 1005 1135 concedere
1018 1104 1129 1142 penitus
1148 1103 1236 1133 dene-

192 1155 206 1174 a
234 1153 274 1173 is·

171 1154 191 1184 g
210 1167 306 1213 Un⁵de
327 1182 466 1212 miramur
487 1181 728 1220 quamplurimum
749 1182 783 1212 &
803 1191 974 1219 movemur,
991 1180 1143 1221 praesertim
1165 1179 1235 1210 curn

173 1220 249 1251 dieta
264 1220 403 1250 Defensio
419 1220 450 1251 sit
467 1219 659 1259 Communis,
675 1222 708 1252 ὃς
720 1230 821 1250 omnes
837 1221 870 1251 ὃ(
883 1220 922 1250 sin
943 1221 982 1249 uli
995 1220 1031 1249 de
1045 1219 1150 1249 eodem
1160 1219 1237 1257 Reg-

170 1269 228 1297 no,
250 1259 308 1288 tam
333 1257 459 1296 Clerici,
486 1260 572 1297 quam
594 1258 689 1296 Laici,
713 1258 748 1289 ad
767 1259 909 1293 distorum
958 1257 1065 1288 cclesiae
1087 1259 1120 1288 δε
1142 1256 1237 1296 Regni

170 1297 364 1328 defensionem
380 1298 413 1328 &
426 1298 608 1328 salvationem
624 1297 769 1328 subvenire
782 1307 835 1335 pro
847 1297 953 1327 viribus
969 1296 1161 1335 astringantur.

211 1336 250 1366 Et
272 1337 337 1374 quia
359 1336 472 1366 ulteriiis
489 1336 607 1366 tolerare
620 1345 680 1366 non
694 1335 860 1374 poffumus,
880 1337 946 1374 quin
959 1344 1060 1365 contra
1076 1344 1142 1372 vos,
1162 1334 1238 1376 &ha-

172 1374 226 1405 lios
248 1375 284 1404 de
306 1372 396 1405 Clero
415 1374 495 1404 dieto
516 1374 695 1412 Provinciae,
714 1374 838 1404 Manum
860 1374 987 1404 nostram
1001 1374 1052 1404 viis
1072 1374 1105 1403 ὃς
1129 1371 1238 1410 modis,

172 1414 275 1452 quibus
297 1414 326 1443 in
346 1412 409 1444 casu
429 1412 589 1451 hujusmodi
608 1413 685 1443 licite
705 1413 874 1450 poterimus,
894 1411 1091 1449 extendamus,
1108 1411 1157 1440 nisi
1171 1421 1240 1448 VOS,

174 1454 209 1482 δε
224 1452 289 1492 ipsi,
308 1453 483 1489 competenti
499 1451 645 1489 Subsidio,
664 1461 716 1489 pro
728 1450 890 1481 defensione
905 1451 939 1482 &
951 1450 1100 1481 salvatione
1120 1449 1240 1487 supradi—

173 1491 227 1521 etis
242 1490 390 1528 faciendo,
409 1490 525 1521 celerius
536 1490 689 1528 inclinetis,

213 1528 306 1559 Vobis
320 1530 348 1558 in
362 1528 433 1559 Fide
446 1529 479 1559 &
494 1528 677 1567 Dilectione,
695 1528 797 1566 quibus
813 1527 896 1558 nobis
910 1527 1015 1558 astritsti
1027 1526 1108 1565 estis,
1126 1525 1241 1556 manda-

176 1577 259 1606 mus,
277 1576 405 1607 rogantes
420 1566 518 1605 quod,

216 1606 235 1626 *
255 1605 446 1636 Consideratis
467 1605 626 1642 diligentius
646 1604 789 1636 Gravibus
803 1605 983 1635 iminentibus
1002 1603 1130 1642 periculis
1144 1626 1153 1641 ,
1178 1612 1243 1646 quae

177 1645 238 1676 tarn
258 1653 292 1674 ex
312 1644 420 1675 Hostili
443 1644 606 1674 Alienaruni
628 1643 762 1682 Incursu,
781 1644 868 1682 quarn
884 1652 918 1673 ex
932 1643 1087 1674 Scotorum
1104 1640 1243 1671 Inimico-

177 1693 242 1715 rum
256 1682 422 1714 nostrorum
437 1682 648 1719 Invasionibus,

218 1722 282 1761 Qi
303 1721 331 1752 se
350 1723 409 1760 jam
431 1723 459 1751 in
481 1722 604 1759 partibus
626 1720 732 1751 Scotiae
749 1721 914 1758 congregari
934 1719 1056 1757 faciunt,
1073 1718 1108 1748 ad
1123 1717 1245 1748 Destru-

179 1759 291 1791 {tiones
303 1761 338 1791 ὃς
352 1760 402 1790 alia
418 1760 572 1798 Faciliora,
590 1769 656 1797 quae
671 1767 821 1796 poterunt,
839 1759 898 1788 tam
921 1757 1122 1788 Ecclesiasticis
1143 1756 1246 1786 Perso-

178 1801 222 1830 nis
234 1822 244 1838 ,
269 1799 356 1838 quam
374 1799 431 1835 aliis
451 1798 549 1838 Regni
571 1797 662 1828 nostri
682 1797 830 1827 inferendo
843 1820 853 1836 ,
885 1797 1039 1828 noscuntur
1058 1795 1246 1828 verisimiliter

180 1848 197 1868 e
218 1848 292 1868 enire

199 1849 267 1906 vAd
287 1860 398 1907 gertum
418 1875 495 1906 diem
530 1884 580 1914 per
602 1884 654 1904 vos
666 1873 700 1905 ad
713 1873 796 1905 citius
832 1884 870 1904 uo
886 1874 1012 1912 poteritis
1026 1871 1247 1912 praefigendum,

181 1915 257 1953 apud
278 1914 436 1945 Ecclefiam
455 1924 491 1945 ve
516 1924 576 1944 ram
600 1912 696 1944 Sanffi
715 1912 790 1943 Petri
840 1914 940 1942 borum
957 1937 966 1950 ,
1002 1912 1123 1943 Clerum
1146 1911 1248 1942 vestrae

183 1953 345 1991 Dioecesis,
362 1953 420 1982 timi
437 1952 568 1983 videlicet
584 1951 760 1991 Religiosos,
777 1950 935 1990 Exemptos
950 1952 983 1982 &
998 1961 1058 1981 non
1073 1950 1249 1988 Exemptos,

181 1992 271 2030 quam
292 1991 355 2022 alias
373 1990 581 2022 Ecclesiasticas
600 1990 752 2028 Personas,
780 2000 851 2028 quos
872 1991 1006 2022 noveritis
1028 1988 1249 2027 convocandOS,

183 2032 343 2062 convocari
356 2029 476 2068 faciatis,

223 2067 260 2099 Et
275 2078 343 2098 cum
358 2068 461 2098 eisdem
475 2067 626 2106 Religiosis
640 2068 673 2099 ὃ(
688 2066 776 2097 Clero
785 2091 794 2104 ,
807 2076 875 2097 cum
888 2066 1032 2107 diligentia
1046 2066 1103 2105 quii
1116 2066 1251 2104 poterim,

185 2106 341 2137 Traetetis·
363 2106 477 2136 eosdem
499 2106 702 2137 nichilominus
723 2106 815 2136 modis
837 2107 951 2144 &viis,
969 2106 1070 2144 quibus
1085 2106 1184 2135 melius
1204 2113 1253 2134 ex-

186 2145 285 2184 pedire
298 2131 438 2184 videritis,
457 2145 635 2182 Excitantes,
654 2145 688 2176 &
703 2146 787 2175 etiam
803 2143 989 2182 Inducentes,
1008 2144 1088 2182 quod
1101 2144 1186 2174 nobis
1204 2143 1254 2173 ali-

185 2183 267 2222 quod
280 2193 448 2221 competens
460 2183 639 2221 Subsidium,
658 2185 686 2213 in
702 2192 760 2213 tam
775 2185 882 2222 urgenti
897 2183 1113 2221 neceffizate‚&
1130 2183 1253 2212 maxime

190 2230 223 2252 ut
246 2221 333 2253 dieiae
356 2221 521 2262 Anglicanae
541 2231 641 2253 contra
654 2221 842 2252 inimicorum
851 2220 949 2261 Jacula
963 2222 1138 2253 succurratur
1149 2220 1253 2252 Eccle-

190 2260 255 2298 siae,
273 2260 307 2291 &
321 2260 376 2290 aliis
389 2261 474 2291 causis
489 2262 615 2300 praeviis,
633 2260 816 2291 concedatur.

227 2298 348 2337 Aliquos
368 2309 479 2337 autem,
499 2299 545 2329 vel
570 2300 710 2338 aliquem,
729 2298 837 2329 Fideles
851 2297 979 2337 nostros,
997 2307 1043 2329 aut
1058 2298 1203 2336 Fidelem,
1219 2297 1254 2328 ad

188 2336 267 2368 diem
287 2337 458 2376 praedi-stum
478 2339 591 2369 mittere
613 2338 814 2376 disposuimus,
832 2337 867 2368 ad
886 2338 1088 2378 exponendum
1112 2337 1195 2368 vobis
1206 2337 1255 2366 ali-

188 2386 260 2414 qua,
279 2386 343 2414 quae
377 2377 495 2406 raeinissa
510 2378 699 2415 contingunt,
718 2376 752 2407 &
765 2375 799 2407 ad
815 2377 1018 2414 reportandum
1033 2376 1115 2406 nobis
1131 2374 1210 2418 quod
1226 2377 1256 2404 in

188 2415 243 2445 hac
256 2424 335 2452 parte
370 2416 481 2445 uxeritis
496 2415 677 2453 faciendum,
694 2424 808 2459 propter
823 2425 948 2453 quorum
962 2415 1111 2445 absentiam
1136 2416 1168 2451 (si
1187 2422 1256 2444 tunc

186 2463 253 2523 ἕπου.
266 2455 407 2492 venerint)
421 2453 530 2484 dietum
546 2455 696 2493 negocium
709 2453 822 2484 ulterius
838 2454 967 2484 retardari
983 2454 1116 2484 nolumus
1139 2453 1185 2483 seu
1208 2451 1259 2482 de-

200 2501 263 2523 erri.

192 2606 213 2637 b
229 2567 322 2612 Teste
342 2566 475 2599 Custode
495 2568 637 2608 prasidio
653 2567 727 2606 apud
746 2567 946 2608 Wyndesore,
961 2567 1079 2599 decimo
1102 2567 1148 2598 die
1163 2567 1260 2598 Octo-

214 2616 259 2637 ris.

640 2647 693 2675 Per
706 2644 789 2685 ipfitm
801 2645 938 2685 Custodem
953 2644 990 2680 (ἂν
1005 2645 1155 2675 Concilium.

219 2780 321 2823 Papa,
347 2777 383 2810 de
403 2775 575 2820 Proceffibus
593 2789 695 2811 contra
716 2782 931 2826 Imperatorem
947 2792 985 2812 ac
1005 2780 1240 2825 Confoederantes

243 2837 315 2861 cnm
333 2826 390 2871 ipsb
401 2852 410 2868 ,
435 2829 471 2863 ξφ
489 2836 593 2859 contra
605 2827 745 2860 Titulum
764 2832 800 2861 V
797 2832 887 2860 icaria*
898 2840 918 2861 a
934 2831 1012 2876 Rege
1028 2830 1217 2876 assumptum.

251 2909 408 2941 EnediC'ms
428 2909 603 2948 Episcopus,
621 2910 724 2942 Servus
746 2911 901 2943 Servorum
915 2912 989 2950 Dei,
1009 2912 1172 2952 Magnisico
1183 2913 1267 2943 Prin-

224 2989 229 2994 .
268 2950 326 2994 cipi
346 2948 509 2988 Edwardo,
534 2948 611 2988 Regi
632 2949 744 2988 Angliae
766 2950 868 2981 Illustri
882 2974 891 2989 ,
916 2951 1055 2989 Spiritum
1076 2951 1196 2983 Consilii
1217 2952 1266 2982 Sa-

200 2998 296 3018 nioris.

238 3026 401 3056 Recentem
415 3026 552 3056 habemus
566 3027 754 3064 memoriam,
773 3027 805 3057 &
818 3028 903 3057 etiam
915 3036 972 3058 tuae
989 3028 1130 3058 credimus
1152 3037 1267 3058 memo-

201 3066 250 3096 riae
273 3065 427 3102 inhaerere,
447 3063 560 3102 qualiter
580 3064 704 3102 dudum,
723 3075 783 3095 non
805 3065 895 3103 longe
915 3065 1014 3097 diebus
1028 3068 1188 3106 praeteritis,
1208 3067 1265 3097 Ex-

201 3103 363 3135 cellentiam
387 3112 463 3133 tuam
486 3113 583 3140 puram
603 3104 636 3134 ὃς
657 3104 792 3134 sinceram
815 3114 830 3133 a
852 3105 948 3142 quavis
970 3105 1165 3136 obfuscatione
1186 3114 1266 3134 tene-

202 3142 278 3172 brosi
292 3141 428 3180 Contagii
441 3142 617 3180 praeservari,
635 3150 748 3180 tuaeque
759 3142 947 3179 splendorem
970 3142 1108 3181 Prosapiae
1127 3145 1157 3173 in
1178 3152 1206 3173 te
1224 3143 1266 3173 lu-

203 3190 272 3211 cete
284 3180 385 3211 clarius
396 3182 557 3219 cupientes,
577 3190 612 3210 ex
624 3181 732 3212 intimae
747 3180 917 3211 Dilestionis
930 3180 1053 3220 affeetu,
1073 3192 1132 3219 quo
1145 3182 1192 3212 Te
1206 3181 1267 3212 Sta-

205 3227 327 3256 tumque
339 3227 422 3249 tuum
435 3219 544 3257 semper
557 3219 661 3250 fuimus
676 3220 833 3260 prosecuti,
852 3219 959 3250 nostras
972 3220 1022 3251 tibi
1037 3220 1189 3251 direximus
1204 3220 1266 3251 Lit-

205 3265 278 3288 teras

242 3279 319 3325 Int³er
337 3304 438 3326 caetera
458 3296 631 3326 recensentes
656 3296 735 3334 quod
758 3295 924 3328 Ludovicus
940 3296 975 3327 de
995 3295 1108 3327 Bavaria
1122 3320 1131 3334 ,
1168 3305 1268 3327 contra

205 3332 372 3371 processus,
390 3334 494 3364 foelicis
512 3334 748 3373 Recordationis,
763 3335 901 3373 Johantiis
920 3335 1005 3373 Papie
1031 3336 1135 3366 XXII.
1154 3336 1268 3366 Praede-

206 3371 322 3403 cessoris
338 3371 443 3409 nostri,
461 3373 495 3402 &
518 3372 704 3402 Inhibitiones
725 3375 824 3412 ipsius,
842 3374 879 3404 de
900 3373 1031 3405 Consilio
1054 3374 1184 3405 Fratrum
1205 3375 1269 3404 suo-

205 3420 289 3448 rum,
308 3409 420 3441 San&ae
436 3406 582 3441 Romanae
596 3410 729 3441 Ecclesiae
751 3412 963 3450 Cardinalium,
981 3413 1070 3442 factos
1091 3414 1123 3443 ὃς
1145 3414 1270 3450 habitos,

205 3448 341 3488 diversas,
360 3448 519 3486 Spirituales
538 3449 572 3480 &
590 3449 797 3489 Temporales,
819 3450 923 3482 Poenas
943 3452 976 3481 &
1001 3452 1155 3482 Sententia÷
1174 3452 1270 3482 conti-

207 3495 322 3524 nentes,
340 3488 367 3516 iti
390 3486 473 3518 tessus
488 3486 610 3525 Italiam,
628 3488 781 3518 nonnullos
796 3488 973 3526 Haereticos,
991 3490 1024 3520 ὃς
1037 3490 1073 3519 de
1090 3490 1197 3520 Haeresi
1219 3501 1270 3527 pu-

209 3526 286 3556 blice
307 3535 364 3555 con
386 3532 550 3562 empnam,
568 3526 596 3554 in
618 3526 795 3557 consortium
809 3526 932 3564 publicae
944 3527 1141 3558 Familiaritatis
1155 3530 1187 3559 ὃς
1203 3528 1271 3558 Par-

207 3565 380 3602 ticipationis
397 3563 523 3601 admisit,
541 3562 684 3594 Haeretica
705 3574 821 3603 quoque
841 3564 1005 3603 Dogmata,
1023 3566 1158 3604 scienter,
1176 3567 1271 3597 immo

208 3604 304 3644 potitis
324 3602 490 3639 dementer,
515 3602 692 3640 approbans,
718 3613 749 3633 ea
770 3613 819 3640 per
838 3603 955 3633 diversas
973 3604 1031 3634 suas
1053 3603 1187 3642 Litteras,
1214 3606 1272 3644 ejus

207 3650 279 3673 noto
295 3640 396 3679 Sigillo
409 3641 545 3677 munitas,
561 3639 674 3671 deduxit
688 3642 716 3670 in
728 3641 850 3671 aliorum
866 3641 1009 3679 publicam
1024 3641 1207 3673 Notionem:

247 3680 291 3710 Ex
306 3680 358 3710 hiis
371 3680 404 3710 &
418 3679 543 3717 pluribus
554 3679 609 3708 aliis
621 3678 783 3709 Horrendis
798 3679 961 3711 Exceffibus
995 3690 1084 3719 quOS,
1101 3690 1200 3717 utpote
1219 3683 1273 3713 toti

209 3718 329 3749 Mundo
349 3717 496 3756 notorios,
513 3716 700 3755 subticemus,
715 3717 742 3747 se
760 3718 940 3749 ostendendo
961 3705 1114 3749 Haereticae
1131 3719 1273 3750 Pravitatis

207 3756 272 3788 labe
283 3756 452 3825 respgrsutn,
469 3765 502 3786 ac
516 3754 831 3786 Excommunicationis
852 3757 886 3788 &
906 3757 1099 3788 Anathematis
1120 3757 1274 3788 Sententias

208 3803 342 3826 incurren
362 3805 391 3825 o.

250 3830 431 3871 Ettandem,
452 3832 542 3863 Ausus
556 3831 674 3862 Aufibus
687 3832 719 3862 &
736 3831 871 3862 Excessus
889 3832 1072 3870 superaddens
1091 3833 1274 3874 Exceffibus,

211 3869 379 3908 adUi-bem
395 3870 525 3908 accessit,
543 3871 593 3900 ubi
608 3871 637 3900 in
654 3879 760 3900 tantam
784 3872 912 3908 prorupit
931 3870 1086 3910 Insaniam,
1105 3881 1135 3902 ut
1157 3873 1276 3904 medita-

215 3916 258 3938 tus
271 3908 352 3940 Urbi
358 3912 398 3942 A&
417 3910 491 3940 Orbi
504 3908 676 3940 Universalis
690 3908 828 3939 Scismatis
842 3909 967 3940 suscitare
981 3909 1158 3950 dispendium
1167 3934 1177 3950 ,
1186 3922 1276 3950 quen-

214 3945 282 3976 dam
294 3947 482 3986 Ypocritam,
500 3948 622 3978 nomine
638 3946 757 3977 Petrum
771 3946 807 3976 de
825 3945 982 3986 Corbaria,
999 3948 1078 3978 velut
1097 3949 1277 3980 Abhomina-

215 3985 300 4014 tionis
320 3986 490 4017 detestandae
507 3986 712 4024 Simulacrum,
731 3994 868 4023 quantum
888 3986 917 4015 in
935 3995 971 4016 eo
986 3985 1053 4025 fuit,
1073 3997 1125 4027 pro
1139 3987 1278 4018 Romano

215 4021 364 4053 Pontifice
381 4024 498 4055 statuere
519 4027 553 4056 ὃς
575 4024 677 4054 habere
697 4034 755 4061 per
769 4024 806 4054 Se
819 4024 851 4054 &
865 4023 932 4054 alios
948 4024 1110 4063 moliretur,
1128 4025 1279 4065 Ipsumque

214 4060 274 4104 fuit·
290 4070 434 4097 veneratus
453 4072 485 4093 ur
507 4063 629 4102 Papam,
647 4062 916 4101 Consecrationem,
934 4063 1028 4093 immo
1051 4065 1143 4094 verius
1158 4065 1281 4097 Execra-

214 4107 346 4138 noneim,
362 4109 405 4135 ac>
418 4099 560 4138 Diadema
575 4101 741 4142 huperiale,
758 4101 794 4134 de
812 4100 891 4137 faiho
910 4102 1020 4141 recepit
1040 4101 1149 4135 ibidem
1179 4111 1212 4136 ut
1243 4103 1280 4136 de

278 4152 285 4163 Ι

1303 370 1424 416 Propter
1437 384 1501 411 quae
1516 374 1591 404 idern
1609 375 1802 406 Praedeceffor
1816 376 1925 407 didium
1942 376 2128 408 Ludovicum
2142 376 2324 408 denunciavit
2342 374 2407 404 Edu.
2426 384 2456 411 3-

1266 418 1281 438 a
1297 408 1430 441 Domino
1442 413 1525 442 omni
1538 412 1683 452 Dignitate
1702 415 1735 445 &
1756 414 1882 445 Honore
1900 415 1962 446 fore
1983 416 2144 454 privatum,
2161 417 2195 448 ὅ(
2219 415 2275 454 ipse
2296 416 2326 445 in

1266 457 1349 485 eum,
1364 457 1503 480 tantarum
1523 450 1674 481 Haeresum
1696 454 1730 483 ὃς
1750 452 1918 484 Scismatum
1940 454 2055 484 maculis
2075 455 2231 493 irretitum,
2249 463 2328 485 exer-

1266 496 1333 516 cens
1347 486 1484 518 Gladium
1498 488 1675 527 Apostolicae
1688 489 1850 530 Potestatis,
1869 492 1964 530 Eum,
1982 502 2050 523 cum
2065 494 2199 524 omnibus
2214 493 2264 531 qui
2278 493 2329 522 ad·-

1266 525 1406 556 haererent
1419 526 1530 565 eidem,
1545 527 1589 558 vel
1604 528 1653 558 sibi
1670 528 1830 566 praestarent
1846 530 2009 569 Auxilium,
2021 530 2197 570 Consilium,
2215 531 2262 562 vel
2275 531 2329 562 Fa-

1267 572 1385 601 vorem,
1403 564 1448 595 seu
1463 575 1516 603 pro
1531 566 1734 597 Romanorum
1748 568 1829 607 Rege
1843 569 1888 598 vel
1909 568 2084 607 Imperatore
2103 570 2221 601 scienter
2242 569 2328 600 habe-

1268 610 1350 645 rent,
1365 610 1508 646 tenerent,
1526 605 1570 634 vel
1585 606 1780 644 nominarent,
1799 606 1940 644 eundem,
1958 617 2019 638 non
2033 608 2124 638 solum
2148 608 2328 639 Excommu-

1270 648 1415 671 nicationis
1436 642 1469 672 &
1492 642 1685 673 Anathematis
1698 668 1707 681 ,
1730 644 1769 674 set
1789 646 1871 674 etiam
1893 645 1955 675 alias
1976 645 2080 676 Poenas
2101 647 2135 677 &
2157 647 2329 685 Sententias,

1269 686 1404 722 tanquam
1419 681 1447 709 in
1463 680 1611 718 Fautores,
1630 681 1833 722 AuxiliatoreS,
1852 683 1884 713 &
1899 683 2037 714 Valitores
2052 684 2192 715 Haeretici
2206 686 2240 716 &
2253 684 2330 716 Scis·

1271 726 1366 747 marici
1403 719 1611 757 promulgavit,
1629 720 1662 750 &
1677 720 1851 752 declaravita
1868 722 1932 759 jure
1952 723 2084 761 prolatas,
2103 724 2123 742 ²¹*
2147 723 2220 754 sicut
2238 724 2267 754 in
2287 723 2331 754 di-

1270 754 1352 798 versis
1371 742 1567 800 Procesiibus,
1585 767 1634 795 per
1655 757 1765 789 dietum
1785 758 2025 791 Praedecessorem
2044 761 2125 800 super
2138 761 2197 793 hoc
2212 762 2330 801 habitis,

1270 793 1394 823 seriosius
1408 803 1587 833 continetur,

1310 832 1441 877 Quibus,
1457 844 1506 871 per
1520 833 1607 864 dietas
1623 834 1741 865 Litteras
1753 835 1876 874 nostras,
1888 836 2047 877 prolixiore
2061 838 2241 870 Narrationis
2252 839 2330 879 serie,

1270 869 1305 900 ad
1328 870 1471 902 Notitiam
1495 880 1572 902 tuam
1593 872 1721 903 deductis
1736 896 1747 911 ,
1776 873 2024 911 Magnificentiam
2043 884 2120 906 tuam
2142 888 2192 916 per
2220 878 2331 909 easdem

1274 908 1392 939 Litteras
1414 910 1611 949 requirendam
1631 911 1762 942 duximus
1785 913 1818 943 &
1840 913 2015 950 rogandam,
2038 923 2069 944 ut
2090 915 2156 953 Tu,
2181 917 2334 954 prudenter

1273 947 1421 993 advertens
1434 971 1444 987 ,
1477 950 1511 980 δε
1534 950 1563 978 in
1585 949 1750 980 scrutinium
1771 951 1889 981 internae
1909 950 2148 983 Considerationis
2168 954 2308 985 adducens
2323 977 2334 994 ‚

1274 986 1454 1017 (iraVitatem
1477 987 1631 1017 Poenarum
1651 988 1684 1019 &
1706 988 1934 1028 Sententiarum,
1953 1000 2019 1027 quas
2034 992 2224 1030 incurrerent,
2243 1002 2332 1031 quan⁴

1274 1024 1362 1067 risque
1385 1025 1412 1055 se
1431 1025 1565 1055 Periculis
1584 1027 1618 1056 ὅ(
1633 1026 1853 1057 Discriminibus
1865 1028 2058 1066 implicarent,
2078 1030 2127 1067 qui
2141 1031 2256 1067 praefato
2272 1031 2333 1062 Lu-

1275 1062 1382 1106 dovico
1402 1064 1440 1093 sic
1462 1064 1577 1101 publice
1595 1065 1629 1095 ὃ(
1649 1066 1763 1095 notorie
1784 1065 1820 1095 de
1841 1065 2028 1098 Pravitatibus
2046 1067 2168 1098 Haeresis
2191 1069 2228 1099 sic
2240 1069 2331 1100 odiosi

1276 1100 1415 1132 Seismatis
1435 1102 1667 1141 condempnato,
1692 1103 1848 1141 priusquam
1869 1105 2105 1136 reconciliationis
2148 1108 2243 1138 ratiam
2264 1109 2337 1146 ejus-

1275 1138 1344 1169 dem
1358 1139 1493 1170 Ecclesiae
1505 1140 1664 1179 meruisset,
1685 1143 1848 1179 participare
1863 1143 2077 1182 praesumerent,
2095 1156 2131 1176 ve
2155 1145 2205 1176 sibi
2227 1147 2339 1184 impen-

1275 1177 1375 1208 derent
1390 1178 1553 1216 Auxilium,
1572 1178 1749 1217 Consilium,
1768 1181 1813 1210 vel
1834 1181 1990 1220 Favorem,
2007 1183 2070 1221 vel,
2088 1191 2221 1222 tanquam
2241 1183 2340 1222 Impe-

1278 1217 1362 1246 ratori
1383 1217 1428 1248 vel
1452 1217 1528 1256 Regi
1543 1217 1765 1256 Romanorum,
1781 1218 1961 1250 Reverentiae
1980 1220 2118 1261 Cultum,
2137 1223 2182 1254 seu
2203 1221 2338 1254 Titulum

1278 1254 1395 1292 Regalis
1416 1255 1462 1285 vel
1485 1255 1640 1324 quperialis
1658 1258 1799 1295 nominis,
1815 1256 1979 1296 assignarent
1999 1259 2131 1299 scienter,
2151 1273 2166 1292 a
2189 1261 2337 1299 cujussibet

1278 1295 1374 1330 partici
1396 1295 1495 1324 ationis
1541 1294 1641 1325 oedere
1660 1294 1857 1326 contrahendo
1876 1305 1946 1326 cum
1969 1295 2032 1335 Eo,
2051 1299 2085 1329 δε
2097 1299 2218 1337 qualibet
2231 1300 2340 1330 exhibi-

1278 1333 1358 1362 tione
1405 1334 1553 1363 everentiae
1565 1333 1599 1364 &
1611 1332 1742 1363 Honoris
1756 1333 1833 1373 Sibi,
1850 1342 1987 1373 tanquam
2001 1335 2075 1375 Regi
2087 1338 2132 1367 vel
2153 1337 2341 1376 Imperatori,

1279 1370 1373 1400 donec
1386 1371 1442 1409 ipse
1463 1370 1716 1403 Reconciliationis
1730 1373 1848 1409 gratiam
1863 1372 1950 1404 diist-a:
1964 1373 2098 1404 Ecclesiae
2114 1376 2275 1414 meruisset,
2294 1386 2344 1414 pe·

1280 1409 1356 1439 nitus
1368 1409 1417 1439 Te
1431 1409 1569 1440 retrahere
1580 1411 1614 1441 ὅτ.
1630 1409 1753 1441 totaliter
1766 1411 1904 1441 abstinere
1918 1412 2055 1451 artures,
2073 1421 2104 1444 ut
2116 1414 2167 1444 tibi
2185 1414 2281 1445 Famae
2295 1415 2345 1445 In-

1280 1448 1390 1515 tquitas
1401 1448 1434 1478 &
1449 1448 1550 1479 illibata
1561 1450 1602 1479 tui
1617 1448 1740 1479 Generis
1755 1448 1870 1481 Claritas
1883 1450 2062 1482 servarentur.

1343 1486 1446 1524 ostque
1464 1496 1580 1517 rumore
1599 1487 1734 1525 imposito
1753 1488 1786 1518 &
1806 1487 1909 1519 infesto
1928 1489 1963 1519 ad
1983 1499 2062 1520 aures
2082 1489 2191 1521 nostras
2201 1490 2347 1530 detineto,

1282 1524 1364 1561 quod
1378 1525 1429 1555 Tu
1444 1525 1684 1563 Requisitionibus
1695 1526 1730 1556 &
1745 1525 1881 1558 Precibus
1896 1528 1995 1558 nostris
2011 1528 2188 1567 hujusmodi,
2207 1529 2243 1560 de
2264 1529 2347 1561 fonte

1283 1563 1486 1600 prodeuntibus
1501 1563 1646 1602 Caritatis,
1664 1574 1724 1594 non
1739 1564 1797 1595 sine
1810 1566 1984 1597 detrimento
1997 1575 2054 1598 tuae
2073 1567 2171 1598 Salutis
2191 1568 2224 1598 &
2242 1567 2349 1606 Famae,

1284 1601 1362 1645 quod
1374 1601 1500 1632 dolentes
1515 1602 1675 1640 referimus,
1693 1603 1851 1641 obauditis,
1868 1604 1972 1634 eisdem
1987 1605 2166 1636 Proceffibus
2188 1605 2350 1637 Praedeces-

1284 1639 1350 1669 soris
1369 1639 1508 1678 ejusdem,
1526 1650 1575 1681 per
1595 1650 1667 1678 quos
1685 1640 1812 1672 adversus
1825 1652 1925 1672 omnes
1938 1644 1972 1674 &
1987 1643 2125 1683 singulos,
2144 1645 2352 1683 cujuscumque

1285 1679 1506 1716 praeminentiae,
1531 1679 1721 1716 conditionis,
1746 1680 1792 1710 vel
1812 1679 1899 1711 status
1913 1705 1922 1718 ,
1947 1682 2032 1712 etiam
2053 1682 2073 1712 si
2094 1682 2276 1722 Pontificali,
2302 1683 2350 1714 vel

1285 1715 1405 1755 Regali,
1425 1717 1469 1748 vel
1489 1717 1672 1756 quicumque
1690 1717 1759 1756 alia,
1777 1717 1974 1750 Ecclefiastica
1994 1720 2040 1751 seu
2055 1720 2221 1760 Mundana,
2240 1721 2350 1760 Digni-

1287 1763 1343 1785 tate
1356 1755 1516 1794 fulgerent,
1535 1755 1653 1794 praefato
1675 1755 1829 1787 Ludovico
1851 1757 2039 1796 adhaerentes,
2058 1758 2104 1789 seu
2126 1759 2288 1797 praestantes
2309 1760 2354 1791 di-

1287 1794 1366 1824 reffe
1379 1794 1424 1824 vel
1437 1793 1589 1863 indiretftles,
1606 1794 1721 1832 publice
1735 1795 1780 1826 vel
1794 1796 1927 1835 occulte,
1940 1795 2118 1836 Consilium,
2134 1798 2181 1828 vel
2195 1799 2354 1838 Auxilium,

1582 1846 1590 1863 i

1289 1832 1333 1862 vel
1348 1832 1548 1871 Favorem,ve
1592 1833 1637 1871 bi,
1655 1841 1789 1871 tanquam
1803 1833 1972 1872 Imperatori
1985 1835 2031 1866 vel
2046 1835 2076 1866 R
2115 1838 2123 1866 i
2137 1834 2354 1877 Romanorum,

1289 1870 1491 1901 Reverentiam
1505 1873 1686 1910 exhibentes,
1704 1872 1749 1902 seu
1763 1872 1897 1902 Titulum
1920 1872 2036 1912 Regalis
2058 1846 2113 1905 vglg
2124 1873 2279 1913 Imperialis
2300 1885 2355 1906 no-

1290 1911 1373 1939 minis
1385 1909 1569 1948 affignantes,
1586 1910 1632 1940 seu
1646 1910 1828 1949 ascribentes,
1846 1921 1943 1950 graves
1957 1912 2117 1950 Spirituales
2137 1913 2171 1944 &
2191 1913 2357 1952 Tempora-

1290 1948 1329 1978 les
1341 1947 1442 1979 Poenae
1454 1949 1487 1979 &
1504 1948 1656 1979 Sententiae
1669 1949 1837 1986 infliguntur
1855 1951 1884 1979 in
1904 1951 1950 1981 sua
1992 1950 2185 1982 erdurantibus
2205 1952 2356 1990 firmitate,

1292 1987 1500 2025 praesumpseras
1514 1986 1784 2028 Confoederationes
1797 1988 1867 2018 inire
1878 1998 1947 2019 cum
1989 2000 2025 2029 o,
2044 1990 2151 2028 sibique
2164 1990 2306 2021 adhaerere
2319 2001 2354 2022 ac

1293 2025 1424 2063 praestare
1436 2024 1595 2056 Consilium
1605 2049 1615 2064 ,
1634 2026 1795 2064 Auxilium,
1814 2028 1848 2058 &
1863 2027 2020 2066 Favorem,

1330 2064 1384 2101 Et,
1401 2063 1480 2102 quod
1494 2064 1534 2095 est
1544 2066 1671 2104 gravius,
1691 2066 1719 2094 in
1733 2064 1891 2096 Serenitatis
1903 2075 1961 2097 tuae
1976 2066 2080 2097 Gloria
2094 2067 2249 2098 notabilem
2265 2076 2357 2106 pone-

1293 2113 1324 2133 re
1345 2103 1493 2133 Maculam
1512 2113 1572 2133 non
1591 2103 1760 2142 formidans,
1779 2113 1829 2141 per
1849 2113 1941 2136 totam
1965 2104 2163 2136 Alemanniam
2182 2107 2216 2137 &
2231 2105 2357 2137 Germa-

1294 2143 1370 2172 niam
1378 2165 1388 2180 ,
1405 2152 1438 2173 ac
1454 2142 1592 2173 universas
1604 2143 1638 2173 &
1651 2142 1689 2172 sin
1712 2143 1767 2173 uias
1782 2153 1878 2173 earum
1888 2142 2068 2182 Provincias,
2088 2144 2115 2175 V
2125 2154 2136 2174 1
2145 2154 2161 2173 c
2169 2154 2188 2175 A
2199 2154 2222 2176 R
2231 2154 2243 2175 1
2254 2155 2273 2175 A
2281 2153 2303 2175 Τ
2312 2153 2336 2175 υ
2345 2153 2358 2175 s

1295 2181 1420 2211 nominis
1440 2180 1600 2218 Officium,
1619 2181 1669 2211 sub
1699 2182 1836 2219 mperialis
1850 2184 1975 2213 nominis
1992 2183 2115 2223 Titulo,
2134 2184 2170 2213 ab
2185 2183 2290 2214 eodem
2303 2183 2361 2214 sus-

1294 2229 1406 2257 ceperas
1425 2218 1461 2249 de
1472 2219 1550 2250 fadio
1566 2220 1648 2258 (curn
1662 2219 1737 2250 idem
1752 2220 1916 2253 Ludovicus
1936 2231 1990 2252 nec
2006 2220 2089 2260 Rex,
2105 2232 2160 2253 nec
2182 2221 2358 2260 Imperator,

1296 2258 1400 2296 existit)
1423 2258 1469 2289 tali
1489 2267 1624 2296 praetextu
1644 2257 1831 2289 Ecclesiarum
1851 2258 1975 2290 Praelatis
1998 2261 2031 2290 ὅ(
2046 2260 2172 2291 Personis
2186 2260 2361 2292 Ecclesiasti-

1297 2297 1351 2335 cis,
1370 2298 1401 2327 in
1415 2297 1493 2327 terris
1508 2296 1623 2334 imperii
1637 2296 1810 2335 constitutis,
1828 2308 1860 2328 ac
1873 2299 1903 2328 in
1916 2298 2011 2329 nostr&
2026 2299 2059 2329 &
2079 2299 2203 2337 ejusdem
2226 2298 2364 2329 Ecclesiae

1298 2335 1469 2366 Devotione
1488 2337 1521 2366 δε
1546 2335 1690 2366 Fidelitate
1705 2336 1934 2376 consistentibus,
1952 2337 2002 2368 sub
2018 2336 2117 2368 Poenis
2133 2337 2295 2376 Gravibus,
2313 2347 2364 2376 per

1297 2382 1356 2404 tuas
1378 2373 1496 2404 Litteras
1513 2373 1703 2413 injungendo,
1723 2384 1752 2405 ur
1776 2375 1810 2404 ad
1831 2375 1896 2414 Te,
1912 2384 2045 2414 tanquam
2067 2376 2188 2415 ejusdem
2204 2377 2362 2409 Ludowici

1299 2413 1329 2442 in
1347 2414 1468 2450 partibus
1482 2412 1533 2442 illis
1549 2413 1724 2443 VICAiuUixi
1733 2436 1743 2452 ,
1755 2413 1835 2451 super
1845 2413 1976 2453 diversis,
1995 2416 2137 2446 contentis
2149 2416 2179 2446 in
2190 2415 2295 2445 eisdem
2309 2415 2364 2446 tuis

1301 2451 1431 2489 Litteris,
1448 2452 1652 2488 convenirent,
1662 2460 1747 2489 prout
1755 2453 1785 2481 in
1799 2452 1878 2482 dicitis
1894 2452 2025 2491 Litteris,
2043 2463 2110 2492 quas
2118 2453 2214 2493 Sigillo
2229 2462 2281 2485 ruo
2302 2464 2368 2485 rnu-

1301 2491 1386 2529 nitas,
1405 2490 1576 2528 praesentatas
1591 2491 1689 2527 nobis,
1707 2490 1821 2521 oculata
1835 2490 1904 2521 Fide
1920 2491 2128 2530 perspeximus,
2147 2493 2257 2530 plenius
2271 2493 2367 2523 conti-

1300 2538 1399 2566 netur,
1423 2538 1632 2566 contempnens
1655 2529 1867 2566 dampnabiliter
1886 2528 1990 2560 Poenas
2013 2531 2047 2561 &
2069 2530 2224 2561 Sententias
2241 2530 2368 2569 supradi-

1302 2568 1377 2605 &as,
1396 2567 1448 2597 illis
1469 2575 1497 2597 te
1517 2566 1682 2605 manifeste,
1702 2577 1761 2597 non
1780 2567 1882 2605 absque
1894 2567 2037 2599 horrenda
2050 2570 2090 2599 tui
2105 2568 2191 2600 statiis
2203 2569 2313 2601 maculai
2325 2579 2368 2602 at-

1302 2616 1358 2645 que
1372 2605 1455 2636 Nora}
1469 2606 1677 2644 proculdubio,
1694 2605 1878 2642 implicando.

1342 2644 1412 2675 Nos
1425 2669 1433 2681 ,
1466 2643 1670 2674 considerantes
1694 2644 1774 2682 quod
1799 2643 1960 2682 hujusmodi
1988 2644 2036 2675 V1
2046 2654 2063 2676 c
2072 2656 2091 2676 A
2100 2654 2123 2676 R
2135 2656 2147 2676 1
2156 2655 2175 2676 A
2185 2654 2237 2676 τυ
2246 2655 2259 2676 s
2287 2645 2370 2676 Offi-

1303 2684 1397 2722 cium,
1414 2685 1447 2714 &
1461 2682 1511 2713 alia
1527 2682 1665 2720 praemissa
1679 2693 1729 2720 per
1743 2692 1772 2713 te
1785 2683 1969 2721 praesumpta,
1984 2683 2018 2714 ad
2032 2685 2072 2714 tui
2086 2683 2233 2723 Honoris,
2251 2685 2284 2715 &
2306 2684 2369 2715 Sta-

1303 2721 1365 2761 tsis,
1382 2731 1415 2752 ac
1429 2721 1541 2758 Salutis,
1559 2720 1593 2751 &
1608 2720 1722 2760 Famae,
1739 2720 1914 2759 dispendium
1927 2721 2138 2760 redundabant,
2156 2722 2204 2752 Te
2217 2732 2267 2761 per
2281 2722 2370 2753 dietas

1307 2760 1427 2791 Litteras
1449 2759 1556 2790 nostras
1578 2760 1794 2798 requisivimus,
1825 2761 1859 2791 &
1879 2760 1983 2791 hortati
2006 2761 2111 2791 fuimus
2126 2784 2135 2799 ,
2167 2760 2292 2792 Paterno
2319 2761 2371 2792 tibi

1307 2798 1437 2830 Consilio
1453 2798 1609 2836 suadentes,
1629 2807 1660 2828 ut
1675 2798 1813 2835 praemiffa
1825 2798 1858 2829 &
1872 2798 1938 2836 alia,
1959 2808 2023 2836 quae
2039 2800 2114 2829 circa
2128 2798 2171 2829 illa
2185 2800 2236 2830 tibi
2257 2799 2370 2837 possent

1308 2847 1478 2876 occurrere,
1503 2837 1645 2867 deducens
1667 2838 1696 2866 in
1718 2837 1803 2867 rectae
1822 2836 1994 2867 discussionis
2015 2838 2049 2869 &
2069 2836 2277 2869 deliberationis
2298 2838 2372 2869 Exa-

1308 2887 1375 2907 meti

1344 2900 1393 2944 Ac’
1411 2913 1521 2951 insuper
1540 2921 1637 2943 tenens
1657 2913 1760 2944 certius
1782 2914 1816 2944 δε
1832 2913 1976 2944 attendens
1988 2914 2067 2952 quod
2079 2912 2161 2945 idem
2178 2914 2372 2955 Ludowicus,

1306 2961 1339 2984 ut
1361 2952 1507 2991 praefertur
1544 2962 1598 2982 nec
1621 2951 1686 2981 Rex
1721 2961 1775 2982 nec
1794 2950 1952 2990 Imperator
1970 2953 2079 2991 existit,
2097 2962 2152 2984 nec
2172 2953 2280 2993 aliqua,
2305 2964 2370 2992 quae

1307 2992 1426 3029 fecerit,
1444 2991 1490 3021 vel
1505 2975 1602 3027 s‘3aciat,
1620 2989 1670 3020 sub
1684 2974 1826 3028 I’mperiali
1839 2991 1882 3023 vel
1907 2991 2009 3031 Regali
2032 2992 2165 3030 nomine,
2183 2992 2236 3023 fint
2257 2993 2372 3031 alicuius

1309 3031 1438 3062 Roboris
1452 3029 1497 3059 vel
1514 3028 1663 3059 Momenti
1672 3052 1681 3066 ,

1347 3067 1495 3108 Qiodque
1515 3068 1566 3098 tibi
1585 3067 1773 3105 periculosum
1794 3076 1868 3106 erat,
1886 3077 1918 3098 ac
1933 3068 2124 3106 multipliciter
2137 3068 2371 3108 formidandum,

1308 3107 1452 3137 Bellorum
1474 3106 1564 3136 subire
1587 3105 1773 3145 Discrimina,
1800 3107 1818 3136 fi
1840 3106 1914 3137 fores
1936 3106 2018 3136 dietis
2038 3106 2234 3146 Proceffibm,
2252 3106 2371 3147 Poenis,

1309 3146 1343 3175 &
1366 3146 1537 3182 Sententiis,
1564 3144 1724 3182 involutus,
1750 3155 1783 3175 ac
1804 3155 1854 3183 per
1877 3146 1938 3175 haec
1963 3145 2020 3174 Dei
2039 3146 2072 3175 δε
2093 3144 2216 3183 ejusdem
2235 3144 2370 3177 Ecclesiae

1309 3183 1475 3214 Persecutor
1490 3184 1523 3214 &
1538 3181 1639 3213 Hostis
1654 3182 1791 3222 effeetus,
1809 3194 1824 3213 a
1839 3184 1940 3222 quibus
1953 3183 2058 3220 semper
2071 3182 2287 3214 desideravimus
2306 3184 2370 3215 red-

1309 3222 1375 3252 dere
1387 3223 1434 3251 Te
1449 3221 1629 3259 Immunem,
1643 3222 1679 3252 ab
1694 3222 1852 3259 hujusmodi
1867 3221 2135 3262 Praesumptionibus
2154 3222 2265 3260 penitus
2286 3223 2372 3254 resili-

1310 3271 1370 3298 reS,
1387 3260 1561 3297 Gressusque
1581 3268 1644 3290 tuos
1665 3261 1694 3290 in
1718 3259 1803 3290 Viam
1826 3259 1950 3290 Rectam
1964 3270 1997 3289 ac
2013 3259 2082 3290 Deo
2098 3260 2245 3298 placitam,
2262 3261 2371 3299 tuisque

1308 3300 1413 3368 {tii-iffi,
1438 3299 1543 3337 Saluti,
1565 3299 1598 3329 &
1619 3297 1755 3336 Honori,
1779 3308 1939 3335 congruam
1961 3297 2098 3338 dirigere,
2124 3300 2290 3338 quantocius
2309 3309 2370 3330 non

1330 3349 1336 3368 i
1364 3347 1445 3368 erres.

1349 3376 1535 3414 Sperabamus
1548 3375 1624 3405 enirn
1639 3374 1735 3412 quod,
1753 3374 1855 3405 Oculis
1869 3375 1922 3405 tuis
1936 3374 2047 3413 Apenis
2060 3374 2094 3405 ad
2109 3377 2237 3414 bonurn,
2256 3376 2291 3407 &
2309 3375 2374 3407 De-

1311 3416 1476 3445 clinantibus
1489 3423 1548 3444 non
1563 3415 1591 3442 in
1605 3413 1714 3444 Erroris
1730 3413 1874 3450 Devium,
1892 3413 1929 3444 set
1945 3415 1975 3444 in
1988 3414 2100 3444 Callem
2126 3414 2314 3444 Restitudinis
2336 3416 2371 3446 &

1311 3454 1447 3484 Semitam
1467 3453 1596 3482 Veritatis
1616 3451 1777 3489 salutiferae,
1798 3451 1914 3481 Monita
1932 3452 2038 3482 devote
2061 3452 2208 3490 susciperes
2231 3454 2264 3483 &
2277 3452 2374 3484 efficat

1312 3493 1381 3522 citer
1393 3491 1574 3528 adimpleres,
1593 3499 1647 3520 nec
1665 3490 1847 3527 Dominum,
1867 3500 1899 3520 ac
1916 3490 1950 3520 N
1954 3501 2001 3528 οε,
2022 3492 2054 3522 δε
2070 3492 2188 3521 eandem
2204 3489 2372 3530 Ecclesiam,

1313 3530 1444 3567 ulterius,
1461 3539 1508 3566 pei·
1524 3529 1678 3559 Graviores
1702 3527 1837 3558 Excessus
1857 3538 1889 3558 ac
1908 3528 2111 3565 Oppresiiones
2128 3528 2319 3560 Ecclesiarurn
2337 3532 2373 3562 &

1313 3568 1499 3599 Personarum
1512 3566 1770 3598 Ecclesiasticarum
1779 3589 1788 3605 ,
1806 3576 1906 3597 contra
1921 3567 1969 3596 Te
1983 3566 2017 3596 ad
2038 3566 2215 3597 iracundiam
2234 3578 2376 3606 provoca-

1314 3618 1365 3638 res.

1352 3645 1415 3682 Set,
1434 3644 1504 3674 ficut
1516 3644 1627 3673 noviter
1642 3652 1676 3673 ex
1697 3642 1934 3680 Conquestione,
1948 3642 2122 3673 Venerabilis
2145 3643 2244 3674 Fratris
2266 3644 2375 3685 nostri,

1316 3683 1470 3714 Guillermi
1484 3682 1614 3720 Episcopi
1628 3681 1852 3719 Cameracensis,
1871 3690 1928 3711 non
1950 3681 2007 3711 sine
2027 3682 2214 3712 admiratione
2232 3683 2265 3714 &
2286 3685 2375 3715 animi

1315 3722 1491 3756 turbatione,
1508 3721 1702 3758 percepimus,
1722 3721 1755 3750 δε
1769 3720 1912 3749 referimus
1926 3728 1994 3749 cum
2008 3719 2127 3757 dolore,
2146 3719 2213 3759 Tu,
2231 3722 2374 3759 praediffls

1317 3760 1455 3797 Monitis,
1474 3758 1730 3796 Requisitionibus,
1750 3759 1769 3777 *²
1783 3758 2017 3797 Hortacionibus,
2035 3760 2069 3789 ὃς
2092 3758 2226 3790 Precibus
2245 3760 2374 3798 Aposto-

1317 3798 1375 3828 licis
1390 3798 1515 3827 deducitis
1531 3797 1640 3834 penitus
1655 3797 1682 3825 in
1697 3796 1906 3836 Contemptum
1916 3820 1924 3834 ,
1940 3796 2066 3826 adversus
2086 3797 2236 3835 praefatum
2257 3798 2375 3837 Episco-

1317 3846 1387 3874 pum
1403 3837 1435 3866 &
1450 3835 1603 3865 Ecclesiam
1617 3832 1870 3872 Cameracensem,
1887 3844 1921 3864 ac
1934 3834 2117 3865 Comitatum
2129 3835 2162 3866 &
2179 3835 2283 3867 Terras
2303 3839 2376 3876 ipso-

1318 3885 1400 3912 rum,
1419 3873 1552 3912 quosdam
1573 3873 1744 3903 voluntarios
1766 3874 1798 3903 &
1823 3873 1936 3903 odiosos
1951 3872 2101 3904 Proceffiis
2135 3884 2195 3904 non
2209 3876 2312 3914 abique
2334 3878 2377 3907 di-

1317 3914 1392 3944 vinae
1407 3911 1559 3950 Majestatis
1574 3912 1607 3942 ὅ(
1622 3910 1797 3949 Apostolicae
1812 3911 1890 3941 Sedis
1902 3909 2042 3950 Offensa,
2059 3911 2093 3942 &
2107 3896 2304 3953 Derogatione
2321 3914 2378 3945 Ec-

1318 3950 1476 3982 clesiasticae
1492 3949 1657 3987 Libertatis,
1675 3949 1711 3979 de
1729 3950 1822 3988 facto,
1841 3958 1977 3987 praetextu
1994 3948 2094 3981 VtcA
2105 3960 2148 3981 Ri
2158 3962 2177 3982 A
2187 3961 2240 3983 τυ
2251 3963 2262 3983 s
2285 3953 2303 3982 h
2325 3963 2377 3989 ,us-

1320 3989 1419 4027 modi,
1437 3988 1540 4018 habere
1554 3988 1667 4026 cepisti,
1682 3988 1716 4019 &
1731 3987 1886 4018 Graviores
1898 3987 1990 4018 facere
2003 3990 2201 4020 comminaris·
2224 4001 2256 4021 ac
2278 4000 2377 4021 contra

1320 4027 1476 4058 Civitatem
1490 4026 1726 4057 Caineracensem
1735 4049 1746 4063 ,
1763 4036 1827 4064 quae
1842 4026 1877 4057 ad
1891 4025 2066 4065 Episcopum
2080 4028 2114 4059 ὃς
2128 4014 2282 4059 Eccl’efiam
2305 4038 2378 4065 prae-

1321 4066 1412 4096 diGtos
1455 4065 1520 4095 leno
1537 4066 1598 4103 jure
1617 4064 1741 4095 noscitur
1756 4066 1912 4103 pertinere,
1930 4064 2068 4104 Equitum
2083 4067 2118 4098 &
2130 4066 2262 4097 Peditum
2276 4065 2381 4096 Arma-

1321 4112 1419 4137 torum
1431 4076 1594 4136 Exercitum
1609 4102 1816 4174 congregzistid
1823 4104 1984 4145 ipsamque,
2001 4105 2033 4136 in
2045 4104 2189 4139 dictorum
2204 4104 2335 4174 Episcgpi
2347 4104 2382 4172 f&

1836 4150 1852 4180 3
2310 4151 2344 4174 cc
2356 4151 2385 4173 ea

2349 718 2480 753 *V.129„

2393 3782 2525 3819 *V.130.
