2562 4279
705 130 816 172 ET
900 128 1168 168 ACTA

0 221 117 259 Rnn.D.
135 221 179 252 W
180 221 316 262 ysebech‚
341 220 458 252 Ordinis
479 217 604 258 praediffl
627 217 685 256 (cui
706 226 792 254 nuper
813 214 927 259 diCturn
950 212 1093 257 Officium
1116 211 1203 242 nostri

12 269 92 302 1319-
137 262 280 291 commisit
296 261 395 290 intuitu
410 258 498 289 vestra
517 256 630 288 affectio
643 255 806 298 Pateriialis,
827 263 929 292 quique
947 252 982 282 ad
1000 252 1110 294 dicium
1125 250 1204 293 Offi-

0 307 56 330 Edv-
75 309 101 327 ²·
137 300 215 330 cium
232 299 340 329 ulterius
353 297 544 334 exequendum
554 297 613 333 jam
635 293 842 330 multiplieiter,
859 300 887 321 ut
902 291 986 320 relatu
1002 289 1145 325 fidedigno
1161 288 1204 317 di-

136 336 277 376 dicimus,
297 336 415 367 reddidit
430 335 456 365 se
469 331 630 369 indignum)
651 330 870 361 consideratione
886 328 1010 369 Precurn
1027 326 1205 370 nostrarum,

139 377 216 414 (quae
229 385 262 405 ex
278 375 372 405 cordis
387 373 470 404 nostri
482 371 579 402 intima
601 370 740 408 prodeunt
754 368 880 406 puritate)
904 367 1021 405 gratiose
1042 365 1204 402 dignemini

259 425 270 443 Υ
290 437 295 443 .

136 416 342 482 ωὶίἷίῗιξῗιιῇεω
358 450 457 480 Preces
471 447 575 478 nostras
586 456 622 475 eo
642 442 817 474 affeituofius
836 442 966 480 cupimus
978 440 1120 478 exaudiri,
1136 450 1204 484 quo,

137 501 188 529 per
208 491 287 528 ipsius
303 489 399 524 FratriS
415 487 444 525 J.
457 485 627 523 praesentiam
649 484 678 513 in
697 482 785 524 Curi-21
804 481 895 511 vestra
937 480 1038 522 nostra·
1052 480 1085 510 &
1107 479 1205 516 Regni

136 530 254 567 negotia
266 525 401 566 speramus
414 535 442 554 in
457 523 555 554 eadem
572 521 657 553 Curia
671 520 750 559 posie
763 519 873 550 felicius
886 503 919 550 gc
932 517 1074 559 gratiosiuS
1088 517 1201 556 prospe-

139 578 201 599 rari.

177 604 344 640 Conservet,
362 602 421 631 &c.
618 637 623 642 ¹
715 636 731 642 Π,

215 643 280 674 Dat:
299 639 370 678 apud
388 638 534 677 Eborum,
552 638 578 667 8.
595 636 640 667 die
655 635 742 674 Junii.

141 772 232 815 Super
256 763 415 798 collatione
437 760 593 796 Praebendae
606 787 617 804 ,
632 759 701 842 dad
728 762 941 807 Confiientiam
967 764 1045 807 Pnpae
1060 761 1204 808 serenan-

653 822 718 844 am.

116 919 122 926 ·
140 899 297 964 PAPAE
315 901 379 932 Rex
391 899 493 931 devota
505 898 609 938 pedum
625 898 718 930 oscula
733 898 889 930 beatorum.

226 940 424 971 Praed'ileetum
438 938 588 969 Clericum
605 938 749 976 nostrum,
768 936 940 975 Magistrum
954 934 1149 967 Willi'elmum
1168 933 1204 964 de

143 980 339 1020 Ayremynne,
363 977 550 1008 Cancellariae
571 977 676 1007 nostrae
697 977 902 1014 Secretarium,
921 975 1020 1006 vestrae
1041 973 1208 1005 Beatitudini

143 1019 228 1058 plenis
242 1016 389 1048 affeffibus
402 1016 655 1055 commendamus,
673 1016 775 1047 votivis
796 1015 928 1053 precibus
943 1013 1125 1053 supplicantes
1142 1022 1208 1051 qua-

0 1057 60 1080 ³0m-
70 1049 103 1085 θ
143 1059 215 1089 tinus
228 1055 319 1094 ipsum
334 1054 480 1085 Clericum
495 1054 621 1085 nostrum
631 1077 640 1092 ‚
1185 1089 1190 1094 ι

0 1095 106 1156 {rania
179 1095 276 1133 Quem
297 1094 367 1124 vitae
388 1093 529 1124 laudabilis
544 1092 735 1130 conversatio,
761 1092 926 1123 Litterarum
949 1090 1079 1128 scientia,
1107 1089 1140 1120 &
1158 1088 1209 1118 alia

138 1127 284 1165 laudabilia
299 1133 432 1163 decorant
446 1133 561 1170 merita,
578 1132 765 1175 obsequiaque
787 1131 928 1161 fructuosa
942 1130 1044 1166 Regiis
1060 1126 1210 1166 specialiter

137 1173 344 1210 conjunxerunt
359 1169 522 1208 affectibus,
541 1180 574 1200 ac
589 1171 671 1200 nobis
685 1170 719 1200 ἅ
734 1168 913 1206 Reipublicae
925 1169 985 1198 tam
994 1167 1106 1205 utilem,
1123 1167 1209 1204 qu'atn

136 1209 324 1241 necessarium
333 1233 342 1247 ,
361 1219 428 1239 cum
442 1208 519 1239 fama
533 1207 753 1238 commendabili
767 1207 976 1245 repraesentant,

173 1249 314 1288 Dignetur
328 1247 418 1278 vestra
434 1246 609 1284 Clementia,
626 1245 725 1276 nostris
736 1246 884 1284 precibus,
902 1245 994 1283 dignis
1008 1242 1131 1274 attollere
1146 1251 1210 1280 gra-

138 1289 183 1320 tiis
193 1311 201 1325 ,
218 1289 251 1319 &
268 1286 440 1324 Apostolicis
456 1285 597 1316 favoribus
610 1285 801 1315 communire.

176 1326 222 1356 Ad
243 1326 318 1363 hoc,
336 1323 416 1355 Pater
439 1325 503 1363 pie,
522 1331 551 1354 ut
572 1323 650 1364 super
671 1324 790 1360 negotio
811 1321 954 1360 cujusdam
976 1320 1160 1358 Praebendae,
1179 1321 1210 1350 in

138 1364 264 1396 Ecclesia
285 1362 491 1400 Lincolniensi,
507 1372 591 1401 quam
615 1369 783 1392 memoratus
808 1361 934 1391 Clericus
956 1359 1049 1390 noster
1064 1383 1074 1398 ,
1099 1369 1205 1397 preecc-

138 1405 223 1434 dente
240 1401 399 1433 Collatione
413 1400 524 1438 nostra,
545 1401 595 1430 sibi
605 1400 666 1438 jure
679 1399 775 1430 nostro
790 1399 886 1436 Regio
902 1398 1142 1437 faeta-,canonice
1150 1396 1211 1437 pos-

141 1442 226 1480 sidet,
244 1451 292 1479 per
306 1439 479 1477 Magistrum
494 1438 693 1470 Guillielmum
709 1438 745 1468 de
759 1438 864 1476 Brixia,
883 1446 980 1467 contra
994 1436 1105 1467 dictum
1118 1435 1210 1466 Cleri-

141 1490 211 1511 cum
231 1478 373 1516 nostrum,
391 1487 420 1509 ut
441 1477 577 1516 refertur,
599 1477 630 1506 in
649 1475 738 1507 vestra
761 1476 845 1506 Sacra
870 1474 958 1506 Curia
981 1483 1078 1512 moto,
1097 1474 1141 1512 jus
1159 1483 1213 1504 no-

141 1518 232 1549 struin
247 1517 431 1556 praedictum,
450 1516 584 1556 ipsiusque
599 1514 707 1546 Clerici
722 1514 810 1545 nostri
818 1514 979 1544 innocentia
992 1513 1091 1543 vestrae
1104 1513 1213 1555 luceant

141 1557 302 1594 Sanstitati,
320 1556 484 1594 subscripta,
501 1565 554 1593 pro
570 1553 659 1585 vestra
674 1553 842 1585 conscientia
857 1552 931 1585 sacra
951 1551 1115 1589 serenanda,
1132 1551 1213 1582 vobis

141 1595 272 1626 duximus
289 1595 464 1632 intimanda,
485 1593 631 1631 videlicet,

180 1633 292 1673 Qiod,
310 1640 426 1663 vacante
440 1642 526 1670 nuper
541 1631 662 1662 Ecclesia
683 1630 876 1662 Lincolniensi
897 1630 1050 1669 praedieta,
1067 1639 1116 1668 per
1134 1639 1213 1659 mor-

143 1679 222 1710 tem,
240 1672 324 1702 bonae
347 1672 510 1708 memoriae,
528 1669 650 1709 Olivcri,
666 1670 773 1700 dudum
796 1670 912 1707 pastoris
927 1669 1050 1707 ibidem,
1068 1670 1101 1699 &
1119 1668 1215 1698 Tem-

144 1710 284 1749 poralibus
299 1709 419 1746 ejusdem
433 1707 612 1746 Episcopatus
637 1708 813 1738 existentibus
831 1709 860 1738 in
883 1718 985 1746 manu,
1003 1707 1094 1738 felicis
1117 1716 1215 1737 recor-

143 1749 282 1787 dationis,
297 1747 422 1778 Domini
436 1746 468 1776 E.
482 1746 627 1777 Genitoris
641 1746 745 1784 nostri,
765 1747 872 1776 vacavit
888 1745 1044 1777 Praebenda
1061 1745 1216 1784 praedidta,

142 1789 178 1819 &
193 1789 222 1817 in
238 1785 382 1824 processu,
401 1794 487 1824 quem
499 1784 591 1815 dietus
608 1783 748 1822 Magister
764 1784 945 1815 Guillielnius
957 1784 990 1815 de
1004 1784 1093 1815 Brixia
1104 1807 1114 1822 ‚
1136 1784 1216 1822 super

143 1825 313 1864 posieffione
328 1823 490 1854 Praebendae
504 1823 648 1861 praedidiae
660 1823 841 1861 occupanda,
856 1823 926 1853 dum
942 1822 1123 1861 Temporalia
1142 1832 1216 1860 prae-

142 1865 218 1895 dieta
232 1865 261 1893 in
279 1872 363 1893 manu
377 1862 449 1893 dieti
464 1861 608 1892 Genitoris
621 1862 709 1891 nostri
722 1862 847 1900 fuerunt,
870 1861 972 1899 absque
993 1860 1127 1892 consensu
1147 1860 1216 1899 ejus-

141 1902 227 1940 dem,
245 1912 306 1932 non
324 1901 438 1932 fineisui
454 1899 623 1938 praejudicio
643 1899 701 1930 fieri
723 1901 903 1939 procuravit,
918 1901 961 1938 jus
983 1900 1105 1938 ejusdem
1123 1899 1217 1930 Geni-

142 1942 210 1972 toris
227 1940 314 1970 nostri
327 1940 395 1978 sibi,
413 1940 521 1970 ratione
533 1938 717 1977 Episcopatus
733 1939 878 1977 praedisti,
898 1948 966 1971 tunc
982 1939 1123 1976 vacantis,
1139 1938 1216 1969 &in

146 1989 231 2010 manu
247 1979 291 2010 sua
304 1978 460 2017 existentis,
480 1977 604 2016 expresse
617 1977 702 2008 fuerat
718 1977 921 2016 praeservatum.

183 2016 299 2055 Propter
315 2018 390 2056 quod
406 2027 473 2055 nos,
492 2015 630 2055 praemissa
644 2016 830 2054 postmodum
845 2017 1031 2053 advertentes,
1048 2025 1101 2045 nec
1116 2025 1148 2044 ea
1162 2015 1218 2045 sine

144 2055 233 2087 nostri
246 2056 411 2093 praejudicio
428 2056 502 2085 silere
516 2055 651 2092 valentes,
666 2055 709 2092 jus
730 2054 855 2084 nostrum
873 2054 1015 2093 Regium,
1033 2055 1062 2083 in
1077 2054 1157 2083 dieto
1170 2063 1219 2083 ne-

144 2096 243 2134 gotio,
261 2095 290 2124 in
307 2092 394 2123 Curia
408 2092 517 2130 nostra,
534 2093 687 2123 secundum
709 2093 819 2130 Legem
836 2093 868 2123 &
891 2091 1135 2122 Consuetudinem
1157 2091 1220 2121 Re-

147 2133 196 2171 gni
209 2131 313 2168 nostri,
332 2132 431 2169 quibus
447 2141 498 2161 nos
518 2132 551 2161 &
573 2130 772 2167 Progenitores
795 2130 883 2161 nostri
902 2131 966 2161 totis
986 2130 1159 2167 temporibus
1177 2140 1220 2160 re-

148 2171 261 2201 troaistis
276 2171 312 2200 uli
335 2170 443 2206 sumus,
462 2169 581 2199 fecimus
594 2169 738 2199 declarari:

187 2208 258 2247 Qio
274 2209 387 2246 evicssto,
407 2207 534 2245 praefatus
542 2207 669 2237 Clericus
682 2206 790 2246 noster,
810 2208 913 2238 virtute
928 2206 1095 2237 Collationis
1110 2206 1221 2245 nostrae,

148 2247 202 2277 fibi
212 2249 272 2285 jure
285 2246 379 2276 nostro
394 2246 490 2281 Regio
504 2245 604 2283 faetae‚
642 2245 782 2282 tsuperius
795 2246 906 2276 (licitum
920 2245 978 2283 est,
995 2244 1139 2283 praemiffo
1154 2255 1222 2282 pro-

149 2284 226 2315 cessu
241 2285 338 2314 debito
353 2293 401 2323 per
418 2284 622 2313 Ordinariuml
662 2284 770 2322 iillius,
789 2284 823 2314 ad
845 2283 1030 2314 Praebendam
1052 2284 1220 2322 praedifflim

149 2323 298 2361 admissus,
316 2323 348 2353 ἓξ
365 2323 502 2352 canonice
517 2321 655 2351 institutus
669 2322 719 2351 fuit
735 2323 764 2351 in
777 2322 894 2360 eadem,

188 2361 292 2392 Vestrae
304 2362 389 2397 igitur
404 2360 545 2390 Sanctitati
559 2362 660 2390 devote
674 2359 875 2398 supplicamus,
884 2361 1011 2398 precibus
1022 2360 1123 2390 iteratis
1131 2382 1141 2398 ,
1156 2369 1224 2399 qua-

146 2400 237 2437 tinus,
258 2400 293 2429 ad
309 2401 353 2437 jus
375 2398 499 2428 nostrum
523 2397 667 2437 Regium,
686 2399 714 2427 in
737 2399 790 2430 hac
807 2407 900 2438 parte,
919 2398 1118 2429 benivolentiae
1134 2407 1224 2436 pater-

148 2438 215 2468 nalis
228 2439 359 2475 intuitum
372 2446 582 2476 convertentes,
600 2445 789 2467 memoratum
810 2436 957 2467 Clericum
972 2437 1103 2467 nostrum
1122 2436 1219 2475 (quern

151 2476 182 2506 in
195 2476 274 2506 dieto
290 2476 408 2513 negotio
422 2485 475 2506 nec
491 2476 652 2506 ambitionis
667 2475 775 2506 malum
788 2476 965 2514 obcaecavit‚
983 2485 1037 2506 nec
1058 2475 1132 2506 aliud
1146 2476 1226 2505 deni-

149 2516 242 2552 gravit
265 2516 384 2553 vitium,
410 2514 446 2545 set
469 2513 653 2545 solummodo
671 2514 738 2551 juris
756 2514 842 2544 nostri
867 2514 1024 2552 prosecutio
1049 2513 1143 2543 debita
1157 2536 1168 2552 ,
1189 2513 1223 2544 ad

149 2553 227 2593 hoc,
245 2562 327 2591 prout
348 2553 399 2584 sibi
419 2563 467 2591 per
484 2563 534 2583 nos
557 2552 704 2583 districtus
723 2552 881 2590 injunctum
904 2553 1010 2589 fuerat,
1029 2553 1173 2589 coartavit)
1194 2553 1224 2582 in

151 2591 295 2633 praemiffis
314 2591 473 2628 dignemini
487 2591 646 2630 propensius
669 2592 826 2622 excusatum
849 2591 966 2629 habere,
994 2591 1027 2620 ὃς
1049 2591 1227 2628 inquietatio-

153 2641 202 2661 nes
222 2631 253 2669 (si
269 2630 351 2660 nobis
364 2630 442 2668 super
453 2631 517 2668 jure
531 2629 628 2660 nostro
640 2629 658 2648 ³*
672 2630 827 2667 praedksto,
844 2630 877 2661 &
892 2630 973 2660 dieto
985 2627 1104 2659 Clerico
1119 2628 1226 2667 nostro,

155 2669 235 2707 super
256 2667 422 2707 possessione
441 2668 488 2699 sua
514 2667 681 2698 Praebendae
704 2667 849 2706 praedierae
863 2691 872 2707 ,
898 2668 1015 2708 irrogari
1034 2668 1224 2705 contingeret)

152 2708 229 2746 juxta
240 2715 410 2745 conceptam
423 2708 510 2737 animi
531 2706 617 2737 nostri
634 2706 768 2738 fiduciam
792 2706 967 2745 propulsare,
991 2706 1040 2744 &,
1064 2705 1170 2737 dilecto
1193 2706 1226 2737 &

156 2746 232 2776 fideli
246 2745 360 2784 nostro,
374 2745 499 2784 Johanni
512 2744 548 2775 de
562 2744 682 2783 Nevill,
702 2746 772 2775 inter
794 2753 893 2776 caetera
907 2744 1035 2781 Negotia
1050 2743 1158 2783 nostra,
1178 2754 1228 2775 ve-

155 2784 220 2852 gcrfe
240 2783 410 2852 leilll'ismiae
426 2783 606 2823 exponenda,
623 2783 700 2822 super
720 2783 855 2824 Negotio
877 2783 1017 2822 praedicto
1038 2782 1138 2815 Fidem
1153 2782 1228 2816 Cre-

177 2832 251 2853 uam
266 2832 281 2852 a
321 2832 328 2852 1
350 2833 403 2853 ere.

193 2859 364 2899 Conservet,
382 2862 441 2892 &c.

230 2897 299 2930 Dat.
313 2899 386 2937 apud
402 2899 550 2940 Eborum,
568 2910 595 2940 9.
609 2900 748 2939 dieJunii.

0 2642 3 2657 r
25 2637 110 2666 *nr

35 2677 99 2714 783·

163 2992 196 3000 ,-

262 3049 312 3082 De
335 3046 535 3092 Pensio-nibus,
561 3050 592 3080 in
617 3049 753 3080 Romana
779 3048 895 3090 Curia,
924 3045 1121 3081 concedendis.

18 3144 83 3176 Ann-
99 3144 141 3175 D.
162 3141 280 3201 REX
299 3144 445 3183 omnibus,
463 3142 497 3173 ad
512 3152 580 3181 quos
595 3143 656 3174 &c.
672 3141 794 3172 salutem.

33 3193 117 3224 ¹319-
271 3180 320 3211 De
333 3181 460 3212 fidelitate
475 3181 606 3220 probata,
632 3182 665 3212 &
688 3179 824 3211 Industria
843 3179 1049 3218 circumspedffi
1062 3202 1072 3218 ,
1096 3179 1229 3212 Dileeto-

19 3225 60 3250 4η.
81 3233 125 3252 12.
161 3230 224 3250 rum
244 3220 277 3250 &
300 3219 439 3250 Fidelium
453 3220 631 3258 nostrorum,
649 3218 820 3249 Venerabilis
844 3218 947 3258 Patris,
965 3220 1000 3249 A.
1018 3217 1231 3250 Herefordensis

20 3264 37 3288 ἰ.
57 3271 83 3289 2.
160 3257 310 3297 Episcopi,
327 3258 360 3288 δε
370 3258 504 3297 Johannis
518 3258 554 3288 de
568 3258 601 3288 N
604 3257 668 3289 evill
684 3258 798 3296 Militis,
819 3257 938 3294 plenarie
951 3256 1142 3296 confidentes,

21 3301 66 3326 ἀι.
79 3309 122 3326 iz.
197 3297 310 3334 Dandi,
329 3295 529 3335 Concedendi,
547 3297 580 3327 &
596 3295 779 3334 Asfignandi,
794 3295 928 3326 Nomine
942 3295 1055 3334 nostro,
1072 3295 1156 3327 alicui
1164 3295 1230 3326 Ho-

21 3341 42 3364 Ξ.
59 3347 84 3364 2.
97 3343 122 3375 p.
160 3336 233 3365 mini
246 3335 383 3372 discreto,
399 3336 428 3364 in
449 3334 583 3365 Romana
598 3333 684 3365 Curia
698 3335 908 3373 commoranti,
928 3344 980 3372 pro
1002 3335 1128 3365 uberiore
1145 3344 1230 3372 expe-

21 3384 80 3404 ·..m.
99 3375 140 3405 18.
158 3374 268 3404 ditione
280 3372 476 3410 Negotiorum
490 3373 650 3403 nostrorum
664 3372 769 3403 ibidem
783 3372 927 3411 peripsum
942 3373 1135 3412 procuranda,
1154 3373 1228 3404 Pen-

161 3413 270 3442 sionem
290 3420 409 3441 annuam
427 3410 535 3449 Viginti
552 3411 585 3442 ὅ(
605 3411 741 3450 Qinque
765 3410 929 3441 Marcarum
950 3411 1172 3450 sterlingorum,
1195 3412 1231 3442 de

160 3451 258 3482 Nobis
274 3448 503 3487 percipiendam,

200 3488 342 3526 Praefatis,
361 3486 501 3524 Episcopo
514 3487 547 3517 &
562 3486 668 3526 Militi,
684 3486 797 3525 plenam
807 3509 816 3525 ,
836 3494 931 3517 tenore
945 3487 1137 3525 praesentium,
1156 3497 1230 3518 con-

162 3527 288 3558 cedimus
303 3526 490 3563 Potestatem,
509 3533 597 3555 ratuni
613 3525 731 3556 habituri
749 3526 782 3556 ὃς
797 3533 907 3562 gratum
921 3525 966 3564 id,
984 3526 1060 3564 quod
1087 3535 1136 3564 per
1157 3536 1230 3565 prae-

162 3565 252 3635 farfa,
270 3564 442 3634 Episccgcpum
456 3564 489 3594 ὅτ
505 3563 650 3601 Militem,
668 3563 777 3594 fastum
793 3564 874 3594 fuerit
890 3565 918 3594 in
932 3563 1087 3602 praemiffis.

213 3614 231 3634 n
245 3614 279 3634 cu
294 3615 321 3634 us
390 3613 415 3633 c.

241 3614 308 3673 Dait.
326 3626 401 3680 {pud
420 3640 569 3678 Eborum,
587 3648 614 3679 9.
633 3639 678 3670 die
693 3639 778 3680 Junii.

853 3681 906 3710 Per
921 3678 1003 3718 ipsum
1020 3681 1126 3717 Regem.

30 3829 149 3861 amhn·
167 3815 224 3850 Ad
247 3818 429 3863 Haquinum
452 3818 561 3861 Regem
586 3815 766 3860 Mrwegiae,
785 3822 839 3859 pro
858 3810 1227 3859 fhtiffac'lionebabenda-

32 3876 136 3935 affig·
169 3903 371 3959 MAgnifico
383 3903 525 3948 Principi,
546 3902 680 3947 Domino
694 3901 843 3946 Haquino,
864 3901 924 3932 Dei
938 3901 1042 3940 gratiz'i,
1059 3900 1134 3940 Regi
1146 3901 1232 3933 Nor-

32 3947 55 3972 Ξ.
75 3953 100 3972 2.
251 3953 372 3986 wagiae,
388 3942 504 3986 Illustri,
520 3952 625 3985 ,amico
644 3941 692 3972 suo
714 3939 870 3978 cariffimo,
898 3940 1066 3978 Edwardus,
1081 3940 1141 3971 &c.
1165 3940 1233 3971 salu-

33 3981 155 4017 2laufiiz.
173 3986 249 4018 tem,
266 3990 334 4011 cum
346 3980 497 4011 dilectione
512 3984 625 4010 sincera.

33 4022 55 4094 ξ
70 4029 97 4086 ἶ
116 4030 152 4050 m.
201 4017 527 4087 giyffpeilserluntLNobis
543 4018 693 4051 Gaifredus
717 4017 814 4056 Dreu,
838 4016 934 4049 Adam
953 4015 981 4049 le
998 4014 1104 4057 Clerk,
1128 4016 1182 4070 Ivo
1197 4016 1234 4049 de

1248 209 1461 253 Massingham‚
1475 213 1615 252 Johannes
1628 216 1664 246 de
1685 215 1807 256 Deneby
1852 210 1992 246 Robertus
2012 214 2047 245 de
2067 213 2217 253 Hecham,
2236 213 2311 246 Gul—
2326 214 2403 247 Ann.
2417 216 2460 252 D.

1244 248 1352 316 &lmus
1366 250 1401 280 de
1423 250 1579 291 Gonihull,
1597 255 1630 284 &
1645 255 1746 284 Simon
1768 255 1802 285 de
1816 237 1960 293 limcoin,
1979 253 2155 284 Mercatores
2170 254 2260 284 nostri
2276 253 2312 284 de
2350 265 2441 324 d1319.

1333 309 1343 324 ,
2328 299 2349 322 E
2367 307 2394 324 v.
2414 306 2442 325 ι,

1282 325 1372 371 Quod
1389 325 1539 370 Botulphus
1552 328 1618 366 Bix,
1636 331 1925 368 nuperThesaurarius
1932 330 2022 361 vester
2031 332 2059 361 in
2069 329 2141 360 Villa
2155 329 2190 360 de
2197 328 2312 360 Norht-

1244 362 1312 406 bert*
1322 385 1331 400 ,
1349 364 1402 407 Sex
1415 375 1491 408 annis
1506 368 1545 409 ὃς
1554 367 1668 408 amplius
1687 369 1744 404 jani
1757 370 1866 409 elapsis,
1882 370 1918 400 de
1933 369 2050 408 Pennis,
2069 369 2211 406 Piscibus,
2227 368 2260 398 &
2282 379 2312 398 a-

1243 400 1285 430 liis
1295 386 1789 448 zMercimoniisdiversisdictorum
1805 408 1998 439 Mercatorum
2008 431 2018 446 ,
2036 407 2118 446 usque
2133 406 2167 438 ad
2176 415 2313 444 magnam

1244 438 1391 469 Summam
1407 439 1555 479 Pecuniae,
1574 452 1607 471 ce
1628 444 1694 473 irad
1711 444 1792 482 Opus
1809 446 1946 476 vestrum·
1966 447 2119 484 videlicet,

1284 475 1332 506 De
1348 477 1449 508 Pannis
1465 479 1498 509 ὃ(
1519 480 1576 509 aliis
1612 481 1674 510 onis
1689 484 1816 518 praediffl
1836 468 1977 522 Galfridi,
1995 484 2079 522 usque
2102 484 2136 514 ad
2159 483 2310 514 Summam

1245 514 1479 584 l'ilgsszsfiprrlitarum,
1495 517 1660 557 Sexaginta,
1680 522 1712 550 ὃς
1730 521 1865 559 Qinque
1882 523 2049 561 Librarum,
2068 523 2101 554 &
2118 523 2242 553 Novem
2255 522 2310 553 So·

1270 591 1322 636 'Et
1344 593 1380 622 de
1396 592 1479 624 Bonis
1493 593 1624 638 praedic-li
1647 594 1736 633 Adae,
1751 596 1786 626 ad
1808 596 1957 629 valentiam
1979 598 2123 639 Centum,
2144 599 2252 638 Qiater
2270 598 2315 630 vi-

1245 638 1337 670 ginti,
1357 632 1390 662 &
1405 631 1555 662 Undecim
1571 633 1733 663 Librarum:

1285 668 1320 699 Et
1341 670 1469 714 praedic‘ti
1490 670 1600 708 lvonis,
1619 671 1653 702 ad
1673 671 1820 702 valentiam
1836 671 1979 713 Centum,
1995 675 2158 715 Sexaginta,
2174 676 2208 708 ὅ(
2231 676 2316 714 Qa-

1245 707 1404 738 tuordecim
1422 709 1583 739 Librarum:

1286 744 1395 789 Praefati
1416 747 1567 785 Johannis,
1593 747 1627 778 ad
1650 747 1799 779 valentiam
1821 748 2039 782 Thescentarum
2060 752 2228 792 Librarum,
2244 752 2318 792 Sep-

1247 792 1293 815 tua
1315 793 1388 823 tnta,
1406 786 1439 817 ὃς
1457 785 1511 816 Sex
1525 785 1704 816 Solidorum:
2260 798 2263 800 ·

1319 823 1424 862 iiiique
1438 824 1577 862 Roberti,
1594 824 1628 855 ad
1641 825 1791 855 valentiam
1805 824 2001 856 Ducentarum
2020 827 2184 868 Librarum,

1286 861 1332 892 Ac
1344 863 1429 893 etiam
1443 862 1480 893 de
1494 862 1593 902 Bonis,
1611 863 1645 894 &
1662 862 1863 894 Mercimoniis
1877 865 2095 904 praedictorum,
2115 868 2265 899 Wiliielmi
2280 869 2314 900 δε

1248 897 1389 968 {imonis,
1406 900 1441 932 ad
1463 901 1614 933 valentiam
1630 901 1842 940 Ducentarum,
1859 902 1893 932 &
1907 903 2052 941 Sexaginta
2072 905 2219 937 Librarum
2240 907 2316 938 Ster-

1271 948 1405 975 mgorum

1287 976 1335 1007 De
1350 962 1464 1016 quib'us,
1480 977 1599 1018 praefatis
1614 977 1821 1008 Mercatoribus
1839 978 1953 1017 nostris,
1970 979 2015 1009 vel
2033 989 2129 1010 corum
2152 981 2317 1022 Attornati's,

1249 1023 1296 1047 aut
1310 1016 1391 1046 alicui
1404 1015 1526 1060 ipsorum
1546 1016 1677 1046 nondum
1690 1017 1797 1055 extitit,
1817 1026 1846 1048 ut
1867 1018 2045 1057 accepimus,
2064 1020 2092 1047 in
2108 1019 2198 1057 aliquo
2213 1021 2316 1053 sarissa*

1252 1055 1350 1092 Cium,
1368 1064 1496 1092 quamVis
1507 1055 1587 1092 super
1613 1055 1689 1092 hoc,
1708 1064 1742 1085 ex
1764 1064 1840 1093 parte
1862 1056 2007 1087 <iustorum
2028 1056 2241 1096 Mercatorum,
2259 1060 2320 1096 plu-

1253 1094 1304 1123 ries
1319 1092 1420 1123 fueritis
1432 1092 1581 1131 Requiiiti:

1252 1171 1273 1200 b
1288 1131 1375 1175 Super
1389 1141 1446 1169 quo
1461 1131 1510 1162 fibi
1524 1129 1711 1172 supplicarunt
1726 1140 1774 1170 per
1787 1131 1855 1162 Nos
1869 1140 2030 1170 congruum
2050 1133 2227 1165 Remedium
2243 1135 2321 1166 adhi-

1274 1179 1322 1200 eri.

1287 1208 1342 1247 Et,
1360 1209 1424 1247 quia
1436 1207 1540 1239 eisdem
1555 1207 1760 1240 Mercatoribus
1780 1208 1882 1239 nostris
1896 1209 2037 1240 subvenire
2058 1211 2205 1249 volumus,
2220 1212 2250 1242 in
2266 1212 2321 1244 hac

1252 1256 1343 1286 parte,
1361 1248 1421 1279 Viis
1436 1249 1469 1279 &
1486 1247 1604 1286 Modis,
1623 1249 1723 1285 quibus
1737 1247 1856 1278 honeste
1869 1249 2036 1286 poterimus,
2055 1257 2084 1279 ut
2097 1258 2240 1288 tenemur,

1292 1285 1417 1317 Vestram
1432 1287 1588 1317 amicitiam
1603 1287 1757 1317 affectuose
1769 1285 1952 1325 Requirimus
1966 1286 2000 1316 &
2017 1286 2180 1325 Rogamus,
2198 1289 2323 1328 quatinus

1255 1326 1372 1363 praesatis
1387 1324 1596 1355 Mercatoribus
1619 1325 1735 1363 nostris,
1754 1325 1799 1356 vel
1817 1334 1916 1355 eorum
1937 1324 2106 1362 Atrornatis,
2124 1326 2243 1362 ipsorum
2267 1338 2321 1358 no-

1253 1365 1348 1402 mine,
1367 1363 1403 1393 de
1417 1362 1529 1394 summis
1543 1364 1703 1402 praedictis,
1722 1372 1803 1401 prout
1814 1363 1920 1401 justum
1931 1363 2031 1401 fuerit,
2048 1362 2263 1394 satisfactionem
2272 1366 2322 1395 de·-

1254 1403 1343 1433 bitam
1366 1401 1423 1432 fieri
1440 1402 1580 1441 Jubeatis3
1606 1403 1733 1433 Tantum
1756 1404 1785 1432 in
1808 1402 1860 1432 hac
1879 1411 1953 1439 pirre
1969 1424 1978 1440 ‚
2002 1402 2020 1431 si
2040 1402 2163 1440 placeat,
2181 1402 2327 1442 facientes,

1254 1441 1333 1479 quod
1354 1439 1529 1470 Mercatores
1549 1440 1618 1478 ipsos
1637 1440 1671 1471 ad
1690 1440 1772 1478 Nos,
1790 1450 1858 1471 cum
1877 1439 1970 1470 iterata
1997 1440 2120 1479 Qierela
2133 1464 2143 1479 ,
2160 1440 2249 1471 redire
2268 1450 2326 1472 non

1255 1486 1383 1517 oporteat
1419 1489 1451 1509 ro
1466 1479 1578 1510 defectu
1595 1479 1782 1509 Exhibitionis
1792 1478 1906 1517 justitiae
1922 1479 1951 1508 in
1967 1479 2019 1509 hac
2033 1487 2119 1516 parte.

1290 1517 1326 1548 Et
1343 1518 1390 1555 qui
1417 1541 1427 1555 ,
1444 1518 1478 1547 ad
1500 1518 1576 1548 hunc
1593 1517 1738 1556 Rogatum
1759 1517 1886 1547 nostrum
1903 1527 1954 1554 pro
1976 1517 2097 1555 praefatis
2120 1516 2327 1548 Mercatoribus

1254 1555 1373 1593 nostris,
1387 1555 1464 1593 super
1479 1555 1643 1593 praemiffis,
1660 1556 1789 1586 duxeritis
1807 1555 1990 1594 faciendum,
2008 1556 2091 1586 nobis
2109 1555 2257 1588 rescribere
2275 1566 2326 1589 ve-

1256 1594 1308 1625 litis
1322 1604 1369 1632 per
1383 1593 1556 1632 praesentium
1573 1595 1753 1632 portitorem.

1292 1632 1362 1664 Dat.
1379 1633 1452 1670 apud
1470 1632 1617 1671 Eborum,
1635 1632 1809 1664 duodecimo
1827 1632 1873 1663 die
1887 1632 1974 1673 Junii.

1282 1760 1303 1780 ⁴*
1324 1761 1391 1793 Rex
1414 1761 1611 1806 Regratiatur
1636 1761 1738 1806 Papae,
1758 1757 1849 1805 strper
1874 1759 2110 1793 Canonizatione
2134 1756 2248 1793 Thomae
2271 1759 2308 1794 de

1707 1808 1880 1854 cantalupo.

2377 1765 2393 1781 ⁸
2412 1764 2468 1792 111,

2381 1801 2445 1838 784.

1258 1894 1408 1953 PAPAE
1427 1893 1489 1925 Rex
1505 1894 1607 1926 devota
1622 1895 1729 1934 pedum
1742 1892 1833 1926 oscula
1849 1894 2004 1926 beatorum.
2353 1896 2429 1930 Ann.
2444 1896 2487 1928 D,

1335 1933 1467 1964 Coelestis
1483 1933 1631 1965 Plenitudo
1650 1934 1767 1976 Consilii
1783 1935 1865 1964 certis
1878 1935 2002 1965 terminis
2021 1933 2124 1965 cuneta
2145 1933 2332 1974 concludens,
2380 1947 2465 1979 1319.

1260 1981 1293 2003 ac
1320 1972 1558 2003 convenientibus
1583 1973 1749 2003 succeiiibus
1784 1972 1955 2009 singulorum
1985 1972 2171 2003 determinans
2196 1973 2332 2004 curricula
2354 1980 2394 2003 An
2429 1986 2471 2004 η.

1260 2020 1439 2050 temporum,
1458 2010 1552 2040 vestris
1566 2013 1651 2041 etiam
1661 2012 1835 2048 temporibus
1849 2010 2004 2041 dulcedinis
2017 2021 2097 2041 venas
2109 2013 2230 2048 aperuit,
2247 2011 2330 2050 dum,
2353 2020 2382 2042 Ε.
2402 2026 2427 2042 2.

1262 2049 1425 2087 praeriosum
1448 2048 1513 2078 illud
1540 2048 1597 2078 Dei
1617 2049 1791 2087 Talentum,
1815 2048 1927 2087 Corpus
1946 2048 2119 2079 Sanffiffimi
2138 2048 2334 2089 confessoris,
2357 2058 2428 2081 Rom.
2445 2051 2481 2086 &-

1262 2088 1391 2118 Thomae
1407 2086 1619 2117 Herefordeniis
1633 2087 1742 2117 dudum
1760 2086 1900 2125 Praesulis,
1917 2087 2019 2117 diutius
2032 2088 2061 2117 in
2077 2086 2161 2117 Petra
2180 2088 2337 2128 reclusum,
2357 2094 2402 2121 Fr.
2422 2101 2465 2119 izi

1264 2135 1313 2164 per
1328 2135 1379 2156 vos
1391 2125 1523 2163 revelari,
1539 2126 1572 2155 &
1587 2125 1621 2155 ad
1640 2125 1753 2156 Locum
1767 2125 2014 2163 Eminentiorem,
2029 2136 2044 2155 a
2066 2124 2173 2156 Christi
2201 2132 2205 2153 'i
2220 2126 2337 2158 idelibus
2362 2134 2427 2158 E.2.
2447 2137 2486 2157 m„

1262 2163 1472 2201 venerandum,
1487 2163 1623 2194 transferi-i
1640 2163 1785 2202 disposuit,
1802 2163 1947 2204 vestroque
1963 2163 2038 2194 felici
2052 2164 2255 2195 interveniente
2273 2165 2337 2196 Mi·
2365 2168 2393 2196 8.

1263 2203 1396 2241 nisterio,
1412 2197 1495 2233 'velud
1511 2202 1591 2240 ipsius
1607 2201 1666 2232 Dei
1682 2204 1711 2232 in
1726 2202 1814 2232 Terra
1831 2202 1957 2241 Vicarii,
1975 2201 2065 2240 ipsum
2081 2202 2215 2234 ascribere
2226 2203 2337 2243 dignata

1265 2241 1306 2272 est
1321 2240 1479 2277 Cathalago
1495 2240 1663 2271 sauciorum
1679 2240 1852 2271 venerando:

1301 2279 1393 2310 Unde
1409 2281 1512 2309 merito
1530 2280 1558 2308 in
1576 2279 1701 2309 Laudem
1718 2279 1750 2309 &
1765 2278 1895 2309 Gloriam
1912 2278 2099 2317 Redemptori
2113 2279 2210 2311 nostro
2224 2281 2343 2320 assurgi-

1266 2328 1345 2356 muS,
1365 2319 1412 2355 qui
1427 2319 1496 2348 tanti
1511 2318 1633 2347 muneris
1649 2316 1790 2347 Beneficio
1804 2316 1871 2347 Nos
1892 2319 1925 2349 &
1941 2318 2081 2355 Regnum
2102 2318 2229 2349 nostrum
2246 2321 2339 2352 visita-

1265 2358 1325 2395 vit,
1349 2356 1500 2393 vobisque,
1520 2356 1555 2386 ad
1576 2355 1740 2386 Gratiarum
1760 2355 1886 2386 ac‘tiones
1909 2355 2100 2394 exsolvendas,
2126 2357 2226 2387 intima
2248 2359 2341 2390 cordis

1266 2395 1353 2425 nostri
1365 2394 1556 2432 dissolvimus,
1575 2395 1639 2432 qui,
1657 2394 1761 2423 nostrae
1780 2392 1957 2424 Mortalitatis
1976 2394 2163 2425 incommoda
2188 2397 2233 2432 pie
2248 2398 2341 2428 consi-

1266 2434 1409 2471 deranteS,
1434 2432 1470 2463 de
1497 2434 1564 2463 tanti
1594 2431 1711 2462 Patroni
1736 2429 1890 2469 suffragiis,
1908 2431 2005 2462 nostris
2029 2433 2246 2472 interventibus,
2276 2435 2344 2467 Nos

1267 2472 1400 2510 respicere
1414 2470 1575 2509 laborastis,
1590 2480 1640 2510 per
1657 2480 1736 2508 quae,
1753 2471 1782 2499 in
1803 2470 1902 2500 nostris
1923 2471 1957 2501 &
1982 2470 2082 2508 Regni
2100 2471 2186 2501 nostri
2205 2482 2343 2510 opportu-

1267 2511 1414 2547 nitatibus,
1428 2509 1564 2547 speramus
1576 2509 1655 2546 qubd
1671 2510 1803 2538 humanae
1824 2508 1912 2539 salutis
1933 2508 2053 2539 Amator
2073 2508 2127 2540 suae
2150 2511 2249 2546 gratiae
2266 2512 2344 2547 Lati?

1268 2559 1334 2581 cem
1350 2548 1509 2578 effluentem
1526 2548 1648 2586 aperiet,
1666 2546 1805 2578 &Nobis
1819 2556 1921 2578 annuet
1932 2547 1969 2578 de
1984 2547 2041 2586 ejus
2051 2546 2197 2579 Beneficiis
2208 2550 2344 2589 gratulari.

1306 2586 1460 2617 Conservet
1469 2609 1478 2624 ,
1493 2587 1552 2617 &c.

1344 2624 1414 2656 Dat.
1433 2624 1506 2663 apud
1524 2623 1670 2664 Eborum,
1690 2624 1740 2655 26.
1758 2623 1805 2655 die
1818 2623 1905 2664 Junii.

1270 2753 1320 2785 De
1345 2748 1526 2785 Hominibus
1547 2777 1557 2794 ‚
1586 2760 1643 2798 per
1668 2751 1814 2783 Comitem
1843 2747 2020 2793 Lancastriae
2049 2748 2210 2794 ducendis,
2241 2762 2346 2785 contra

1745 2800 1853 2834 Scotos.

1269 2887 1349 2946 RE
1358 2886 1406 2956 X,
1416 2887 1531 2956 'distillo
1544 2885 1764 2925 Confimguineo
1781 2886 1815 2918 &
1830 2884 1904 2917 fideli
1911 2884 1980 2925 suo,
1998 2885 2128 2918 Thomae
2145 2886 2253 2918 Comiti
2264 2886 2342 2918 Lan-
2363 2894 2440 2927 Αῃῃ,
2454 2894 2486 2926 D
2488 2902 2499 2925 „¹

1342 2930 1384 2957 cai
1402 2936 1448 2957 riae
1494 2937 1507 2956 a
1521 2935 1606 2956 utem.

1308 2965 1390 2995 Cum
1409 2965 1443 2995 ad
1456 2950 1671 2995 'refraenandum
1703 2963 1858 2995 Scotorum
1872 2987 1882 3003 ,
1909 2963 2098 2995 Inimicorum
2119 2964 2154 2995 &
2177 2963 2335 2995 Rebellium
2361 2944 2480 3001 2331&-

1268 3004 1445 3041 nostrorum,
1463 3003 1628 3033 obstinatam
1650 3002 1832 3041 Nequitiam,
1851 3002 1888 3033 de
1908 3004 2061 3034 communi
2083 3001 2220 3033 Concilio
2242 3003 2337 3039 Regni
2360 3015 2380 3039 E
2404 3020 2431 3040 2,

1269 3042 1371 3080 nostri,
1390 3041 1640 3081 Ordinaverimus,
1660 3042 1693 3072 &
1709 3041 1765 3071 effe
1777 3051 1983 3080 proponamuS,
2001 3040 2134 3072 Domino
2147 3041 2339 3079 concedente,
2359 3055 2425 3078 5505¹
2452 3058 2495 3077 η,

1268 3080 1343 3118 apud
1359 3080 1483 3110 Novum
1499 3079 1630 3110 Castrum
1644 3080 1723 3117 super
1738 3081 1872 3120 Tynam,
1890 3090 1959 3111 cum
1978 3079 2107 3109 Exercitu
2122 3079 2238 3116 nostro,
2255 3089 2341 3117 quan·
2360 3093 2391 3116 E.
2411 3097 2436 3115 2,
2457 3096 2497 3122 m,

1270 3127 1302 3149 to
1322 3120 1460 3156 potentius
1474 3119 1644 3158 poterimus,
1665 3129 1681 3148 a
1697 3118 1744 3148 die
1757 3119 1923 3149 Nativitatis
1944 3118 2039 3149 Sancti
2058 3117 2194 3155 Johannis
2211 3117 2340 3155 Baptistae
2362 3128 2390 3154 6,

1269 3158 1401 3196 proximo
1422 3158 1580 3195 praeterito,
1598 3157 1627 3187 in
1650 3166 1737 3187 unum
1754 3156 1906 3194 Mensem,
1928 3156 1962 3186 ad
1983 3155 2215 3193 proficiscendum
2239 3157 2342 3186 exinde

1271 3205 1370 3226 contra
1391 3195 1483 3226 dictos
1502 3195 1639 3225 Inimicos
1653 3196 1686 3226 &
1702 3195 1832 3226 Rebelles
1852 3195 1974 3232 nostros,
1994 3193 2026 3224 ad
2048 3192 2171 3230 ipsorum
2198 3193 2341 3225 Malitiam

1271 3234 1394 3266 Viriliter
1409 3236 1442 3265 ὅ(
1460 3234 1608 3272 Potenter,
1623 3243 1693 3264 cum
1709 3233 1766 3263 Dei
1781 3234 1935 3272 adjutorio,
1951 3232 2155 3270 extirpandam:

1306 3272 1360 3312 Et,
1376 3274 1406 3303 in
1419 3273 1579 3303 Subiidium
1600 3272 1792 3310 Expeditionis
1807 3271 1908 3302 nostrae
1925 3270 2082 3311 praedictae,
2100 3269 2244 3300 Homines
2256 3269 2340 3300 Pedi-

1270 3320 1328 3350 tes,
1345 3312 1379 3342 ad
1395 3311 1485 3342 Arma
1498 3320 1641 3351 potentes,
1660 3310 1769 3350 expedit
1782 3310 1851 3340 Nos
1864 3310 1983 3347 habere,

1309 3350 1518 3388 Affignavimus
1534 3360 1584 3380 vos
1599 3350 1632 3380 ad
1648 3349 1811 3386 eligendum
1828 3349 1857 3377 in
1876 3348 1972 3378 Terris
1984 3347 2017 3378 ὃς
2041 3346 2142 3377 Feodis
2161 3345 2272 3384 vestris,
2291 3355 2340 3383 pei·

1271 3399 1322 3420 vos
1337 3388 1382 3419 seu
1397 3389 1481 3427 alios,
1499 3398 1570 3427 quos
1584 3388 1617 3418 ad
1634 3387 1690 3417 hoc
1713 3388 1844 3424 deputare
1860 3387 2019 3423 volueritis,
2036 3385 2104 3415 Duo
2127 3383 2209 3414 Milia
2227 3383 2339 3414 Homi-

1271 3438 1342 3458 num
1359 3427 1490 3458 Peditum
1511 3430 1644 3465 (quorum
1660 3425 1743 3455 Mille
1764 3426 1814 3455 sint
1828 3425 1981 3461 Aketonis,
2001 3424 2152 3459 BacinetiS,
2165 3422 2204 3464 y&
2227 3421 2340 3452 Cirote-

1271 3467 1310 3496 cis
1324 3466 1435 3503 ferreis,
1452 3476 1485 3496 ac
1499 3466 1557 3496 aliis
1571 3466 1668 3495 Armis
1681 3465 1906 3501 competentibus
1929 3463 2056 3497 Armati,
2073 3461 2105 3491 &
2123 3459 2207 3502 Mille
2225 3460 2276 3502 sint
2289 3460 2340 3491 Sa-

1271 3506 1375 3543 gittarii
1397 3505 1489 3534 Armis
1512 3503 1738 3540 competentibus
1761 3501 1884 3531 similiter
1904 3501 2015 3536 muniti)
2043 3498 2078 3528 de
2102 3497 2283 3528 validioribus
2303 3499 2337 3530 ὅ(

1271 3543 1473 3584 potentioribus
1491 3543 1642 3572 Terrarum
1665 3541 1698 3570 ὃς
1720 3540 1880 3569 Feodorum
1902 3538 2055 3568 vestrorum
2077 3535 2289 3573 praedictorum:
2307 3537 2341 3567 &¹

1271 3583 1307 3613 ad
1321 3581 1433 3612 eosdem
1447 3580 1590 3611 Homines
1603 3579 1637 3609 ad
1651 3578 1733 3615 Nos,
1759 3577 1842 3617 usque
1860 3576 1965 3606 dietam
1986 3574 2090 3604 Villam
2110 3573 2155 3617 de·
2166 3574 2260 3605 Novo
2282 3574 2341 3606 Ca-

1272 3620 1348 3659 stm,
1363 3619 1542 3657 ducendum,
1560 3620 1595 3649 ita
1606 3617 1683 3657 quod
1699 3617 1750 3645 sint
1769 3616 1889 3652 ibidem,
1907 3615 1936 3643 in
1951 3612 2051 3655 Mense
2070 3612 2208 3655 praedidio
2224 3612 2258 3642 ad
2277 3614 2341 3644 ulti-

1273 3670 1354 3690 mum
1365 3682 1374 3698 ,
1389 3659 1516 3696 prompti
1532 3657 1565 3688 &
1590 3656 1692 3693 parati,
1710 3655 1744 3684 &
1765 3654 1875 3690 Armis,
1893 3660 1923 3681 ut
1947 3658 2141 3689 praemittitur,
2160 3650 2287 3690 Muniti,
2303 3651 2341 3683 ad

1271 3696 1506 3738 proficiscendum
1522 3696 1621 3725 exinde
1635 3692 1782 3722 nobiscum
1817 3691 1849 3720 ad
1867 3689 1948 3720 vadia
1961 3688 2053 3719 nostra
2087 3696 2184 3731 contra
2202 3690 2343 3721 inimicos

1272 3735 1380 3768 nostros
1395 3735 1581 3772 supradictos,
1607 3732 1641 3761 ad
1660 3739 1758 3760 eorum
1782 3713 1943 3766 Malitiam,
1961 3737 2030 3758 cum
2054 3711 2111 3758 bei
2128 3727 2284 3767 adjutorio,
2300 3738 2345 3759 re-

1308 3776 1312 3781 '
1363 3773 1461 3803 ndum.

1270 3784 1429 3843 priffieideb
1446 3810 1528 3840 vobis
1543 3806 1729 3845 Mandamus,
1747 3804 1826 3844 quod
1847 3803 1998 3844 praedictos
2011 3803 2155 3835 Homines
2169 3802 2280 3835 Pedites
2294 3804 2344 3835 eli-

1273 3854 1306 3890 gi
1320 3850 1443 3885 faciatis,
1462 3849 1495 3879 &
1507 3856 1556 3876 eos
1569 3846 1603 3877 ad
1618 3844 1700 3883 Nos,
1718 3844 1753 3875 ad
1767 3843 1855 3874 Diem
1877 3844 1910 3874 &
1923 3843 2036 3874 Locum
2051 3843 2219 3882 praedictos,
2238 3842 2346 3875 ducatis

1271 3895 1302 3923 in
1314 3887 1410 3919 forma
1421 3884 1563 3924 praedicta.

1311 3927 1345 3958 ln
1363 3927 1456 3964 cujus,
1473 3924 1534 3954 &c.

1312 3963 1402 3998 Teste
1420 3962 1504 4003 Rege
1519 3960 1593 4001 apud
1608 3959 1756 3999 Eborum,
1771 3960 1868 3999 primo
1883 3958 1930 3990 die
1943 3957 2020 3997 Julii.

1792 4009 1869 4080 ΖΡὶν
1886 4006 1969 4049 ipfitm
1985 4010 2081 4048 Regem
2099 4005 2352 4074 &conciliaran-
