2562 4279
780 151 892 193 ET
974 152 1268 201 ACTA,

62 231 140 263 ΑΜ·
154 229 196 260 D·
254 238 342 275 Super
378 248 416 269 uo
427 237 589 275 supplicavit
607 238 690 267 nobis
703 237 796 268 dietus
810 236 924 276 Abbas,
938 246 969 268 ut
984 238 1033 268 sibi
1047 238 1125 276 super
1138 238 1196 269 hoc
1212 246 1276 276 pro-

83 279 168 309 1341·
212 277 307 308 videre
321 277 355 307 de
400 277 512 306 emedio
524 276 716 315 dignaremur:

61 313 128 337 ΕΜ·
150 317 176 345 3·
251 315 289 346 Et
311 317 374 354 quia
395 316 544 355 praedictus
568 315 663 344 Abbas
678 337 686 352 ,
704 315 747 345 seu
764 311 985 344 Praedecessores
999 314 1176 358 sui‘praedieci
1212 322 1276 344 ante

740 353 775 382 de
789 352 929 383 veniendo
945 352 978 382 ad
1000 352 1160 390 hujusmodi
1174 337 1276 383 Rarlia-

703 377 922 429 1³’rogenitorum
941 389 1104 420 nostrorum
1118 390 1163 420 seu
1181 390 1274 421 nostra

213 431 378 462 summoniti
401 440 461 460 non
478 429 590 460 fuerunt
604 452 613 467 ,
633 429 703 460 sicut
720 439 768 469 per
788 428 994 468 inspectionem
1007 427 1183 459 Rotulorum
1198 427 1276 461 Caii-

212 470 330 501 cellariae
344 468 448 499 nostrae
463 469 544 498 nobis
558 467 686 506 constat,

248 508 317 538 Nos

252 531 488 576 Con'fideratione
501 544 704 582 praedictorum
713 567 722 582 ,
741 543 866 587 volentes
880 542 1026 574 Securitati
1045 544 1078 575 &
1092 545 1191 584 Qieti
1204 554 1276 584 prae-

216 585 286 616 dic‘ti
303 584 419 614 Abbatis
436 584 468 614 &
483 583 682 614 Successorum
695 582 809 612 suorum
824 591 853 610 in
868 581 920 611 hac
938 591 1013 619 parte
1028 585 1195 623 providere,

251 622 391 654 Volumus
406 622 439 653 δε
455 621 639 652 concedimus
653 630 706 658 pro
721 619 836 662 Nobis,
849 619 882 649 &
891 619 1059 651 Haeredibus
1072 623 1173 653 nostris
1181 624 1277 662 ,quod

215 661 293 691 idem
311 661 406 690 Abbas
447 669 493 691 aut
514 659 693 690 Succeffores
714 659 770 696 lui,
787 657 823 687 de
842 659 981 689 veniendo
994 660 1028 690 ad
1043 660 1224 692 parliamenta
1244 663 1277 692 ὃς

217 699 351 730 Concilia
371 684 466 729 nostra
480 718 495 736 ,v
514 698 558 729 vel
576 696 735 727 Haeredum
754 695 918 739 nostrorum
933 720 942 736 ,
971 699 1068 729 futuris
1087 701 1279 739 temporibus,

217 738 371 768 nullatenus
384 739 614 768 summoneantur
622 758 631 772 ,
647 744 700 764 nec
710 738 879 778 ³'occalione
891 736 1101 767 non-adventus
1114 738 1152 769 sui
1166 739 1200 769 ad
1212 739 1279 770 Par-

216 777 349 807 liamenta
369 776 402 806 ὃς
423 775 554 806 Concilia
571 772 729 815 hujusmodi
746 796 755 810 ,
774 782 822 812 per
843 773 929 811 Nos,
947 776 991 805 vel
1004 774 1139 806 Haeredes
1154 777 1277 816 nostros,

217 816 263 846 seu
277 815 431 845 Haeredum
446 812 608 843 nostrorum
622 814 833 850 quoscumque,
846 814 1076 852 occasionentur,
1092 816 1280 855 impetiantur,

218 853 404 884 molestentur
419 852 448 881 in
469 851 579 888 aliqu0‚
596 848 641 879 seu
656 858 821 888 graventur,
839 852 875 881 ita
893 860 988 882 tamen
1005 853 1084 890 quod
1100 855 1148 892 ipli
1164 855 1193 884 iri
1210 854 1280 885 Pro-

217 901 357 922 curatores
370 914 380 930 ,
402 889 435 920 ad
457 887 613 925 hujusmodi
634 887 818 919 Parliarnenta
839 890 872 919 ὃς
894 889 1026 920 Concilia
1054 892 1206 923 mittendos
1230 903 1280 932 per

220 930 356 968 Clerum,
375 927 565 964 consentiant,
582 926 631 964 ὃς,
647 934 678 958 ut
697 929 785 958 moris
807 927 864 967 est,
879 937 931 968 pro
946 928 1079 967 Expensis
1099 932 1280 963 contribuant

217 968 395 1001 eorumdem.

257 1008 291 1038 In
305 1007 397 1044 cuim,
415 1005 475 1036 &c-

290 1043 380 1076 Teste
394 1043 476 1084 Rege
490 1043 564 1082 apud
576 1043 864 1076 westmonasterium
872 1068 882 1084 ,
899 1045 1021 1076 secundo
1034 1046 1081 1077 die
1095 1046 1177 1079 Maii.

212 355 380 395 praeclietum
399 354 518 383 Annum
537 352 696 382 Decimum

214 400 308 423 menta
328 393 361 423 &3
383 391 513 422 Concilia
535 391 679 421 dictorum

711 1123 764 1151 Per
777 1125 870 1152 Breve
885 1123 916 1152 de
924 1126 1038 1161 privato
1055 1124 1152 1162 Sigillo.

257 1247 315 1283 Ad
333 1250 479 1281 Comitem
496 1247 661 1293 Naſjoviae,
682 1247 771 1294 super
792 1251 922 1282 Pecunia
942 1258 996 1281 aut
1006 1248 1172 1294 filvemla,
1196 1260 1251 1283 aut

566 1298 718 1342 Homagio
737 1296 914 1343 resignando.

73 1381 148 1412 Ann.
163 1379 204 1410 D.
223 1382 368 1440 REX,
384 1382 525 1421 speeiabili
546 1380 672 1412 Gerlaco
687 1405 696 1420 ,
713 1381 829 1412 Comiti
848 1381 883 1412 de
903 1382 1035 1422 Nassou,
1054 1383 1162 1414 Amico
1179 1383 1227 1415 suo
1242 1395 1288 1416 ca-

96 1429 178 1459 1341.
296 1421 421 1460 riffimo,
437 1420 570 1451 Salutem.

72 1463 123 1485 Aa.
148 1468 187 1493 ις.
263 1459 412 1490 Accedens
433 1458 468 1489 ad
488 1458 661 1497 praesentiam
684 1459 808 1489 nostram
825 1459 957 1490 Famulus
979 1459 1068 1490 vester
1092 1461 1218 1501 Voltzo,
1236 1473 1289 1493 nos

74 1502 94 1524 E
99 1518 103 1523 ·
124 1507 147 1527 κ.
226 1499 304 1537 super
317 1497 444 1529 facienda
456 1497 507 1528 sibi
521 1497 669 1528 Solutione
683 1497 835 1536 Pecuniae,
853 1498 936 1529 vobis
949 1507 998 1537 per
1012 1509 1063 1529 nos
1080 1499 1183 1530 debita:
1192 1524 1201 1539 ,
1219 1511 1287 1531 curn

73 1536 208 1572 (linus-15.
225 1537 355 1568 instantia
368 1536 517 1576 requisivit.

74 1578 104 1601 E.
127 1583 152 1610 3-
264 1577 302 1607 Et
319 1576 434 1614 quidem
448 1574 554 1605 dietam
568 1574 763 1614 Solutionem,
783 1575 802 1605 fi
817 1574 930 1606 facultas
942 1575 1067 1607 arrisisset
1074 1586 1106 1607 ac
1123 1577 1290 1616 commoda,

73 1618 98 1649 p·
124 1622 146 1639 1·
225 1614 407 1646 libentissime
420 1613 587 1644 fecissemus.

74 1650 211 1686 ’11-17A0V-
265 1653 313 1684 Set
329 1654 399 1684 sicut
409 1652 482 1682 idem
495 1651 594 1682 Ultzo
608 1651 667 1682 satis
687 1651 771 1690 vidit,
790 1660 833 1682 tot
842 1653 901 1690 jam
917 1651 1009 1682 sumus
1029 1652 1138 1682 diversis
1151 1652 1288 1691 Occupa-

225 1692 351 1724 tionibus
364 1692 397 1722 &
419 1690 565 1721 Oneribus
582 1690 736 1730 implicati,
754 1691 834 1728 quod
854 1691 939 1728 ipsam
961 1690 1118 1721 commode
1132 1691 1223 1722 facere
1240 1702 1288 1722 ne-

225 1732 369 1772 quivimus
382 1729 432 1760 ista
444 1730 525 1767 vice,

262 1770 351 1810 Super
367 1779 426 1809 quo
439 1767 599 1805 specialius,
616 1777 674 1806 quo
690 1766 836 1805 possumus
851 1790 860 1806 ,
878 1776 930 1798 vos
946 1776 1075 1806 rogamus
1090 1791 1098 1805 ,
1116 1769 1243 1806 quatinus
1260 1769 1291 1799 in

223 1819 277 1840 nos
290 1832 300 1847 ,
317 1809 385 1838 hinc
403 1808 437 1838 ad
455 1806 641 1846 Qindenam
660 1805 724 1842 post
743 1804 845 1836 instans
867 1805 984 1836 Festum
1008 1805 1173 1837 Nativitatis
1195 1807 1290 1837 Sancti

220 1848 360 1888 johannis
375 1845 505 1885 Baptistae
520 1867 530 1883 ,
547 1843 625 1881 super
638 1843 696 1873 hoc
711 1842 875 1874 Patientiam
891 1845 1013 1875 habeatis
1028 1856 1038 1882 ·,
1056 1845 1089 1875 ὃς
1107 1854 1176 1875 tunc
1191 1847 1291 1884 vobis,

225 1886 298 1925 apud
315 1885 476 1922 Buxollam,
495 1882 688 1913 satisfaciemus
703 1882 840 1921 plenarie,
858 1882 928 1913 Deo
944 1883 1039 1913 Duce.

262 1924 297 1954 In
317 1923 372 1962 qua
396 1922 543 1953 Solutione
559 1944 568 1959 ,
586 1921 605 1951 si
627 1920 723 1958 (quod
740 1921 832 1956 abiit)
849 1921 970 1952 deficere
991 1931 1044 1951 nos
1067 1923 1214 1960 contingat
1231 1946 1240 1961 ,
1258 1924 1291 1954 &

226 1973 277 1994 vos
292 1962 400 1992 fadtum
418 1961 501 1991 nobis
515 1959 696 1996 I-lomagium
731 1967 823 1996 ropter
837 1959 894 1989 hoc
914 1968 983 1990 tunc
1000 1960 1143 1991 volueritis
1156 1962 1292 1998 resignare

226 2001 330 2031 eodem
353 2000 442 2030 modo
457 2022 466 2037 ,
492 2008 550 2036 quo
569 2008 646 2027 nunc
673 1998 698 2027 ei
719 2007 767 2026 em
790 1997 929 2029 Voltzoni
950 1998 1119 2036 potestatem
1141 1999 1294 2038 resignandi

228 2039 325 2070 vestris
340 2038 501 2068 patentibus
518 2036 617 2065 Literis
630 2035 806 2074 contulistis,
824 2047 874 2068 vos
888 2037 1051 2068 habebimus
1069 2037 1126 2069 fine
1145 2039 1214 2070 nota
1227 2049 1294 2078 qua-

230 2078 299 2108 libet
316 2075 522 2115 ingratitudinis
533 2075 680 2104 excusatos.

267 2114 336 2146 Dat.
350 2114 424 2153 apud
438 2113 481 2144 W
482 2111 744 2151 estmonasterium,
764 2114 848 2145 tertio
862 2113 907 2145 die
922 2113 1002 2144 Maii.

297 2245 390 2288 Super
408 2243 581 2289 illarimgio
599 2241 729 2274 Leonelli
748 2242 822 2274 Filii
841 2244 926 2288 Regis
947 2254 1015 2275 cum
1032 2242 1114 2275 Filia
1136 2254 1227 2289 nuper

627 2291 748 2322 Comitis
774 2290 906 2323 Ultom‘ae.

83 2391 160 2421 Asm-
174 2388 217 2419 D·
237 2374 554 2434 REXanilfflS’
572 2373 607 2405 ad
622 2384 711 2413 quos,
729 2374 790 2406 &c.
805 2374 938 2407 Salutem.

334 2415 432 2446 Sciatis
445 2415 541 2454 quod,

85 2437 191 2495 ,423411'
275 2453 376 2491 Cum,
394 2464 427 2484 ex
464 2462 522 2484 arte
535 2451 737 2490 Praelatorum,
756 2451 914 2483 Nobilium
929 2477 938 2491 ,
957 2454 990 2484 ὃς
1007 2453 1207 2492 Popularium,
1225 2453 1301 2484 Ter-

84 2510 106 2534 E
131 2490 150 2542 ’3
172 2477 200 2502 5⁸
240 2502 280 2522 rae
292 2491 398 2522 nostrae
451 2492 582 2529 iberniae,
597 2491 680 2521 nobis
693 2490 723 2520 fit
744 2500 813 2521 cum
826 2491 956 2523 instantia
973 2492 1185 2531 Supplicatum,
1204 2501 1251 2530 ut,
1267 2493 1301 2523 ad

85 2529 137 2572 PL„
179 2553 188 2571 ι
242 2540 378 2567 magnam
393 2530 626 2561 Consolationem
642 2529 676 2559 &
688 2529 871 2560 Securitatem
886 2530 1055 2560 eorumdem
1064 2554 1074 2569 ,
1091 2532 1123 2560 ἃ
1137 2529 1170 2560 ad
1180 2529 1303 2561 Fomen-

87 2587 109 2610 12·
141 2566 147 2572 ’
193 2552 221 2580 5'
241 2577 304 2600 tum
319 2568 508 2606 Devotionis,
524 2569 557 2599 ὃ(
570 2567 735 2605 Fidelitatis,
748 2566 852 2608 Populi
867 2568 951 2599 didiae
964 2568 1156 2607 Terrae,erga
1170 2568 1303 2600 Domum

113 2604 118 2609 “
136 2592 161 2620 3⁴
243 2607 367 2638 nostram
382 2606 507 2646 Regiam
521 2606 684 2644 propensius
698 2606 992 2646 dilatandae,velimus
1002 2607 1162 2646 praeclaram
1175 2606 1306 2639 Elizabe-

85 2627 181 2687 2¹20
240 2647 338 2684 tham,
355 2645 452 2675 Filiam
472 2645 505 2675 &
526 2643 685 2673 Haeredem
705 2644 856 2675 Willielmi
871 2646 906 2676 de
925 2645 1023 2683 Burgo
1035 2669 1045 2685 ,
1071 2656 1108 2675 nu
1130 2656 1159 2676 er
1179 2644 1306 2677 Comitis

185 2680 192 2687 ⁰
239 2684 373 2715 Ultoniae
384 2683 511 2714 defuncti
528 2681 645 2720 (quide
660 2682 741 2724 nobis
755 2684 846 2713 tenuit
867 2685 896 2714 in
913 2684 1034 2721 Capite)
1056 2686 1085 2714 in
1131 2683 1241 2715 ustodia
1253 2695 1308 2716 no-

237 2721 493 2790 striaqexistentem,
510 2720 649 2751 Leonello
664 2719 737 2750 Filio
751 2720 851 2752 nostro
868 2721 1010 2753 cariffimo
1024 2722 1114 2754 facere
1130 2724 1271 2762 maritari,

313 2770 345 2790 os

219 2831 224 2836 ⁸
273 2800 289 2815 ¹*
309 2783 511 2836 Supplicationi
526 2796 668 2834 praedietae
680 2797 806 2829 volentes
821 2806 855 2828 ex
871 2799 956 2830 caulis
968 2800 1126 2838 praedic‘tis,
1140 2810 1254 2831 necnon
1269 2799 1303 2831 ad

239 2836 465 2874 Requisitionem
477 2858 485 2874 ,
504 2836 616 2866 dileetae
637 2835 862 2875 Consanguineae
881 2837 1003 2875 nostrae,
1171 2838 1305 2869 Comitis-

235 2874 271 2905 sae
286 2874 434 2912 Ultoniae,
453 2874 554 2904 Matris
568 2873 648 2910 ipsius
662 2873 852 2912 Elizabethae‚
872 2875 1099 2906 condescendere
1111 2877 1243 2915 gratiose,

276 2913 416 2944 Volumus
439 2913 472 2943 &
493 2912 698 2951 concedimus,
716 2920 851 2950 quantum
876 2914 905 2942 in
927 2914 1010 2944 nobis
1025 2913 1084 2953 est,
1099 2914 1178 2952 quod
1193 2914 1306 2954 praefata

238 2951 405 2982 Elizabetha
424 2950 505 2982 dieto
527 2950 666 2980 Leonello
681 2974 690 2990 ,
707 2950 777 2980 cum
799 2950 929 2982 AEtatem
947 2975 957 2990 ,
975 2952 1010 2982 ad
1026 2953 1084 2983 hoc
1097 2953 1222 2992 Aptam,
1239 2955 1304 2985 atti—

239 2992 327 3029 gerit,
347 2990 380 3021 &
393 2999 452 3020 non
466 2988 569 3027 Alteri,
585 2988 644 3026 ipso
660 2988 799 3018 Leonello
812 2990 943 3027 vivente,
962 2991 1123 3030 maritetur,

275 3028 312 3059 Et
328 3028 363 3068 si,
381 3028 458 3066 quod
479 3027 560 3057 Deus
581 3035 684 3058 avertat
697 3050 706 3064 ,
724 3026 801 3056 idern
817 3027 968 3058 Leonellus
983 3051 993 3066 ,
1011 3029 1169 3068 priusquam
1184 3030 1304 3068 Sponsa-

239 3067 292 3105 lia,
310 3068 354 3097 vel
375 3066 595 3097 Matrimonium
610 3088 619 3104 ,
636 3075 704 3096 cum
719 3065 796 3095 dista
811 3065 977 3096 Elizabetha
997 3069 1182 3106 contraxerit,
1200 3070 1230 3098 in
1251 3069 1305 3100 fata

240 3105 376 3144 decedat,
393 3106 499 3136 {alvum
514 3105 545 3134 sit
560 3105 643 3134 nobis
657 3103 842 3142 Maritagium
864 3104 945 3143 ipfius
967 3104 1159 3145 Elizabethae,
1177 3115 1209 3138 ut
1227 3107 1306 3146 super

241 3143 434 3211 colpoffirnus
443 3167 474 3213 ,ἃ
472 3152 556 3181 prout
574 3143 609 3174 ad
622 3153 674 3173 nos
689 3143 824 3182 pertinet,
842 3142 979 3173 ordinare.

297 3192 315 3210 n
329 3191 422 3219 culus,
478 3192 504 3212 c.

279 3218 370 3250 Teste
387 3219 469 3260 Rege
485 3220 559 3258 apud
570 3218 879 3260 Westmonastmium,
897 3221 998 3259 quinto
1015 3219 1060 3251 die
1076 3220 1159 3252 Maii.

90 2804 110 2825 ὕ
121 2808 213 2844 V.248

421 3298 475 3326 Per
489 3296 571 3336 infirm
584 3299 679 3335 Regem
693 3320 704 3336 ,
723 3295 760 3332 έν
772 3305 818 3336 per
829 3299 923 3328 Breve
937 3298 969 3328 de
984 3300 1102 3328 Privato
1113 3296 1215 3336 Sigillo.

310 3429 368 3459 Pro
386 3423 508 3459 Abbate
526 3425 562 3458 de
580 3424 754 3468 Tharmata,
777 3424 814 3458 de
834 3438 891 3458 non
911 3426 1052 3460 veniendo
1071 3426 1115 3460 ad
1132 3427 1254 3461 Parlia-

708 3483 854 3506 mentum.

104 3578 180 3610 Arm·
195 3576 236 3607 D·
253 3560 383 3618 REX
403 3560 560 3604 Omnibus,
581 3560 615 3590 ad
626 3568 723 3627 quosc,
735 3559 797 3590 ὅτε.
816 3557 951 3603 Salutem.
1053 3598 1059 3604 Δ
1188 3599 1193 3605 Ι
1218 3599 1223 3605 ·

367 3598 542 3629 Monstravit
563 3598 646 3627 nobis
660 3621 669 3636 ,
718 3597 813 3627 iledtus
835 3598 917 3628 nobis
935 3608 964 3628 in
987 3596 1121 3636 Christo,
1139 3598 1313 3631 Willielmus

105 3626 138 3683 Al
145 3625 212 3656 34¹⁵
254 3638 350 3669 Abbas
370 3638 407 3668 de
428 3636 586 3667 Thornton
607 3636 688 3674 quod
700 3659 710 3675 ,
728 3635 792 3666 licet
811 3636 866 3674 ipse
888 3646 946 3666 non
965 3644 1057 3667 teneat
1071 3646 1119 3674 per
1133 3636 1312 3678 Barroniam,

133 3666 158 3683 η’
177 3665 217 3692 ¹5⁸
254 3676 314 3711 (ἶφι.
327 3683 408 3715 prout
418 3675 503 3715 supra
517 3675 549 3704 de
562 3673 676 3714 secundo
697 3676 786 3712 Maii,
803 3680 866 3703 tunc
890 3685 930 3713 ιι,
948 3682 1012 3704 ante
1032 3675 1154 3705 Annum
1169 3676 1312 3715 Qintum

104 3698 184 3759 {2223}
250 3716 365 3754 Regni,
384 3715 496 3745 celebris
510 3712 803 3751 memoriae,Domini
816 3711 849 3742 E.
894 3714 950 3752 egis
960 3712 1005 3742 An
1025 3712 1087 3751 liae,
1104 3713 1191 3744 Patris
1205 3715 1312 3755 nostri,

106 3774 128 3797 E
159 3753 163 3758 ¹
190 3741 216 3768 5'
253 3755 422 3786 summoniti
437 3763 495 3783 non
510 3752 629 3791 fuerint,
648 3751 726 3781 sicuti
745 3761 799 3781 nec
817 3751 975 3789 debebant,
997 3720 1057 3786 gae,
1067 3758 1150 3790 prout
1155 3752 1240 3792 fi'epra
1255 3765 1313 3785 mu..

132 3792 136 3797 ”
154 3779 186 3833 ,3’
256 3797 326 3823 tatis
340 3799 512 3831 competenter
524 3790 669 3820 mutandis.

104 3815 133 3874 ζὴ
162 3830 191 3881 9'
292 3830 382 3862 Teste
398 3830 483 3869 Rege
496 3829 570 3868 apud
582 3826 893 3867 Westmonasteriurn,
911 3828 1015 3860 octavo
1029 3828 1076 3859 die
1091 3827 1172 3859 Maii.

760 3907 813 3936 Per
826 3908 919 3936 Breve
933 3904 965 3937 de
974 3908 1092 3945 privato
1107 3905 1204 3944 sigillo.

368 4057 440 4086 Tom.
455 4058 497 4088 ΙΙ.
513 4059 546 4088 P.
555 4061 603 4089 IV.

1319 141 1791 199 PUBLICA.

2326 179 2388 217 99

2394 244 2471 278 Ann.
2486 249 2527 280 D.

2419 293 2504 325 1341·

1451 327 1614 368 Corfimiles
1633 330 1737 362 Literae
1754 340 1809 376 pro
1826 333 1930 365 Priore
1946 330 1982 364 de
2000 330 2242 381 Sempryngham.
2393 324 2462 353 Edv.
2481 337 2505 363 3·

1323 407 1454 461 REX
1471 409 1632 457 Omnibus,
1652 414 1790 460 adquo's,
1809 416 1869 447 &c.
1889 416 2022 461 Salutem.
2079 456 2084 461 ¹
2293 457 2298 463 Ι
2397 423 2448 448 An.
2474 424 2517 456 15⁴ss

1439 447 1613 482 Monstravit
1629 453 1723 490 nobis,
1742 454 1857 485 dilectus
1870 455 1953 485 nobis
1968 465 1996 484 in
2015 454 2131 485 Christo
2251 457 2335 488 Prior
2342 457 2378 488 de
2398 464 2429 487 Ε,
2448 468 2472 494 3.

1321 482 1547 531 Sempryngharn
1563 512 1572 527 ,
1597 490 1676 527 quod
1691 501 1760 521 cum
1775 493 1830 531 ipse
1846 491 1905 526 &a
1925 501 1955 522 ut
1965 493 2049 532 supra
2063 498 2175 524 mutatis
2188 496 2323 526 mutandis
2338 496 2381 535 us·
2434 497 2498 526 ibid.

1321 532 1370 562 que
1383 522 1421 552 tbi
1436 523 1473 558 ὠ»
1487 532 1551 555 tunc
1569 527 1620 566 fic,
1635 537 1698 558 ante
1720 530 1837 560 Annum
1851 530 1948 568 Regni
1970 531 2056 561 nostri
2072 532 2231 563 Decimum
2245 536 2380 572 proximo

1321 563 1490 605 praeteritum
1508 563 1569 598 &cl
1589 573 1619 594 ut
1635 566 1719 605 fhpra
1734 572 1847 599 mutatix
1863 570 1999 600 mutandis
2018 570 2096 611 usque
2111 570 2149 602 ibi
2159 595 2168 610 ,
2184 581 2237 610 pro
2250 571 2385 611 Expensis

1323 601 1482 631 contribuat
1496 604 1673 634 eorumdem.

1360 637 1393 668 In
1410 639 1503 679 cujus,
1523 642 1583 672 &c.

1382 676 1479 714 ¹Teste
1495 687 1526 709 ut
1538 679 1623 718 supra.

1826 724 1879 752 Per
1892 725 1984 753 Breve
2000 724 2031 753 de
2047 725 2166 756 Privato
2180 724 2280 764 Sigillo.

1362 843 1411 874 De
1428 843 1541 886 Lanis,
1561 853 1616 890 pro
1635 842 1857 879 Deliberatione
1875 850 1997 881 comitis
2016 847 2148 892 Derbiae,
2176 848 2347 884 liberandis.

1327 926 1383 981 R
1393 925 1458 957 EX
1475 926 1662 969 Captoribus,
1681 929 1888 971 Provisoribus,
1906 932 1939 963 &
1954 931 2161 972 Receptoribus
2177 934 2336 973 Lanarum,
2350 935 2384 965 ad
2404 929 2482 959 Ann·
2496 928 2539 961 D.·

1403 975 1475 1009 opus
1489 967 1635 1007 nostrum,
1655 970 1684 998 in
1701 967 1848 1000 Comitatu
1864 970 2120 1010 Norhamptoniae,
2140 973 2270 1003 Salutem.
2427 977 2514 1008 1341-

1365 1003 1443 1048 Qia'
1464 1014 1513 1048 per
1534 1005 1601 1036 Nos
1622 1008 1655 1037 &
1675 1006 1840 1039 Concilium
1861 1009 1991 1040 nostrum
2005 1010 2166 1040 ordinatum
2181 1012 2214 1041 ὃ(
2226 1012 2384 1042 concorda·
2404 1011 2455 1034 An.
2475 1017 2518 1042 15·

1326 1047 1387 1071 tum
1402 1042 1508 1081 existit,
1527 1044 1607 1086 quod
1619 1053 1709 1075 certus
1722 1046 1869 1077 Numerus
1884 1048 2040 1078 Saccorum
2054 1047 2160 1086 Lanae,
2178 1050 2213 1078 de
2236 1050 2334 1087 Lanis,
2350 1051 2384 1081 ad
2406 1049 2435 1072 E.
2452 1055 2477 1081 3·

1327 1088 1398 1116 opus
1410 1080 1540 1125 nostrum
1553 1091 1582 1111 in
1597 1080 1746 1114 Comitatu
1761 1085 1919 1124 praediCm,
1937 1087 1971 1117 ὃ(-
1990 1086 2102 1117 diversis
2124 1087 2181 1116 aliis
2195 1087 2385 1119 Comitatibus
2406 1083 2546 1120 ClausJfi

1328 1117 1425 1161 Regni
1445 1119 1533 1162 nostri
1554 1120 1669 1163 Angliae
1681 1144 1691 1159 ,
1708 1124 1793 1161 captis
1808 1146 1818 1160 ,
1836 1123 1869 1153 ad
1882 1133 1969 1163 partes
1984 1123 2193 1155 Transmarinas
2206 1136 2258 1166 pro
2271 1126 2386 1156 Delibe-
2407 1125 2438 1148 E.
2462 1131 2487 1157 3·

1328 1165 1453 1203 ratione,
1471 1157 1566 1201 dilecti
1581 1158 1789 1198 Consanguinei
1802 1162 1834 1191 &
1850 1162 1951 1192 Fidelis
1963 1162 2069 1201 nostri,
2087 1162 2209 1194 Henrici
2224 1164 2258 1194 de
2278 1164 2386 1195 Lanca-
2404 1165 2429 1196 P·
2453 1168 2476 1186 ¹·

1330 1194 1397 1224 stria
1411 1194 1534 1239 Comitis
1548 1196 1681 1234 Derbiae,
1699 1198 1807 1228 ibidem
1819 1199 1976 1238 existentis,
1995 1201 2119 1232 celeriter
2132 1203 2343 1242 transmittatur,
2409 1205 2447 1225 ⁷⁷²·
2464 1206 2506 1225 ¹0·

1366 1232 1403 1263 Et
1418 1234 1579 1271 quibusdam
1602 1236 1711 1266 Amicis
1733 1237 1833 1267 nostris
1846 1260 1856 1275 ,
1875 1239 1922 1275 qui
1946 1237 2187 1270 Deliberationem
2208 1241 2283 1271 illam
2300 1241 2390 1273 facere

1330 1271 1528 1340 affliilmserunt,
1542 1274 1619 1312 juxta
1633 1274 1762 1313 quasdam
1778 1274 1993 1307 conventiones
2007 1277 2073 1307 inde
2085 1277 2187 1317 factas,
2206 1279 2353 1318 liberetur,

1403 1320 1451 1349 os,

1369 1348 1590 1381 Ordinationem
1608 1353 1772 1392 praedictam
1793 1352 1963 1384 Executioni
1987 1354 2090 1385 debitae
2117 1355 2275 1386 demandari
2295 1356 2392 1388 volen-

1331 1394 1370 1417 tes

1354 1410 1458 1470 ¹Vobis
1473 1427 1636 1460 mandamus
1651 1430 1730 1467 quod
1754 1430 1947 1470 Qadraginta
1962 1431 1996 1461 &
2008 1430 2116 1462 Unum
2132 1430 2235 1462 Saccos
2249 1433 2282 1463 &
2296 1432 2392 1463 Dimi-

1331 1464 1428 1503 dium,
1446 1476 1479 1496 ac
1504 1466 1617 1497 Decem
1640 1467 1734 1499 Petras
1759 1469 1846 1499 Lanae
1861 1494 1869 1507 ,
1890 1470 1926 1499 de
1946 1469 2028 1500 Lanis
2041 1493 2050 1508 ,
2068 1469 2102 1500 ad
2116 1481 2135 1500 o
2156 1481 2187 1500 us
2200 1470 2347 1510 nostrum,
2362 1472 2393 1501 in

1332 1502 1478 1546 Comitatu
1494 1505 1647 1544 praedicto,
1666 1517 1714 1544 per
1728 1517 1779 1537 vos
1795 1508 1915 1546 (praefati
1931 1507 2067 1547 Captores
2081 1509 2114 1538 &
2158 1509 2308 1544 rovisores)
2326 1519 2393 1546 pro-

1333 1542 1410 1580 Visis,
1427 1542 1563 1582 arestatis,
1582 1545 1615 1574 ὃς
1628 1555 1710 1582 penes
1724 1556 1774 1575 vos
1792 1546 1916 1585 (praefati
1931 1545 2104 1584 Receptores
2121 1547 2129 1582 )
2149 1548 2239 1578 adhuc
2253 1546 2395 1578 existenti-

1334 1580 1383 1609 bus
1397 1603 1406 1618 ,
1426 1589 1456 1611 ut
1476 1581 1577 1612 dicitur
1590 1604 1600 1620 ,
1617 1584 1636 1612 fi
1655 1584 1721 1613 alibi
1742 1584 1864 1621 affignati
1880 1594 1940 1614 non
1962 1585 2063 1615 fuerint
2078 1608 2087 1623 ,
2107 1584 2281 1616 Vicecomiti
2296 1585 2396 1616 nostro

1334 1617 1498 1649 Comitatus
1513 1620 1641 1658 praedic'ti
1656 1621 1712 1651 sine
1726 1622 1874 1661 dilatione,
1892 1633 1941 1662 per
1956 1622 2136 1653 indenturam
2174 1624 2240 1655 inde
2255 1626 2325 1655 inter
2340 1634 2394 1655 vos

1335 1656 1368 1686 δε
1383 1656 1472 1695 ipsum
1485 1658 1576 1688 modo
1590 1659 1687 1689 debito
1702 1660 1925 1698 conficiendam,
1944 1661 2064 1691 liberetis
2072 1661 2124 1699 ,ad
2140 1646 2230 1692 [anas
2242 1662 2297 1693 illas
2310 1663 2397 1700 usque

1335 1693 1455 1725 Portum
1471 1695 1600 1726 nostrum
1616 1696 1778 1727 Londoniae
1792 1707 1825 1728 ex
1839 1698 1917 1729 caula
1930 1699 2065 1736 praedicta
2079 1700 2236 1739 ducendas,
2254 1711 2338 1740 prout
2346 1701 2397 1731 fibi

1335 1743 1383 1771 per
1397 1733 1466 1764 Nos
1481 1735 1587 1774 plenius
1601 1735 1642 1765 est
1656 1736 1832 1775 injunctum,

1371 1771 1410 1816 Et
1429 1772 1503 1816 hoc,
1521 1773 1591 1804 sicut
1608 1773 1694 1812 Nos,
1711 1776 1744 1806 ὃ(
1768 1774 1921 1806 Honorem
1935 1775 2081 1814 nostrum,
2100 1776 2225 1816 diligitis,
2244 1778 2398 1809 nullatenus

1334 1819 1482 1841 omittatis:

1373 1849 1513 1893 Volumus
1532 1851 1610 1881 enim
1627 1861 1677 1882 vos
1691 1851 1728 1882 de
1742 1851 1818 1882 dieta
1831 1851 1950 1883 Summa
1971 1852 2116 1884 Lanarum
2134 1862 2201 1892 erga
2215 1853 2284 1885 Nos
2297 1864 2400 1885 exone-

1336 1897 1402 1917 rari:

1373 1926 1571 1958 Mandavimus
1586 1929 1671 1958 eiiam
1693 1929 1810 1966 praefato
1830 1928 2006 1960 Vicecomiti
2020 1953 2029 1967 ‚
2046 1929 2126 1968 quod
2142 1930 2232 1962 Lanas
2245 1931 2302 1962 illas
2316 1942 2332 1962 a
2345 1941 2407 1962 vo*

1336 1965 1377 1994 bis
1392 1966 1420 1995 in
1435 1966 1528 1996 forma
1547 1967 1566 1985 ''¹“
1589 1966 1726 2004 praedicta
1737 1968 1867 2007 recipiat,
1885 1968 1918 1998 &
1937 1978 1981 1998 eas
1993 1969 2077 2007 usque
2089 1968 2208 1999 Portum
2226 1970 2396 2009 praediolum
2419 1964 2438 1984 '¹‘
2448 1967 2552 2002 V·2492

1336 2003 1403 2033 duci
1418 2004 1452 2033 &
1465 2005 1562 2035 cariari
1575 2004 1672 2042 faciat,
1695 2005 1764 2036 sicut
1780 2005 1948 2043 praeditstum
1961 2006 2009 2037 est.

1373 2041 1461 2072 Teste
1476 2041 1558 2083 Rege
1570 2042 1643 2083 apud
1657 2042 1963 2083 Westmonasterium,
1980 2045 2154 2077 duodecimo
2167 2045 2212 2077 die
2225 2044 2308 2077 Maii.

1792 2124 1846 2152 Per
1861 2121 1943 2163 spficm
1959 2124 2053 2161 Regem
2066 2121 2104 2158 ὀ·
2119 2122 2270 2153 Concilium.

1379 2197 1545 2230 Confimilia
1568 2199 1703 2233 Mandata
1714 2200 1820 2231 habent
1839 2198 1995 2238 Captores,
2011 2199 2190 2239 Provisores,
2208 2200 2241 2231 ὅ(
2256 2199 2401 2241 Recepto-

1340 2247 1381 2267 res
1397 2238 1540 2268 Lanarum
1553 2240 1584 2269 in
1601 2239 1792 2270 Comitatibus
1806 2238 1962 2276 subscriptis
1977 2262 1987 2276 ,
2003 2238 2039 2268 de
2054 2238 2190 2269 Numero
2201 2239 2355 2278 subscripto
2369 2240 2404 2270 li—

1343 2276 1714 2346 ξεῑαηάοὲἷςεεοπιίῑίὸυε
1733 2277 1906 2316 subscriptis,
1924 2277 1959 2308 ad
1977 2276 2142 2309 ducendum
2155 2277 2189 2310 ad
2204 2277 2313 2310 dictum
2330 2276 2404 2309 Por-

1356 2324 1405 2345 um
1421 2327 1432 2352 3
1452 2325 1480 2346 vi
1501 2325 1597 2354 eicet,

1379 2395 1506 2429 captores
1518 2391 1578 2427 &a
1591 2396 1620 2423 in
1636 2397 1707 2424 Com.
1723 2393 1851 2432 Suffolciae
1864 2394 1896 2423 de
1910 2394 2054 2424 Duodecim
2070 2396 2166 2424 Sacct's.

1382 2433 1508 2468 captores
1521 2429 1580 2465 &a
1593 2436 1622 2462 in
1637 2436 1707 2462 Com.
1725 2435 1849 2472 Wrgorn.
1863 2433 1895 2462 de
1908 2431 2039 2470 Quatuor
2052 2435 2147 2462 Saccis.

1382 2472 1508 2507 Captores
1522 2468 1583 2504 &c.
1597 2474 1626 2499 in
1640 2474 1710 2500 Com.
1726 2471 1814 2500 Derb.
1828 2471 1860 2499 de
1874 2469 2003 2510 ‘Quinque
2021 2473 2114 2500 saccis.

1383 2510 1510 2546 Captores
1525 2507 1585 2542 &c.
1600 2512 1629 2537 in
1643 2512 1714 2538 Com.
1728 2507 1823 2548 Hertf.
1836 2509 1868 2538 de
1881 2509 1949 2538 030
1962 2512 2047 2538 Saecis
2059 2507 2097 2543 ὦ·
2114 2506 2230 2538 Duabus
2244 2510 2342 2539 Petris.

1381 2549 1509 2613 Captlores
1528 2545 1587 2581 &a
1604 2550 1633 2576 in
1646 2551 1716 2577 Com.
1731 2547 1842 2586 Somerſs
1854 2547 1885 2577 de
1899 2550 1957 2577 Uno
1972 2551 2049 2577 Sacco
2064 2570 2074 2586 ,
2091 2550 2145 2576 Sex
2160 2548 2251 2576 Petris
2267 2545 2305 2582 ό
2319 2548 2406 2584 ,φνα-

1347 2589 1408 2613 tuor
1423 2588 1446 2614 C
1456 2588 1529 2614 avis.

1349 2627 1510 2691 DCabptorIes
1531 2621 1590 2668 &a
1614 2626 1643 2653 in
1664 2627 1735 2654 Com.
1757 2623 1841 2663 Dorfi
1854 2624 1886 2653 de
1906 2623 2051 2654 Duodecim
2071 2626 2174 2661 Saccis,
2196 2622 2235 2658 &
2254 2626 2356 2654 Vieimi
2368 2622 2408 2658 &-

1381 2671 1416 2690 ua
1435 2672 1465 2690 ur
1501 2668 1575 2691 etms.

1388 2703 1514 2738 Captores
1534 2698 1595 2734 &a
1616 2703 1645 2729 in
1659 2703 1730 2730 Com.
1747 2702 1825 2741 Leyc.
1847 2701 1880 2730 de
1891 2702 2015 2738 Triginta
2033 2700 2163 2739 Qatuor
2176 2698 2297 2738 Sarplar.
2313 2700 2408 2730 Tribus

1350 2740 1435 2766 sarcis
1448 2737 1486 2772 ὠ
1503 2741 1610 2775 Viginti
1625 2738 1736 2768 Duobus
1750 2741 1848 2768 Petris.

1389 2779 1516 2814 Captores
1529 2776 1588 2810 ὠς.
1604 2779 1632 2805 in
1648 2781 1718 2806 Com.
1734 2777 1811 2806 Suth.
1826 2778 1858 2806 de
1873 2786 1911 2806 22
1925 2779 2011 2806 Saccis
2023 2776 2105 2815 &23
2120 2776 2217 2806 clavis
2230 2779 2320 2807 Lanae
2331 2780 2410 2814 ,neci

1351 2824 1402 2842 non
1421 2815 1452 2843 de
1470 2815 1582 2845 Duobus
1601 2818 1688 2844 Sacris
1708 2813 1746 2849 &
1801 2819 1897 2855 uinque
1918 2814 2012 2845 clavix
2031 2818 2120 2845 Lanae
2135 2815 2166 2844 de
2190 2817 2275 2844 Lana
2291 2817 2408 2853 Agnina

1348 2854 1378 2881 V
1377 2855 1409 2881 ic.
1423 2853 1500 2882 Suth.
1513 2853 1659 2882 liberandis
1672 2851 1751 2892 usque
1765 2865 1783 2883 a
1821 2856 1933 2884 Portum
1946 2853 2023 2883 Suth.
2039 2854 2168 2884 ducendis.

1385 2911 1474 2942 Teste
1489 2919 1519 2942 ut
1533 2911 1618 2950 supra.

1825 2953 1878 2981 Per
1893 2951 1975 2991 ipficm
1990 2954 2086 2990 Regem
2101 2951 2140 2988 ῤ’
2154 2950 2306 2982 Concilium.

1418 3079 1467 3110 De
1485 3074 1620 3119 Custodia
1640 3078 1809 3108 Terrarum
1823 3100 1832 3115 ,
1857 3088 1916 3123 que
1927 3076 2058 3121 fuerunt
2076 3077 2169 3109 Ducis
2186 3077 2345 3108 Britannia

1700 3123 1833 3168 defundi
1845 3151 1855 3168 ‚
1891 3125 2050 3171 commissit.

1352 3208 1482 3267 REX
1503 3209 1663 3248 Omnibus,
1682 3209 1715 3240 ad
1732 3220 1804 3248 quos
1816 3210 1876 3241 δίς.
1893 3209 2026 3240 Salutem.

1464 3248 1561 3279 Sciatis
1575 3248 1653 3287 quod
1670 3249 1878 3285 commisimus,
1900 3247 2021 3278 Dileetis
2034 3247 2130 3285 nobis,
2146 3247 2274 3278 Thomae
2287 3249 2322 3280 de
2336 3249 2411 3280 Fen-

1350 3294 1429 3326 cotes
1452 3286 1485 3317 δε
1506 3286 1590 3317 Petro
1613 3287 1648 3317 de
1663 3285 1876 3317 Richemundia
1887 3285 2058 3316 Custodiam
2076 3287 2209 3316 omnium
2226 3285 2410 3326 Castrorum,
2429 3310 2450 3332 E

1350 3325 1523 3362 Honorum,
1542 3325 1757 3364 Maneriorum,
1773 3325 1943 3362 Terrarum,
1958 3325 1991 3355 δε
2008 3324 2254 3354 Tenementorum
2264 3348 2273 3363 ,
2290 3336 2324 3356 ac
2340 3326 2414 3356 Feo-
2430 3315 2512 3371 Fi'n3'1

1352 3362 1454 3394 dorum
1470 3387 1479 3402 ,
1497 3364 1531 3394 ὃς
1550 3363 1724 3394 Libertatum
1739 3386 1749 3402 ,
1768 3373 1834 3393 cum
1850 3362 2025 3393 Pertinentiis
2061 3364 2090 3393 in
2109 3363 2332 3402 quibuscumque
2351 3363 2414 3394 Co·
2431 3385 2451 3409 Ε
2477 3365 2483 3372 ’
2519 3353 2545 3379 5⁹

1354 3403 1496 3433 mitatibus
1517 3402 1647 3441 Angliae,
1665 3412 1729 3441 quae
1749 3401 2005 3440 fueruntJohannis
2060 3402 2117 3431 ucis
2137 3400 2286 3443 Britanniae
2302 3403 2335 3433 ὃς
2352 3402 2415 3433 Co·
2430 3404 2460 3449 ω’
2482 3391 2518 3448 lo

1354 3441 1428 3471 mitis
1448 3439 1669 3470 Richemundiae
1690 3440 1817 3470 defuncti
1832 3463 1841 3476 ,
1859 3441 1907 3478 qui
1929 3440 1964 3470 de
1987 3439 2069 3468 nobis
2089 3448 2177 3469 tenuit
2197 3440 2226 3468 in
2242 3439 2360 3480 Capite,
2381 3441 2415 3472 &
2460 3442 2466 3448 '
2522 3439 2529 3447 '

1355 3488 1418 3518 quae
1432 3488 1481 3518 per
1493 3479 1625 3515 Mortem
1638 3477 1759 3516 ejusdem
1775 3478 1899 3508 Comitis
1912 3486 1992 3517 capta
2006 3478 2066 3507 sunt
2084 3479 2113 3507 in
2131 3476 2257 3507 Manum
2272 3479 2411 3518 nostrairr,

1392 3517 1625 3555 Habenda,cum
1641 3517 1776 3546 omnibus
1790 3517 1822 3547 ad
1837 3516 2004 3546 Custodiam
2018 3515 2092 3545 illam
2106 3515 2416 3559 spectantibusffluam-

1347 3555 1406 3586 .diu
1424 3555 1528 3586 nostrae
1548 3555 1680 3594 placuerit
1702 3554 1856 3592 voluntati3
1875 3556 1910 3585 ita
1924 3553 2002 3593 quod
2018 3553 2053 3583 de
2073 3553 2218 3592 Exitibus,
2235 3555 2302 3585 inde
2315 3566 2418 3594 prove-

1356 3595 1514 3632 nientibus,
1533 3594 1613 3623 nobis
1624 3593 1804 3633 respondeant
1815 3593 1848 3623 ad
1864 3593 2045 3623 Scaccarium
2058 3592 2202 3622 nostrum:
2400 3621 2403 3623 .

1395 3632 1536 3663 Volumus
1556 3633 1642 3662 etiam
1656 3655 1665 3670 ‚
1682 3632 1716 3662 &
1735 3631 1918 3662 concedimus
1931 3653 1940 3668 ‚
1960 3630 2038 3668 quod
2053 3630 2179 3667 praefatus
2192 3629 2322 3662 Thomas
2335 3632 2417 3664 Balli-

1358 3681 1410 3702 vos
1427 3672 1460 3702 &
1484 3670 1633 3701 Ministros
1650 3670 1768 3700 idoneos
1780 3693 1790 3708 ,
1807 3677 1876 3709 quot
1896 3669 1929 3700 &
1945 3678 2016 3706 quos
2031 3691 2040 3706 ‚
2059 3678 2111 3706 pro
2128 3668 2267 3699 Custodia
2282 3670 2315 3701 &
2329 3671 2418 3717 Regi-

1359 3711 1439 3740 mine
1451 3709 1605 3740 Terrarum
1621 3708 1654 3739 &
1667 3707 1915 3739 Tenementorum
1933 3707 2135 3750 praedictorum
2158 3708 2301 3738 necessarii
2315 3708 2418 3741 fuerint

1360 3749 1432 3786 (pro
1446 3748 1547 3788 quibus
1561 3747 1637 3777 idem
1651 3746 1783 3777 Thomas
1799 3746 1964 3784 respondere
1978 3745 2116 3782 voluerit)
2137 3745 2187 3776 sub
2203 3746 2281 3785 ipsis,
2299 3747 2417 3779 Thoma

1358 3787 1392 3818 &
1411 3785 1497 3818 Petro
1509 3809 1519 3823 ,
1536 3786 1690 3825 deputare;
1708 3785 1742 3815 &
1761 3785 1827 3815 alios
1842 3808 1852 3824 ,
1889 3786 1918 3814 ui
1932 3783 2132 3814 Insufficientes
2146 3784 2265 3822 fuerint,
2283 3785 2319 3816 ab
2337 3785 2414 3817 Offi-

1358 3825 1410 3855 ciis
1421 3825 1471 3855 suis
1484 3833 1616 3854 amovere
1631 3822 1731 3863 possit,
1766 3832 1829 3854 rout
1846 3823 1872 3853 ei
1893 3832 1938 3854 em
1953 3822 2082 3853 Thomae
2096 3831 2148 3862 pro
2161 3823 2262 3863 majori
2283 3834 2415 3855 commo·

1359 3863 1400 3894 do
1413 3863 1512 3893 nostro
1524 3861 1661 3892 videbitur
1672 3871 1725 3899 exp
1764 3862 1769 3868 '
1785 3871 1808 3892 e.

1396 3901 1430 3931 In
1444 3902 1537 3940 cujus,
1554 3901 1614 3931 &c.

1398 3939 1487 3971 Teste
1502 3938 1583 3979 Rege
1596 3938 1670 3978 apud
1682 3937 1971 3971 Westmonasterium
1979 3961 1989 3977 ‚
2006 3937 2121 3969 decimo
2133 3937 2209 3969 sexto
2220 3938 2267 3970 die
2279 3938 2359 3970 Maii.

2427 3189 2504 3221 Ann.
2519 3189 2562 3222 D.

2446 3237 2532 3268 1341.

2429 3271 2481 3295 An.
2505 3277 2548 3304 15.

1995 4017 2049 4046 Per
2062 4014 2144 4055 ipficm
2155 4018 2259 4055 Regem.

1803 4054 1839 4084 N
1857 4061 1875 4084 2
2336 4054 2420 4091 Super
