2562 4279
696 191 807 232 ET
890 189 1151 232 ACTA
1233 185 1704 229 PUBLICA.

0 273 71 306 Ann.
88 270 129 302 D.
144 275 245 320 Fratris
262 274 403 308 Germani
425 276 563 309 Dominae
580 275 678 308 Matris
692 276 813 316 nostrae,
831 276 863 308 sit
875 276 909 307 ad
923 286 976 308 nos
992 278 1053 316 jure
1067 272 1208 306 successo-

16 317 102 351 1340-
146 323 189 345 rio
203 315 370 346 devolutum
380 340 390 355 ,

14 353 80 378 ΕΜ)-
101 357 128 386 3·
181 353 227 384 Ac
241 352 386 384 Dominus
402 353 545 399 Philippus
562 354 597 384 de
612 353 720 384 Valelio
734 377 743 392 ,
763 353 846 389 Filius
859 353 1004 384 Avunculi
1021 352 1091 382 dieii
1105 350 1211 388 Regis,

2244 188 2298 235 65

1241 281 1276 314 ex
1298 281 1372 315 parte
1392 273 1486 303 nostra
1508 283 1557 310 pei·
1577 273 1740 312 Solempnes
1762 270 1898 303 Nuncios
1918 269 2112 301 instantiffime
2134 279 2166 300 re
2185 269 2279 300 uisitus
2294 281 2305 307 z,
2322 271 2395 302 Arm.
2411 271 2457 302 D.·

1243 312 1298 348 iet,
1314 313 1370 340 iem
1392 321 1421 341 er
1434 312 1557 341 innitens
1568 313 1601 341 ad
1616 312 1703 341 nostri
1719 309 1936 350 Depreffionem
1951 333 1961 347 ,
1980 318 2011 340 ut
2023 309 2132 340 dietam
2180 308 2305 338 aeredita-
2349 319 2433 350 1340.

1244 356 1303 377 tem
1329 359 1369 378 no
1395 359 1453 379 ram
1476 350 1564 387 posset
1583 349 1696 380 liberius
1717 351 1853 386 retinere,
1868 347 1937 378 Nos
1955 347 2004 378 diu
2022 348 2156 385 protraxit
2168 356 2216 387 per
2229 346 2304 376 Tra-
2322 350 2390 378 Edv.
2412 359 2449 385 3-.

34 2906 172 2944 3V.160.

144 391 179 421 &
196 391 234 422 sic
251 393 339 429 ipsum
353 392 470 433 Regem
482 403 510 423 in
526 393 670 423 remotiori
684 391 785 423 Gradu
797 391 1051 430 Consanguinitatis
1064 390 1211 427 attingens,

145 430 173 461 se
190 439 238 467 per
258 430 417 462 Potentiam
441 433 470 461 in
492 432 604 462 didium
624 430 760 469 Regnum
779 429 915 461 intruserit
930 452 939 465 ,
963 428 1033 458 diim
1052 437 1160 458 eramus
1180 427 1209 456 in

145 468 237 512 Annis
251 466 418 500 Minoribus
431 469 591 507 constituti,
611 470 645 500 &
661 471 698 499 iic
713 469 781 499 illud
792 476 892 498 contra
907 467 1004 497 Deum
1026 467 1059 497 &
1069 465 1210 503 Justitiam

146 505 252 537 detinet
266 516 457 547 occupatum,

183 544 237 575 Ne
251 545 394 576 videamur
403 545 453 584 Jus
468 545 596 577 nostrum
613 546 646 576 ὃς
658 544 780 575 Donum
796 541 928 573 Coelestis
943 544 1040 580 gratiae
1054 542 1192 581 negligere
1202 564 1212 579 ,

144 591 193 613 aut
216 583 291 614 nolle
312 583 416 614 nostrae
438 584 585 615 voluntatis
603 584 747 614 arbitrium
768 578 880 611 Divino
899 581 1076 621 beneplacito
1094 581 1213 610 consor-

144 630 221 652 mare
235 644 245 659 ,
262 622 374 652 dictum
391 621 526 660 Regnum
541 623 593 652 rite
608 622 737 651 duximus
756 619 964 658 agnoscendum
980 644 990 659 ,
1014 621 1047 650 ὃ(
1063 629 1135 649 onus
1151 619 1212 649 Re-

147 660 263 728 {irginis
283 659 405 699 ejusdem
426 659 521 702 Regni
534 684 542 699 ‚
562 660 612 690 sub
629 659 676 697 spe
695 658 827 688 Coelestis
848 658 954 688 Auxilii
968 680 978 696 ,
996 658 1163 698 suscepimus
1183 665 1213 687 ut

171 707 187 726 e
208 707 305 736 emus,

188 733 425 768 Incommutabili
437 736 577 767 firmantes
592 734 750 774 proposito,
768 744 835 765 cum
851 734 936 765 Bonis
949 736 982 767 δε
997 734 1119 765 Dev0t1s
1133 743 1214 773 agere

148 774 285 813 gratiose,
303 775 414 816 singulis
430 774 573 814 Justitiam
594 775 685 804 facere
698 773 853 804 secundum
874 774 957 805 Ritus
978 774 1012 805 ὃς
1025 772 1214 804 Consuetudi-

153 822 201 842 nes
216 812 364 844 laudabiles
379 814 449 846 dieti
464 812 575 851 Regni,

191 850 321 882 Necnon
344 852 433 891 Leges
452 851 540 880 bonas
560 849 594 879 &
617 848 839 880 Consuetudines
853 873 861 888 ,
875 861 940 890 quae
957 850 1069 881 fuerunt
1087 858 1216 886 tempore

153 887 251 920 SanClsi
272 890 421 921 Ludowici
441 910 451 926 ‚
470 887 662 928 Progenitoris
684 888 795 927 nostri,
814 889 950 919 resumere
966 911 976 927 ,
999 888 1094 919 &illis
1108 888 1216 918 adicere

153 936 238 966 prout
247 929 325 966 juxra
339 929 496 969 qualitatem
511 934 674 963 temporum
693 927 797 958 melitis
806 928 867 958 fore
882 928 1020 958 videbitur
1033 927 1178 965 expedire,

189 965 223 995 In
238 967 394 998 mutatione
410 964 523 1004 quidem
542 964 729 995 Monetamm
739 989 749 1004 ,
768 967 810 996 vel
825 967 887 997 alias
904 989 914 1004 ,
930 975 979 1005 per
994 965 1161 996 Exaetiones
1174 966 1217 994 in-

155 1003 261 1034 debitas
271 1027 281 1042 ,
298 1014 422 1044 quaerere
437 1013 496 1033 non
511 1003 678 1034 intendimus
693 1005 723 1034 in
738 1003 832 1035 vestro
847 1004 1004 1045 Dispendio
1013 1004 1107 1035 Lucra
1115 1003 1218 1040 nostra,

156 1042 228 1073 crim
243 1042 302 1073 satis
318 1042 461 1076 (laudetur
475 1041 644 1079 Altissimus)
658 1043 870 1080 habundemus,

179 1080 232 1125 ‘Et
252 1081 281 1124 in
303 1080 414 1120 agendis
434 1080 530 1124 Regni
546 1091 606 1111 non
627 1082 833 1121 praecipitanter
846 1083 879 1112 ὃς
894 1081 1049 1112 voluntarie
1067 1078 1219 1118 procedere

156 1117 345 1158 diipommus,
359 1119 415 1158 set,
435 1119 564 1149 Libitum
577 1120 751 1150 resraenantes
764 1119 814 1150 sub
829 1120 924 1157 licito,
941 1120 976 1149 de
990 1119 1123 1156 Parium,
1142 1117 1221 1146 Prae-

154 1157 293 1195 latorum,
314 1156 484 1196 Procerum,
500 1168 532 1188 ac
548 1158 686 1188 Fidelium
701 1158 882 1195 nostrorum,
900 1158 969 1188 dieti
983 1158 1096 1196 Regni,
1114 1155 1220 1186 delibe-

157 1203 219 1225 rato
240 1194 367 1227 Consilio
389 1198 421 1227 δε
445 1194 578 1236 Affensu,
596 1205 681 1236 prout
701 1197 734 1227 ad
748 1196 903 1227 Honorem
918 1196 993 1235 Dei,
1012 1196 1170 1227 Munimen
1188 1194 1221 1223 &

157 1234 364 1266 Exaltationein
378 1235 511 1266 Ecclesiae
534 1236 638 1275 (quarn
655 1236 683 1265 in
703 1236 785 1265 omni
808 1234 980 1265 Devotionis
996 1234 1167 1272 plenitudine
1180 1242 1223 1261 re-

157 1282 288 1303 veremur
303 1275 313 1311 )
333 1274 366 1304 &
389 1274 553 1304 Utilitatem
570 1297 579 1312 ,
595 1275 651 1304 tarn
666 1274 826 1312 publicam,
846 1275 931 1310 quain
953 1275 1108 1311 privatam,
1126 1271 1223 1302 melius

156 1311 286 1355 ejipedire
300 1312 466 1351 viderimus,
485 1312 695 1343 moderabimur
708 1335 717 1350 ,
737 1323 786 1350 per
804 1312 863 1343 Dei
876 1313 990 1351 gratiam
1005 1335 1014 1350 ,
1033 1322 1100 1342 cum
1116 1310 1224 1341 exhibi-

159 1359 238 1381 tione
254 1351 482 1390 plenaJustitiae,
500 1351 583 1381 Faeta
597 1350 709 1389 nostra,

196 1388 246 1431 De
261 1389 359 1420 vestris
378 1390 514 1427 liquidem
536 1389 674 1427 Honore,
692 1389 885 1427 Commodis,
904 1390 937 1420 &
952 1389 1075 1428 Qiete,
1093 1388 1224 1418 volumus

158 1426 215 1456 csse
230 1429 340 1458 summe
353 1428 478 1467 solliciti,
496 1429 559 1466 quia
570 1429 669 1461 (novit
684 1427 780 1461 Deus)
792 1428 877 1458 nichil
891 1428 964 1458 foret
980 1429 1060 1458 nobis
1074 1426 1225 1464 acceptius,

159 1475 245 1509 quam
260 1467 295 1505 si,
315 1477 363 1504 per
378 1466 464 1496 nostri
476 1466 711 1504 sollicitudinem,
731 1467 878 1504 praesertim
895 1467 965 1497 inter
981 1476 1049 1504 νος,
1066 1467 1098 1496 &
1114 1465 1226 1495 univer-

159 1505 246 1534 saliter
264 1506 334 1535 inter
351 1504 524 1535 Christianos
537 1527 546 1542 ,
568 1504 672 1534 Pacem
695 1507 817 1537 mitteret
840 1504 921 1535 Pacis
944 1505 1080 1542 Auctor,
1099 1513 1128 1534 ut
1142 1503 1178 1533 sic
1196 1503 1226 1532 in

161 1543 343 1584 Blasphemos
363 1543 515 1574 Christiani
542 1543 703 1581 Nominis,
729 1544 763 1574 ὃς
786 1545 814 1573 in
839 1543 1096 1582 Recuperationem
1125 1541 1227 1571 Terrae

162 1582 277 1613 Sanetae
291 1605 301 1621 ,
319 1581 521 1621 Redemptoris
539 1581 628 1611 nostri
642 1582 782 1621 Sanguine
802 1582 968 1620 Dedicatae,
986 1581 1103 1611 Gladius
1118 1579 1228 1610 Catho-

159 1621 285 1652 licorum
299 1620 465 1661 Principum
481 1629 677 1659 convertatur,
697 1621 731 1650 ad
741 1620 846 1659 Qod,
866 1631 915 1659 per
929 1621 1046 1660 gratiam
1060 1619 1155 1650 Sanciti
1167 1617 1229 1655 Spi-

164 1658 252 1699 ritus,
271 1659 428 1697 aspiramus

199 1698 237 1729 Et
257 1700 321 1738 quia
341 1699 458 1736 praefato
478 1697 610 1729 Domino
629 1697 761 1736 Philippo
782 1697 871 1735 plures
884 1697 1037 1737 optulimus
1051 1693 1228 1725 rationabiles

135 1745 141 1752 ·
168 1738 202 1768 &
217 1738 379 1768 amicabiles
392 1735 460 1767 Vias
473 1735 569 1774 Pacis,
584 1737 683 1775 quibus
695 1736 919 1766 condescendere
934 1758 944 1773 ,
962 1735 1007 1765 vel
1021 1735 1173 1773 quicquam
1189 1743 1231 1762 ra-

165 1776 299 1806 tionabile
317 1776 400 1807 nobis
419 1775 511 1805 facere
526 1798 536 1814 ,
555 1785 614 1805 non
635 1776 760 1812 curavit,
781 1776 847 1812 quin
862 1775 973 1811 immo,
993 1772 1134 1803 Guerram
1149 1771 1232 1801 nobis

163 1814 450 1885 movere-Injustam,
467 1813 501 1844 ad
516 1813 630 1844 totalem
647 1813 740 1844 Status
760 1811 850 1843 nostri
870 1812 1088 1843 Subversionem
1102 1810 1231 1841 innititur

165 1862 246 1891 Juxta
289 1863 342 1885 ires

204 1891 240 1923 N
249 1901 291 1923 Ec
303 1901 321 1922 E
331 1878 390 1923 s’sa
399 1901 422 1923 R
433 1900 473 1923 10
482 1914 493 1930 ,
516 1901 569 1930 pro
584 1889 674 1922 nostri
696 1889 870 1922 Defenfione
883 1914 893 1929 ,
908 1890 942 1921 &
957 1888 1119 1920 nostrorum
1136 1887 1233 1918 Recu-

162 1931 307 2000 pgratione
324 1931 438 1969 Jurium
452 1952 462 1969 ,
476 1930 673 1969 compellimur
691 1930 725 1961 ad
747 1930 835 1961 Arma
853 1939 993 1960 recurrere
1005 1953 1014 1965 ,
1038 1928 1169 1964 Stragem
1188 1926 1234 1956 vel

204 1968 389 2007 epreffionem
412 1967 563 1999 Bonorum
580 1969 614 1999 &
634 1968 800 1999 Humilium
821 1978 880 1997 non
896 1976 1068 2008 quaerentes,
1083 1966 1120 1996 set
1134 1974 1234 1996 eorum

167 2007 361 2040 Salvationem
375 2007 409 2039 δε
422 2006 628 2038 Commodum
643 2006 766 2037 corditer
777 2006 946 2037 affeii‘cantes.

206 2044 328 2086 Propter
339 2045 419 2086 quod
432 2055 533 2076 omnes
548 2045 581 2076 &
595 2045 715 2083 singulos
730 2045 876 2086 Indigenas
888 2044 957 2075 dieti
972 2044 1084 2083 Regni,
1099 2043 1165 2083 qui,
1182 2041 1234 2072 du-

167 2084 210 2117 ἂὶ
222 2083 353 2115 Consilio
365 2084 481 2122 saniori,
497 2091 634 2123 gratanter
650 2083 677 2113 se
698 2084 796 2122 nobis,
813 2093 845 2114 ut
858 2094 928 2114 vero
945 2083 975 2113 R
1014 2084 1020 2112 i
1038 2083 1177 2119 Franciae,
1195 2082 1236 2111 ci-

168 2130 212 2153 tra
225 2121 340 2153 Festum
361 2121 475 2152 Paschae
489 2123 624 2161 proximo
645 2122 772 2153 futurum
786 2146 795 2160 ,
811 2123 983 2160 subicerent,
1023 2120 1173 2151 idelitatem
1189 2119 1239 2149 de-

168 2160 260 2191 bitam
278 2161 361 2191 nobis
380 2160 540 2198 profitendo
555 2182 565 2198 ,
588 2161 622 2191 &
635 2169 735 2191 caetera
748 2161 831 2191 nobis
847 2183 856 2199 ,
871 2169 903 2190 ut
916 2161 944 2191 R
982 2161 990 2189 i
1011 2160 1154 2197 Franciae,
1175 2157 1238 2187 De-

169 2199 228 2242 bita
248 2199 378 2230 faciendo
397 2199 503 2237 (sicut,
520 2199 614 2229 dilect-i
633 2199 667 2229 &
689 2199 795 2229 Fideles
815 2199 924 2238 nostri,
970 2199 1079 2229 omines
1100 2196 1238 2227 Flandriae

168 2246 229 2277 Jam
244 2238 371 2269 fecerunt
413 2237 459 2268 vel
471 2238 504 2267 ad
517 2238 574 2267 hoc
594 2237 747 2268 obtulerint
767 2237 918 2269 efficaciter
931 2237 958 2268 se
990 2245 1096 2274 aratos,
1117 2236 1239 2274 benigne

171 2277 303 2318 volumus
322 2276 355 2307 ad
402 2285 482 2307 acem
505 2277 539 2307 &
560 2274 689 2307 Gratiam
709 2275 852 2315 nostram,
869 2287 902 2307 ac
922 2277 952 2306 in
1002 2275 1190 2306 rotectionem
1206 2274 1240 2304 &

172 2313 378 2346 Delenfionem
400 2314 525 2345 nostram
547 2314 692 2351 specialem
715 2315 860 2346 admittere
874 2338 883 2353 ,
899 2315 932 2345 &
956 2315 1028 2352 ipsos
1043 2321 1242 2350 manutenere,

172 2361 206 2384 ut
220 2355 374 2393 convenit,
392 2353 424 2385 ὅτ
437 2354 522 2392 tueri,
537 2352 594 2383 fine
609 2351 806 2384 molestatione
814 2354 858 2383 vel
872 2354 1073 2392 inquietatione
1084 2351 1243 2391 qualicum-

170 2401 229 2460 Rue
250 2392 312 2432 ipsis
327 2415 337 2431 ,
355 2393 384 2422 in
408 2391 536 2422 Personis
549 2414 559 2429 ,
576 2392 620 2421 vel
644 2390 745 2422 Rebus
758 2415 767 2430 ,
785 2402 833 2429 per
855 2391 923 2424 Nos
936 2415 946 2429 ,
965 2391 1011 2423 vel
1026 2390 1175 2421 Ministros
1186 2399 1242 2419 no-

199 2440 264 2499 ‘⁰0⁵1'
286 2431 435 2462 occasione
456 2429 628 2460 Rebellionis
653 2430 708 2460 suae
734 2431 881 2469 praeteritae
894 2454 904 2470 ,
929 2429 1149 2470 quomodolibet
1169 2428 1243 2458 infe—

172 2478 225 2499 ren
245 2479 273 2499 is.

213 2506 251 2551 Et
259 2509 322 2546 quia
330 2507 468 2546 praemissa
482 2518 541 2538 non
575 2507 669 2539 ossunt
683 2507 718 2538 de
731 2507 806 2538 facili
821 2506 946 2538 vestrum
953 2507 1064 2547 singulis
1073 2505 1243 2546 singulariter

176 2547 321 2583 intimari,
334 2547 379 2576 illa
388 2548 415 2575 in
424 2547 542 2577 Foribus
582 2547 761 2585 eclesiarum,
780 2547 876 2578 &aliis
892 2546 961 2576 locis
981 2546 1114 2585 publicis,
1131 2545 1245 2583 publice

177 2584 355 2623 providimus
375 2584 512 2623 affigenda
554 2594 584 2615 ut
609 2585 646 2616 sic
665 2587 694 2615 in
708 2585 851 2625 publicam
865 2584 1013 2616 deveniant
1027 2584 1192 2620 Notitiam,
1211 2582 1245 2613 ad

178 2622 344 2654 nostrorum
365 2622 503 2653 Solatium
525 2607 728 2661 Devotorum,
746 2625 779 2655 ὃς
797 2624 831 2654 ad
844 2633 940 2654 veram
954 2624 1066 2653 illorum
1083 2622 1247 2652 Instrudlio-

179 2671 268 2729 nefm,
283 2662 331 2707 qui
349 2661 386 2692 de
407 2662 505 2699 nobis,
524 2671 573 2699 per
589 2661 765 2692 inmissiones
780 2662 942 2700 malivolas,
962 2663 1022 2692 sunt
1038 2661 1117 2692 aliter
1132 2660 1247 2691 forsitan

180 2711 210 2732 in
223 2708 335 2730 ormati.

215 2737 283 2782 Dat.
303 2737 377 2776 apud
392 2738 584 2777 Gandavum,
600 2739 707 2770 octavo
727 2737 771 2768 die
793 2738 936 2769 Februarii
950 2761 960 2775 ,
977 2738 1065 2769 Anno
1080 2736 1179 2776 Regni
1193 2747 1248 2768 no-

183 2777 232 2808 stri
248 2777 374 2808 Franciae
390 2776 510 2815 Primo,
531 2777 643 2816 Angliae
658 2780 729 2808 veri>
744 2777 980 2817 Qartodecimo.

185 2903 212 2931 ’K‘
226 2905 320 2950 Super
338 2901 439 2935 ‘litulo
449 2900 493 2933 ad
502 2903 636 2947 Regnum
647 2903 795 2934 Franciae:
821 2904 914 2947 Super
931 2905 967 2934 V
967 2904 1004 2933 iis
1022 2903 1108 2933 Pacis
1125 2899 1251 2934 oblatis:

232 2955 275 2986 Et
291 2950 326 2984 de
345 2952 594 2983 Praevaricatione
613 2948 741 2997 Philippi
756 2949 792 2983 de
811 2952 847 2984 V
844 2950 890 2983 ale
900 2963 945 2994 ιο,
971 2950 1196 2985 Declaratoria.

263 3038 393 3070 Niversis
407 3037 482 3068 Rex.

312 3077 396 3108 Dum
419 3079 448 3108 in
470 3076 575 3106 debitae
597 3075 756 3107 reducimus
772 3074 998 3105 considerationis
1012 3073 1169 3112 Examine,
1185 3084 1254 3113 qua-

185 3117 246 3148 liter
266 3115 358 3147 Tena
376 3115 492 3154 Sancta,
511 3115 712 3153 Redemptoris
731 3113 820 3144 nostri
841 3114 972 3153 sanguine
992 3112 1149 3150 Dedicata,
1169 3122 1253 3150 quam

185 3157 216 3185 in
235 3154 442 3185 Haereditatem
466 3153 540 3184 suam
562 3153 617 3197 ipse
632 3152 690 3183 Dei
705 3152 789 3183 Filius
805 3152 951 3190 praelegit,
969 3159 1126 3188 occupatur
1138 3152 1173 3180 ab
1186 3149 1255 3181 Infi—

187 3193 317 3231 delibus,
337 3193 371 3224 &
391 3193 524 3223 subicitur
545 3191 731 3222 miserabiliter
752 3191 894 3221 Saracenis
907 3214 917 3228 ,
934 3190 964 3220 in
980 3188 1088 3219 Christi
1103 3198 1256 3219 contume-

189 3232 255 3262 liam
268 3254 278 3269 ,
293 3232 326 3263 &
344 3231 532 3272 obprobrium
554 3231 688 3261 omnium
703 3253 713 3268 ,
732 3228 981 3259 Communionem
996 3228 1161 3257 habentium
1178 3227 1256 3258 Fidei

192 3269 361 3300 Christianae
375 3292 385 3307 ,
412 3269 551 3299 nimirum
570 3268 645 3308 Ignis
665 3270 694 3299 in
718 3268 819 3298 nostris
844 3266 1079 3297 Meditationibus
1093 3265 1257 3304 exardescit,

195 3309 229 3340 δε
249 3308 284 3338 ad
299 3307 506 3338 succurendum
531 3306 622 3337 eidem
636 3315 710 3338 totus
725 3307 819 3337 noster
831 3305 926 3343 aspirat
941 3304 1087 3344 Affectus,
1105 3304 1138 3335 &
1150 3304 1257 3343 semper

197 3358 212 3378 a
221 3346 383 3387 juventutis
393 3345 498 3376 nostrae
508 3345 668 3383 primordiis
679 3346 820 3384 aspiravit,

232 3385 282 3417 Set
300 3395 349 3426 per
369 3383 554 3415 intolerabiles
570 3382 684 3420 Injurias
695 3407 705 3422 ,
722 3384 806 3413 nobis
824 3384 943 3422 graviter
960 3382 1019 3420 jam
1039 3381 1140 3418 illatas,
1158 3380 1209 3418 &,
1228 3382 1258 3410 in

192 3422 284 3456 nostri
304 3423 539 3462 Subverfionem‚
556 3422 695 3461 graviores
713 3422 918 3460 comminatas,
935 3420 1027 3451 adhuc
1045 3420 1157 3451 dietum
1177 3428 1260 3449 com-

195 3463 270 3504 plere
287 3461 470 3501 Propositum
483 3464 543 3492 non
557 3459 697 3497 valemus,

236 3501 317 3540 Qias
329 3523 339 3539 ,
364 3507 394 3530 ut
414 3498 525 3530 cunCtis
546 3497 651 3535 liquere
664 3498 751 3528 valeat
765 3496 865 3527 Causae
885 3495 1124 3564 nostraegustitia,
1145 3496 1177 3526 &
1193 3494 1261 3526 Ma-

199 3539 309 3570 chinata
329 3546 427 3570 contra
445 3536 513 3566 Nos
530 3535 638 3567 Malitia
652 3537 747 3575 patulo
761 3535 823 3565 dete
843 3544 918 3573 atur,
933 3535 981 3565 sub
1015 3535 1065 3564 tilo
1082 3534 1209 3564 Veritatis
1226 3535 1260 3565 &

195 3578 360 3609 Succinctae
372 3575 565 3612 Narrationis,
581 3574 611 3604 in
624 3574 768 3613 publicam
780 3573 815 3603 de
838 3575 946 3604 ucimus
958 3572 1113 3602 Notitiam.

232 3616 349 3647 Pridem
362 3615 481 3651 etenim,
489 3612 604 3643 celebris
615 3613 777 3650 memoriae,
787 3611 893 3642 Karolo
906 3609 991 3647 Rege
1004 3610 1147 3647 Franciae,
1162 3609 1261 3641 Avun-

198 3655 267 3687 culo
290 3655 388 3685 nostro
401 3677 410 3691 ,
436 3663 452 3683 a
470 3651 610 3692 praesentis
634 3649 710 3680 Vitae
731 3650 872 3680 laboribus
896 3649 931 3679 ad
954 3649 1096 3686 Requiem
1113 3648 1201 3686 (sicut
1215 3649 1261 3685 pie

199 3694 321 3725 creditur
336 3693 345 3730 )
365 3699 486 3723 evocato
499 3713 509 3729 ‚
527 3689 597 3720 cum
618 3688 751 3719 [nclitum
774 3688 915 3725 Regnum
934 3686 1059 3717 Franciae
1078 3686 1112 3716 ad
1128 3685 1213 3723 Nos,
1231 3694 1262 3716 ui:

199 3733 364 3771 proximum
384 3729 538 3761 Haeredem
561 3726 721 3757 Masculum
735 3749 745 3765 ,
770 3726 837 3756 esset
852 3726 920 3764 Jure
941 3725 1121 3756 Successorio
1136 3724 1262 3763 legitime

201 3770 367 3801 devolutum
381 3794 391 3809 ,
407 3767 461 3799 Vir
481 3765 653 3804 Magnificus
695 3764 839 3795 Dominus
857 3765 1000 3804 Philippus
1015 3764 1051 3793 de
1066 3762 1177 3793 Valesio
1193 3764 1263 3801 (cu-

202 3809 243 3846 ius
257 3809 407 3847 Cupiditas
416 3807 497 3838 nullis
510 3805 623 3835 Finibus
639 3788 680 3833 est
694 3803 843 3838 conclusa)
864 3803 914 3833 sibi
926 3802 1036 3833 dictum
1051 3800 1205 3840 Regnum,
1220 3802 1264 3832 in-

202 3845 299 3877 debite
318 3858 369 3885 per
385 3846 547 3877 Potentiam
569 3842 728 3881 usurpavit,
745 3841 778 3871 &
790 3842 853 3879 quia
870 3840 1015 3871 constituti
1028 3839 1103 3878 Juris
1119 3840 1246 3878 peritiam
1256 3862 1266 3878 ,

204 3884 240 3915 &
256 3883 338 3924 Lssis
350 3885 422 3916 dieti
436 3884 531 3923 Regni
546 3881 691 3912 Notitiam
701 3905 709 3918 ,
725 3889 758 3910 ac
775 3879 960 3919 Agendorum
971 3878 1170 3916 experientiam
1204 3888 1264 3908 non

204 3922 339 3953 habentes
352 3946 363 3962 ,
386 3923 539 3963 praesertim
578 3929 670 3958 roptcr
691 3919 832 3948 fervorem
853 3918 995 3947 minacem
1015 3915 1153 3954 ejusdem,
1182 3925 1264 3947 ecura

207 3958 261 3991 Via
273 3970 333 3990 non
348 3963 434 3998 patuit
443 3961 492 4001 Jus
508 3971 547 3991 no
588 3967 638 3989 um
655 3958 780 3995 congrue
796 3955 998 3998 prosequendi,

244 3997 379 4029 Praefatus
391 4003 462 4037 vero
477 4000 569 4037 Philip
590 4008 637 4036 us,
656 3994 800 4034 praemiffis
814 3993 923 4031 Iniuriis
937 4003 995 4023 non
1011 4000 1177 4031 contentus,
1192 4003 1268 4024 non-

207 4036 294 4067 nullas
315 4036 419 4067 Terras
436 4038 543 4069 nostras
593 4035 689 4067 ucatsis
711 4033 869 4077 Aquitaniae
890 4032 1041 4069 occupavit
1060 4030 1160 4070 injuste
1174 4055 1184 4070 ,
1203 4042 1268 4070 quas

210 4074 587 4144 haZQteniilsIntssiinssstituere
601 4084 662 4108 non
674 4080 799 4111 curavxt,
817 4071 883 4103 licet
898 4070 999 4111 pluries
1012 4069 1090 4108 super
1103 4069 1161 4102 hoc
1176 4070 1270 4104 fuisset

257 4123 306 4143 om.
354 4135 362 4143 .
407 4136 412 4142 .
470 4135 478 4144 0

1246 386 1337 416 <Status
1350 389 1439 418 varios
1453 387 1503 417 sub
1517 388 1644 425 incerto,
1661 389 1711 426 ὃς,
1728 388 1797 417 nihil
1811 387 1893 417 nobis
1906 386 2008 416 faciens
2021 388 2050 416 in
2066 384 2186 423 effeetu,
2205 394 2309 415 cumu-

1244 424 1310 454 lavit
1331 425 1443 455 interim
1462 426 1597 456 continue
1617 425 1697 456 Mala
1717 424 1823 464 Malis,
1844 424 1989 455 Homines
2003 446 2013 462 ,
2027 424 2254 462 Jurisdietiones,
2272 423 2308 453 &

1241 462 1308 500 Jura
1324 462 1418 493 nostra
1439 462 1570 493 Ducatiis
1589 464 1735 501 praedicti,
1753 463 1804 493 fibi
1825 473 1878 501 pro
1896 463 1999 493 viribus
2012 462 2192 501 attrahendo,
2210 463 2238 492 in
2253 470 2309 492 no·

1246 500 1295 530 stri
1309 501 1342 531 ὃ(
1356 500 1519 532 nostrorum
1535 501 1731 532 inaestimabile
1745 500 1967 532 Detrimentum.

1282 538 1320 569 Et
1368 539 1434 570 licet
1460 541 1523 570 haec
1549 541 1654 570 merito
1677 539 1744 569 Nos
1766 540 1907 570 turbarent
1921 562 1931 577 ,
1956 539 2052 570 Sanffl
2072 547 2167 570 tamen
2188 537 2309 575 Pasiagii

1245 562 1436 621 Transmarini
1452 578 1563 608 fervore
1575 578 1725 615 Succensi,
1745 578 1778 607 &
1792 577 1872 614 grata
1893 577 2115 608 consideratione
2130 576 2244 607 Consan
2266 577 2308 606 ui-

1249 623 1341 645 nitatis
1361 616 1394 645 &
1418 615 1567 646 Affinitatis
1580 638 1589 653 ,
1607 618 1707 653 quibus
1727 616 1851 645 invicem
1863 616 2029 653 attinemus,
2046 615 2156 653 allecti,
2173 623 2203 645 ut
2217 616 2242 644 ei
2262 624 2310 644 ern

1247 653 1340 697 nostra
1363 661 1466 696 pateret
1487 654 1638 684 Humilitas
1653 677 1663 692 ,
1681 654 1755 691 fibi,
1773 664 1822 693 per
1845 653 2061 691 Simplicitatem
2082 655 2168 684 aetatis
2190 654 2223 684 &
2236 653 2312 691 Juris

1246 702 1257 721 1
1278 700 1451 729 norantiam,
1470 692 1533 722 Vias
1548 692 1702 731 optulimus
1715 691 1891 729 inFrascriptas
1931 691 1982 721 sub
1997 691 2165 722 conditione
2182 700 2213 721 ut
2227 691 2313 721 nobis

1269 730 1308 760 eri
1320 731 1422 760 faceret
1439 730 1662 760 Restitutionem
1677 731 1830 760 Terrarum
1844 730 1878 760 &
1888 713 2021 769 J'urium,
2037 731 2115 768 super
2130 739 2183 760 nos
2197 730 2229 759 in
2244 728 2313 759 Du-

1249 777 1313 799 catu
1328 768 1465 808 praedicito
1478 768 1603 798 indebite
1617 768 1833 806 supprissorum3

1286 855 1310 886 P
1319 865 1342 886 R
1352 864 1364 886 ῐ
1374 864 1429 886 Mo
1438 878 1448 894 ,
1468 854 1653 894 Maritagium
1667 854 1728 885 Filii
1741 855 1829 886 nostri
1844 855 2033 894 Primogeniti
2055 854 2179 886 Comitis
2194 854 2315 886 Cestriae

1251 904 1303 933 pro
1319 894 1461 963 Fl'iligsu'a,
1480 895 1538 925 sine
1551 893 1633 924 Dote
1645 917 1656 933 ,
1671 893 1717 924 seu
1737 894 1902 924 Donatione
1918 894 2057 932 qualibet,
2076 895 2314 925 matrimonialiter

1253 943 1290 964 co
1312 943 1373 963 uan
1397 944 1421 963 a.

1290 943 1310 1001 ἕ
1318 980 1336 1001 E
1346 981 1363 1002 c
1372 979 1395 1001 υ
1405 980 1428 1001 N
1438 981 1458 1001 D
1468 980 1488 1000 o
1502 993 1512 1009 ,
1537 970 1718 1010 Maritagiurn
1745 971 1855 1001 Sororis
1876 968 1980 1000 nostrae
1999 969 2145 1000 carissimae
2166 980 2217 1007 pro
2242 969 2315 1000 Filio

1252 1011 1301 1040 suo
1315 1033 1325 1048 ,
1344 1019 1414 1040 curn
1436 1019 1496 1040 non
1514 1009 1629 1040 modica
1649 1008 1767 1040 Summa
1788 1009 1921 1039 Pecuniae
1938 1030 1949 1046 ,
1972 1007 2056 1039 Dotis
2075 1010 2193 1038 nomine
2217 1008 2318 1039 confe-

1258 1048 1354 1079 reuda.

1290 1087 1321 1117 T
1330 1096 1347 1117 ε
1358 1095 1380 1117 R
1389 1094 1411 1116 τ
1421 1095 1433 1116 1
1441 1095 1461 1116 0
1475 1110 1484 1123 ,
1503 1084 1688 1124 Maritagium
1705 1084 1842 1116 Germani
1857 1084 1945 1116 nostri
1959 1083 2092 1115 carissimi
2101 1084 2238 1123 Johannis
2254 1083 2318 1115 Co-

1256 1126 1332 1193 rlpitis
1354 1124 1513 1193 qorpubiae
1527 1145 1539 1162 ,
1560 1131 1629 1154 tunc
1653 1125 1771 1154 viventis
1783 1147 1793 1162 ,
1817 1134 1870 1164 pro
1888 1123 1979 1162 aliqua
1999 1123 2090 1154 nobili
2104 1122 2268 1154 Domicella
2285 1123 2322 1153 de

1284 1171 1375 1193 arente
1387 1174 1403 1194 a
1427 1173 1470 1193 ua.

1296 1202 1359 1242 Qu
1371 1212 1388 1232 A
1398 1210 1421 1232 R
1430 1209 1500 1239 To,
1518 1199 1647 1231 volentes
1659 1199 1848 1231 Vexationem
1865 1200 2018 1239 redimere,
2035 1199 2085 1230 sibi
2098 1197 2253 1231 Pecrmiam
2269 1209 2323 1238 op-

1259 1241 1392 1278 tulimus,
1406 1241 1484 1279 quta
1499 1239 1580 1269 suum
1595 1239 1768 1277 Arbitrium,
1790 1249 1842 1269 nos
1855 1237 2014 1269 donaturos.

1296 1278 1348 1318 Et,
1366 1280 1430 1317 quia
1445 1276 1636 1316 praetendebat
1647 1276 1673 1308 se
1688 1277 1760 1308 velle
1776 1278 1806 1307 in
1821 1277 1919 1307 Terrae
1937 1276 2050 1307 Sanetae
2064 1275 2223 1307 Subsidium
2239 1284 2326 1307 trans-

1259 1316 1378 1356 fretare,
1394 1317 1477 1355 Nos,
1495 1317 1623 1346 nolentes
1634 1315 1714 1354 quod
1726 1325 1759 1347 ex
1774 1316 1856 1346 nobis
1875 1315 1998 1353 prodiret
2018 1314 2157 1353 Occasio,
2174 1324 2224 1352 per
2239 1325 2324 1353 quam

1258 1356 1370 1387 dictum
1391 1354 1548 1395 Paflagium
1568 1354 1658 1394 posset
1680 1354 1829 1393 aliqualiter
1849 1353 1978 1385 retardari
1991 1376 2000 1391 ,
2016 1352 2051 1382 ad
2066 1352 2212 1391 Rogatum
2228 1353 2325 1391 suurn,

1259 1404 1368 1432 paratos
1389 1404 1440 1424 nos
1458 1394 1612 1434 optulimus
1634 1393 1668 1424 ad
1694 1392 1944 1424 Transfretandum
1963 1392 2029 1422 illuc
2045 1413 2054 1428 ‚
2072 1390 2201 1421 conflatis
2221 1392 2326 1422 viribus

1259 1442 1328 1463 cum
1351 1432 1478 1470 eodem,
1498 1434 1534 1462 ita
1556 1440 1650 1462 tamen
1672 1431 1751 1469 quod
1766 1432 1833 1462 citra
1845 1430 1921 1461 Passa
1943 1431 2003 1460 ium
2020 1428 2138 1459 fideliter
2152 1431 2330 1466 promitteret

1261 1472 1357 1511 quod,
1372 1471 1436 1508 post
1449 1469 1587 1500 Reditum
1602 1470 1730 1500 nostrum
1745 1470 1782 1500 de
1801 1468 1880 1500 dicta
1932 1467 1994 1500 erra
2013 1466 2137 1506 saneta,
2157 1465 2328 1498 Restitutio-

1262 1520 1328 1540 nem
1343 1510 1424 1540 nobis
1442 1508 1498 1539 fieri
1512 1509 1615 1538 faceret
1630 1509 1813 1539 antedictam.

1299 1548 1338 1578 Et
1352 1548 1487 1585 demum,
1505 1548 1541 1576 ne
1555 1548 1707 1585 quicquam
1720 1547 1801 1577 nobis
1820 1545 1911 1587 poffet
1931 1545 2048 1585 impingi
2061 1544 2097 1575 de
2113 1543 2328 1582 Impedimento

1263 1586 1334 1618 dieti
1351 1585 1485 1623 Passagii,
1503 1586 1559 1615 hoc
1573 1585 1649 1615 idem
1665 1585 1868 1622 concessimus,
1886 1585 2007 1623 scilicet,
2023 1583 2120 1621 quod,
2139 1581 2203 1622 post
2219 1581 2333 1613 dietum

1264 1624 1420 1664 Paflagium
1429 1647 1439 1663 ,
1459 1625 1538 1662 super
1553 1623 1606 1653 hiis
1620 1623 1703 1654 nobis
1719 1624 1822 1654 faceret
1837 1622 1956 1662 Justitiae
1971 1622 2224 1661 complementum.

1303 1717 1352 1749 Set
1374 1717 1448 1759 ipse,
1467 1725 1553 1749 tantas
1571 1716 1754 1755 Oblationes,
1772 1714 1917 1756 plusquam
1941 1713 2133 1751 rationabiles,
2151 1723 2210 1744 non
2231 1721 2298 1743 acce
2320 1729 2334 1737 -

1267 1765 1341 1796 tans,
1360 1766 1390 1788 ut
1405 1765 1508 1798 pateret
1523 1755 1650 1787 voluntas
1663 1756 1719 1793 ejus
1730 1755 1765 1785 ad
1780 1754 1891 1785 Odium
1907 1761 2005 1783 contra
2019 1751 2088 1782 Nos
2102 1774 2113 1789 ,
2129 1753 2159 1781 in
2170 1760 2278 1789 partem
2303 1753 2334 1781 'i-

1268 1795 1346 1826 nistri
1361 1796 1467 1826 Lateris
1483 1795 1509 1825 se
1525 1796 1683 1832 convertit,
1700 1795 1750 1832 ὃς,
1769 1792 1940 1824 Machinans
1953 1790 2070 1822 subdole
2083 1790 2119 1820 sic
2134 1799 2185 1820 nos
2192 1799 2335 1827 occupare

1269 1835 1342 1865 circa
1356 1833 1498 1864 Guerram
1516 1834 1621 1864 Scotiae
1635 1855 1646 1871 ,
1665 1833 1746 1871 quod
1761 1831 1981 1868 Recuperationi
1999 1828 2112 1867 Jurium
2126 1828 2290 1858 nostrorum
2308 1830 2338 1858 in

1268 1873 1416 1903 Franciam
1434 1872 1514 1902 nobis
1527 1871 1672 1901 intendere
1686 1881 1746 1901 non
1762 1871 1887 1907 vacavit,
1905 1867 2002 1899 David
2014 1867 2050 1897 de
2066 1866 2169 1905 Bruys,
2186 1866 2213 1896 se
2224 1865 2339 1906 Regem

1269 1912 1375 1942 Scotiae
1391 1910 1610 1951 praetendentem
1623 1932 1634 1948 ,
1656 1909 1676 1928 ²*
1704 1910 1738 1940 ὃ(
1759 1918 1860 1939 omnes
1880 1906 1915 1937 de
1937 1905 2035 1938 Scotia
2048 1927 2059 1944 ,
2075 1904 2126 1935 fibi
2139 1904 2340 1944 Adhaerentes‚

1273 1949 1405 1981 Rebelles
1418 1950 1451 1980 &
1465 1948 1601 1979 Inimicos
1616 1946 1727 1978 nostros

1308 1989 1369 2028 Qi
1383 1996 1481 2019 contra
1494 1987 1578 2025 Nos,
1597 1986 1646 2024 &,
1664 1970 1813 2016 Vafliilum
1828 1985 1862 2016 δε
1876 1982 2126 2022 Consanguineum
2147 1980 2278 2012 nostrum
2293 1992 2341 2014 ca-

1271 2027 1410 2058 rissimum
1423 2049 1433 2066 ,
1454 2025 1626 2058 Edwardum
1650 2023 1762 2063 Regem
1784 2023 1891 2054 Scotiae
1905 2045 1915 2061 ,
1939 2023 1976 2052 de
1996 2021 2106 2051 Guerra
2120 2020 2340 2057 proditionaliter

1271 2065 1445 2134 surresxerunt
1457 2088 1468 2103 ,
1486 2066 1519 2097 &
1540 2064 1641 2095 Terras
1662 2062 1770 2094 nostras
1784 2086 1794 2101 ,
1811 2063 1870 2093 tam
1881 2062 1913 2091 in
1933 2059 2038 2100 Anglia
2049 2081 2060 2098 ,
2078 2060 2164 2097 quam
2180 2059 2211 2089 in
2225 2060 2342 2099 Scotifi,

1274 2115 1338 2135 inva
1350 2112 1430 2135 erunt

1311 2143 1345 2174 In
1360 2143 1407 2173 sua
1428 2126 1581 2182 pertinacia
1600 2138 1749 2171 defendere
1771 2139 1871 2169 nititur
1890 2138 1938 2169 sub
1953 2136 2098 2176 cujusdam
2111 2134 2344 2167 Confoederatio-

1275 2183 1316 2212 nis
1329 2182 1486 2219 velamine,
1503 2181 1575 2210 inter
1590 2178 1734 2217 quondam
1748 2176 1875 2207 Franciae
1891 2178 1924 2208 &
1937 2176 2043 2207 Scotiae
2058 2175 2154 2211 Reges
2166 2174 2275 2205 dudum
2290 2175 2344 2205 ini-

1275 2230 1338 2259 [κς
1365 2221 1466 2252 virtute
1487 2220 1566 2257 cujus
1579 2240 1589 2256 ,
1614 2217 1634 2247 si
1652 2224 1758 2247 teneret
1773 2239 1783 2254 ,
1805 2216 1918 2246 haberet
1936 2214 2074 2255 praedieto
2105 2212 2224 2243 Vaffallo
2246 2212 2344 2244 nostro

1278 2260 1365 2297 (cum
1385 2258 1474 2289 fuerat
1494 2267 1561 2288 curn
1584 2255 1720 2286 Domino
1730 2255 1759 2294 J.
1775 2254 1812 2284 de
1825 2253 1944 2284 Balliolo
1957 2276 1967 2292 ,
1986 2252 2068 2283 Patre
2080 2250 2150 2282 dieti
2168 2250 2280 2282 Vassalli
2293 2261 2347 2282 no-

1278 2298 1327 2328 stri
1340 2321 1349 2336 ,
1365 2306 1419 2336 pro
1439 2296 1498 2334 ipso
1518 2296 1551 2326 &
1565 2294 1736 2325 Haeredibus
1756 2292 1808 2324 suis
1833 2292 1921 2329 facta)
1939 2292 1974 2323 &
1984 2301 2045 2322 non
2059 2290 2111 2328 ipsi
2126 2289 2224 2321 David
2235 2313 2245 2328 ,
2259 2299 2346 2330 prout

1278 2337 1363 2377 liquet
1378 2336 1505 2373 totorie,
1521 2334 1675 2365 subvenire.

1317 2374 1433 2413 Immo,
1452 2372 1604 2413 supposita,
1622 2372 1678 2402 fine
1699 2370 1863 2411 praejudicio
1877 2393 1887 2408 ,
1907 2367 2162 2400 Confoederatione
2177 2376 2226 2406 per
2246 2367 2347 2406 praefa-

1281 2422 1345 2444 tum
1356 2412 1450 2453 Philip
1471 2422 1520 2443 um
1533 2409 1667 2451 praetensa
1701 2409 1841 2449 numquid
1855 2409 1932 2439 dicta
1946 2407 2164 2438 Confoederatio
2178 2405 2233 2436 esse
2247 2406 2350 2438 debeat

1282 2451 1325 2483 Ini
1345 2453 1437 2483 uitatis
1483 2449 1630 2481 inculum?
1648 2433 1695 2480 [ft
1718 2457 1833 2488 propter
1853 2457 1916 2477 eam
1933 2446 2028 2477 eidem
2043 2445 2155 2489 David,
2174 2445 2283 2475 nullum
2298 2445 2352 2483 Jus

1282 2491 1317 2522 ad
1354 2491 1444 2521 ictum
1457 2490 1593 2529 Regnum
1607 2488 1747 2526 optinenti
1757 2510 1766 2525 ,
1783 2493 1883 2517 contra
1898 2485 1998 2515 Deum
2011 2484 2044 2514 &
2053 2483 2196 2522 Justitiam
2211 2506 2221 2522 ,
2238 2483 2352 2515 succur-

1284 2540 1344 2560 rere
1357 2536 1498 2567 teneatur,
1518 2526 1628 2558 constat
1664 2525 1721 2555 uod
1739 2535 1787 2563 per
1802 2534 1866 2555 eam
1880 2524 1915 2554 ad
1930 2524 2023 2553 illicita
2035 2532 2096 2553 non
2106 2530 2215 2552 artatur.

1321 2568 1369 2599 De
1379 2567 1447 2606 Jure
1462 2569 1532 2598 vero
1556 2565 1626 2596 dieti
1642 2536 1760 2594 ‘ilaffaili
1775 2563 1882 2603 nostri,
1900 2563 1934 2593 ὃς
1952 2561 2022 2592 dieti
2044 2560 2141 2592 David
2156 2558 2276 2600 Injurifi,
2295 2558 2356 2591 satin

1284 2607 1458 2637 innotescere
1471 2604 1642 2636 confidimus
1658 2603 1712 2633 toti
1728 2602 1862 2639 Mundo,

1321 2644 1405 2675 Nam
1420 2669 1429 2684 ,
1446 2644 1508 2675 orta
1526 2642 1635 2673 dudum
1648 2664 1657 2680 ,
1676 2643 1746 2671 inter
1767 2641 1877 2671 dictum
1896 2638 1922 2678 J.
1936 2638 1971 2669 de
1986 2636 2122 2676 Balliolo‚
2140 2637 2174 2668 &
2189 2635 2355 2666 Robertum

1284 2683 1320 2713 de
1335 2683 1436 2724 BruyS,
1454 2682 1569 2713 Patrem
1583 2681 1653 2711 dicti
1676 2678 1790 2717 David,
1807 2680 1840 2710 &
1861 2678 1929 2709 alios
1948 2676 2179 2714 Competitores,
2195 2674 2274 2713 super
2284 2673 2355 2712 Jure

1285 2722 1381 2762 Regni
1394 2722 1498 2753 Scotiae
1533 2728 1649 2757 coram,
1668 2718 1786 2748 celebris
1799 2717 1968 2753 memoriae,
1988 2715 2122 2744 Domino
2138 2713 2171 2743 E.
2189 2713 2271 2752 Rege
2293 2712 2356 2742 An-

1286 2761 1350 2801 gliae
1370 2761 1437 2791 Avo
1458 2744 1556 2790 nostro
1571 2781 1580 2797 ,
1600 2758 1750 2798 Superiore
1774 2756 1908 2786 Domino
1929 2754 2050 2790 Scotiae‚
2071 2750 2192 2796 Materia
2208 2749 2356 2795 Qaestio-

1287 2801 1346 2838 nis,
1364 2799 1440 2830 dicta
1457 2798 1589 2838 Qiaestio
1603 2798 1661 2827 tam
1681 2796 1709 2824 in
1730 2793 1866 2825 Romanii
1887 2791 1991 2829 Curia,
2007 2792 2094 2830 quam
2110 2801 2140 2820 in
2154 2789 2358 2820 Universltatl-

1288 2841 1341 2869 bus
1355 2861 1365 2876 ,
1391 2839 1424 2869 &
1446 2837 1550 2869 Studiis
1566 2834 1768 2871 Generalibus,
1786 2842 1819 2863 ac
1836 2833 1916 2864 variis
1936 2830 2024 2860 Locis
2043 2829 2101 2859 aliis
2117 2851 2127 2867 ,
2143 2838 2158 2858 a
2168 2827 2243 2867 Juris
2258 2826 2358 2859 Peritis

1288 2877 1469 2915 solempniter
1483 2876 1572 2906 exritit
1587 2873 1730 2911 disputata.
2046 2907 2050 2912 Ι

1326 2914 1363 2945 Et
1384 2914 1504 2945 demum
1518 2935 1527 2951 ,
1548 2913 1627 2951 juxta
1646 2910 1810 2941 Decisiones
1831 2907 2006 2944 eorundem,
2022 2906 2137 2937 dietum
2150 2905 2292 2943 Regnum
2308 2914 2359 2942 per

1290 2953 1402 2985 dietum
1417 2952 1514 2982 Avum
1528 2950 1673 2987 nostrum,
1692 2948 1828 2988 Judicem
1845 2948 1951 2978 ratione
1970 2945 2174 2983 Superioritatis
2186 2944 2239 2974 suae
2259 2946 2290 2974 in
2304 2943 2358 2974 hac

1290 2992 1600 3031 parteCompetentem
1616 2987 1716 3024 (CUM
1737 2994 1900 3018 snsiPaR
1921 2983 2011 3015 Rae
2023 2992 2062 3014 Es
2081 2985 2258 3014 ANGLIAE
2277 2989 2359 3012 Fui-:-

1292 3038 1401 3062 RINT
1426 3029 1701 3060 SUPERJORES
1728 3025 1903 3056 DoMiNI
1928 3023 2111 3060 Sc0T1AE,
2136 3028 2189 3051 ετ
2217 3019 2360 3050 Raoizs

1291 3069 1453 3100 ScoT1AE
1475 3075 1577 3097 it’sis
1597 3064 1905 3095 FiDELtrarssivi
1933 3068 1985 3092 Εἰ·
2004 3059 2248 3090 Ι-ΙοΜΑοῙυΜ
2267 3066 2362 3088 PRAE-

1293 3116 1356 3138 sri
1366 3116 1415 3137 TE
1426 3114 1479 3136 Ru
1491 3112 1545 3135 NT
1563 3107 1572 3140 )
1596 3112 1644 3140 per
1666 3102 1792 3133 Centum
1816 3100 1908 3131 Virale
1924 3098 2070 3139 Jud'icium
2084 3122 2094 3136 ,
2121 3097 2280 3135 judicatum
2306 3095 2360 3127 fuit

1294 3145 1411 3184 praefato
1427 3144 1569 3183 Johanni,
1585 3141 1645 3172 Sibi
1661 3142 1694 3172 &
1710 3139 1920 3172 Successoribus
1942 3137 1991 3168 suis
2013 3147 2033 3168 0
2053 3134 2218 3179 tinendurn,
2236 3135 2269 3166 &
2284 3135 2363 3172 abju-

1293 3185 1418 3215 dicatum
1437 3181 1630 3213 sententialiter
1650 3180 1768 3218 praefato
1788 3178 1924 3210 Roberto
1939 3199 1949 3215 ,
1971 3176 2004 3207 &
2054 3174 2271 3213 ompetitoribus
2296 3183 2359 3204 me-

1297 3232 1422 3254 moratis.

1333 3261 1395 3300 Qi
1416 3258 1531 3299 quidem
1549 3257 1692 3298 johannes
1712 3256 1825 3287 dietum
1845 3255 1986 3291 Regnum
2006 3251 2055 3282 diii
2076 3248 2196 3290 pacifice
2218 3252 2308 3293 tenuit
2325 3249 2360 3281 8⁶

1297 3301 1409 3338 quiete,
1426 3298 1520 3329 donec
1542 3296 1670 3335 praefatus
1691 3295 1836 3326 Robertus
1857 3293 1892 3323 de
1908 3291 1992 3330 Bruys
2005 3313 2013 3327 ,
2031 3289 2183 3333 Tyrannus
2205 3288 2362 3332 Sacrilegus

1298 3341 1331 3370 &
1347 3338 1491 3376 Perjurus,
1509 3337 1538 3366 in
1552 3335 1661 3366 dictum
1677 3334 1814 3371 Regnum
1837 3331 1974 3374 violenter
1997 3329 2030 3359 &
2043 3327 2264 3368 proditionaliter
2277 3326 2303 3356 se
2319 3335 2363 3357 in-

1298 3376 1396 3415 trusit,
1415 3375 1507 3415 Qiod
1521 3375 1575 3412 sic,
1591 3373 1662 3404 dum
1676 3373 1763 3408 vixit,
1779 3371 1867 3401 tenuit
1881 3369 1989 3399 vitiose.
2102 3404 2108 3410 .

1337 3415 1392 3445 Per
1418 3413 1497 3452 quod
1520 3413 1604 3451 liquet
1624 3411 1734 3442 dictum
1755 3407 1850 3439 David
1865 3430 1874 3444 ,
1892 3407 2036 3437 volentem
2059 3404 2110 3434 sibi
2132 3401 2360 3441 succedere,Jus

1299 3452 1412 3493 aliquod
1427 3462 1485 3482 non
1505 3452 1625 3488 habere,
1643 3459 1711 3480 cum
1726 3449 1835 3478 distum
1851 3444 2028 3476 Poiiessionis
2041 3442 2151 3474 Vitium
2166 3442 2200 3472 sit
2212 3441 2282 3472 reale
2298 3463 2309 3479 ,
2327 3442 2362 3473 &

1301 3493 1338 3524 fic
1353 3491 1448 3522 obesse
1463 3490 1562 3520 debeat
1576 3487 1745 3519 Successori.
2160 3520 2164 3525 ·

1338 3530 1376 3561 Et
1395 3529 1463 3560 cum
1477 3551 1486 3566 ,
1506 3529 1533 3557 in
1553 3526 1738 3565 Expeditione
1761 3524 1882 3555 Guerrne
1902 3520 2007 3552 nostrae
2027 3527 2126 3551 contra
2138 3517 2365 3562 dictosScotosg

1302 3571 1331 3600 in
1344 3569 1450 3600 Scotiae
1490 3567 1590 3597 artibus
1608 3574 1749 3604 ageremus
1763 3587 1772 3600 ,
1791 3563 1867 3592 idern
1882 3560 2041 3598 Philippus,
2059 3558 2213 3602 intelligens
2227 3564 2363 3599 innextte-

1301 3607 1348 3638 ma
1362 3607 1449 3637 Nece
1471 3614 1536 3636 itate
1549 3604 1669 3642 positos,
1685 3603 1837 3639 solempnes
1850 3599 1985 3630 Nuncios
2000 3598 2082 3626 nobis
2095 3595 2239 3638 transmisit
2254 3604 2284 3624 in
2299 3595 2363 3638 A¹¹.‘

1320 3646 1386 3676 liam
1403 3668 1412 3683 ‚
1431 3652 1485 3682 ut,
1503 3644 1552 3674 sub
1573 3642 1669 3673 colore
1692 3641 1761 3671 dicii
1785 3639 1881 3670 Sandii
1901 3635 2036 3674 Passagii,
2051 3635 2083 3665 &
2103 3643 2157 3674 pro
2177 3633 2363 3665 subducendis

1301 3655 1515 3724 impedimentis
1529 3682 1608 3719 hujus
1621 3703 1630 3718 ,
1650 3689 1702 3710 nos
1713 3690 1728 3709 a
1743 3678 1826 3708 distis
1841 3677 1961 3715 partibus
1975 3682 2128 3717 revocaret.
2253 3711 2269 3716 ..

1339 3722 1407 3752 Nos
1421 3730 1531 3758 autem,
1550 3721 1586 3749 ne
1599 3718 1666 3749 dieti
1678 3717 1787 3747 discribi
1802 3714 1940 3755 poisemus
1955 3711 2140 3755 impeditores
2154 3710 2363 3750 Paflagii,pr0-

1302 3761 1462 3799 peravimus
1484 3760 1513 3788 in
1534 3757 1666 3796 Angliam
1680 3779 1689 3793 ,
1707 3756 1788 3785 diffitis
1809 3752 1842 3784 N
1845 3753 1932 3783 unciis
1949 3749 2096 3794 ¹occursuri
2111 3762 2122 3788 3
2140 3750 2188 3787 qui
2210 3750 2294 3779 nobis
2310 3758 2365 3790 pro

1303 3808 1382 3830 certo
1399 3797 1580 3837 promiserant
1626 3793 1707 3834 quod
1733 3792 1862 3831 praefatus
1882 3790 2027 3828 Philippus
2047 3788 2251 3818 diet0s8c0t0s
2264 3796 2365 3818 contra

1305 3847 1356 3868 nos
1369 3846 1428 3867 non
1442 3835 1566 3871 foveret,
1584 3817 1604 3864 si
1616 3833 1748 3862 vellemus
1766 3830 1829 3860 Viae
1845 3829 1925 3860 Pacis
1942 3826 2111 3858 rationabilis
2125 3826 2290 3857 consentire.

1343 3875 1463 3913 Propter
1487 3872 1564 3911 quod
1578 3894 1588 3909 ,
1607 3872 1640 3902 ὃς
1661 3870 1710 3901 sub
1736 3869 1783 3907 spe
1803 3868 1882 3899 Pacis
1896 3890 1905 3905 ,
1923 3875 1972 3904 per
1995 3864 2202 3896 Mediationem
2224 3864 2369 3895 dictorum

1306 3914 1496 3945 Nunciorum
1517 3909 1668 3947 faciendae,
1687 3918 1702 3938 a
1722 3907 1857 3938 Processu
1872 3905 1956 3936 dietae
1971 3903 2110 3942 Guerrae,
2127 3913 2186 3934 non
2201 3903 2256 3933 sine
2271 3902 2369 3933 Detri—

1306 3960 1406 3983 mento
1427 3947 1586 3990 gravissimo
1599 3970 1610 3987 ,
1634 3946 1809 3984 destitimus,
1834 3945 1964 3981 Treugas
1985 3943 2019 3973 &
2032 3941 2152 3973 Guerrae
2173 3941 2371 3974 Sufferentiam

1310 3988 1507 4022 concedendo.

1348 4029 1461 4067 Qiibus
1474 4025 1635 4057 durantibus
1656 4022 1726 4054 dieti
1741 4022 1820 4053 Scoti
1837 4044 1847 4060 ,

1311 4077 1357 4100 ¹¹ae
1372 4065 1537 4102 memoriae,
1553 4062 1702 4095 Comitem
1719 4061 1860 4130 Athoiiaei
1872 4031 1921 4059 qul
1935 4020 2034 4051 d⁰l⁰⁵e
2047 4020 2155 4058 semper
2169 4026 2304 4058 egerunt,
2318 4018 2372 4047 bo.

1878 4061 1910 4091 &
1925 4059 1994 4090 alios
2007 4057 2133 4091 Nobiles
2147 4059 2181 4090 &
2200 4057 2304 4091 Fideles
2307 4064 2378 4127 ἔτί-ε

2360 1898 2491 1929 *V.i6i.
