2562 4279
804 159 914 200 ET
997 158 1263 198 ACTA

77 239 204 275 Ann.D.
219 241 301 283 super
313 241 470 282 hujusmodi
484 244 588 284 gratia,
604 243 708 276 vestras
724 243 900 283 Apostolicas
916 243 1050 281 Litteras,
1069 253 1134 281 quae
1149 243 1273 273 necessa-

101 289 184 319 1329-
218 283 258 312 ria
280 282 382 314 fuerint
399 284 496 322 jubere
509 284 584 323 fieri,
601 285 635 316 δε
652 284 765 323 Nobis,
784 284 804 314 si
818 283 924 322 placet,
942 292 990 322 per
1004 281 1140 313 Latorein
1155 282 1274 320 praesen-

75 322 141 349 Σάνη.
160 327 175 356 3
216 321 290 352 tium
304 321 451 353 destinare.

256 358 414 393 Conservet
427 363 488 393 &c.

254 435 342 467 Teste
354 438 436 478 Rege
449 435 521 475 apud
534 435 666 475 Eltham,
683 445 782 476 quarto
797 436 843 467 die
858 434 965 467 Martii.

218 559 278 590 Pro
306 562 393 592 Petro
420 559 456 593 de
482 563 711 602 Mortuomari‚
736 555 912 598 cardinali,
935 556 973 590 de
988 557 1120 600 Penfione
1138 557 1274 603 conceffa.

220 643 335 700 REX
349 644 502 684 omnibus,
523 643 558 676 ad
573 653 644 682 quos
656 644 717 675 &c.
733 641 867 685 Salutem.
946 678 952 684 ·
1237 681 1241 686 ¹
1255 680 1261 686 ι

311 682 495 714 Attendentes
512 691 587 722 grata
606 683 640 713 &
659 679 805 723 laudabilia
827 677 970 723 Obsequia
1004 689 1085 723 quse,
1103 679 1276 710 Venerabilis

70 716 123 740 ΑΜ·
143 722 167 748 3·
218 717 316 758 Pater,
335 721 481 752 Dominus
495 721 609 757 Petrus,
626 719 702 762 tituli
710 717 806 761 Sandti
822 716 941 760 Petrilin
987 719 1062 762 (5¹¹0,
1074 717 1178 762 Monte
1195 718 1276 748 Pres-

71 754 102 779 Ε·
124 760 149 786 3·
218 756 290 789 biter
303 758 472 798 Cardinalis,
490 759 573 789 nobis
585 756 773 794 multipliciter
786 755 939 793 impendit,
956 756 990 786 ὃ(
1005 757 1094 786 indies
1112 757 1277 795 impendere

70 792 188 864 {ius-31²·-
221 797 455 869 nogcdegigiettjtes
472 833 562 872 ipsum
582 831 695 863 Patrem
708 854 719 871 ,
741 842 778 862 eo
797 840 932 870 praetextu
946 855 957 870 ,
979 841 1098 863 munere
1118 833 1278 871 prospicere

78 874 146 893 Lm.
159 876 206 903 30-
223 873 456 942 graetiggzgffimus
470 910 494 940 ei
508 908 648 947 quandam
664 908 797 939 Annuam
812 908 981 939 pensionem
993 908 1183 949 Quadraginta
1197 909 1279 940 Mar—

223 959 338 987 oerum,
361 948 620 986 percipiendarum,
644 947 757 985 singulis
778 947 885 986 Annis,
908 946 944 978 de
966 945 1088 978 Camera
1107 948 1219 987 nostra,
1241 948 1276 980 ad

220 995 310 1018 toram
322 987 408 1017 vitam
422 985 508 1017 suam.

253 1024 288 1056 In
302 1026 379 1062 cujus
393 1025 454 1056 &c-

72 634 150 665 Ann.
158 633 200 665 D.

98 683 185 713 1329.

252 1098 344 1131 Teste
358 1099 441 1140 Rege
454 1100 528 1139 apud
544 1100 676 1140 Eltham,
693 1109 793 1139 quarto
803 1101 850 1132 die
862 1099 970 1133 Martii.

529 1230 589 1261 Pro
604 1225 756 1260 Bernardo
775 1225 812 1259 de
831 1226 857 1259 le
874 1228 969 1263 Breto.

69 1311 146 1342 Arm.
156 1311 196 1342 D.
218 1311 351 1370 REX,
369 1312 473 1344 Nobili
493 1310 581 1352 Viro,
598 1312 632 1344 ὃς
652 1311 739 1343 Fideli
754 1312 819 1350 suo,
838 1310 979 1343 Ber-nardo
993 1311 1030 1342 de
1041 1311 1068 1343 le
1081 1311 1182 1351 Breto,
1199 1311 1277 1343 Salu-

93 1359 178 1389 ¹329·
291 1359 359 1382 tem.

67 1393 122 1417 An.
139 1400 164 1426 3.
254 1388 398 1428 Qasdam
413 1389 583 1427 pastiones,
602 1389 685 1420 nobis
697 1399 732 1420 ex
746 1396 824 1428 parte
835 1388 929 1421 vestra
941 1389 1100 1428 porrecstas,
1109 1390 1276 1428 recepimus,

66 1431 97 1455 Ε.
118 1437 144 1464 3.
217 1427 251 1457 &
287 1430 350 1458 leno
364 1429 550 1465 concepimus
562 1428 713 1459 intelledm.
1012 1467 1017 1473 ⁸
1129 1467 1134 1473 ⁸

68 1467 134 1503 Vasa·
158 1476 184 1503 3.
281 1475 308 1505 t,
325 1467 390 1498 licet
406 1466 487 1497 cordi
499 1467 581 1497 nobis
596 1467 627 1498 sit
642 1477 673 1497 ea
685 1467 793 1511 facere,
808 1476 871 1505 quae
885 1465 919 1496 ad
935 1466 1018 1498 vestri
1032 1466 1148 1497 honoris
1161 1467 1195 1498 ὅ(
1208 1476 1276 1504 pro-

66 1508 97 1531 Ξ.
114 1513 139 1541 3.
154 1515 189 1533 m.
214 1503 340 1534 februum
364 1506 538 1536 incrementa
558 1506 691 1535 novimus
704 1515 858 1543 pertinere,
877 1504 989 1535 Bonum
1007 1504 1132 1535 Gestum
1150 1505 1276 1536 vestrum

72 1551 116 1569 io.
215 1552 284 1578 erga
306 1543 473 1574 Dominum
491 1542 525 1574 E.
545 1553 633 1582 nuper
655 1544 768 1584 Regem
791 1543 921 1583 Angliae,
938 1543 1050 1574 Patrem
1074 1543 1221 1582 nostrum,
1239 1544 1273 1574 ὃς

215 1580 284 1611 Nos
299 1582 454 1612 recolentes
468 1606 478 1618 ,
1090 1620 1095 1626 ο
1110 1621 1115 1626 ι

258 1620 336 1658 Qiia
357 1629 451 1652 tamen
472 1619 600 1660 Praelati,
624 1622 658 1652 δε
679 1620 723 1651 alii
745 1620 915 1659 Magnates,
938 1619 974 1649 de
994 1618 1138 1664 'Concilio
1159 1619 1275 1663 nostro,

214 1659 360 1696 praelentes
381 1668 440 1690 non
459 1658 572 1689 fuerunt
593 1668 722 1697 ternpore
746 1659 924 1689 exhibitionis
938 1657 1112 1688 Petitionum
1128 1657 1275 1702 l'Yae.d¹&.a·

213 1706 294 1735 rum,
311 1707 371 1728 non
383 1698 526 1736 potuimus
540 1697 574 1727 N
577 1698 664 1727 unciis
678 1696 774 1728 vestris
789 1705 900 1726 certum
909 1719 919 1733 ,
935 1696 1014 1733 super
1027 1703 1167 1739 contentis
1182 1706 1210 1725 in
1224 1706 1275 1742 eis-

212 1734 296 1774 dem,
314 1735 377 1766 dare
393 1735 572 1774 responsum3
590 1735 629 1767 set
641 1737 670 1766 in
688 1734 842 1774 Qiindena
857 1733 989 1777 Pascliae,
1007 1735 1143 1772 proximo
1163 1734 1274 1778 futura,

236 1774 327 1804 uando
340 1775 448 1813 praefati
465 1773 619 1805 Confiliarii
632 1773 722 1804 nostri
735 1773 770 1803 ad
783 1772 851 1803 Nos
870 1772 1097 1817 venientaesuper
1119 1772 1219 1816 nostris
1240 1773 1274 1803 δε

212 1784 311 1851 Regni
325 1813 444 1843 nostrin
480 1813 544 1842 otiis
557 1812 717 1850 tractaturi,
735 1810 771 1841 de
785 1820 886 1841 eorum
904 1809 1034 1841 Consilio
1056 1811 1090 1841 &
1109 1811 1277 1854 Avisatnen-

215 1857 248 1880 to
282 1850 335 1880 tale
361 1852 444 1882 vobis
494 1850 640 1890 esponsum
661 1850 754 1881 facere
768 1850 955 1888 proponimus
965 1849 1001 1880 de
1014 1848 1181 1888 praemifl'is,
1197 1849 1276 1889 quod

212 1888 243 1918 in
263 1889 281 1919 ὲ
296 1889 370 1920 eritis
386 1890 552 1920 contentati.

248 1964 318 1996 Dat.
336 1965 410 2005 apud
425 1964 587 2007 Cirteseye,
604 1965 781 1998 duodecimo
793 1964 840 1996 die
855 1964 962 1998 Martii.

63 2081 155 2159 3837*
245 2087 275 2116 >If-
294 2089 355 2126 Ad
372 2094 539 2140 Magnates
557 2095 730 2140 Aquitaniae
740 2093 831 2140 fhper
844 2089 932 2135 statu
949 2094 1089 2126 Ducatus
1102 2091 1245 2140 praediai.

61 2143 141 2217 Am,-
155 2185 198 2217 D,
218 2174 350 2231 REX,
367 2176 474 2221 Nouii
493 2178 564 2223 virq
579 2178 613 2210 sc
626 2177 701 2209 fideli
718 2177 784 2217 suo,
802 2156 938 2208 Domino
951 2176 1074 2209 Berardo
1090 2176 1126 2208 de
1138 2177 1163 2209 ia
1175 2177 1277 2218 Ereto,

63 2233 171 2302 ,(ἱῖὶῖ
254 2214 813 2295 Ἑίἕῧὲἲίἓίἒίῗτὲαὲιὲἷιίξὲὲῖξὲᾞ«περ
821 2253 891 2285 Nos
903 2255 937 2286 ὃς
951 2254 1153 2293 Progenitores
1165 2254 1280 2287 nostros

63 2306 95 2331 Ε,
215 2289 251 2321 ad
265 2293 436 2323 memoriam
452 2292 634 2332 reducentes,
651 2295 833 2333 negotiorum
847 2292 1012 2324 nostrorum
1025 2295 1229 2341 certitudinem·
1242 2304 1279 2325 eo

62 2312 162 2379 Vasti}-
170 2345 200 2370 g,
220 2330 410 2362 confidentius
424 2332 507 2363 vobis
518 2332 680 2371 scribimus,
696 2342 755 2371 quo
767 2331 804 2363 de
818 2331 913 2364 vestra
925 2331 1127 2364 Benevolentia
1144 2332 1278 2364 fiduciam

63 2388 89 2416 3,
103 2389 175 2416 „29-
215 2370 341 2405 gerimus
354 2369 531 2407 ampliorem.
1031 2382 1033 2384 ·

61 2417 116 2446 107·
252 2406 294 2437 Ea
309 2415 424 2446 propter
435 2409 504 2439 scire
519 2419 572 2441 vos
586 2409 720 2440 volumus
734 2408 832 2449 quod,
1117 2450 1122 2455 Ι

249 2443 309 2477 Etsi
329 2446 366 2476 de
387 2449 522 2486 negotiis,
550 2446 634 2486 Nos,
659 2449 693 2479 &
716 2446 1014 2492 Ducatumnostrum
1030 2448 1220 2493 ⁴praedititurn,
1244 2458 1278 2479 ac

209 2483 298 2521 Jura,
323 2485 356 2515 &
376 2484 479 2516 Terras
502 2486 628 2525 nostras,
651 2488 681 2517 in
699 2487 822 2525 partibus
842 2487 893 2517 illis
913 2489 1107 2526 tangentibus,
1124 2487 1279 2519 deliberato

212 2522 332 2552 consilio
345 2523 555 2555 nafflverimus
568 2525 603 2556 &
615 2525 836 2556 ordinaverimus
849 2535 918 2556 cum
932 2525 1057 2564 effeetu,
1122 2565 1127 2571 ¹

250 2559 372 2599 Propter
391 2561 484 2600 aliqua
508 2570 603 2593 tamen
624 2563 848 2602 Impedimenta,
865 2574 930 2603 quae
950 2565 1098 2607 inopinate
1120 2572 1279 2609 intervene-

213 2607 297 2636 runt,
314 2609 374 2630 non
393 2601 537 2637 potuimus
560 2611 608 2639 ea,
626 2612 691 2640 quae
712 2602 862 2632 deliberata
888 2602 1013 2640 fuerant,
1032 2602 1203 2633 Executioni
1227 2603 1278 2634 de-

213 2637 364 2675 mandare,
380 2640 439 2677 let,
457 2638 522 2677 post
534 2639 637 2670 instans
652 2639 768 2671 Festum
784 2640 917 2679 Paschae,
935 2640 1074 2679 quosdam
1096 2641 1204 2672 Fideles
1224 2652 1278 2673 no-

212 2673 285 2743 ιΗττῐοε
299 2675 434 2743 deginare
446 2679 635 2718 proponimus
651 2677 685 2709 ad
699 2688 786 2717 partes
800 2678 920 2718 vestras,
938 2680 988 2718 qui
1006 2689 1058 2712 vos
1078 2679 1146 2710 inde
1170 2680 1278 2718 plenius

210 2722 241 2742 in
254 2723 335 2743 orma
357 2722 421 2744 unt:

251 2751 290 2783 Et
311 2751 469 2790 speramuS,
488 2753 584 2784 vestro
604 2754 745 2786 mediante
764 2755 909 2794 praefidio,
927 2755 962 2787 ad
983 2756 1072 2786 finem
1091 2756 1175 2787 talem
1189 2756 1278 2788 dedu-

215 2798 282 2856 ᾖξε
297 2790 412 2830 negotia
425 2791 580 2830 antedicta,
593 2793 672 2831 quod
687 2794 770 2826 vobis
784 2796 867 2825 etiam
883 2794 966 2826 cedet
974 2795 1009 2826 ad
1025 2794 1227 2827 Commodum
1243 2797 1278 2828 &

250 2836 381 2858 onorem.

253 2901 323 2934 Dat.
338 2904 412 2942 apud
425 2905 611 2947 Wycombe,
628 2907 744 2939 decimo
758 2910 859 2948 quinto
873 2910 920 2941 die
934 2909 1044 2943 Martii.

345 2980 515 3013 Consimiles
529 2983 798 3026 Literaediriguntur
812 2986 983 3026 subscriptis3
997 2987 1146 3028 videlicet,

250 3057 333 3087 Petro
353 3058 385 3088 de
406 3059 519 3100 Grylino
538 3063 692 3091 Vicecomiti
712 3061 743 3092 de
754 3064 893 3100 Benanges
907 3064 968 3095 δίε.
987 3073 1069 3102 prout
1079 3065 1159 3104 supra
1171 3065 1208 3096 de
1220 3065 1276 3097 dat.

253 3096 730 3178 SessessrissnffdfflssssffiffluffiJZ‘rij‘
747 3109 817 3132 ‘⁰¹¹⁶
831 3101 870 3132 ¹³⁶

252 3175 400 3203 Amaneno
414 3175 446 3204 de
460 3176 570 3217 Barefio
584 3147 701 3207 Dompino
714 3178 748 3208 de
761 3176 968 3217 Monteferandi
983 3178 1082 3210 Mliti.

254 3209 397 3241 Gaillardo
412 3214 528 3244 Domino
542 3215 576 3245 de
590 3214 702 3256 Gasaco.

254 3247 384 3287 Johanni
399 3250 530 3293 Columby.

254 3289 339 3318 Petro
354 3288 386 3317 de
401 3288 506 3320 Sole'rio.
522 3290 523 3293 ’

255 3327 391 3356 Guitardo
402 3329 518 3359 Domino
533 3327 664 3368 Darsaeo.

256 3366 340 3394 Petro
354 3364 491 3396 Gullielmi
506 3367 538 3397 de
550 3371 647 3398 Monte
654 3366 747 3407 planu.

258 3401 392 3433 Arnaldo
407 3404 440 3433 de
453 3408 564 3436 Curton.

259 3442 380 3471 Emerico
392 3442 425 3471 de
440 3446 540 3481 Burgo.

258 3479 391 3510 Arnaldo
406 3481 439 3510 de
453 3483 607 3520 Puymoron.

258 3517 401 3548 Gallielmo
416 3520 563 3555 Reymundi
576 3519 701 3551 Culembr'.

258 3557 340 3586 Petro
355 3557 478 3588 Arnaldi
497 3558 650 3588 Lamberti.

258 3596 341 3625 Petro
358 3595 513 3636 Maenfimi.

257 3633 389 3664 Arnaldo
400 3637 507 3665 Garicr'e
521 3634 552 3664 de
567 3637 633 3665 Goti
646 3637 761 3665 Domino
776 3635 808 3665 de
822 3634 939 3673 Pugilla.

257 3670 393 3703 Gallardo
408 3673 452 3703 del
464 3677 665 3704 Cute-Domino
678 3673 710 3704 de
724 3674 886 3705 Erbeniaco.-

259 3712 403 3742 Bernardo
419 3715 517 3744 Sicate.

262 3749 384 3790 Vigerqffi
400 3753 504 3789 Vigeri.

80 3820 157 3853 Ann.
168 3820 211 3853 D.
227 3826 230 3828 ’
976 3843 978 3845 .

79 3868 192 3935 &13239
267 3892 326 3923 Pro
341 3892 505 3927 Willielmo
526 3894 640 3925 Comite
661 3891 831 3939 Juliacenst
849 3890 885 3925 de
903 3895 1070 3926 Annuitate
1078 3892 1236 3939 sblvenda.

80 3940 194 4002 ξιῖὸῖἷαι.
291 3973 349 4006 EX
358 3976 546 4020 ‘Thesaurario
559 3979 593 4010 δε
607 3977 773 4011 Camerariis
786 3977 841 4022 suis¹
853 3976 988 4008 Salutem.
1050 4017 1056 4023 ·
1251 4020 1256 4026 “

85 4020 110 4048 3.
127 4016 158 4040 Ε.
177 4022 202 4050 3.
330 4013 508 4047 Liberatede
520 4017 667 4048 Thesauro
682 4015 797 4055 nostro,
814 4015 920 4045 dileeto
933 4017 967 4047 δε
984 4014 1058 4046 fideli
1071 4017 1169 4049 nostro
1203 4018 1282 4049 Wil-

83 4059 119 4079 m.
140 4060 167 4087 7.
229 4049 326 4087 lidmo
346 4047 455 4084 comiti
471 4054 636 4094 juliacensi,
653 4055 698 4088 vel
720 4056 776 4094 ejus
796 4053 964 4093 Antoniam,
986 4053 1150 4087 Trescentas
1169 4042 1285 4096 Libras,

1347 158 1824 208 PUssticA.
2335 184 2381 223 23

1313 241 1352 271 de
1372 244 1496 286 termino
1516 245 1609 277 Sanni
1624 248 1786 288 Michaelis,
1804 252 1939 289 proximo
1953 253 2111 292 praeterito,
2128 252 2164 283 de
2181 253 2232 283 illis
2245 254 2369 285 Sexcen-
2388 250 2460 282 Arm-
2473 253 2514 284 D·

1315 282 1350 310 tis
1375 281 1484 320 Libris,
1504 294 1571 320 quas
1591 286 1666 316 idem
1687 288 1796 320 Comes
1819 293 1970 330 percipiet,
1988 302 2036 329 per
2056 292 2191 330 Annum,
2214 292 2250 322 de
2271 294 2368 332 nobis,
2411 300 2496 330 1329·

1314 327 1369 355 pro
1382 318 1481 350 Feodo
1495 321 1559 359 suo,
1578 333 1629 360 pro
1644 326 1724 355 mora
1739 327 1784 357 susi
1798 329 1960 359 nobiscum:
2383 332 2448 358 Edv.
2470 341 2497 368 3·

1353 356 1533 395 Recipientes
1547 361 1561 389 a
1575 363 1692 398 praefato
1706 363 1840 404 Cornste,
1858 367 1903 397 vel
1916 368 1964 398 suo
1978 367 2056 398 dicto
2070 368 2238 407 Attornato,
2252 369 2369 401 Litteras

1312 394 1603 462 tsuiiisfiAcquie-tantiae,
1621 399 1831 441 Receptioueni
1844 404 1980 437 diffitarum
1993 406 2210 438 Trescentaruni
2217 408 2370 441 Librarum

1325 442 1340 462 e
1367 444 1374 462 i
1396 444 1497 465 cantes.

1351 509 1440 541 Teste
1453 510 1538 549 Rege
1551 515 1624 552 apud
1637 514 1839 557 Wycoumbe,
1856 519 1972 551 decimo
1984 522 2085 560 quinto
2096 521 2141 553 die
2154 522 2263 555 Martii.

1377 635 1426 666 De
1442 632 1563 677 Verbis,
1588 639 1676 683 Regio
1685 640 1756 683 juri
1768 642 2020 688 praejudicialibus
2031 671 2040 685 ‚
2065 650 2097 679 in
2113 651 2194 695 Papae
2209 648 2304 682 Bullis

1613 692 1750 720 contentis
1761 716 1769 731 ,
1790 700 1864 736 pure
1881 698 2069 728 renunciatis.

1316 764 1460 826 Rax,
1474 766 1724 815 diieeioaefideii
1747 773 1812 811 suo,
1824 774 1947 818 Joimnni
1966 776 2002 807 <ie
2025 778 2121 820 Darcy
2140 780 2165 811 ie
2189 781 2303 822 Cosyn,
2317 782 2369 821 Ju-
2386 773 2515 806 Ann.D.

1387 804 1520 847 'stlcmrlo
1534 806 1583 838 suo
1599 807 1764 848 Hiberniae,
1783 813 1827 842 vel
1843 823 1898 850 ejus
1914 815 2011 845 locum
2029 819 2152 857 tenenti,
2170 820 2303 851 Salutem.
2414 823 2498 853 ¹329·

1356 840 1439 873 Licet
1452 853 1557 883 nuper,
1574 856 1690 877 vacante
1703 847 1827 880 Ecclesia
1840 851 1934 882 Sancti
1949 853 2059 884 Patricii
2075 854 2201 888 Dunensi
2218 869 2267 896 per
2290 869 2369 890 mor·
2386 855 2425 879 Aa
2454 862 2479 889 3·

1316 885 1394 923 tem,
1412 882 1498 925 bonae
1518 887 1666 915 memoriae
1699 886 1843 926 Thornae,
1862 899 1949 929 nuper
1968 891 2101 929 Episcopi
2120 894 2173 924 loci
2198 896 2263 927 illius
2298 898 2368 928 dile—
2389 895 2414 916 E.
2438 901 2464 927 3-

1317 916 1357 963 §li
1378 920 1461 963 nobis
1479 921 1511 964 ‚in
1534 921 1652 967 Christo
1667 908 1747 955 Frior
1761 927 1794 956 &
1811 926 1975 967 Capitulum
1985 931 2103 968 ejusdem
2119 923 2368 973 Eccleliae,’petita
2388 933 2405 955 1>
2406 936 2433 956 at
2439 951 2443 956 ·
2461 938 2488 965 3·

1317 966 1334 984 a
1346 957 1427 987 nobis
1440 957 1568 998 Eligendi
1590 961 1736 1001 Licentia,
1755 964 1788 995 &
1807 966 1940 1005 optenta,
1960 977 1990 999 ut
2011 967 2051 997 est
2074 972 2176 1008 moris,
2197 971 2248 1002 Ma
2268 974 2366 1005 isti-um
2389 971 2415 993 E.
2427 973 2519 1004 34²³·

1312 993 1474 1032 johannem
1489 998 1524 1027 de
1538 998 1809 1040 Malieonyngham,
1827 1004 1980 1036 Personam
1992 1005 2126 1037 Ecclesiae
2139 1008 2174 1039 de
2188 1009 2254 1042 Arw
2265 1015 2367 1052 iyn,in
2385 1015 2423 1033 ''³-
2444 1014 2490 1043 ²3·

1316 1032 1396 1063 suum
1409 1034 1549 1074 elegissent
1564 1036 1737 1075 Episcopum
1748 1041 1782 1071 &
1796 1041 1956 1073 Pastorem:

1355 1070 1477 1110 Nosque
1489 1073 1633 1106 Electioni
1647 1077 1685 1107 illi
1697 1079 1884 1115 postmodum
1901 1082 2049 1113 Affensum
2063 1083 2188 1124 Regium
2211 1088 2371 1123 praebuisse-

1317 1118 1380 1140 mus
1401 1110 1434 1141 ὃ(
1454 1112 1600 1152 favorem,
1626 1115 1823 1156 significando,
1841 1129 1890 1156 per
1909 1121 2012 1151 nostras
2031 1121 2158 1153 Patentes
2180 1124 2298 1164 litteras,
2317 1128 2371 1158 loci

1318 1146 1563 1189 Metropolitano,
1581 1161 1628 1190 ut,
1648 1154 1724 1191 quod
1739 1155 1818 1186 suum
1834 1157 1901 1187 effer
1916 1159 1944 1188 in
1959 1158 2011 1189 hac
2023 1169 2112 1200 parte,
2130 1172 2324 1200 exequeretur:

1356 1187 1544 1227 Volentesque
1563 1191 1655 1222 eidem
1675 1192 1793 1232 Hecto,
1813 1204 1843 1225 ut
1863 1197 1919 1233 ejus
1940 1207 2095 1234 parceretur
2117 1200 2256 1232 laboribus
2271 1204 2303 1234 &
2325 1213 2372 1234 ex-

1339 1225 1424 1264 ensis,
1440 1229 1556 1265 gratiam
1578 1229 1670 1260 facere
1691 1231 1856 1271 specialem,
1873 1234 2031 1266 dederimus
2057 1236 2075 1255 ²³¹²
2098 1237 2283 1279 potestatem,
2301 1250 2371 1273 tunc
2393 1248 2406 1263 *
2429 1249 2481 1276 IV.

1335 1263 1474 1307 ulsticiario
1489 1266 1587 1311 nostro
1598 1267 1761 1309 Hiberniae,
1780 1272 1875 1311 quod,
1893 1273 1912 1303 fi
1925 1275 2286 1313 contingeretEleLtionem
2302 1290 2371 1317 prae-
2392 1286 2455 1323 381.

1317 1302 1427 1333 millam
1441 1303 1592 1336 Canonice
1605 1307 1783 1348 confirmari,
1798 1310 1832 1341 ὃς
1847 1312 1897 1341 sibi
1912 1311 1979 1341 inde
1993 1312 2132 1344 constaret
2144 1325 2192 1351 per
2208 1316 2305 1347 litteras
2320 1319 2372 1349 Pa-

1316 1348 1405 1372 tent-es
1423 1343 1504 1380 ipsius
1525 1343 1755 1385 Metropolitani,
1770 1357 1839 1379 tunc
1861 1349 2036 1380 Fidelitatem
2055 1351 2134 1388 iplius
2155 1352 2262 1392 Elem,
2290 1358 2373 1388 nobis

1316 1378 1457 1423 debitam,
1475 1381 1573 1412 nostro
1594 1385 1713 1415 nomine
1730 1388 1882 1427 reciperet,
1901 1389 1933 1419 &
1954 1390 1978 1418 ei
1990 1389 2173 1428 Temporalia
2189 1391 2374 1431 Episcopatus

1316 1417 1386 1449 illlus
1399 1419 1504 1451 restitui
1515 1421 1619 1451 faceret
1633 1424 1695 1452 vice
1710 1424 1818 1455 nostra:

1355 1457 1433 1494 Quia
1449 1467 1542 1489 tamen
1563 1459 1709 1492 Dominus
1733 1463 1868 1494 Summus
1890 1463 2023 1496 Pontifex
2039 1466 2076 1496 de
2090 1466 2258 1506 Episcopatu
2274 1471 2376 1506 praedi-

1318 1495 1368 1525 <sto
1383 1498 1509 1534 providit
1522 1498 1607 1528 Fratri
1619 1498 1772 1537 Radulpho
1787 1502 1822 1532 de
1838 1502 2011 1543 Kilmeffan,
2027 1503 2142 1536 Ordinis
2165 1507 2290 1538 Fratrum
2312 1508 2375 1539 Mi-

1317 1543 1440 1575 norum,
1458 1536 1492 1567 ὃς
1512 1537 1602 1574 ipsum
1623 1539 1652 1567 in
1671 1538 1844 1578 Episcopum
1865 1541 1922 1572 loci
1937 1543 2006 1573 illius
2021 1544 2145 1580 praefecit
2161 1546 2194 1576 ὃ(
2210 1545 2374 1586 Pastorem,

1316 1573 1387 1602 iicut
1408 1583 1458 1610 per
1479 1574 1596 1605 Litteras
1615 1576 1695 1613 ipsius
1712 1577 1822 1608 Summi
1841 1579 1986 1610 Pontificis
2001 1581 2135 1619 BullataS,
2155 1584 2236 1613 nobis
2251 1584 2316 1614 inde
2332 1585 2375 1615 di-

1317 1610 1421 1647 re&a5,
1439 1613 1522 1642 nobis
1535 1613 1660 1652 constat,
1678 1615 1802 1646 &idem
1818 1617 1981 1655 Radulphus
2002 1620 2166 1658 quibusdam
2191 1624 2301 1661 verbis,
2320 1634 2374 1654 no-

1318 1647 1377 1686 bis,
1395 1659 1428 1679 ac
1449 1649 1543 1689 Regio
1563 1651 1622 1689 Juri
1638 1653 1752 1692 nostro,
1772 1656 2018 1695 praejudicialibus,
2036 1659 2064 1687 in
2081 1659 2175 1689 litteris
2190 1661 2240 1690 illis
2253 1670 2375 1692 conten-

1315 1687 1364 1724 ris,
1382 1697 1479 1718 coram
1493 1691 1576 1720 nobis
1591 1692 1660 1727 pure
1673 1692 1706 1723 &
1721 1691 1880 1731 simpliciter
1893 1697 2085 1734 renunciavit,
2102 1699 2135 1728 &
2150 1698 2176 1728 se
2195 1698 2302 1731 Gratiae
2323 1711 2378 1731 no-

1317 1724 1380 1755 strae
1395 1726 1519 1759 submisit
1530 1730 1559 1758 in
1574 1730 1732 1767 praemiffis:

1356 1763 1441 1804 Nos,
1460 1767 1587 1798 volentes
1601 1768 1693 1799 eidem
1707 1769 1862 1808 Radulpho
1873 1773 1988 1811 gratiam
2009 1772 2102 1804 facere
2117 1774 2279 1814 specialem,
2298 1778 2377 1815 cepi-

1319 1811 1382 1833 mus
1396 1803 1557 1836 fidelitatem
1571 1807 1692 1845 ejusdem
1704 1808 1863 1848 Radulphi,
1881 1811 1915 1841 &
1935 1812 2118 1850 Temporalia
2138 1813 2321 1852 Epilcopatiis
2344 1816 2376 1846 il-

1317 1841 1369 1871 lius
1404 1852 1489 1880 prout
1503 1846 1590 1875 moris
1604 1845 1663 1884 est,
1682 1846 1851 1878 restituimus
1864 1848 1975 1887 eidem,

1356 1864 1395 1911 Et
1412 1881 1478 1912 ideo
1499 1883 1583 1913 vobis
1604 1884 1785 1924 mandamus,
1804 1887 1882 1924 quod
1901 1887 1994 1918 eidem
2018 1888 2172 1928 Radulpho
2196 1892 2379 1929 Temporalia

1317 1919 1570 1956 praedietaliberari
1584 1921 1688 1953 faciatis
1701 1924 1730 1953 in
1745 1923 1839 1955 forma
1851 1926 2002 1965 praedi'ffli,
2021 1928 2070 1965 &,
2090 1929 2108 1958 si
2127 1928 2309 1966 Temporalia
2328 1931 2379 1963 alia

1316 1957 1435 1996 praefato
1449 1958 1594 1998 johanni,
1610 1962 1713 1992 virtute
1734 1963 1831 1999 prioris
1853 1964 1976 1995 mandati
1995 1966 2099 2003 nostri,
2126 1967 2238 1998 liberata
2257 1969 2379 2008 fuerint,

1316 2004 1385 2028 tunc
1405 2007 1437 2028 ea
1457 1999 1487 2027 in
1505 2007 1622 2030 manum
1642 1999 1768 2031 nostram
1787 2001 1900 2041 resumi,
1919 2004 1952 2035 &
1965 2004 2083 2042 praefato
2097 2005 2251 2045 Radulpho
2266 2006 2377 2039 liberari

1316 2035 1437 2075 faciatis,
1456 2036 1526 2067 sicut
1541 2036 1710 2074 praedictum
1725 2038 1774 2069 est.

1355 2111 1446 2145 Teste
1459 2111 1546 2152 Rege
1557 2112 1632 2152 apud
1644 2113 1853 2156 Walyngford,
1869 2118 1964 2157 primo
1975 2118 2022 2150 die
2033 2119 2142 2158 Aprilis.

2008 2199 2062 2227 Per
2075 2196 2156 2238 ipstem
2168 2199 2272 2236 Regem.

1317 2267 1570 2326 '‘ET-‚mandatum
1584 2268 1626 2300 est
1639 2269 1797 2317 Militibus,
1815 2271 1922 2304 Liberis
1937 2273 2130 2319 Hominibus,
2149 2276 2181 2306 ὃ(
2196 2274 2329 2305 omnibus
2348 2275 2390 2320 a?

1381 2307 1423 2337 lus
1435 2308 1612 2338 Tenentibus
1627 2308 1664 2340 de
1676 2309 1845 2349 Episcopatu
1858 2311 1988 2343 Dunensi
2003 2322 2031 2342 in
2051 2313 2205 2352 Hibernia,
2224 2314 2300 2352 quod
2338 2325 2379 2344 ei·

1317 2344 1384 2376 dem
1396 2345 1566 2385 Radulpho‚
1585 2355 1718 2386 tanquam
1732 2348 1876 2394 Episcopo
1890 2351 1923 2382 δε
1942 2351 2075 2381 Domino
2095 2352 2161 2390 suo,
2179 2354 2208 2382 in
2228 2337 2380 2391 omnibus,

1318 2394 1383 2422 quae
1397 2385 1432 2415 ad
1446 2384 1646 2423 Episcopatum
1657 2386 1737 2417 illurn
1753 2397 1910 2428 pertinent,
1924 2388 2104 2422 Intendentes
2122 2390 2175 2422 lint
2193 2391 2226 2422 &
2247 2390 2379 2429 Respon-

1317 2423 1430 2462 dentes,
1447 2423 1518 2455 ficut
1531 2424 1698 2462 praedietum
1714 2425 1765 2457 est.

1356 2499 1391 2531 In
1406 2500 1483 2539 cujus
1497 2500 1559 2532 &c.

1355 2576 1445 2609 Teste
1459 2576 1547 2616 Rege
1561 2586 1592 2609 ut
1604 2577 1691 2617 supra.

1997 2660 2052 2687 Per
2071 2658 2152 2697 ipfitm
2170 2660 2274 2696 Regem.

1436 2782 1494 2816 Ad
1507 2786 1616 2830 Regem
1634 2785 1821 2816 Francorum
1830 2783 1921 2830 fhper
1937 2785 2089 2830 Homagio
2101 2782 2256 2828 faciendo.

1360 2865 1530 2898 Erenisfimo
1544 2867 1638 2898 Princi
1660 2869 1683 2905 i,
1700 2866 1835 2898 Domino
1849 2867 1998 2909 Philippo,
2017 2868 2075 2898 Dei
2091 2868 2176 2905 gratie]
2187 2868 2378 2906 ,Francorum
2397 2865 2470 2896 Ann.
2485 2866 2526 2897 D,

1378 2905 1455 2942 Regi
1468 2906 1588 2945 illustri,
1606 2906 1630 2936 E
1654 2905 1776 2944 warduS,
1792 2905 1893 2936 eadem
1906 2907 2008 2946 gratia,
2026 2906 2089 2937 Rex
2105 2908 2233 2947 Angiiae,
2252 2908 2311 2938 &o
2331 2907 2365 2937 Sa
2419 2914 2501 2944 ¹329·

1316 2943 1424 2982 lurein,
1441 2945 1474 2975 &
1489 2944 1523 2974 ad
1537 2954 1604 2975 vota
1617 2941 1754 2974 successus
1771 2944 1917 2983 prosperos
1934 2946 1966 2976 &
1981 2945 2093 2976 faelices.
2232 2985 2236 2989 ῃ
2328 2985 2332 2989 ¹
2395 2948 2447 2971 Am
2466 2956 2489 2980 3.

1353 2981 1574 3021 Magnificentiae
1594 2982 1694 3014 vestrae
1716 2984 1846 3021 cupimus
1865 2984 1921 3013 effe
1942 2992 2044 3014 notum
2065 2984 2142 3023 quod
2157 3008 2166 3021 ,
2193 2995 2207 3026 a
2225 2994 2284 3022 jam
2306 2983 2352 3026 diu
2367 3006 2378 3022 ,
2396 2987 2423 3026 E:
2446 2993 2476 3028 32

1316 3022 1548 3059 proposueramus
1561 3020 1595 3051 ad
1608 3029 1695 3059 partes
1709 3021 1836 3052 Franciae
1851 3021 2020 3061 declinasse,
2038 3025 2071 3054 ὃς
2084 3023 2231 3061 optulille,
2250 3024 2282 3052 ἃ
2297 3022 2376 3051 fecis-
2393 3024 2479 3055 Craris.
2499 3029 2527 3056 3.

1316 3060 1343 3090 se
1360 3059 1484 3091 Deveria
1498 3059 1611 3099 nostra,
1630 3068 1662 3090 ut
1675 3060 1809 3090 decebat:
2244 3099 2259 3104 ἡ
2292 3099 2296 3103 ,
2394 3063 2420 3084 Ε.
2446 3069 2468 3094 3·
2489 3069 2525 3086 ω.

1351 3098 1417 3136 Set,
1435 3107 1548 3138 propter
1562 3097 1775 3136 praepeditiones
1789 3100 1822 3130 &
1835 3099 2052 3138 impedimenta,
2071 3110 2139 3141 quaet⁴
2155 3108 2266 3141 notorie
2290 3106 2376 3142 inter·
2393 3099 2438 3124 26.
2457 3098 2482 3125 il.

1319 3145 1458 3167 venerunt
1478 3137 1508 3166 in
1528 3137 1633 3176 Regno
1653 3137 1769 3175 nostro,
1795 3137 1864 3168 sicut
1883 3138 2003 3168 vestram
2023 3138 2263 3179 Magnificentiain
2284 3136 2378 3165 credi-

1319 3183 1383 3205 mus
1404 3185 1466 3206 non
1487 3175 1588 3213 latere,
1606 3185 1670 3214 quae
1690 3177 1774 3206 etiam
1799 3175 1890 3206 adhuc
1901 3178 2021 3206 omnino
2036 3186 2092 3206 non
2103 3176 2230 3219 pellant,
2250 3184 2306 3204 non
2326 3185 2378 3212 po-

1319 3214 1423 3244 tuimus
1436 3213 1522 3252 usque
1536 3214 1641 3252 modo,
1659 3214 1737 3253 quod
1751 3214 1788 3244 sic
1803 3215 2050 3257 proposueramus,
2066 3213 2233 3251 adimplere:
2267 3252 2272 3257 ι
2329 3254 2331 3256 ¹
2358 3252 2363 3257 ¹

1357 3252 1406 3282 Set
1425 3262 1493 3283 cum
1512 3252 1667 3292 celeritate,
1686 3252 1742 3291 qua
1760 3253 1919 3284 commode
1943 3261 2114 3290 poterimus,
2131 3251 2164 3281 ad
2180 3251 2377 3296 magnitudinis

1318 3290 1422 3321 vestrae
1441 3292 1632 3330 praesentiam,
1651 3301 1704 3330 pro
1725 3290 1891 3330 Homagio,
1909 3292 1991 3321 vobis
2014 3289 2130 3329 debito,
2145 3290 2293 3328 faciendo,
2315 3299 2376 3329 per-

1319 3329 1449 3360 sonaliter
1464 3331 1560 3360 venire
1575 3331 1777 3369 proponimus,
1796 3329 1927 3359 Domino
1942 3329 2135 3366 concedente,
2308 3365 2329 3372 ,ᾖ

1358 3366 1397 3400 Et
1418 3368 1459 3398 ob
1480 3369 1556 3406 hoc,
1571 3369 1760 3399 venerabilem
1781 3368 1907 3406 Patrem,
1924 3368 1984 3398 Th.
2002 3367 2239 3398 Hetefordensem
2261 3365 2378 3403 Epi-‚co-

1342 3415 1409 3444 um,
1426 3406 1643 3437 Thesaurarium
1660 3406 1806 3444 nostrum,
1825 3407 1876 3444 &,
1894 3406 2030 3436 dilectum
2045 3408 2078 3437 ὃς
2100 3405 2208 3449 fidefem
2231 3405 2378 3447 noltiurn,

1321 3415 1566 3476 Eartholomaeum
1584 3445 1619 3476 de
1637 3444 1791 3484 Burghersti
1808 3467 1818 3483 ,
1846 3444 1880 3474 ad
1899 3444 2020 3475 vestram
2043 3444 2211 3486 presentiam
2232 3451 2378 3479 praemitti-

1325 3493 1405 3521 mus,
1421 3483 1513 3521 eisque
1525 3484 1603 3523 super
1616 3482 1760 3521 praemisfis
1774 3482 1885 3513 Secreta
1899 3484 2074 3521 apperuimus
2089 3490 2188 3511 mentis
2203 3480 2322 3510 nostrae:
2345 3518 2350 3523 Δ

1361 3521 1544 3552 Excellentiae
1557 3520 1657 3552 vestrae
1670 3522 1773 3553 votivis
1787 3520 1934 3552 affeetibus
1956 3521 2309 3562 supplicante-S,quatenus·
2327 3529 2377 3548 eis-

1323 3559 1408 3599 dem,
1427 3559 1569 3598 Episcopo
1582 3561 1615 3591 &
1630 3559 1858 3597 Bartholomaeo,
1878 3559 1920 3589 seu
1936 3569 2033 3588 eorum
2049 3559 2139 3595 alteri,
2158 3567 2185 3601 iii
2199 3558 2323 3602 dicenlis
2343 3565 2377 3599 esf

1322 3608 1400 3637 parte
1418 3598 1530 3636 nostra,
1546 3598 1631 3628 fidem
1651 3599 1775 3636 praebere
1795 3598 1882 3627 velitis
1903 3598 2066 3639 indubiam,
2081 3596 2234 3634 Nobilque
2256 3595 2338 3632 inde,
2357 3600 2378 3625 li

1322 3638 1429 3675 placet,
1448 3637 1597 3668 rescribere
1612 3637 1699 3669 velitis
1712 3635 1886 3673 Beneplacita
1902 3635 2057 3665 voluntatis.

1359 3712 1434 3746 Data
1446 3713 1520 3753 apud
1533 3711 1723 3752 Walyngford
1732 3735 1741 3750 ,
1758 3711 1874 3742 decimo
1888 3719 1987 3750 quarto
2001 3711 2046 3741 die
2061 3710 2170 3749 Aprilis.

2400 3825 2464 3856 Anii
2487 3825 2529 3855 D,

2417 3875 2501 3902 1329,

2396 3908 2436 3931 Af
2469 3914 2493 3938 3.

1387 3940 1445 3971 EX
1467 3939 1692 3971 Vicecomitibus
1709 3962 1719 3977 ,
1745 3938 1902 3976 Majoribus
1914 3962 1924 3975 ,
1951 3937 2168 3970 Constabulariis
2186 3938 2355 3984 Castrorum
2370 3964 2377 3977 ,
2396 3947 2421 3969 E,
2446 3951 2469 3975 3.

1323 3943 1386 4002 R
1407 3978 1561 4016 Ministris,
1578 3978 1611 4009 &
1623 3978 1756 4007 omnibus
1770 3978 1826 4008 aliis
1838 3977 1946 4007 Balliv'is
1959 3978 1992 4007 &
2007 3977 2144 4008 Fidelibus
2157 3978 2223 4015 suis,
2241 3980 2298 4009 tiini
2311 3985 2379 4022 inriti
2401 3985 2452 4006 ras.
2474 3989 2498 4015 3.

1328 4018 1497 4055 Libertates,
1515 4017 1600 4055 quarn
1623 4024 1715 4054 extra,
1733 4015 1767 4047 ad
1793 4026 1862 4054 quos
1884 4015 2029 4053 praesentes
2051 4016 2167 4048 Litterae
2187 4026 2380 4055 pervenerint,
2401 4022 2419 4044 ε
2446 4028 2466 4053 3-
2489 4024 2511 4050 ρ.

1326 4056 1458 4087 Salutem.
2305 4090 2368 4120 seza
2404 4065 2426 4084 i.
2444 4066 2477 4083 η),
2490 4065 2533 4082 22,

2345 4109 2351 4120 ,
2369 4108 2381 4113 „

1344 3853 1402 3883 Pro
1421 3847 1478 3882 Th.
1505 3847 1654 3893 Randolf,
1681 3851 1792 3881 Comite
1808 3847 1842 3881 de
1859 3848 2009 3892 .Murrcf‚
2035 3846 2071 3880 de
2081 3847 2171 3892 fizlvo
2191 3846 2352 3881 Conduslu.
