2562 4279
751 173 861 214 ET
953 174 1223 214 ACTA

48 257 126 290 Ὰηη.
141 256 182 288 D.
195 269 246 288 mae
260 258 291 288 de
305 258 496 297 Baumburgh,
514 257 683 296 liberarunt,
697 266 745 297 per
760 258 840 298 z'psim
854 258 1014 298 Johannem
1029 260 1060 289 de
1077 261 1175 289 Sana‘lo
1184 261 1259 288 Pau-

70 306 155 337 1339.
194 296 238 335 lo,
249 296 301 336 βψ
316 296 415 334 Sigillis
435 299 581 327 eorumdem
595 297 738 326 Michaelis
761 309 797 332 (22
813 297 920 326 Thomae
933 296 1144 370 effodiendum,
1162 298 1201 325 ad
1206 297 1259 336 sa-

48 337 114 364 Edv.
137 345 163 372 3·
195 337 314 365 ciendum
336 335 399 365 inda>
417 334 455 370 &-
477 337 665 374 expediendum
688 338 807 372 Negotia
830 338 914 373 Regia
1002 335 1059 364 alia
1079 339 1233 364 Communm

190 381 271 413 prout
292 382 353 413 opus
365 373 457 412 fuerit
471 397 481 413 ,
505 373 634 414 quousque
659 374 744 403 dic‘Zus
764 375 895 403 Dominus
915 376 976 403 Rex
996 374 1027 402 ale
1049 373 1174 412 Custodia
1191 374 1257 403 a'ich

196 416 298 450 Magni
309 411 447 451 Sigillifici
463 411 545 441 aliter
560 413 669 441 duxerit
684 413 877 442 ordinandum:

234 451 295 490 Qi
315 451 420 491 quidem
434 473 443 488 ,
468 450 614 488 Johannes
637 452 669 480 de
686 451 784 479 Saveh
803 449 889 479 Paulo
904 472 914 487 ‚
939 448 1064 478 Michael
1074 447 1112 483 ὠ·
1128 449 1260 488 Thomas,

196 490 297 519 dilium
316 489 437 526 Sigillum
456 489 492 517 ab
513 487 607 527 eisdem
623 512 632 526 ,
656 487 856 526 Archiepifiopo
876 486 914 521 (ἐν
939 487 1139 526 Thefiturario,
1158 496 1258 525 recepe-

196 534 279 567 runt,
295 526 334 563 &³
348 526 433 565 illud,
452 527 538 556 eodem
549 528 608 565 die,
625 530 724 565 aperiri
739 549 749 564 ,
775 524 812 560 (ῥ’
826 528 935 554 Brevia
956 526 1019 555 inde)
1033 525 1178 565 confignari
1184 525 1259 565 feee-

197 574 273 596 runt.

221 690 271 721 De
288 683 434 719 Navibus
446 686 592 732 parandis
607 684 650 718 ad
663 684 894 731 expugnandam
913 684 1016 729 Hqstes
1041 685 1078 719 de
1094 689 1236 719 Dominio

645 735 787 767 Franciae.

175 833 181 840 ·
201 818 333 876 REX
361 819 506 857 Magistris
520 841 530 856 ,
556 818 589 849 &
614 816 770 848 Marinariis
782 842 792 857 ,
820 818 951 850 Navium
971 819 1007 850 de
1030 819 1136 850 Baiones
1150 844 1159 857 ,
1185 819 1259 858 apud

158 874 163 880 ·
278 858 464 889 Sandwicum
481 881 491 895 ,
515 859 548 887 &
572 856 662 894 alibi,
688 858 717 886 in
742 859 862 895 partibus
876 859 944 897 illis,
965 858 1162 897 existentibus,
1181 859 1260 889 Salu-

159 909 165 915 ·
200 904 269 927 tem.

236 934 411 972 Significavit
430 933 512 963 nobis
524 957 533 971 ,
557 934 591 962 &
613 932 748 964 Concilio
768 935 883 972 nostro,
903 935 1033 965 Dilectus
1045 936 1078 966 &
1092 935 1194 965 Fidelis
1208 945 1262 965 no—

160 975 184 996 '·
200 972 273 1011 ster,
293 973 462 1002 Willielmus
483 971 519 1002 de
540 971 686 1010 Clynton,
705 973 814 1003 Comes
828 974 1077 1012 Huntingdoniae,
1097 974 1262 1004 Constabu-

199 1013 279 1042 larius
301 1009 394 1077 Caigri
415 1009 503 1040 nostri
520 1009 695 1050 Dovorriae,
713 1011 820 1042 Custos
838 1012 975 1051 Qiinque
989 1012 1131 1043 Portuum
1147 1012 1261 1043 nostro-

159 1065 166 1072 ·
195 1059 278 1086 rum,
295 1059 355 1086 quo
384 1071 393 1086 ‚

233 1087 344 1118 Habito
365 1087 501 1117 Traetatu
516 1109 526 1125 ‚
544 1088 603 1117 tam
618 1097 687 1118 cum
702 1088 844 1118 nonnullis
860 1089 1014 1119 Batonibus
1028 1088 1172 1120 dierorum
1187 1089 1260 1119 Por-

194 1135 295 1163 tuum,
313 1126 400 1164 quarn
417 1136 485 1156 eum
502 1125 667 1164 quibusdam
682 1126 826 1165 vestrum,
842 1128 918 1165 juxta
935 1127 1106 1158 Mandatum
1123 1127 1260 1158 Custodis

197 1163 295 1203 Regni
319 1163 407 1194 nostri
427 1165 494 1194 inde
513 1164 620 1195 factum
634 1189 642 1202 ,
668 1164 746 1203 super
770 1165 870 1195 Paratu
891 1167 924 1196 &
947 1166 1096 1206 Progreffu
1110 1166 1259 1203 Navium,

197 1205 258 1234 tam
277 1204 431 1233 vestrarum
450 1228 459 1240 ,
484 1204 570 1240 quam
584 1203 694 1234 suarum
704 1227 713 1242 ,
732 1204 815 1241 supra.
828 1203 928 1242 Mare,
943 1204 977 1234 ad
991 1205 1209 1242 expuonandum
1224 1206 1257 1234 δε

194 1241 371 1281 gravandum
394 1241 500 1271 Hostes
514 1240 626 1271 nostros
669 1241 704 1272 de
720 1241 864 1272 Dominio
878 1243 911 1273 ὅ(
926 1244 1045 1280 partibus
1060 1229 1204 1280 ffranciae,
1224 1245 1258 1273 &

195 1282 233 1310 eis
247 1280 448 1318 Aelim-entes,
467 1281 501 1310 ὃς
515 1281 600 1311 etiam
614 1265 650 1310 ad
664 1280 786 1310 vestram
803 1282 835 1312 &
851 1281 926 1311 suam
942 1281 1105 1312 Utilitatem
1121 1283 1153 1312 ὃς
1163 1281 1259 1311 Com—

196 1319 319 1350 modum
338 1319 500 1349 saciendum
515 1343 524 1357 ,
548 1318 631 1349 dictis
649 1318 804 1350 Batonibus
826 1322 858 1350 ὃς
875 1320 929 1349 aliis
943 1320 975 1350 ea
989 1319 1025 1350 de
1038 1319 1120 1350 causit
1134 1319 1259 1351 Convo—

195 1367 262 1388 catis

235 1381 409 1434 Vi’debatur,
429 1406 480 1433 pro
494 1395 631 1426 Tuitione
647 1395 728 1434 ipsius
746 1395 843 1435 Regni
857 1396 963 1434 nostri,
978 1398 1011 1427 &
1027 1397 1202 1435 Repulsione
1216 1396 1259 1427 di-

197 1435 313 1466 &oi‘um
327 1435 466 1465 Hostium
475 1434 622 1472 ‚expedire
635 1435 716 1472 quiid
726 1434 825 1465 Naves
836 1436 958 1473 ejusdem
974 1436 1148 1474 Regni,pro
1164 1436 1261 1466 Guer-

196 1473 229 1504 rs.
249 1481 463 1512 competentes,
481 1482 550 1503 cuin
572 1473 728 1510 celeritate,
745 1473 801 1513 qu&
824 1475 882 1504 fieri
898 1476 1019 1512 poterit,
1039 1474 1259 1512 provideantur,

197 1514 232 1543 &
245 1521 394 1551 parentur,
412 1513 445 1542 ὃ(
460 1520 668 1551 congregentur
680 1513 710 1542 in
724 1512 817 1549 aliquo
832 1522 913 1543 certo
927 1513 1013 1550 loco,
1023 1514 1123 1542 exinde
1138 1523 1189 1552 pro
1198 1513 1262 1543 De-

195 1552 324 1582 fensione
340 1551 434 1588 Regni
452 1551 485 1580 δε
502 1549 707 1581 Βείὶῑυέὶίοῃε
718 1549 865 1582 dictorum
880 1551 1019 1582 Hostium
1035 1552 1220 1590 profeehirae,

235 1589 273 1620 Et
295 1589 376 1627 qubd
401 1588 597 1618 Periculosum
616 1589 686 1620 esset
701 1613 709 1626 ,
736 1590 755 1619 fi
779 1590 879 1628 aliquae
893 1590 994 1621 Naves
1007 1592 1042 1620 ad
1057 1590 1159 1628 aliquas
1174 1599 1263 1628 partes

196 1627 331 1697 Eiffras,
349 1627 431 1658 causa
449 1627 629 1666 negotiandi,
645 1629 725 1658 antea
738 1628 892 1666 aliqualiter
908 1629 935 1659 se
947 1629 1139 1665 transferrent,

269 1676 302 1697 os

236 1689 320 1736 Lice}
334 1705 523 1736 intentionem
538 1705 572 1736 &
585 1704 762 1735 voluntatem
778 1706 921 1744 nostram,
940 1706 969 1735 in
983 1705 1037 1735 hac
1052 1713 1146 1742 parte,
1164 1704 1264 1742 aliqui-

197 1744 251 1775 bus
266 1744 356 1774 Sociis
369 1743 467 1775 vestris
480 1744 555 1781 apud
568 1743 751 1773 Londoniam
765 1766 774 1781 ‚
799 1754 896 1774 coram
911 1744 1014 1774 eodem
1028 1743 1166 1774 Concilio
1182 1753 1265 1774 com-

197 1783 376 1821 parentibus,
391 1781 503 1812 ostendi
517 1782 636 1812 fecimus
651 1782 684 1812 &
700 1784 820 1820 exponi,

237 1820 375 1852 Volentes
399 1819 431 1849 N
435 1820 617 1850 ichilominus
632 1843 643 1858 ,
668 1829 701 1849 ex
716 1820 904 1860 habundanti,
922 1831 974 1851 vos
989 1821 1025 1850 de
1040 1820 1186 1859 praemiffis
1203 1820 1265 1850 lite-

199 1860 302 1890 ratorie
325 1859 495 1895 informari,
519 1859 553 1889 ὃς
574 1858 611 1888 de
629 1857 730 1889 vestrae
746 1859 896 1889 Fidelitatis
919 1860 1076 1890 constantia
1098 1861 1262 1898 &integrae

200 1897 375 1928 Dilefflonis
397 1897 536 1934 puritate,
561 1906 628 1934 quas
652 1907 721 1935 vos,
740 1898 772 1928 &
788 1897 1010 1929 praedecessores
1025 1899 1147 1935 vestros,
1165 1900 1265 1936 nobis,

201 1937 236 1968 &
249 1935 484 1975 Progenitoribus
498 1933 600 1965 nostris
613 1935 739 1965 habuiffe
753 1938 963 1975 cognovimus,
982 1936 1173 1975 confidentes,

238 1974 300 2005 Vos
313 1983 463 2012 rogamus,
480 1974 682 2004 nichilominus
703 1975 865 2005 mandantes
882 1999 891 2013 ‚
910 1975 990 2013 quod
1004 1975 1091 2006 diCtas
1104 1975 1203 2006 Naves
1217 1985 1268 2006 ve-

202 2012 285 2051 stras,
303 2023 357 2051 pro
373 2012 523 2051 Obsequio
537 2012 650 2050 nostro,
669 2013 703 2043 &
717 2012 810 2043 vestra
829 2016 912 2044 etiam
929 2015 1043 2044 utilitate
1058 2038 1067 2051 ,
1086 2014 1105 2033 ²*
1123 2015 1212 2052 parari
1228 2014 1267 2044 fa-

202 2053 303 2090 ciatis,
328 2052 366 2081 ita
381 2051 462 2088 quod
487 2060 531 2080 eas
553 2059 699 2088 promptas
728 2051 849 2083 habeatis
873 2053 907 2083 ad
929 2052 1167 2091 proficiscendum
1186 2052 1266 2090 supra

202 2089 288 2120 Mare
300 2098 369 2120 cum
383 2089 440 2118 aliis
455 2088 590 2119 Navibus
603 2088 749 2120 diciorum
763 2090 920 2129 Portuum,
937 2092 971 2122 δε
986 2092 1106 2122 aliorum
1116 2092 1267 2122 Locorum

202 2128 276 2158 dieti
298 2127 395 2167 Regni
414 2126 530 2165 nostri,
558 2128 634 2158 circa
648 2127 750 2158 instans
765 2129 881 2160 Festum
897 2130 993 2160 Sannfti
1008 2129 1120 2160 Hillarii
1132 2131 1268 2170 proximo

201 2166 330 2198 futurum
347 2189 356 2204 ,
381 2165 428 2196 vel
449 2175 535 2203 prout
547 2189 557 2204 ‚
582 2166 616 2196 &
631 2167 745 2205 quando
761 2192 771 2206 ,
791 2178 840 2206 per
854 2168 1043 2198 Admirallum
1059 2169 1149 2199 Flotae
1162 2168 1268 2199 nostrae

201 2204 354 2250 Navium,
372 2204 465 2248 versus
479 2212 568 2242 partes
579 2204 797 2245 occidentales,
814 2215 862 2238 aut
875 2207 940 2237 alias
956 2217 990 2238 ex
1004 2215 1081 2245 parte
1094 2207 1194 2238 nostra
1206 2207 1268 2238 fue-

203 2252 260 2275 ritis
276 2251 451 2281 praemuniti:

241 2282 371 2312 Scientoe
388 2281 471 2319 quod
491 2281 573 2311 talem
591 2281 626 2312 ad
647 2282 772 2313 vestrum
795 2283 905 2314 bonum
926 2283 1050 2314 Gestum
1071 2285 1101 2314 in
1125 2284 1270 2322 praemiss'is

203 2320 462 2364 considerationem
482 2320 669 2359 habebimus,
694 2321 773 2360 quod
795 2322 862 2353 inde
883 2323 1005 2353 debeatis
1028 2324 1134 2354 merito
1150 2331 1270 2354 conten-

207 2367 248 2390 tar
250 2369 267 2388 1.

243 2396 314 2429 Dat.
331 2396 405 2436 apud
421 2396 561 2437 Langeie,
579 2405 661 2429 nono
677 2397 721 2430 die
736 2397 916 2431 Decembris.

49 2013 71 2047 ἲ
82 2016 187 2051 V.144.

899 2478 952 2508 Per
965 2478 1048 2518 ipfimz
1061 2481 1166 2516 Regem.

256 2600 306 2632 De
334 2600 583 2633 Remuneratione
601 2626 611 2642 ,
636 2611 756 2647 propter
774 2598 1000 2634 Adhaerentiam
1018 2604 1109 2648 Regi,
1134 2604 1170 2640 ὥ*
1192 2600 1228 2634 de

627 2649 856 2696 Indempnitase.

317 2731 349 2762 X
374 2733 538 2773 Omnibus,
556 2733 591 2764 ad
605 2743 693 2772 quOS,
712 2734 773 2765 &c.
793 2733 928 2765 Salutem.

66 2731 200 2765 Ann.D.
218 2731 309 2787 RE
358 2771 363 2776 ι
396 2773 400 2777 Ι
475 2775 482 2780 ,

94 2780 184 2838 ¹3³2.
253 2806 267 2836 1
317 2770 414 2838 'senff
428 2771 530 2838 {³12⁰ss
611 2809 663 2840 Dii
682 2810 762 2840 etum
818 2812 846 2841 b‘
893 2811 917 2841 P
1028 2812 1067 2843 M
1172 2813 1204 2844 D
1261 2815 1282 2837 ·-

66 2815 108 2839 An
143 2820 152 2837 1
160 2830 172 2846 ,
269 2816 359 2838 ntuitu
406 2819 426 2839 o
474 2819 512 2854 gii
525 2820 593 2847 per,
665 2820 680 2840 e
776 2820 817 2841 no
838 2822 875 2849 is,
919 2819 1012 2842 etrum
1068 2823 1157 2852 oryn,
1205 2824 1267 2845 omi

65 2852 96 2878 Ε.
119 2858 144 2885 3.
221 2855 292 2876 num
311 2845 346 2876 de
361 2846 588 2887 Caumpaignes,
605 2849 688 2878 nobis
710 2848 794 2886 facti,
811 2859 927 2879 necnon
941 2852 1165 2882 consideratione
1180 2853 1281 2883 Fidelis

69 2888 205 2916 Panium
221 2884 379 2923 Obsequii,
405 2886 488 2916 nobis
510 2896 559 2924 per
582 2896 648 2916 eum
662 2888 691 2916 in
705 2887 829 2924 partibus
843 2888 1013 2919 Tholosanis
1025 2891 1159 2928 impensi,
1178 2893 1212 2922 &
1226 2894 1282 2922 itn-

68 2930 155 2961 Regem
169 2922 204 2956 &¹
220 2922 367 2961 posterum
380 2924 567 2962 impendendi

72 2963 180 2999 diversos
258 2961 460 2993 Conceffimus
484 2963 535 2993 sibi
555 2947 683 2993 Centum
708 2962 807 2993 Libras
830 2963 1036 3004 Sterlingorum
1054 2991 1063 3004 ,
1090 2968 1282 3006 percipiendas

72 3005 207 3037 Magnetes
219 3002 365 3031 annuatim
379 3024 389 3040 ,
413 3001 448 3030 ad
470 3001 649 3031 Scaccarium
668 3001 797 3032 nostrum
807 3025 817 3040 ,
834 3003 868 3032 ad
883 3003 964 3034 Festa
977 3005 1073 3035 Sancti
1087 3007 1236 3037 Michaelis
1250 3010 1284 3040 &

73 3044 196 3068 German.
220 3039 352 3078 Paschae,
370 3050 420 3077 per
436 3040 557 3077 aequales
573 3039 721 3071 Portiones
736 3064 745 3077 ,
763 3041 909 3079 quousque
929 3043 979 3072 fibi
994 3043 1029 3073 de
1044 3043 1191 3076 Comitatu
1207 3046 1284 3076 Vau-

77 3087 121 3114 ¹3-
138 3082 205 3114 E.3.
221 3077 302 3146 dirisi,
321 3087 408 3117 quern
430 3078 481 3108 fibi
503 3078 569 3109 dare
591 3080 625 3110 &
646 3078 762 3108 liberare
786 3081 978 3116 promittimus
992 3104 1002 3120 ,
1021 3081 1169 3113 fecerimus
1186 3087 1285 3121 provi-

71 3125 110 3145 m.
128 3125 155 3151 7.
244 3126 292 3147 eri.

261 3154 398 3185 Volentes
413 3157 496 3185 etiam
510 3155 704 3193 indempnitati
720 3154 787 3186 dieti
804 3155 879 3187 Petri
894 3159 1015 3197 gratiose
1027 3159 1203 3199 prospicere,
1216 3172 1284 3200 pro-

226 3193 366 3223 mittimus
382 3217 392 3231 ,
416 3193 494 3224 bona
515 3194 571 3224 fide
583 3218 593 3232 ,
616 3194 698 3232 quod
709 3218 719 3233 ,
737 3194 756 3224 si
773 3204 887 3232 propter
903 3196 1131 3237 Adhaerentiam,
1150 3202 1232 3230 nobis
1246 3201 1286 3232 fa-

226 3231 304 3261 &am
320 3253 329 3269 ,
356 3232 389 3262 &
410 3232 568 3270 impensum
589 3234 672 3263 nobis
687 3232 873 3271 obsequium,
892 3236 1037 3274 contingat
1051 3246 1117 3266 eum
1132 3237 1237 3269 Terras
1251 3242 1284 3270 δε

225 3269 434 3308 Poffeffiones,
451 3280 517 3307 quas
529 3271 590 3309 jam
603 3273 730 3310 optinet,
746 3272 891 3311 amittere,
908 3274 973 3311 ipsas
987 3275 1035 3304 nbi
1054 3274 1197 3307 restituere
1213 3302 1222 3315 ,
1241 3278 1287 3309 vel

224 3307 330 3375 delaliis
345 3308 575 3376 3aequ27calentibus
590 3310 758 3348 providere,
777 3311 806 3340 in
817 3310 885 3342 loco
900 3322 1046 3352 congruo,
1065 3314 1207 3345 faciemus.

280 3355 299 3375 n
313 3355 409 3383 quuS,
451 3355 477 3376 c.

299 3383 369 3415 Dat.
388 3385 463 3423 apud
475 3383 655 3424 Andewerp‚
673 3386 790 3418 decimo
805 3387 853 3419 die
867 3388 1049 3421 Decembris.

917 3467 970 3495 Per
984 3466 1065 3505 ipfitm
1078 3471 1184 3507 Regem.

223 3609 291 3640 -Ρνο
318 3603 440 3639 Abbate
463 3606 500 3644 ὠ·
532 3607 686 3639 Conventa
711 3608 815 3641 Sane‘bi
834 3606 1002 3642 Michaelis
1027 3609 1063 3643 de
1088 3613 1292 3658 Antwerpia,

277 3653 332 3687 ubi
347 3654 445 3687 Filius
463 3656 552 3701 Regis
571 3656 758 3698 (Leonellus)
773 3666 863 3689 natus
879 3660 916 3696 (ῤ’
935 3654 1128 3704 baptizatus,
1158 3672 1194 3692 ac
1205 3661 1294 3708 Regi-

278 3714 319 3736 na
338 3700 450 3735 ibidem
466 3705 578 3736 iterum
591 3703 775 3749 gravidata.

85 3758 218 3836 Aga&-
239 3799 388 3854 REX,
406 3798 570 3844 venerabili
592 3800 623 3830 in
638 3799 921 3846 oberto-patrima
939 3802 1159 3847 eadem-gratia,
1178 3803 1297 3848 Episcq-

86 3840 201 3910 ‘22¹3‘
241 3838 1297 3917 ῃεςῃὲἕ,ιᾶῗὲἒὲἓῖζῂῗὲὴῗΐίἓοζῃεῗῖἑέῗέἓξ“ἆνὲἓῖἓῖῧιῗίἳὲῗὲῖἰ

91 3915 223 3941 Pat.Con-
241 3911 295 3940 niae
310 3913 458 3953 Ecclesiae,
478 3924 511 3945 ac
523 3915 673 3952 omnibus,
693 3925 817 3953 quorum
836 3918 940 3954 poterit
954 3917 1100 3955 interesse,
1119 3918 1251 3949 Salutem.

90 3950 229 3993 ‘ess-{1⁰⁷4-
279 3948 362 3981 Cum
382 3954 495 3991 quisque
516 3953 621 3985 Gratus
642 3963 710 3984 acce
730 3955 752 3985 ti
775 3953 908 3985 Beneficii
929 3954 1030 3986 debeat
1043 3956 1101 3986 effe
1114 3966 1245 3996 memor,
1263 3958 1297 3988 &

91 3989 226 4030 Anglieo·
242 3988 348 4019 nedum
369 3990 512 4022 Antidotis
531 3992 656 4030 respuere
670 4015 681 4031 ,
703 3963 741 4023 Ξῖ
760 3994 909 4030 oportunis
927 3993 1000 4024 ferre
1014 3995 1164 4032 praeconiis
1176 3994 1299 4027 Munifi-

96 4027 211 4063 Vascoma
241 4028 364 4057 centiam
387 4027 544 4061 Donatoris
556 4055 566 4069 ,
590 4030 674 4069 Nos,
692 4031 878 4063 Gratitudinis
892 4031 1032 4064 Debitum
1045 4042 1232 4073 exequentes,
1248 4044 1299 4067 ve-

100 4074 110 4090 i
119 4073 143 4099 3.
154 4068 183 4091 E.
194 4074 219 4100 3.
244 4064 308 4094 strae
320 4065 453 4097 volumus
466 4077 561 4105 patere
572 4070 682 4101 notitiae
690 4092 701 4109 ‚

100 4111 138 4130 m.
150 4111 179 4137 4.
271 4104 344 4135 Tam.
359 4106 401 4133 II.
420 4106 453 4134 P.
473 4109 521 4137 IV.

1278 3559 1290 3562 c
1332 3534 1465 3573 Michel,
1503 3545 1531 3564 ar
1546 3535 1641 3566 oveles
1655 3534 1796 3573 Portions,

1306 151 1772 224 PussLicA.
2310 200 2362 238 59

1338 261 1449 305 Quod,
1469 262 1577 307 Dile<5ti
1598 266 1680 296 nobis
1699 268 1729 297 in
1745 267 1865 300 Christo
1880 292 1889 307 ,
1908 267 2005 299 Abbas
2018 270 2051 301 &
2066 268 2236 301 Conventus
2253 267 2360 300 Mona-
2376 270 2451 301 Ann.
2468 271 2506 302 D„

1300 298 1373 329 sterii
1386 301 1482 331 Samen
1498 302 1646 334 Michaelis
1661 305 1696 335 de
1710 306 1900 345 Andewerpift
1912 332 1922 347 ,
1939 307 2056 338 Ordinis
2070 308 2361 345 Praemonstiatenns,
2399 319 2481 349 1339.

1249 359 1258 373 ‚
1299 336 1508 369 Cameracensis
1532 340 1672 373 Dioecesis
1688 368 1697 382 ,
1715 353 1767 374 nos
1781 345 1910 384 pridem,
1928 356 1998 376 curn
2010 346 2153 377 Consorte
2165 346 2262 376 nostrii
2277 348 2359 376 caris·
2380 352 2441 376 [Aa.
2462 359 2485 383 ς.

1300 378 1367 425 {ima
1379 399 1389 414 ,
1413 376 1532 422 Reginis
1548 379 1660 418 Angliae
1673 404 1684 419 ‚
1710 381 1818 413 Liberis
1832 407 1841 422 ,
1869 384 1902 414 &
1917 384 2069 416 Excercitu
2085 385 2203 424 nostris,
2220 385 2255 415 ad
2269 394 2359 422 partes

1299 413 1454 457 brabantiae
1468 426 1628 456 venientes,
1647 420 1715 450 infra
1727 421 1808 451 suum
1825 422 2034 454 Monasterium
2049 424 2223 454 antedistum
2232 423 2258 454 A
2269 423 2358 460 *plau-

1299 452 1328 494 su
1353 453 1490 501 benivolo
1512 455 1707 499 susceperunt,
1732 459 1765 488 &
1789 462 1980 498 mancipantes
1992 463 2076 492 nobis
2092 462 2239 492 liberaliter
2265 462 2359 498 {ospi-

1300 498 1373 533 tium
1396 492 1429 520 δε
1451 492 1511 521 Res
1524 499 1585 537 alias
1601 519 1610 532 ,
1627 506 1693 533 quas
1707 496 1863 537 habebant,
1883 507 2018 537 magnum
2033 501 2115 530 nobis
2127 502 2160 531 &
2177 500 2277 530 nostris
2293 500 2359 529 Hu-

1300 537 1436 558 manitatis
1457 529 1599 570 Officium
1621 534 1819 571 impenderunt
1832 559 1842 574 ,
1866 547 1899 566 ac
1914 538 2060 568 liberantes
2075 539 2158 568 nobis
2174 538 2289 569 Domos
2303 539 2359 569 suas

1300 567 1429 597 honestas
1441 569 1473 598 ὃς
1490 569 1644 609 Officinas,
1663 572 1690 602 se
1705 574 1733 602 in
1748 573 1836 604 Locis
1846 575 1941 606 Arc'tis
1955 577 1996 606 ob
2010 576 2100 607 nostri
2116 578 2300 608 reverentiam
2316 587 2362 607 re-

1300 606 1462 649 ponebant,

1304 680 1309 684 Ι
1336 641 1377 685 'Et
1398 654 1461 687 quia
1479 645 1559 676 locus
1582 647 1627 677 ille
1641 670 1650 686 ,
1672 658 1731 686 prae
1752 651 1876 689 caeteris,
1894 652 1978 682 nobis
1990 661 2068 691 aptus
2082 655 2171 685 exntit
2185 655 2219 685 δε
2235 654 2362 692 securus,

1301 680 1410 711 ibidem
1437 692 1465 712 in
1495 685 1625 728 perplexa
1646 686 1874 726 Peregrinatione
1900 690 1997 721 nostrii
2018 694 2151 722 traximus
2167 694 2225 730 jam
2247 701 2360 722 moram

1301 718 1414 762 longam
1430 743 1439 757 ,
1465 721 1522 765 ubl·
1533 723 1640 753 multos
1659 725 1806 756 Successus
1827 728 1974 758 habuimus
1996 728 2147 767 prosperos
2168 732 2201 761 ὃς
2216 730 2358 768 Votivos3

1301 765 1374 799 mter
1394 769 1465 796 quos
1486 768 1572 790 etiam
1586 761 1680 806 Natus
1705 764 1745 793 est
1759 765 1798 794 ibi
1810 766 1891 796 nobis
1904 775 1939 796 ex
1954 766 2030 797 dicta
2046 768 2190 798 Consorte
2203 769 2298 799 nostra
2313 769 2360 798 Fi-

1301 795 1353 824 lius
1372 796 1405 826 &
1427 796 1468 840 tle¹
1482 798 1570 829 Sacro
1584 800 1678 830 Ponte
1693 801 1815 842 levatus,
1833 814 1865 834 ac
1879 805 1932 842 ipsa
1947 804 2073 835 Consors
2087 806 2180 836 nostra
2192 807 2251 844 jam
2267 808 2360 843 gravi-

1301 833 1363 876 data
1375 833 1417 864 est
1429 836 1536 880 ibidem
1545 860 1555 875 ,
1573 839 1603 868 in
1614 841 1748 876 proximo
1757 863 1766 879 ³
1779 850 1828 877 per
1842 842 1900 872 Dei
1914 845 2028 882 gratiam
2034 844 2101 882 ,sub
2110 845 2225 875 Foelicis
2234 846 2359 882 Auspicii

1301 871 1414 910 Sidere,
1431 883 1556 911 paritura.

1334 909 1377 953 ‘Et
1395 913 1459 949 quia
1482 913 1570 945 Mora
1589 915 1685 946 nostra
1704 916 1813 947 diutina
1831 918 1914 948 distis
1937 917 2089 955 Religiofis
2103 922 2226 959 nedum,
2244 930 2361 959 propter

1302 947 1340 977 sui
1362 947 1614 993 Compressionem
1627 978 1637 992 ,
1662 955 1700 985 set
1713 965 1828 993 propter
1842 956 2069 996 Expilationem,
2088 958 2308 997 Direptionein,
2325 963 2358 991 ὃς

1301 985 1496 1019 vastationem
1511 1015 1530 1033 ³.
1546 990 1659 1022 Rerum
1678 994 1712 1023 δε
1735 993 1904 1025 Domorum
1919 1018 1929 1033 ,
1946 1006 1979 1026 ac
1994 996 2189 1027 Succisionem
2204 999 2360 1028 lssoicoruin

1300 1025 1414 1067 suorum
1423 1051 1438 1070 ,Ι
1451 1028 1485 1058 &
1497 1029 1558 1059 alias
1573 1030 1664 1072 causas
1678 1033 1778 1070 varias,
1799 1032 1926 1064 Onerosa
1938 1034 1991 1064 fuit
2004 1035 2194 1072 multipliciter
2209 1038 2241 1066 ἃ
2250 1037 2362 1074 Dainp-

1301 1067 1368 1093 nola
1382 1087 1391 1102 ‚
1413 1065 1581 1105 ditstumque
1603 1071 1683 1099 suum
1705 1069 1913 1102 Monasterium
1927 1094 1938 1110 ‚
1962 1073 2023 1103 tam
2045 1082 2159 1111 propter
2173 1076 2253 1111 hiec,
2273 1076 2360 1111 quain

1301 1111 1416 1139 propter
1433 1103 1575 1144 Guerras,
1593 1116 1658 1137 ante
1671 1107 1825 1138 adventum
1840 1110 1971 1141 nostrum
1981 1134 1990 1149 ,
2009 1113 2037 1140 in
2052 1113 2133 1142 dicstis
2145 1113 2267 1149 partibus
2285 1115 2302 1132 *t
2318 1114 2361 1143 in-

1300 1148 1446 1208 griIieJnteS,
1466 1143 1651 1176 Facultatibus
1664 1155 1724 1175 non
1738 1147 1918 1178 mediocriter
1934 1149 1975 1179 est
1990 1149 2171 1188 Collapsum,

1376 1189 1424 1219 os,

1338 1217 1385 1247 Ad
1399 1222 1538 1257 praemissh
1551 1223 1805 1255 considerationem
1817 1226 1991 1264 condignam
2005 1228 2154 1267 habentes,

1337 1256 1384 1287 Ad
1394 1258 1560 1303 ,Religionis
1574 1262 1764 1294 Honestatem
1779 1265 1812 1294 &
1829 1264 2027 1295 Devotionem
2043 1290 2052 1303 ,
2071 1269 2178 1304 quasin
2193 1266 2273 1297 dieto
2289 1266 2362 1298 Mo·-

1300 1294 1420 1341 nasterio
1441 1300 1536 1342 vigere
1555 1302 1744 1339 conspicimus
1766 1305 1799 1333 &
1821 1303 1978 1334 audivimus
2000 1305 2117 1343 viguitse
2133 1329 2141 1343 ,
2167 1315 2225 1343 prae
2239 1307 2363 1344 exteris,

1301 1333 1338 1363 ab
1352 1343 1469 1374 antiquo
1481 1339 1581 1368 intime
1594 1340 1834 1380 contemplantes,

1302 1411 1318 1441 f
1339 1372 1376 1403 Et
1397 1376 1517 1412 proinde
1535 1377 1662 1409 volentes
1677 1403 1687 1417 ,
1711 1379 1745 1409 ad
1760 1379 1961 1411 relevationem
1975 1380 2056 1418 ipfius
2072 1380 2259 1420 Monasterii,
2276 1391 2364 1420 opem

1315 1421 1392 1451 erre,

1340 1451 1482 1483 Dedimus
1502 1454 1536 1484 ὃς
1557 1453 1748 1486 conceffimus
1768 1455 1871 1488 eisdem
1887 1456 2038 1497 Religiosis
2051 1457 2299 1496 Advocationem,
2318 1457 2364 1489 seu

1298 1488 1350 1527 Jus
1374 1489 1562 1534 PatronatfiS,
1586 1493 1722 1524 Ecclefiae
1736 1495 1772 1524 de
1790 1494 1947 1533 Thingden
1961 1519 1970 1534 ,
1996 1496 2188 1527 Lincolnienii
2212 1496 2366 1535 Dioecese,

1304 1528 1337 1558 &
1348 1527 1507 1574 Licentiam
1521 1531 1767 1568 ipsamEccleiiam
1783 1533 1832 1563 fibi
1848 1534 2228 1574 apropriandi‚Fru6tusque
2242 1535 2366 1574 ejusdem

1302 1565 1439 1610 Eccletiae
1454 1578 1482 1597 in
1497 1569 1557 1599 usus
1571 1569 1634 1601 suos
1650 1570 1779 1609 proprios
1793 1575 1931 1610 perpetuo
1943 1573 2138 1612 perquirendi,

1339 1603 1535 1649 Desiderantes
1550 1617 1585 1637 ex
1599 1610 1702 1639 intimis
1725 1609 1885 1647 hujusmodi
1898 1612 2121 1649 Apropriationis
2136 1613 2286 1652 negotium
2299 1621 2368 1650 pro—

1305 1651 1417 1687 moveri
1433 1668 1442 1682 ,
1468 1653 1498 1674 ut
1518 1646 1567 1682 ipii
1589 1646 1660 1677 infra
1680 1647 1816 1686 Regnum
1836 1648 1966 1680 nostrum
1987 1649 2218 1688 Receptaculum
2231 1651 2369 1689 habeant,

1305 1691 1354 1720 qui
1368 1681 1436 1712 Nos
1452 1684 1511 1712 tam
1529 1685 1689 1716 humaniter
1704 1695 1886 1724 receperunt:

1327 1720 1380 1765 'Et
1395 1744 1405 1760 ,
1430 1722 1460 1751 in
1481 1721 1511 1751 Si
1531 1732 1601 1752 num
1621 1724 1796 1754 exuberantis
1811 1724 1916 1755 nostrae
1930 1725 2150 1765 Benivolentiae,
2168 1728 2290 1766 Abbati,
2309 1729 2365 1766 iam

1304 1758 1386 1789 dieto
1407 1759 1502 1803 Mona
1529 1762 1588 1791 erio
1609 1761 1771 1793 Praefidenti
1785 1786 1795 1802 ,
1821 1763 1897 1802 quasi
1912 1764 1980 1795 loco
1996 1763 2189 1805 Investiturae,
2207 1767 2368 1805 propinavi-

1306 1807 1369 1828 mus
1382 1796 1510 1836 Clphum
1525 1799 1664 1831 nostrum.

1343 1835 1379 1879 Et
1392 1837 1458 1866 ideo
1474 1836 1672 1869 Devotionem
1688 1839 1810 1871 vestram
1825 1842 1930 1871 attente
1945 1850 2092 1880 rogamus,
2112 1842 2243 1882 qualiter,
2257 1845 2369 1874 attentis

1305 1880 1391 1905 caulis
1412 1875 1558 1913 praemiffis
1581 1878 1660 1915 (quas
1682 1887 1760 1908 veras
1781 1879 1842 1909 fore
1858 1878 2012 1910 certissime
2027 1882 2231 1919 contestamur)
2248 1882 2284 1911 de
2299 1882 2369 1918 hiis,

1305 1913 1386 1957 super
1408 1914 1627 1958 Apropriatione
1647 1917 1655 1945 i
1677 1916 1729 1946 fius
1743 1916 1901 1955 Ecclefiae,
1926 1928 1975 1956 per
1995 1928 2046 1950 vos
2061 1921 2201 1950 canonice
2217 1919 2369 1957 faciendis,

1306 1953 1395 1983 velitis
1411 1953 1537 1983 celeriter
1552 1963 1642 1991 pertra
1660 1957 1718 1985 tare
1730 1978 1739 1993 ,
1764 1956 1814 1994 &,
1835 1965 1919 1994 prout
1932 1956 1966 1986 ad
1980 1966 2033 1987 vos
2046 1959 2185 1996 pertinet,
2203 1958 2314 1989 dictum
2327 1958 2369 1988 A-

1307 1992 1505 2030 propriationis
1518 1994 1667 2030 negotium
1677 1994 1757 2031 juxta
1770 2004 1874 2026 vorum
1888 1994 2019 2026 nostrum
2033 1995 2153 2027 feliciter
2166 1997 2311 2037 expedire,
2330 1997 2368 2027 iic

1307 2040 1360 2061 vos
1384 2030 1546 2061 exhibentes
1574 2032 1603 2060 in
1623 2031 1703 2062 dieto
1723 2034 1840 2071 negotio
1864 2034 2000 2069 gratiosos
2015 2058 2024 2072 ,
2051 2042 2083 2064 ut
2103 2035 2132 2064 in
2155 2035 2213 2066 hoc
2235 2035 2368 2073 liquidius

1308 2068 1489 2137 ostenduam&
1499 2068 1620 2138 equalem
1634 2069 1669 2101 ad
1685 2070 1773 2101 nostri
1788 2070 2043 2104 Conservationem
2057 2073 2202 2104 honorum
2213 2075 2307 2113 geritis
2316 2073 2369 2103 sin-

1308 2115 1427 2138 ceritatis
1441 2117 1457 2137 e
1483 2117 1498 2136 e
1529 2117 1588 2137 um.

1346 2145 1416 2177 Dat.
1434 2146 1508 2185 apud
1523 2146 1704 2188 Andewerp‚
1721 2147 1837 2180 decimo
1850 2159 1932 2180 nono
1946 2148 1992 2180 die
2005 2149 2186 2181 Decembris.

2380 1114 2502 1149 *V-145

2095 2230 2150 2258 Per
2163 2230 2268 2266 Regem.

1520 2352 1626 2384 Literae
1643 2350 1680 2384 de
1696 2351 1848 2385 ConduHu
1860 2362 1917 2398 pro
1939 2351 2162 2388 Cardinalibus.

1317 2434 1450 2491 REX
1474 2436 1610 2467 omnibus
1633 2434 1742 2468 Amicis
1761 2438 1795 2468 &
1817 2436 1957 2468 Fidelibus
1976 2438 2044 2477 suis,
2062 2439 2096 2470 ad
2112 2450 2200 2478 quos,
2215 2440 2276 2471 &c.
2297 2440 2376 2472 Salu-
2393 2435 2468 2467 Ann.
2479 2435 2519 2469 D.

1394 2483 1463 2506 tem.
2416 2485 2446 2505 ν
2473 2484 2500 2511 9.

1352 2511 1451 2543 Sciatis
1465 2513 1561 2552 quod,
1948 2550 1951 2552 q
2396 2485 2472 2542 Ανιῗόι
2482 2525 2506 2552 3.

1353 2550 1453 2591 Cum,
1471 2552 1652 2584 venerabiles
1664 2551 1759 2583 Patres
1771 2577 1781 2591 ,
1809 2552 1932 2583 Domini
1944 2553 1977 2584 P.
1997 2553 2088 2585 Tituli
2102 2554 2213 2586 Sanctae
2228 2555 2375 2597 praxedis,
2396 2559 2423 2582 ¹2-
2443 2563 2467 2590 3-

1315 2587 1456 2620 Presbiter
1473 2613 1483 2630 ,
1509 2592 1542 2622 &
1561 2591 1592 2621 Β.
1610 2592 1723 2622 San&ae
1745 2592 1847 2621 Mariae
1863 2593 1891 2621 in
1909 2593 2036 2631 Aquiro,
2054 2593 2220 2631 Diaconus,
2239 2594 2374 2626 Cnidum<
2392 2597 2535 2621 P.1,t.C0n-·

1315 2628 1371 2666 les,
1390 2629 1423 2658 &
1437 2629 1515 2659 Sedis
1529 2629 1707 2667 Apostolicae
1720 2629 1853 2668 Nuncii,
1870 2631 1905 2660 ad
1920 2631 2019 2662 locum
2034 2631 2070 2661 de
2084 2630 2304 2672 Valenciennes‚
2321 2645 2373 2672 pro
2392 2632 2523 2667 (ψ’-ΗΜ-

1316 2666 1452 2697 Tra&atu
1467 2667 1548 2698 Pacis
1584 2669 1613 2698 in
1628 2670 1762 2707 proximo
1775 2669 1828 2699 sint
1844 2671 1968 2708 venturi,
2391 2672 2483 2707 Asglia
2491 2669 2524 2703 &a

1356 2705 1534 2744 Suscepimus
1548 2692 1623 2745 sios,
1642 2707 1805 2745 Familiam,
1824 2706 1901 2746 Res,
1919 2709 1952 2739 &
1969 2708 2047 2738 Bona
2059 2707 2105 2738 sua
2117 2718 2306 2748 quaecumque
2319 2734 2328 2749 ,
2347 2713 2378 2741 in
2396 2711 2509 2743 Vasconiae,

1319 2744 1462 2776 veniendo
1482 2745 1575 2775 versus
1594 2746 1693 2776 locum
1714 2745 1794 2775 illum
1810 2770 1819 2783 ,
1843 2746 1910 2776 illuc
1934 2748 2091 2784 morando,
2109 2748 2142 2777 δε
2154 2749 2254 2778 exinde
2272 2759 2330 2787 quo
2343 2751 2377 2781 ὃς
2402 2752 2471 2784 13.E
2499 2756 2526 2785 3.

1320 2783 1435 2821 quando
1449 2783 1591 2814 voluerint
1601 2783 1760 2821 redeundo,
1777 2785 1807 2813 in
1823 2783 2040 2815 Protectionem
2057 2786 2090 2816 ὃς
2105 2785 2311 2817 Defenhonein
2326 2799 2380 2819 no-
2397 2796 2433 2814 m·
2449 2788 2475 2813 6-

1321 2823 1407 2852 stram
1421 2822 1583 2860 specialem:

1323 2899 1345 2929 d
1356 2860 1395 2890 Et
1411 2862 1479 2891 ideo
1493 2871 1546 2891 vos
1562 2860 1684 2890 Amicos
1696 2869 1847 2900 rogamus,
1865 2859 1924 2895 &a
1938 2868 2021 2900 prout
2032 2865 2061 2891 in
2081 2861 2251 2901 confimilibus
2268 2864 2299 2894 de
2313 2869 2381 2896 Con-

1341 2901 1405 2928 ud't'u
1420 2902 1535 2928 Literis.

1362 2937 1430 2968 Dat.
1450 2938 1525 2975 apud
1540 2936 1717 2976 Andewerp,
1736 2937 1873 2970 vicesimo
1887 2937 1935 2968 die
1948 2937 2127 2970 Decembris.

2014 3017 2068 3045 Per
2081 3015 2163 3054 ipſszm
2174 3018 2278 3055 Regem.

1416 3143 1474 3174 Pro
1489 3143 1618 3174 Domino
1635 3140 1671 3173 cle
1688 3143 1764 3192 Cuyc
1779 3145 1815 3180 (ῤ’
1833 3144 1953 3185 Uxore,
1980 3141 2016 3175 de
2031 3145 2289 3178 Remunerasione.

1327 3224 1442 3295 ROSI
1468 3234 1566 3294 ztouz
1579 3236 1669 3265 ceux,
1688 3227 1717 3266 qi
1729 3226 1818 3258 cestes
1833 3227 1940 3258 Lettres
1955 3235 2089 3265 verront,
2107 3237 2145 3258 ou
2159 3237 2277 3267 orront,
2294 3229 2385 3260 Saluz.
2407 3243 2483 3274 Am,-
2493 3243 2539 3276 D:

1441 3275 1473 3294 ac
1496 3275 1530 3295 ez
1565 3275 1600 3295 ue
2449 3292 2479 3303 „

1366 3301 1424 3333 Pur
1438 3276 1588 3342 l’Omagqe,
1606 3288 1678 3342 que,
1698 3304 1793 3334 nostre
1806 3304 1894 3334 Chier
1910 3304 1943 3334 &
1959 3303 2054 3342 Foial,
2074 3303 2214 3335 Monseur
2229 3305 2385 3343 Otes,Sire
2403 3292 2513 3349 AL³{9'

1328 3339 1364 3369 de
1378 3341 1480 3381 Cuyc,
1500 3352 1570 3372 nous
1585 3343 1619 3372 ad
1631 3343 1698 3380 fait,
1716 3344 1749 3373 δε
1763 3353 1814 3379 pin·
1828 3343 1853 3372 sa
1870 3342 1999 3372 Demure
2011 3342 2108 3374 devers
2122 3354 2193 3373 nous
2209 3353 2309 3374 contre
2323 3345 2384 3375 Sire
2406 3365 2426 3387 E
2450 3344 2469 3392 ’χ
2493 3333 2518 3359 3'

1329 3379 1422 3418 Philip
1435 3380 1471 3410 de
1486 3380 1597 3419 Valois,
1618 3382 1646 3419 qi
1659 3382 1685 3411 se
1699 3381 1738 3411 dit
1754 3381 1813 3411 Roi
1830 3380 1866 3410 de
1883 3382 1906 3410 F
1908 3391 2008 3418 rance,
2429 3382 2434 3387 ‘

1370 3418 1470 3449 Avons
1491 3418 1619 3449 Grantez
1637 3429 1671 3449 au
1683 3420 1724 3449 dit
1738 3419 1799 3449 Sire
1811 3419 1846 3449 de
1862 3419 1946 3458 Cuyc
1964 3419 2048 3450 Deux
2062 3418 2159 3450 Centz
2171 3421 2203 3450 Sc
2219 3420 2388 3460 Cynquante

1332 3456 1431 3488 Livres
1450 3456 1629 3496 d'Estei·lings
1644 3481 1654 3496 ,
1679 3469 1693 3488 a
1713 3459 1837 3488 receivre
1854 3468 1902 3497 par
1924 3459 1970 3488 An
1986 3482 1994 3496 ,
2021 3469 2035 3488 a
2053 3467 2133 3489 toute
2154 3459 2179 3489 {a
2194 3459 2262 3497 Vie,
2280 3460 2316 3490 de
2330 3470 2389 3491 noz

1332 3495 1487 3526 Custumes
1509 3507 1544 3526 en
1559 3495 1631 3527 Port
1647 3497 1680 3526 de
1696 3496 1826 3526 Londres
1840 3520 1850 3534 ,
1865 3506 1892 3526 as
1907 3496 2029 3528 Termes
2043 3496 2079 3527 de
2093 3498 2200 3535 Fasque
2214 3500 2247 3528 ἕκ-
2262 3498 2298 3528 de
2310 3498 2389 3530 Seint

2408 3401 2539 3427 1’at.i71ter

2407 3442 2492 3473 Regem
2503 3436 2537 3470 ό·

2407 3477 2514 3511 diversos

2409 3518 2438 3541 M
2441 3525 2455 3541 ‚i
2454 3523 2541 3551 gunter

1372 3572 1433 3611 Et,
1455 3576 1481 3603 e1
1499 3583 1527 3603 re
1546 3583 1580 3603 ce
1594 3597 1604 3611 ,
1627 3582 1716 3604 avons
1731 3581 1849 3610 grantez
1864 3582 1916 3611 pur
1932 3573 2036 3611 Nous,
2055 3574 2088 3604 &
2103 3584 2163 3605 noz
2179 3575 2281 3614 Heirs,
2299 3586 2333 3607 au
2349 3575 2390 3607 dit
2409 3558 2539 3628 oryzan,

1334 3611 1396 3642 Sire
1414 3613 1450 3641 de
1469 3609 1572 3651 Cuyc,
1596 3612 1630 3643 &
1647 3621 1662 3641 a
1676 3611 1780 3642 Noble
1797 3612 1892 3641 Dame
1904 3635 1913 3648 ,
1937 3611 2033 3642 Darne
2043 3612 2139 3650 Johan
2153 3614 2177 3643 sa
2193 3614 2390 3654 Compaigne,
2409 3639 2434 3658 m
2460 3631 2476 3656 5

1335 3659 1372 3680 en
1394 3649 1653 3687 Recompensation
1674 3649 1722 3680 des
1740 3650 1860 3687 Terres,
1879 3650 2075 3689 Tenementz,
2090 3651 2124 3681 &
2141 3652 2264 3690 Renres,
2283 3664 2339 3692 que
2354 3655 2391 3683 les
2440 3651 2446 3657 '
2482 3650 2488 3656 ⁵

1335 3688 1397 3718 ditz
1418 3688 1478 3718 Sire
1498 3689 1534 3718 de
1555 3688 1638 3725 Cuyc
1660 3689 1693 3719 &
1714 3688 1739 3718 sa
1762 3688 1941 3727 Compaigne
1962 3697 2014 3719 ont
2034 3689 2137 3726 parduz
2157 3701 2192 3720 en
2209 3692 2346 3722 Roialme
2356 3692 2393 3723 de

1337 3726 1460 3764 France,
1477 3736 1527 3766 par
1541 3727 1620 3757 cause
1635 3727 1670 3756 de
1681 3726 1706 3756 sa
1723 3726 1873 3757 Demoere
1887 3728 1983 3756 devers
2001 3728 2182 3765 nous,Trois
2200 3729 2265 3759 Mill
2280 3730 2392 3761 Florins

1335 3764 1371 3795 de
1395 3764 1532 3796 Florence
1547 3788 1557 3803 ,
1574 3775 1614 3796 ou
1628 3765 1652 3794 la
1664 3765 1746 3795 value
1761 3775 1796 3795 en
1812 3774 1890 3795 autre
1905 3765 2032 3796 Monoie
2046 3768 2222 3806 covenable,
2238 3779 2253 3798 a
2268 3770 2395 3800 receivre

1336 3813 1384 3841 par
1397 3803 1442 3833 An
1459 3804 1494 3834 de
1509 3812 1568 3834 noz
1580 3803 1650 3833 dites
1662 3801 1817 3833 Custumes
1830 3814 1866 3834 en
1880 3803 1949 3834 Port
1961 3804 2056 3842 susdit,
2075 3805 2109 3835 δε
2121 3816 2149 3835 as
2162 3806 2285 3837 Termes
2298 3817 2394 3839 avant-

1336 3841 1396 3872 ditz
1410 3866 1419 3879 ,
1446 3851 1496 3879 per
1517 3841 1612 3872 oveles
1632 3838 1766 3872 Portions
1781 3864 1791 3880 ,
1816 3851 1869 3881 pur
1888 3842 1915 3872 le
1938 3842 2049 3873 Terme
2062 3866 2072 3882 ,
2090 3854 2146 3882 que
2160 3846 2198 3875 les
2210 3845 2269 3876 ditz
2287 3847 2348 3877 Sire
2359 3846 2395 3876 de

1337 3878 1421 3918 Cuyc
1441 3882 1475 3911 &
1494 3879 1520 3909 {a
1540 3879 1721 3919 Compaigne
1743 3888 1795 3910 ont
1816 3890 1845 3910 es
1865 3880 1969 3910 Terres
1982 3903 1991 3918 ,
2009 3880 2209 3922 Tenementz‚
2223 3886 2257 3915 &
2272 3885 2396 3922 Reate-s,

1336 3918 1495 3956 avantditz,
1512 3926 1617 3955 tanque
1633 3917 1814 3949 Restitucion
1832 3919 1892 3949 leur
1903 3919 1956 3950 soit
1968 3919 2017 3951 fait
2030 3920 2066 3950 de
2080 3921 2210 3953 meismes
2222 3923 2260 3953 les
2273 3924 2377 3953 Terres
2386 3947 2396 3960 ‚

1337 3956 1517 3987 Tenementz
1530 3978 1540 3995 ,
1565 3958 1599 3988 ὃς
1619 3957 1728 3988 Rentes
1743 3981 1752 3995 ,
1776 3967 1816 3987 ou
1832 3967 1886 3995 que
1898 3968 1970 3988 nous
1985 3959 2045 3989 leur
2057 3969 2139 3992 eoms
2150 3971 2276 3998 purveuz
2289 3962 2335 3991 des
2349 3971 2397 3990 au-

1337 4002 1392 4026 tres
1411 4005 1447 4025 en
1462 3995 1626 4034 Engleterre
1638 4018 1648 4034 ,
1674 4006 1713 4026 ou
1732 4006 1768 4025 en
1780 4004 1858 4026 autre
1873 3996 1944 4027 Lieu
1958 3998 2135 4038 covenable,
2153 4014 2168 4030 a
2183 4001 2205 4030 la
2222 4002 2333 4030 verroie
2348 4009 2397 4028 va-

1338 4034 1384 4064 lue
1398 4033 1532 4072 d'yceux,
1551 4043 1603 4071 pur
1617 4034 1643 4064 le
1657 4033 1768 4065 Terme
1781 4034 1841 4071 q’ils
1854 4043 1906 4065 ont
1918 4045 1955 4066 en
1969 4046 2073 4076 yceux,
2086 4048 2172 4070 come
2185 4039 2275 4068 deffus
2288 4037 2330 4067 est
2345 4036 2395 4066 dit.

1378 4070 1417 4103 Et
1437 4071 1551 4104 voloms
1572 4072 1606 4104 &
1628 4071 1787 4104 Grantoms
1805 4082 1861 4142 {ule
1880 4073 1907 4104 le
1923 4074 1964 4106 dit
1984 4074 2046 4108 Sire
2068 4075 2105 4108 de
2119 4076 2203 4117 Cuyc
2217 4101 2226 4115 ,
2241 4076 2277 4106 de
2292 4076 2341 4106 son
2358 4075 2399 4104 dit

1867 4121 1887 4142 2

2335 4112 2401 4149 Fec,
