2562 4279
0 157 32 190 3.

52 80 102 120 88

0 257 8 265 ·
54 252 165 282 Cot-’trit
188 247 379 281 Cardinalem
405 247 473 290 (qui
489 243 568 275 idem
588 241 711 285 Eliensts
730 238 985 280 Archidiaconus)
1011 237 1115 270 Elaen-

2 490 29 515 7.

0 3741 71 3774 '.27.

92 298 158 342 sem
184 297 375 343 Episcopum,
395 304 449 339 per
465 293 529 324 Co
544 302 568 324 N
582 302 595 324 s
607 301 625 323 E
639 301 693 324 Rv
708 301 730 323 A
743 301 767 322 ’r
780 301 792 322 1
806 301 828 322 A
840 301 852 322 s
876 288 1001 335 Papaeles
1013 310 1023 326 ‚
1049 298 1114 319 mo-

96 344 254 388 Instantem.

49 429 97 491 P
106 427 163 460 ΑΡ
172 428 212 458 AE
234 428 299 458 Rex
313 426 415 457 devota
429 425 535 463 pedum
549 423 640 455 oscula
652 425 809 455 beatorum.

152 467 271 505 Qianto
294 465 395 503 majori
415 464 549 494 desiderio
569 463 787 502 tranquilitatem
809 461 966 501 appetimus
988 457 1114 490 subdito-

51 517 132 546 rum,
151 507 231 535 tanto
255 503 401 534 molestius
416 503 534 533 ferimus
547 502 644 541 quod,
662 502 744 532 novis
759 500 1021 536 adinventionibus,
1041 497 1115 535 ipso-

51 555 112 577 rum
134 544 258 581 quietem
282 542 474 579 conspicimus
495 541 667 581 perturbari3
693 550 726 570 ac
745 549 798 580 pro
821 539 917 570 celeris
939 537 1115 577 appositione

49 582 184 620 remedii,
199 589 296 612 contra
319 589 406 620 genus
425 581 521 610 morbi
539 579 664 618 pestiferi
676 578 773 617 (quod
786 579 844 616 jam
858 578 894 608 de
909 587 1006 614 novo,
1025 583 1055 605 ut
1070 574 1114 604 di-

47 623 194 658 discimus,
213 630 272 650 non
288 619 345 649 sine
359 618 460 650 nostro
474 617 657 657 prrejudicio,
671 618 701 647 iii
713 617 925 655 oppressionem
942 614 1046 654 Populi
1061 622 1115 643 no-

49 660 112 697 stri,
132 659 284 696 precellit)
302 659 338 688 eo
358 657 480 688 vestram
502 656 692 687 Clementiam
710 655 901 686 confidentius
916 653 1115 691 imploramus,

50 701 110 737 qno
125 698 228 728 certius
248 695 420 726 confidimus
443 706 505 727 eam
529 697 558 726 in
575 695 644 734 hiis,
664 704 731 733 quae
743 694 863 732 ejusdem
875 693 975 730 Regni
990 691 1114 729 quietem

50 737 213 775 respiciuiiz,
233 735 310 765 solita
325 734 513 766 benivolentia
529 744 580 772 pro
588 734 677 763 sitiam
693 733 824 763 invenire.

88 776 159 805 Sane
173 783 278 813 nuper,
297 782 326 803 ut
342 773 476 812 refertur,
493 774 565 803 inter
607 779 797 809 rocuratores‘,
818 768 991 800 Venerabilis
1008 767 1115 811 Patris,

53 813 175 844 Domini
193 818 205 830 ³⁶
218 812 396 851 Guillielmi,
419 812 512 842 Tituli
535 811 631 841 Sancti
651 810 754 841 Ciriaci
774 811 803 839 in
826 808 944 839 Termis
967 806 1116 836 Presbiteri

52 851 222 890 Cardinalis,
244 851 445 881 Archidiaconi
465 850 597 887 Eliensis,
616 850 649 880 &
674 847 840 889 Magistros,
867 846 1058 876 willielmum
1079 844 1116 874 de

52 891 179 930 Stepyng
192 914 200 928 ,
217 890 253 920 de
277 889 457 927 Cotenham,
476 890 508 919 ὃς
534 887 721 925 Radulphum
743 887 861 923 Oliver,
878 885 914 915 de
936 883 1116 927 thkkeron,

51 929 241 961 Ecclesiarum
261 928 418 967 Reitores,
441 928 475 958 ad
497 927 657 957 Henricum
675 926 710 956 de
729 924 913 963 Trippelaxv,
939 921 1118 952 Commissa·-

51 969 123 1006 rios,
138 968 301 998 venerabilis
317 966 418 1003 Patris,
433 967 466 997 &
483 966 567 996 nobis
580 965 734 1005 praedilee‘ti
744 988 753 1001 ,
768 963 907 1003 joliannis
921 960 1035 991 Eliensis
1049 959 1118 998 Epi-

52 1007 146 1045 scopi,
167 1005 264 1043 Regni
284 1005 372 1036 nostri
393 1004 502 1037 Incolas
517 1027 527 1043 ,
544 1004 623 1042 super
639 1003 805 1043 quibusdam
817 1001 933 1041 juribus
949 1023 958 1038 ,
982 1000 1016 1031 δε
1034 1000 1117 1029 rebus

52 1046 110 1077 aliis
125 1068 134 1083 ,
160 1046 219 1075 tam
241 1045 388 1084 praefatum
407 1043 511 1081 Episco
531 1053 599 1081 um,
621 1043 706 1081 quam
727 1041 840 1072 eosdem
862 1039 985 1071 subditos
1006 1038 1117 1068 nostros

51 1085 305 1121 concernentibus,
322 1083 393 1113 dum
413 1083 491 1112 idem
540 1082 668 1122 piscopus
690 1082 719 1110 in
740 1080 859 1111 Ducatu
882 1077 981 1122 nostro
1000 1076 1119 1123 Aquita:

52 1124 125 1161 nice,
163 1133 194 1152 ro
207 1123 405 1152 reformatione
420 1120 557 1159 eiusdem,
576 1120 611 1150 de
630 1119 764 1150 mandato
777 1118 876 1149 nostro
890 1116 1034 1154 eariiieret,
1054 1123 1119 1146 orta

53 1163 83 1192 in
96 1132 177 1191 diffie
192 1161 296 1197 Regno
312 1159 410 1190 nostro
427 1160 542 1190 materia
551 1158 740 1198 Qiaestioni33

89 1199 225 1239 Magister
253 1198 397 1236 johannes
415 1198 450 1228 de
473 1198 625 1235 Lescopon
644 1221 654 1235 ,
688 1194 913 1226 Archidiaconus
934 1191 1120 1230 Navatensis‚

51 1238 227 1275 praetendens
241 1238 268 1268 se
284 1236 518 1268 Commiffirium
532 1238 560 1267 in
576 1236 695 1274 quadam
710 1234 738 1264 C
746 1244 766 1263 o
776 1242 798 1263 N
808 1242 820 1263 s
830 1242 848 1263 E
859 1243 883 1263 R
892 1243 912 1262 v
923 1243 942 1262 A
951 1240 974 1261 T
982 1241 993 1262 1
1003 1242 1021 1261 A
1032 1254 1043 1274 2
1059 1240 1119 1271 per,

51 1277 140 1307 bonae
161 1277 311 1306 memoriae
325 1299 334 1313 ‚
357 1275 539 1306 Clementem
559 1274 664 1312 Papam
722 1274 852 1309 uintum,
878 1270 1120 1301 Praedecessorem

51 1315 197 1353 vestrum,
212 1315 293 1345 disto
308 1314 441 1344 Domino
454 1313 610 1350 Cardinali,
627 1312 705 1347 super
744 1310 868 1341 eneficiis
889 1310 955 1347 suis,
973 1307 1119 1346 concessa,

51 1354 181 1393 praefiios
195 1353 427 1391 Commissarios,
442 1353 475 1383 δε
488 1352 556 1383 alios
569 1351 638 1382 dicti
651 1350 785 1390 Episcopi
803 1347 970 1387 Ministros,
983 1347 1018 1378 ad
1033 1356 1117 1378 com-

49 1393 206 1432 parendum
220 1402 316 1423 coram
332 1401 385 1430 eo,
404 1399 478 1421 extra
492 1390 630 1429 Regnum
644 1388 792 1426 nostrum,
808 1387 973 1418 Avinioniae
1009 1388 1040 1417 in
1053 1386 1121 1416 Ho-

50 1432 132 1468 spitio
152 1431 327 1462 habitationis
347 1430 419 1468 sue,
437 1429 471 1459 ad
485 1429 581 1459 locum
598 1437 657 1458 tam
671 1435 831 1465 remotum,
847 1434 947 1456 contra
960 1410 1121 1457 (janonieas

52 1470 235 1507 sanctiones,
254 1470 332 1499 citari
345 1468 411 1498 fecit
427 1467 602 1505 responsuros
619 1466 654 1497 de
667 1465 835 1504 Praemiffis,
850 1465 880 1494 in
892 1464 983 1504 Juris,
999 1464 1032 1495 &
1048 1463 1123 1495 No—

53 1507 101 1539 stri
134 1519 167 1540 ac
181 1507 364 1539 Subditorum
377 1505 556 1545 nostrorum,
575 1506 704 1543 injuriam
719 1504 904 1535 manifestam.

93 1532 174 1578 Cum
188 1548 296 1585 itaque,
311 1545 391 1576 Pater
407 1545 527 1583 Sancte,
543 1554 577 1576 ex
591 1542 752 1585 praemiffis,
771 1543 821 1573 nisi
835 1551 884 1581 per
897 1541 998 1573 vestrae
1011 1540 1122 1573 saneti-

53 1587 115 1617 tatis
136 1585 341 1624 providentiam
361 1583 542 1614 Remedium
563 1592 726 1620 congruum
746 1581 862 1612 celerius
882 1590 1038 1621 apponatur
1052 1605 1062 1619 ,
1092 1581 1123 1611 in

53 1625 173 1663 eisdem,
193 1624 298 1663 Regno
319 1623 351 1654 ὃ(
374 1622 488 1659 Populo
512 1621 630 1660 nostris,
647 1621 770 1660 dampna
790 1621 937 1650 innumera
951 1620 984 1650 &
998 1619 1124 1650 scandala

55 1665 146 1702 gravia
168 1663 285 1693 suscitari
300 1661 484 1692 verisimiliter
498 1669 629 1701 poterunt
644 1659 805 1697 formidari,
823 1658 974 1696 praesertim
990 1659 1059 1689 cum
1072 1658 1124 1689 liu-

57 1701 178 1740 jusmodi
199 1700 228 1732 C
238 1712 257 1731 o
268 1708 291 1730 N
300 1709 311 1730 s
322 1709 340 1730 E
352 1709 375 1730 R
383 1710 403 1729 v
413 1708 432 1729 A
442 1708 464 1729 Τ
474 1708 525 1729 1AE
535 1722 544 1737 ,
564 1709 628 1737 (με
649 1700 664 1729 {i
684 1699 795 1728 tramite
806 1697 881 1735 Juris
897 1698 1061 1727 communis
1076 1707 1124 1727 ex-

57 1741 199 1809 orbitancss,
223 1750 284 1770 non
303 1738 509 1770 consueverunt
530 1737 605 1776 fieri,
631 1739 660 1768 in
685 1737 791 1776 Regno
811 1735 927 1774 nostr0‚
950 1736 1126 1775 temporibus

62 1788 153 1810 retroa
186 1789 222 1808 is·

98 1817 183 1855 Nos,
201 1802 278 1857 super
300 1814 458 1854 praemiffis,
477 1813 657 1845 desiderantes
677 1823 714 1843 eo
729 1812 858 1843 affectius
868 1835 878 1850 ,
897 1821 946 1849 per
958 1812 1059 1843 vestrae
1074 1811 1126 1843 Be-

61 1857 201 1895 nignitaris
223 1855 418 1891 clementiam,
436 1854 540 1892 apponi
561 1852 736 1883 Remedium
758 1859 952 1889 oportunum,
970 1861 1030 1891 quo
1049 1852 1127 1881 idem

61 1894 230 1934 Episcopus,
248 1902 378 1930 tempore
400 1891 552 1922 Citationis
571 1890 730 1929 praedict-x,
749 1889 852 1920 nostris
871 1888 1038 1929 Obsequiis,
1058 1890 1127 1921 sicut

59 1933 137 1971 alitis,
157 1933 267 1962 vicibus
280 1931 453 1968 successivis,
472 1931 572 1961 utiliter
586 1930 619 1960 &
635 1929 805 1960 laudabiliter
824 1927 977 1967 insudavit,

98 1971 243 2002 Sanetitati
266 1969 366 2000 vestrae
388 1970 491 1999 votivis
501 1967 651 1998 affe-”stibus
663 1967 868 2006 supplicamus,
885 1967 1017 2005 quatinus
1031 1965 1064 1996 ad
1079 1965 1128 1997 In-

60 2009 233 2046 commoda,
248 2009 281 2039 &
296 2007 443 2045 Scaudala,
460 2017 494 2038 ac
508 2006 728 2047 oppressiones,
746 2004 898 2043 praedicta,
914 2004 1041 2034 Paternae
1055 2015 1127 2036 con-

59 2048 226 2079 siderationis
243 2048 376 2078 intuitum
396 2054 611 2083 convertentes,
628 2045 664 2075 ita
685 2044 764 2081 super
785 2042 931 2082 praemiffis
943 2042 978 2073 de
1000 2043 1129 2074 remedio

60 2086 219 2123 dignemini
240 2094 371 2124 congruo
391 2084 558 2124 providere,
576 2083 655 2124 quod
679 2082 779 2113 exinde
792 2082 936 2113 didiorum
951 2080 1129 2113 Commissa-

63 2127 172 2155 riorum
188 2148 197 2162 ,
229 2125 263 2155 ὃ(
286 2123 486 2154 Ministrorum
504 2122 612 2161 praefati
633 2121 767 2160 Episcopi
788 2121 898 2151 vexatio
917 2120 1002 2151 cesset
1027 2122 1056 2151 in
1075 2121 1128 2152 hac

62 2172 155 2202 parte,
173 2164 206 2194 ὃ(
219 2165 255 2193 eis
269 2164 344 2202 quies
358 2171 541 2202 praeparetur,
558 2172 591 2193 ac
607 2161 668 2199 via,
688 2161 717 2191 in
730 2160 835 2191 casibus
850 2158 1027 2199 hujusmodi,
1047 2160 1129 2190 mali-

61 2204 141 2240 gnari
158 2202 317 2232 volentibus
337 2201 531 2239 praecludatur.

96 2240 270 2278 Conservet‚
285 2241 346 2272 &c.

130 2278 190 2310 Dat
213 2279 287 2317 apud
301 2278 500 2317 Kenilworth‚
520 2278 614 2316 primo
627 2277 672 2308 die
680 2276 810 2315 Jauuarii.

64 2402 123 2438 Ad
154 2403 313 2449 praefatum
341 2402 535 2436 Cardinalcm
554 2429 564 2443 ,
603 2412 707 2435 contra
741 2403 771 2435 C
785 2412 807 2434 0
821 2411 846 2433 N
860 2411 872 2434 s
883 2410 902 2433 iz
915 2411 936 2434 R
950 2411 969 2432 v
986 2410 1007 2432 Α
1017 2409 1040 2432 τ
1055 2410 1068 2432 1
1085 2411 1106 2432 A
1118 2411 1132 2433 s

496 2461 691 2497 praetllxo‘ltolso

38 2564 45 2570 .
66 2537 279 2601 'VEnerabili
300 2537 328 2567 in
350 2535 468 2567 Christo
489 2535 582 2573 Patri,
602 2534 736 2566 Domino
759 2533 802 2565 G.
824 2534 882 2565 Dei
904 2533 990 2565 oraria
1005 2557 1014 2572 ,
1038 2533 1132 2565 Tituli

155 2577 250 2608 Sant‘ii
262 2575 369 2606 Ciriaci
383 2577 412 2605 in
424 2575 539 2605 Termis
553 2574 710 2604 Presbitero
724 2572 883 2611 Cardinali,
899 2559 1007 2604 Xmico
1022 2572 1072 2603 suo
1086 2583 1132 2603 ca-

71 2617 197 2655 risslmO,
214 2613 384 2651 Edwardus,
401 2614 462 2644 &c.
479 2613 619 2649 Salutem,
638 2613 671 2644 δε
688 2613 802 2642 iincerae
815 2612 972 2642 dilefflonis
984 2611 1131 2642 affedtum.

105 2656 189 2687 Dum
211 2663 322 2695 moram
341 2652 488 2692 pensamus
506 2651 661 2689 diutinam,
677 2660 763 2691 quam
788 2652 817 2681 in
833 2650 940 2688 Regno
956 2649 1056 2681 nostro
1070 2650 1132 2680 An-

45 2717 50 2722 .
69 2695 135 2739 gliae
158 2704 210 2725 vos
230 2692 326 2723 fecisse
348 2691 516 2728 recolimus,
533 2700 567 2721 ac
589 2690 691 2720 exinde
713 2689 818 2724 lurium
835 2689 869 2720 δε
885 2687 1134 2719 Consuetudinum

70 2733 190 2772 ejusdem
213 2730 309 2769 Regni
325 2752 335 2768 ,
355 2739 414 2769 prae
438 2730 547 2760 caeteris
568 2723 764 2759 Carduiali'bus
780 2750 790 2766 ,
812 2738 864 2757 vos
883 2729 1012 2758 notitiam
1031 2727 1134 2758 habere

70 2771 242 2803 confidimus
267 2769 443 2809 pleniorem:
482 2767 621 2807 Dumque
640 2767 742 2797 mentis
765 2765 870 2796 nosti-:e
890 2766 1015 2796 occurrit
1027 2766 1135 2796 obtuti-

72 2811 142 2848 bus,
166 2808 282 2848 qualiter
304 2806 412 2844 nostra,
437 2807 470 2838 ὃς
493 2806 574 2850 ipsius
594 2805 693 2842 Regni
715 2805 826 2844 negotia
848 2804 981 2835 habuistis
1000 2804 1136 2835 hactenus

72 2849 212 2880 sinceriter
234 2845 453 2880 commendata,
473 2853 605 2875 miranter
624 2844 782 2874 audivimus
802 2843 883 2882 quod
905 2844 976 2873 inter
998 2843 1134 2881 quosdam

71 2887 272 2918 Procuratores
292 2883 412 2919 vestros,
429 2883 463 2914 δε
485 2882 656 2922 Magistrum
678 2882 870 2912 XVillielmum
886 2882 922 2912 de
933 2881 1078 2920 Stepyng,
1097 2881 1133 2912 de

72 2925 237 2956 Cotenham
253 2946 263 2960 ,
287 2923 321 2953 &
351 2921 534 2961 Radulphum
558 2920 658 2950 Oliver
679 2921 715 2951 de
732 2920 890 2951 Makketon
907 2943 918 2958 ,
945 2920 1135 2951 Ecclefiarum

72 2964 231 2999 Reitores,
247 2971 280 2992 ac
300 2959 463 2990 Henricum
483 2959 519 2990 de
539 2959 614 2996 Trip
651 2959 736 2996 lauw,
757 2958 994 2996 CommissariOS,
1009 2959 1134 2989 Venera-

71 3003 134 3032 bilis
154 3001 258 3038 Patris,
276 3000 310 3030 &
326 2999 408 3029 nobis
421 2997 591 3035 praediletsti,
605 2969 742 3035 fghannis
756 2997 872 3028 Eliensis
886 2996 1019 3037 Episcopi
1056 2997 1137 3035 super

71 3040 241 3079 quibusdam
253 3038 379 3076 Juribus,
400 3037 435 3067 &
448 3036 529 3066 rebus
541 3036 616 3073 aliis,
634 3036 704 3066 dum
718 3035 792 3066 idem
809 3035 966 3073 Episcopus
977 3037 1006 3066 in
1054 3045 1136 3067 ucatu

74 3078 173 3109 nostro
188 3077 364 3116 Aquitani-ie,
381 3085 432 3113 pro
446 3074 664 3105 Reformatione
677 3074 799 3112 ejusdem
809 3097 818 3113 ,
837 3074 873 3105 de
888 3074 1023 3105 mandato
1036 3075 1137 3106 nostro

75 3118 183 3154 extitit,
201 3116 262 3146 orta
275 3114 390 3145 materia
423 3112 583 3150 uaestionis3

115 3154 243 3193 Qud-am
262 3123 553 3192 hslagisterffohannes
566 3151 602 3181 de
616 3150 759 3189 Lescapon
769 3175 778 3189 ,
797 3150 1022 3182 Archidiaconus
1036 3152 1138 3183 Nava-

77 3194 175 3231 tensis,
200 3194 374 3230 praetendens
393 3190 420 3220 se
440 3189 674 3220 Commiffarium
695 3190 724 3218 in
746 3189 869 3226 quadam
891 3189 978 3219 CoN
990 3199 1031 3220 sn
1043 3200 1092 3221 Rv
1104 3202 1138 3220 A·

76 3241 119 3261 *rr
131 3241 168 3270 A,
189 3241 254 3270 per,
273 3231 357 3259 bonae
374 3230 537 3266 memoriae,
557 3227 721 3258 Dominum
735 3227 772 3258 C.
789 3227 891 3267 Papam
907 3228 1068 3266 Qintum,
1086 3239 1139 3259 vo-

77 3271 139 3307 bis,
156 3270 234 3309 super
250 3267 395 3299 Beneficiis
408 3266 523 3304 vestris,
543 3266 689 3302 concessa,
706 3264 741 3296 ad
756 3265 986 3303 prosecutionem
999 3266 1139 3305 vestram,

79 3317 112 3338 ut
133 3308 249 3344 dicitur,
267 3305 396 3346 praefatos
416 3304 649 3342 Commiflarios,
666 3305 700 3335 δε
719 3303 852 3342 quosdam
867 3305 948 3334 etiam
963 3304 1030 3333 alios
1048 3304 1140 3335 Mini-

80 3346 149 3376 stros
162 3347 231 3376 diffi
246 3344 395 3382 Episcopi,
407 3344 441 3373 ad
457 3343 692 3380 Compare-ndum
709 3352 806 3372 coram
819 3341 896 3380 ipso,
910 3350 985 3372 extra
999 3342 1140 3379 Regnum

79 3384 228 3422 nostrum,
247 3384 422 3419 Avinioniae,
441 3383 470 3411 in
482 3381 618 3421 Hospitio
630 3381 819 3412 Habitationis
832 3381 903 3419 suae,
922 3381 998 3411 citari
1013 3381 1079 3412 fecit
1098 3382 1141 3412 su—

79 3431 129 3461 per
140 3422 287 3460 'praemiffis
297 3421 471 3458 responsuros
486 3430 492 3449 t

121 3460 187 3490 Nos
201 3460 487 3498 itaque,attendentes
500 3457 580 3498 quod
596 3467 630 3488 ex
645 3457 835 3488 Citationibus
847 3457 1005 3495 hujusmodi
1019 3458 1053 3488 &
1069 3458 1141 3489 Pro-

84 3498 219 3536 cessibus,
237 3500 256 3528 si
278 3500 325 3537 qui
346 3497 411 3528 inde
426 3497 539 3534 fierent,
557 3495 683 3527 Subditis
696 3495 815 3534 nostris,
830 3506 904 3535 quos
917 3506 932 3526 a
945 3497 1142 3528 vexationibus

85 3537 216 3566 indebitis
244 3545 371 3567 tenemur
394 3544 538 3575 protegere
557 3535 590 3565 &
614 3536 706 3572 tueri,
734 3535 919 3565 intolerabiles
938 3534 1140 3572 Oppaeffiones
1190 3559 1201 3563 ,

84 3576 241 3613 evenirent,
259 3576 291 3605 Sc
313 3576 422 3611 pollent
443 3573 576 3604 Scandala
596 3573 732 3610 suscitari,
751 3583 788 3602 eo
808 3573 887 3611 quod
906 3583 966 3603 non
986 3574 1141 3603 consueve-

87 3613 143 3642 rint
157 3614 217 3643 talia
230 3613 303 3651 fieri,
323 3615 351 3642 in
365 3613 446 3643 dieto
463 3612 572 3649 Regno
584 3611 684 3642 nostro
694 3635 703 3648 ,
719 3611 854 3651 aliquibus
866 3611 1040 3651 temporibus
1054 3620 1143 3641 retro-

88 3650 154 3679 aetis
167 3660 185 3693 :¹
199 3651 424 3690 considentesque
443 3652 479 3681 de
501 3650 591 3680 vestra
612 3650 788 3687 Sinceritate,
804 3650 883 3688 quod
897 3659 995 3679 contra
1007 3649 1091 3687 Nos,
1110 3651 1144 3681 ὃ(

90 3685 187 3726 Regni
200 3689 291 3731 ,nostri
311 3689 438 3727 Incolas,
452 3690 587 3719 indebitas
609 3687 762 3718 Novitates
773 3688 948 3719 introducere
963 3697 1023 3717 non
1039 3689 1126 3718 velitis
1136 3711 1146 3725 ,

90 3725 128 3768 set
146 3727 257 3763 potius,
274 3728 292 3745 ³*
302 3728 386 3757 veluti
399 3728 514 3757 honoris
529 3726 616 3757 nostri
631 3726 747 3757 Zelator
759 3728 931 3765 praecipuus,
945 3726 1067 3757 resistere
1077 3726 1147 3764 Jura

90 3762 212 3800 ejusdem
227 3762 322 3806 Regni
336 3766 494 3796 volentibus
504 3767 683 3804 impugnare,

130 3799 327 3846 Paternitatem
353 3803 476 3833 vestram
499 3802 658 3834 affectuosis
683 3804 810 3842 precibus
831 3803 996 3840 requirimus
1015 3803 1047 3833 &
1068 3813 1147 3842 roga-

92 3848 173 3882 mus,
192 3847 318 3876 quatinus
335 3849 349 3868 a
370 3843 560 3877 prosecutione
573 3841 721 3879 qualibet,
739 3851 838 3871 contra
857 3841 1089 3879 Commiiiarios,
1112 3842 1146 3873 &

93 3875 243 3919 Ministros
264 3877 369 3918 praefati
390 3878 520 3917 Episcopi
542 3889 678 3917 praetextu
700 3879 850 3910 Citationis
862 3879 1022 3918 praedidiae,
1039 3889 1103 3918 quae
1117 3881 1146 3910 in

93 3914 200 3959 nostri,
218 3915 251 3944 ὃς
269 3916 348 3959 ipsius
359 3914 454 3954 Regni
472 3917 665 3955 dispendium,
680 3917 713 3947 &
728 3918 914 3954 perniciosum
927 3918 1088 3955 exemplum
1104 3917 1147 3947 di-

93 3951 219 3985 noscitur
241 3951 396 3991 emanasse,
414 3954 522 3991 prorsus
537 3955 664 3987 desistere
676 3956 779 3994 velitis,
797 3955 829 3987 &
841 3954 910 3994 Jura
924 3955 1147 3988 Archidiacona-

488 59 1286 116 CONVENTIONES,
1360 58 1761 110 LITERAE‚

1123 176 1125 178 ,
1160 145 1205 176 tiis
1218 146 1321 186 vestri,
1340 146 1385 177 via
1402 146 1478 185 Juris
1490 146 1640 184 ordinarii,
1658 142 1904 185 quemadmodum
1920 151 1970 183 per
1985 141 2079 173 dietos
2091 142 2231 175 Procura-
2247 137 2323 168 Arm·
2342 136 2381 167 D·

1161 193 1234 215 tores
1248 185 1356 216 vestros
1371 185 1461 216 fuerat
1476 185 1654 222 inchoatum,
1669 183 1802 222 prosequi
1820 190 1904 220 prout
1920 182 2016 212 decet:
2269 186 2353 216 1324.

1199 225 1308 255 Taliter
1322 247 1331 263 ,
1357 225 1377 254 si
1398 224 1490 262 piacet
1503 246 1513 262 ,
1537 223 1585 254 has
1607 222 1709 252 Preces
1729 220 1837 252 nostras
1857 220 2034 251 exaudientes
2054 221 2084 249 in
2107 221 2233 260 effectu,
2249 218 2316 244 Ἐάν·
2337 226 2363 243 2·

1162 263 1242 301 quod
1253 287 1262 301 ,
1279 273 1333 303 pro
1354 262 1518 293 defensione
1542 261 1730 292 Subditorum
1752 258 1936 298 nostrorum,
1954 259 1984 289 in
1996 257 2049 289 hac
2064 267 2158 297 parte,
2175 270 2235 290 non

1161 302 1316 332 habeamus
1331 301 1443 332 necesse
1453 299 1527 331 aliud
1544 299 1724 330 Remedium
1738 298 1880 328 adhibere.

1198 339 1268 370 Dat.
1284 340 1357 382 apud
1374 338 1575 377 Kenilworth,
1594 339 1676 369 tertio
1688 337 1734 368 die
1744 336 1878 375 januarii.

1210 483 1267 519 Ad
1295 483 1536 531 Commiffizrinm
1564 485 1596 516 in
1622 484 1652 517 C
1667 494 1690 516 o
1702 493 1726 515 N
1742 492 1755 515 s
1772 492 1790 514 a
1802 490 1825 514 R
1838 491 1860 514 v
1871 491 1893 513 A
1903 490 1926 514 τ
1939 490 1951 513 1
1967 491 1989 513 A
2021 479 2186 514 antedifla.

1163 577 1295 636 REX
1311 578 1431 610 discreto
1452 577 1545 616 viro,
1565 575 1707 621 Magistro
1718 575 1843 613 Johanni
1858 574 2024 614 Lescapon,
2041 575 2230 607 Archidiaco-
2244 554 2320 587 Am·
2337 556 2380 587 D·

1239 628 1279 649 no
1299 617 1470 654 Navatensi,
1488 618 1522 648 &
1542 614 1697 647 Canonico
1712 614 1878 653 Dubliniae,
1895 614 2020 645 salutem.
2246 604 2350 661 ‘4¹3242

1203 657 1250 687 Ad
1266 655 1396 686 nostrum
1411 656 1538 695 pervenit
1552 655 1699 692 auditum,
1715 653 1796 693 quod
1809 663 1877 691 νος,
2276 645 2300 662 n.
2321 645 2362 670 ¹¹·

1200 694 1410 726 Praetendentes
1419 703 1474 723 vos
1480 692 1720 723 Commissarium
1733 693 1763 722 iri
1771 691 1892 730 quadam
1907 690 1937 722 C
1944 701 1964 721 o
1974 700 1997 722 N
2006 700 2018 722 s
2027 701 2045 722 Ε
2056 700 2081 723 R
2089 701 2133 723 va
2141 700 2164 723 'r
2173 702 2183 723 1
2193 703 2212 724 A
2219 715 2230 732 ,
2245 682 2319 739 Κῶ]
2335 720 2345 738 1
2353 721 2379 747 7-

1161 744 1231 773 pro,
1249 732 1401 763 venerabili
1422 731 1523 770 Patre,
1541 731 1674 762 Domino
1697 729 1738 761 G.
1757 730 1851 762 Tituli
1869 730 1966 762 Sanffl
1990 729 2139 762 Ciriaciin
2154 731 2230 762 Ter·
2248 754 2269 777 E

1161 774 1214 803 mis
1237 773 1395 803 Presbitero
1414 769 1573 807 Cardinali,
1601 769 1816 800 Archidiacono
1838 769 1959 808 Eliensi,
1982 769 2063 807 super
2084 768 2231 801 Beneficiis
2273 772 2278 777 '
2300 759 2327 816 Ξ

1161 811 1228 850 suis,
1247 821 1312 852 per,
1328 811 1415 840 bonae
1429 809 1594 847 memoriae,
1615 807 1781 838 Dominum
1793 808 1993 847 Clementem,
2010 808 2120 846 Papam
2170 811 2231 840 uin-
2245 798 2281 817 Μ’
2321 810 2327 817 “

1161 858 1239 888 tum,
1255 848 1405 885 concessa,
1426 846 1598 886 Magistrum
1621 846 1814 876 willielmum
1835 846 1871 877 de
1886 847 1991 886 Stepyn
2019 870 2028 884 ,
2048 848 2081 878 &
2095 851 2164 886 quos
2185 857 2233 879 am

1161 888 1230 918 alios
1245 886 1464 918 Commissarios
1477 886 1511 917 &
1527 884 1861 923 Mnffiros,venerabilis
1873 856 2121 923 Patris,Jgohannis
2137 886 2234 917 Elien-

1162 927 1194 956 iis
1216 926 1365 966 Episcopi,
1383 923 1495 954 nostros
1507 923 1643 955 Subditos
1655 924 1689 955 &
1703 922 1803 960 Regni
1818 923 1909 954 nostri
1922 924 2048 963 Incolas,
2066 925 2101 955 ad
2117 935 2235 966 compa-

1162 965 1284 996 rendum
1298 973 1396 995 coram
1411 963 1494 994 vobis
1507 962 1690 1000 Avinioniae,
1708 962 1738 992 in
1754 961 1889 999 Hospitio
1905 962 2084 994 habitationis
2099 964 2217 1002 vestrae,

1201 1004 1290 1041 Super
1303 1002 1442 1041 aliquibus
1453 1001 1568 1040 Juribus
1601 1000 1635 1031 ὅ(
1650 1000 1750 1031 Rebus
1764 1000 1839 1038 aliis,
1857 1000 1936 1038 super
1952 1001 2053 1039 quibus
2065 1003 2138 1033 inter
2152 1003 2236 1042 quos-

1164 1043 1230 1073 dam
1252 1042 1451 1072 Procuratores
1472 1040 1542 1070 dieti
1565 1023 1723 1070 Cardinalis
1758 1039 1791 1070 ὃ(
1811 1039 1944 1078 praefatos
1965 1038 2184 1072 commissarios
2201 1043 2236 1073 &

1166 1080 1336 1118 Ministros,
1354 1089 1462 1118 nuper,
1477 1079 1549 1110 dum
1567 1077 1644 1109 idern
1658 1061 1833 1117 Epiissopus‚
1852 1087 1904 1115 pro
1919 1077 2023 1108 nostris
2037 1078 2187 1120 Negotiis,
2204 1083 2236 1112 in

1165 1121 1289 1161 partibus
1304 1119 1451 1150 Vaseoniae
1466 1117 1644 1155 morabatur,
1660 1125 1724 1148 orta
1737 1116 1791 1147 fuit
1803 1117 1919 1146 materia
1933 1116 2126 1158 Qaestionis,

1205 1158 1399 1199 Responsuros
1420 1157 1498 1188 citari
1519 1155 1639 1193 fecistis,
1658 1155 1694 1186 de
1716 1164 1793 1195 quo,
1813 1164 1874 1185 non
1894 1155 2061 1193 immerito,
2084 1159 2237 1190 conturba.

1166 1207 1248 1236 mur,
1267 1198 1337 1228 cum
1357 1206 1406 1236 per
1429 1195 1588 1234 hujusmodi
1606 1193 1784 1231 citationes,
1801 1193 1836 1224 &
1849 1193 1998 1225 Proceffus
2012 1194 2114 1226 exinde
2127 1197 2238 1228 secutu-

1166 1247 1228 1275 r05,
1247 1237 1328 1267 nobis
1350 1234 1566 1273 praejudicium,
1584 1235 1617 1265 &
1632 1233 1818 1265 intolerabiles
1830 1232 2034 1273 Oppreffiones
2047 1233 2172 1266 Subditis
2183 1246 2238 1266 no-

1166 1274 1228 1305 stris
1250 1284 1312 1304 non
1332 1273 1364 1303 sit
1383 1273 1504 1304 dubium
1527 1273 1664 1310 irrogari,
1681 1282 1736 1302 nec
1750 1272 1811 1303 talia
1830 1272 1931 1306 (sicuti
1942 1271 2006 1311 Juri
2019 1271 2146 1308 dissona)
2164 1284 2238 1305 con—

1166 1314 1306 1344 sueverint
1319 1311 1378 1342 fieri
1391 1313 1421 1342 in
1436 1311 1549 1350 Regno
1562 1310 1679 1349 nostro,
1697 1311 1833 1350 aliquibus
1847 1311 2023 1348 temporibus
2038 1311 2190 1342 retroactis.

1205 1351 1408 1390 Qamobrem
1429 1360 1481 1381 vos
1500 1360 1652 1387 rogamus,
1670 1350 1704 1381 &
1719 1350 1884 1385 requirimus
1899 1358 1934 1379 ex
1947 1349 2070 1388 affeetu,
2090 1351 2239 1390 quatinus,

1165 1390 1200 1421 ad
1221 1391 1365 1421 honorem
1387 1389 1417 1420 R
1436 1390 1515 1419 oium
1530 1389 1564 1420 &
1586 1387 1690 1425 Populi
1708 1387 1797 1418 nostri
1813 1389 1955 1427 quietem,
1974 1397 2006 1419 ut
2020 1389 2156 1419 tenemini
2173 1390 2243 1426 (ve-

1167 1429 1216 1460 lud
1240 1430 1306 1468 qui,
1325 1429 1374 1460 sub
1396 1439 1436 1458 no
1462 1438 1496 1459 ro
1512 1427 1674 1465 Dominio,
1694 1426 1852 1457 Proventus
1865 1425 2077 1458 Ecclesiasticos
2091 1427 2243 1458 noscimini

1167 1467 1317 1506 optinere)
1338 1467 1464 1498 debitam
1485 1465 1743 1497 considerationem
1764 1465 1915 1505 habentoe‚
1933 1466 1970 1496 ab
1991 1466 2153 1504 hujusmodi
2170 1465 2242 1496 Pro-

1168 1507 1306 1544 ceffibus,
1327 1515 1429 1536 contra
1441 1504 1552 1535 nostros
1566 1504 1719 1543 subditos,
1737 1503 1884 1543 praemiffis
1897 1504 2113 1544 occasionibus,
2133 1505 2241 1535 facien—

1168 1546 1210 1576 dis
1231 1546 1297 1583 (qui
1320 1554 1381 1575 non
1402 1544 1495 1574 solum
1517 1545 1547 1574 in
1566 1544 1779 1582 derogationem
1794 1542 1908 1582 Legum
1922 1542 2080 1582 &Jurium
2095 1544 2164 1575 dieti
2180 1543 2243 1574 Re-

1169 1585 1218 1624 gni
1239 1583 1326 1614 nostri
1343 1583 1444 1614 cedere
1461 1582 1662 1620 dinoscuntur,
1680 1581 1719 1612 set
1733 1583 1818 1611 etiam
1832 1592 1848 1612 a
1861 1581 1936 1620 Juris
1950 1583 2116 1613 communis
2128 1584 2242 1613 tramite

1168 1622 1301 1654 videntur
1316 1622 1414 1660 utique
1429 1621 1560 1659 deviare)
1579 1621 1692 1658 penitus
1704 1619 1854 1658 desistatis,
1873 1630 1904 1651 ea
1916 1629 1996 1660 quae,
2013 1630 2063 1662 per
2077 1631 2130 1652 vos
2141 1622 2173 1652 in
2186 1621 2242 1653 hac

1169 1670 1246 1701 parte
1259 1661 1355 1691 minus
1372 1661 1424 1691 rite
1439 1666 1601 1698 attemptata
1613 1659 1734 1697 fuerint,
1753 1659 1876 1689 totaliter
1889 1668 2075 1691 revocantes:

1206 1700 1245 1731 Et
1259 1699 1350 1730 taliter
1364 1699 1393 1729 in
1405 1699 1459 1730 hac
1476 1707 1552 1737 parte
1563 1707 1615 1728 vos
1627 1697 1730 1728 habere
1744 1696 1891 1735 studeatis,
1909 1697 1988 1738 quod
2001 1697 2124 1729 vestram
2138 1698 2244 1730 debea-

1171 1748 1235 1769 mus
1254 1738 1448 1778 prudentiam,
1465 1738 1499 1768 δε
1519 1735 1746 1767 benevolentiam
1768 1744 1802 1766 ex
1827 1736 1931 1767 merito
1952 1737 2172 1776 commendare,
2191 1738 2244 1775 &‚

1165 1777 1251 1816 quod
1272 1786 1333 1807 non
1353 1784 1481 1814 oporteat
1501 1784 1570 1813 nos,
1588 1784 1640 1814 pro
1663 1774 1876 1805 conservatione
1884 1773 1960 1811 Juris
1977 1775 2065 1805 nostri
2082 1775 2188 1814 Regii,
2207 1778 2242 1807 ὅτ.

1170 1815 1360 1854 tranquilitate
1384 1813 1572 1845 Subditorum
1595 1812 1758 1844 nostrorum
1782 1812 1985 1850 praedictorum
1998 1836 2008 1854 ,
2038 1814 2112 1845 aliud
2132 1814 2244 1846 Reme-

1172 1855 1253 1886 dium
1267 1862 1407 1894 apponere
1424 1861 1525 1883 contra
1536 1851 1699 1890 hujusmodi
1713 1851 1879 1882 Novitatem

1211 1892 1279 1923 Dat.
1295 1891 1369 1931 apud
1384 1890 1583 1930 Kenilworth,
1602 1891 1685 1922 tertio
1699 1890 1746 1921 die
1758 1889 1893 1929 Januarii.

1173 2024 1320 2071 Responfio
1341 2028 1425 2070 Papae
1447 2023 1540 2070 fhper
1567 2022 1772 2067 'Ranstatione
1801 2023 2028 2064 Wintonienrs,
2054 2023 2242 2055 Lincolnien-

1209 2074 1273 2117 sis,
1299 2076 1335 2111 ὠ·
1365 2070 1582 2116 Bathonietfis,
1604 2071 1839 2118 Epiftoporumj
1862 2073 1900 2114 6*
1927 2067 2051 2117 ,Roberti
2075 2067 2243 2115 dessaldoc

1221 2125 1419 2156 Promotione.

1168 2207 1346 2281 JOhannes
1362 2207 1533 2246 Episcopus,
1549 2206 1657 2244 servus,
1675 2207 1736 2238 &c.
1755 2203 1899 2235 cariffimo
1913 2206 1944 2235 in
1958 2204 2075 2236 Christo
2092 2205 2167 2241 Filio
2182 2206 2240 2238 Ed·
2262 2193 2337 2226 Alm-
2351 2195 2392 2228 D·

1172 2246 1333 2316 R'wardo,
1351 2245 1427 2286 Regi
1448 2246 1560 2285 Angli-ae
1583 2245 1699 2283 illustri,
1716 2244 1829 2275 salutem
1851 2244 1885 2275 &
1906 2244 2103 2284 Apostolicam
2127 2246 2243 2277 benedi·
2257 2243 2370 2308 2123?ss

1205 2295 1311 2315 ionem.
2303 2295 2310 2301 ·
2369 2293 2376 2301 ·

1210 2323 1365 2354 Gratanter
1387 2323 1421 2354 ὅτ.
1439 2322 1566 2360 benigne
1586 2322 1761 2362 recepimus,
1779 2320 1918 2352 dileetum
1937 2320 2045 2352 Filium
2060 2345 2070 2361 ,
2095 2322 2240 2354 Nobilem
2258 2315 2288 2338 B.
2310 2320 2336 2337 ²·

1173 2360 1296 2400 Virum,
1314 2361 1479 2392 Henricum
1502 2360 1539 2390 de
1557 2359 1688 2399 Suliaco,
1708 2359 1911 2390 Buticularium
1934 2359 2079 2399 Franciae,
2097 2371 2187 2401 nuper
2205 2362 2240 2392 ad
2260 2353 2299 2376 Ex
2313 2353 2373 2376 Αἰ·

1173 2399 1300 2431 nostram
1343 2400 1496 2431 mesentiam
1513 2399 1693 2437 venientem,
1710 2399 1760 2436 &,
1778 2408 1844 2437 quae
1856 2399 1949 2430 voluit
1961 2408 2118 2439 exponere,
2134 2402 2243 2431 favora-
2259 2395 2324 2424 ¹⁰3⁷·

1174 2439 1269 2469 biliter
1281 2450 1315 2469 au
1337 2440 1439 2469 ivimus
1455 2439 1488 2469 &
1504 2437 1688 2468 intelleximus
1700 2438 1855 2474 diligenter.

1212 2476 1341 2517 Verum,
1353 2479 1418 2516 quia
1433 2477 1488 2516 ipse
1501 2476 1580 2516 super
1588 2476 1805 2514 Transsatione,
1820 2474 2031 2506 Venerabilium
2041 2475 2170 2507 Fratrum
2187 2487 2243 2507 no-

1174 2515 1298 2546 strorum
1459 2514 1681 2555 Wyntoniensis-
1806 2513 2028 2552 Lincolniensis,
2049 2514 2083 2545 &

1174 2554 1381 2593 Bathonienfis,
1399 2554 1626 2592 Episcoporum3
1644 2554 1679 2584 &
1694 2552 1884 2582 Promotione
1897 2551 1994 2582 dileffi
2011 2552 2093 2590 Filii,
2110 2552 2241 2593 Magistri

1175 2593 1298 2624 Roberti
1320 2592 1444 2631 Baldok,
1463 2592 1544 2622 duxit
1567 2590 1642 2628 apud
1657 2600 1710 2621 nos
1723 2600 1778 2628 pro
1790 2598 1867 2628 parte
1878 2589 1975 2628 Regia
1990 2591 2184 2629 multipliciter
2198 2594 2242 2623 in-

1175 2631 1347 2670 sistendum,
1365 2630 1459 2661 eidem
1481 2628 1720 2666 *respondimus‚
1736 2629 1805 2659 sicut
1826 2638 1875 2669 per
1894 2629 1957 2659 alias
1978 2629 2099 2660 Litteras
2117 2630 2241 2670 nostras,

1175 2680 1232 2701 tuae
1255 2669 1422 2700 Celfitudini
1439 2669 1621 2699 meminimus
1639 2666 1824 2705 respondiffe‚
1843 2668 1924 2705 quod
1945 2667 2174 2700 Transsationem
2188 2670 2242 2700 hu-

1171 2709 1311 2748 jusinodi,
1329 2709 1381 2739 abs
1396 2718 1432 2738 ue
1449 2706 1564 2746 nostra,
1581 2706 1615 2736 &
1636 2706 1716 2737 Sedis
1734 2705 1914 2744 Apostolicae
1933 2706 2110 2746 indecentia,
2129 2710 2163 2740 ὃ(
2177 2709 2244 2740 alte-

1177 2749 1233 2778 rius
1245 2747 1364 2785 injuria,
1408 2755 1474 2777 cere
1489 2756 1551 2776 non
1564 2745 1703 2780 valemus;

1212 2786 1398 2816 Serenitatem
1420 2785 1543 2825 Regiam
1564 2784 1668 2813 iteratis
1682 2783 1818 2814 Precibus
1833 2782 2025 2823 exhortantes,
2044 2785 2191 2824 quatinus,
2208 2787 2245 2816 ab

1177 2824 1337 2863 hujusmodi
1358 2823 1547 2862 postulatione
1567 2822 1698 2854 desistens
1711 2845 1721 2860 ,
1739 2822 1773 2853 &
1792 2832 1808 2852 a
1827 2823 1912 2853 nobis
1926 2823 1988 2854 talia
2003 2823 2161 2863 postulans,
2178 2834 2244 2864 quae

1176 2865 1228 2894 tibi
1247 2863 1384 2902 gratiose,
1401 2863 1459 2894 fine
1483 2861 1543 2892 Dei
1554 2860 1682 2900 offensa,
1697 2861 1731 2892 &
1746 2862 1869 2898 proximi
1883 2861 2001 2901 injuria,
2019 2862 2180 2893 concedere
2193 2874 2243 2894 va-

1176 2903 1297 2941 leamus,
1312 2901 1423 2932 dietum
1444 2901 1685 2941 Wyntoniensem
1705 2899 1880 2939 Episcopum
1891 2922 1901 2938 ,
1915 2910 2003 2941 quem
2021 2901 2098 2931 velut
2109 2901 2244 2938 honoris,

1178 2942 1212 2972 &
1232 2940 1382 2972 commodi
1402 2940 1508 2978 Regii,
1526 2939 1666 2970 fervidum
1679 2938 1850 2977 zelatorem,
1867 2940 1937 2976 tuis,
1953 2940 1987 2970 &
2002 2939 2101 2976 Regni
2115 2939 2154 2969 tui
2168 2939 2244 2969 utili-

1177 2980 1296 3019 tatibus,
1312 2979 1452 3017 speramus
1474 2988 1528 3016 pro
1547 2986 1678 3016 ternpore
1695 2977 1872 3008 fruetuosum
1885 2977 2016 3016 existere,
2034 2977 2158 3015 benigne
2171 2979 2244 3008 reci-

1180 3020 1254 3088 {²⁸3
1281 3027 1322 3088 {ce
1337 3018 1441 3087 ipsu-igi,
1465 3017 1499 3048 &
1520 3016 1675 3085 Εείςὶςίῐαῐῃ
1693 3015 2033 3085 Γυεῐτιὼῖἐνγηῐοῑιίεηῖεω
2051 3015 2121 3046 velit
2140 3015 2243 3047 habere

1247 3068 1271 3088 ia
1322 3066 1399 3086 ni⁰nl
1413 3066 1441 3087 as
1473 3066 1507 3086 ro
1574 3065 1616 3086 ius
1628 3064 1767 3085 commen
1814 3064 1855 3087 os.

1241 3106 1309 3135 uper
1328 3081 1406 3126 fass‘to
1422 3065 1612 3125 autt'empediffl
1632 3093 1773 3130 Roberti,
1791 3100 1841 3130 per
1862 3090 1972 3122 dietum
1995 3090 2140 3123 Nobilem
2159 3094 2245 3131 pluri-

1180 3135 1264 3166 mum
1279 3133 1489 3170 commendati,
1494 3134 1553 3172 jam
1567 3133 1631 3162 alias
1645 3130 1808 3168 rescripsisse
1822 3130 2006 3161 meminimus
2023 3129 2124 3170 Regiae
2138 3131 2244 3172 Digni-

1180 3175 1245 3212 tati,
1260 3172 1342 3211 quod
1356 3173 1444 3210 magis
1458 3171 1643 3201 Testimonio
1658 3169 1773 3209 Regio,
1790 3168 1902 3198 dictum
1919 3166 2084 3199 Robertum
2107 3170 2243 3210 multipli-

1181 3213 1250 3243 citer
1273 3210 1505 3246 commendanti,
1523 3210 1611 3247 quam
1626 3207 1785 3245 nonnullis,
1802 3206 1891 3237 multa
1906 3206 2010 3237 finistra
2021 3207 2057 3237 de
2073 3208 2132 3252 ipio
2144 3209 2243 3248 sugge-

1181 3250 1321 3286 rentibus,
1342 3248 1427 3278 fidem
1446 3247 1543 3277 dantes
1554 3269 1563 3285 ,
1582 3255 1650 3276 eum
1664 3246 1699 3276 ad
1719 3246 1836 3285 gratiam
1855 3244 1980 3275 nostram
1995 3245 2175 3287 admisimus,
2194 3250 2245 3286 &‚

1183 3288 1283 3327 Regiae
1311 3286 1552 3316 Considerationis
1573 3285 1675 3315 intuitu
1689 3308 1700 3322 ,
1730 3284 1900 3324 suorumque
1920 3283 2094 3316 Meritorum
2111 3309 2120 3324 ,
2144 3286 2246 3325 quibus

1183 3328 1256 3365 juxta
1278 3325 1398 3355 verbum
1422 3325 1536 3368 juvatur
1555 3322 1681 3367 Regium
1695 3346 1705 3362 ,
1732 3324 1891 3353 interventu
1906 3346 1916 3361 ,
1940 3323 2025 3361 loco,
2044 3325 2078 3355 ὅτ.
2101 3332 2243 3365 ternpore,

1183 3365 1309 3404 prosequi
1327 3372 1512 3400 proponimus
1528 3370 1634 3401 gratiis,
1654 3362 1688 3392 ὃ(
1703 3361 1860 3400 favoribus,
1878 3362 2034 3401 oportunis.

1221 3402 1288 3434 Dat.
1312 3402 1447 3433 Avinion.
1472 3400 1506 3430 N
1508 3400 1686 3440 on.Januarii
1696 3423 1706 3440 ,
1721 3399 1909 3431 Pontificatus
1922 3399 2011 3431 nostri
2023 3410 2100 3431 atino
2112 3401 2226 3434 οξὶενο.

2258 2631 2392 2660 *IV.28.

1818 3476 1874 3508 Sub
1886 3476 1942 3517 filis
1957 3476 2088 3508 canabeis.

1206 3607 1265 3636 Pro
1290 3605 1421 3636 Domino
1448 3600 1484 3633 de
1508 3602 1650 3644 Suliaco,
1674 3613 1694 3634 a
1714 3605 1796 3648 Papa
1820 3604 1896 3648 Regi
1915 3596 2222 3634 Recommendatoria.

1220 3687 1354 3718 Ohannes
1377 3686 1479 3724 Episco
1500 3696 1546 3725 us,
1565 3687 1624 3717 &c.
1645 3685 1800 3718 Carissimo
1813 3687 1843 3717 in
1857 3683 1974 3717 Christo
1992 3682 2066 3713 Filio
2086 3681 2247 3721 Edwardo,
2263 3682 2338 3712 Ann.
2353 3681 2394 3715 D,

1231 3725 1308 3764 Regi
1327 3726 1440 3764 Angliae
1455 3724 1468 3754 Ι
1489 3724 1570 3760 ustri,
1590 3725 1714 3756 Salutem
1734 3727 1767 3756 Sc
1783 3724 1977 3762 Apostolicam
1989 3721 2228 3751 benedictionem
2288 3730 2370 3760 1323.

1224 3763 1318 3793 Gratis
1337 3763 1495 3794 admodum
1514 3764 1642 3794 relatibus
1657 3786 1667 3801 ,
1685 3764 1781 3795 dileffi
1798 3762 1875 3800 Filii,
1891 3759 2010 3791 Nobilis
2030 3758 2110 3796 Viri,
2124 3758 2249 3790 Henrici
2266 3765 2290 3787 Α
2301 3771 2317 3787 ;.
2338 3769 2377 3794 ¹7-

1189 3801 1314 3832 Domini
1335 3802 1370 3832 de
1392 3802 1505 3832 Suli'aco
1519 3825 1529 3839 ,
1554 3801 1712 3832 Buticularii
1732 3801 1882 3837 Franciae·,
1905 3797 2104 3828 Excellentiam
2127 3796 2249 3838 Regiam
2266 3803 2294 3825 Ε.
2316 3809 2342 3825 ι.

1188 3840 1261 3878 apud
1274 3850 1326 3870 nos
1340 3841 1438 3871 multae
1452 3840 1537 3870 laudis
1549 3841 1698 3879 praeconiis
1709 3838 1855 3870 attollentis
1890 3837 2014 3867 laetanter
2031 3845 2167 3875 accepto,
2183 3847 2250 3876 qua-
2268 3841 2306 3864 Εκ
2323 3840 2381 3864 Au·

1188 3879 1266 3915 liter,
1286 3877 1350 3915 post
1363 3879 1492 3916 obitum,
1511 3880 1616 3909 inclitae
1630 3876 1847 3913 recordationis,
1888 3874 1987 3918 liiiippi
2002 3873 2127 3904 Franciae
2139 3876 2172 3905 ὃς
2186 3875 2252 3906 Na·
2268 3884 2323 3912 togr

1189 3927 1276 3948 varrae
1291 3917 1394 3955 Regis,
1411 3917 1535 3947 eundem
1551 3917 1696 3947 Nobilem
1709 3915 1827 3955 gratiose
1839 3922 1976 3949 recipiens
1991 3934 2000 3949 ,
2017 3911 2108 3952 Regia
2125 3914 2255 3952 benigni-

1189 3964 1229 3987 tas
1245 3956 1324 3986 variis
1342 3955 1418 3987 fovit
1437 3954 1596 3994 beneficiis,
1615 3956 1647 3986 &
1663 3954 1805 3985 favoribus
1817 3951 1967 3991 praedpuis
1989 3950 2142 3984 honoravit
2157 3975 2167 3990 ,
2186 3953 2253 3984 inde

2137 3990 2252 4032 Magni⁴
