2562 4279
70 266 146 297 Ann.
159 262 202 295 D.
217 265 283 297 zelo
295 264 403 297 accensi
418 264 496 295 Fidei
511 261 686 302 Catholicae,
704 263 738 295 ad
757 263 914 303 juvandum
934 263 1094 303 hujusmodi
1108 263 1166 294 Dei
1178 271 1272 300 nego-

89 311 174 343 1345·
215 306 287 336 tium
300 305 423 335 celeriter
438 304 465 334 se
479 303 639 341 disponunt.
880 315 888 325 ι
1246 338 1250 344 .

71 344 140 371 Edv·
156 350 181 379 3·
253 343 321 373 Nos
333 366 343 381 ,
365 343 466 373 exinde
485 352 544 372 non
567 341 715 371 modicum
729 340 864 372 consolati
878 341 906 370 in
922 339 1072 378 Domino,
1090 339 1231 379 speramus
1244 349 1272 368 iri

216 391 268 420 eo,
288 383 366 420 cujus
387 391 430 411 res
450 382 479 410 in
499 380 551 410 hac
572 389 648 419 parte
671 379 858 417 principaliter
877 379 964 417 agitur
978 403 987 416 ,
1012 378 1093 416 quod
1112 378 1167 416 ipse
1180 402 1190 416 ,
1208 377 1272 417 post

215 421 360 451 Turbines
374 418 560 457 procellosos,
577 419 704 448 serenum
716 418 752 447 ad
767 417 990 447 consolationem
1005 417 1128 447 fidelium
1144 416 1274 455 operabi-

218 467 265 489 tur
280 459 313 488 &
327 458 515 496 tranquillum.

254 496 322 527 Nos
343 506 459 534 quoque
473 519 482 533 ,
507 496 554 533 qui
574 495 631 532 ejus
650 496 741 529 vices,
760 493 826 524 licet
847 491 1078 523 insufficientibus
1101 494 1223 531 meritis,
1243 492 1273 521 in

216 535 312 565 Terris
327 535 466 573 gerimus,
484 534 517 563 ad
530 533 750 563 consolationem
772 531 914 560 Fidelium
931 554 939 568 ,
963 532 996 561 δε
1017 531 1190 562 fulciendum
1211 531 1275 561 soli-

220 573 283 603 dius
303 574 335 603 &
357 573 455 602 fortius
479 573 628 610 negotium
647 570 836 608 supradiCtum
850 591 860 606 ,
879 568 1038 599 Venerabili
1056 571 1144 600 Fratri
1159 570 1274 606 nostro,

220 611 395 649 Raymundo
419 610 559 647 Episcopo
581 608 738 639 Morivensi
753 631 762 645 ,
797 606 868 636 Viro
897 609 992 644 utique
1012 608 1220 646 circumspetfto
1241 608 1275 637 &

220 648 343 686 provido
360 672 369 687 ,
395 649 556 687 Legationis
577 649 605 677 in
628 647 677 676 illis
698 645 818 683 partibus
835 668 844 682 ,
865 646 915 683 &,
932 645 1049 676 Dilecto
1064 646 1153 684 Filio,
1172 646 1275 676 Nobili

222 686 312 725 Viro,
331 687 485 717 Bertrando
500 686 536 716 de
550 686 654 716 Baucio
670 684 776 720 Militi,
795 683 929 713 Domino
948 684 984 714 de
999 683 1186 731 Cortedono,
1206 685 1278 715 Avi-

223 726 362 756 nionensis
386 725 526 755 Dioecefis
540 747 548 762 ,
573 730 686 760 experto
709 723 737 751 in
753 722 854 751 artibus
866 722 987 759 bellicis,
1006 723 1202 760 Capitaneatus
1216 723 1278 753 Ga—

222 764 328 795 learuni
343 787 352 802 ,
370 764 492 800 Officia,
511 761 612 800 magna
633 761 666 791 &
691 759 797 790 matura
817 759 1019 791 deliberatione
1038 762 1144 791 consilii
1158 762 1278 799 praevia,

223 802 261 833 de
277 803 403 833 Fratrum
420 802 581 831 nostrorum
597 798 730 836 consilio,
746 798 875 828 duximus
891 800 1113 839 committenda,
1132 801 1279 831 intenden-

224 849 265 871 tes
288 841 366 879 quod
386 841 434 877 ipsi
451 864 460 877 ,
479 839 575 877 quavis
596 836 710 879 morosa
731 836 862 868 dilatione
877 837 895 856 *θ
913 837 1069 877 summoti,
1087 839 1280 878 proficiscendi

225 880 260 909 ad
277 888 364 917 partes
378 879 433 908 illas
445 877 573 913 arripiant
589 876 639 906 iter
652 878 738 905 suurn.

266 918 312 947 O!
333 917 385 947 Fili
407 913 598 950 dilediiffime,
617 924 702 952 quam
724 914 798 943 foret
819 913 1008 951 Redemptori
1021 915 1119 946 nostro
1134 915 1280 954 placibile,

250 964 422 992 uantumque
451 952 652 983 Christianitati
679 952 826 990 expediens
841 974 850 989 ,
874 962 906 982 ac
929 951 1084 984 Catholicis
1102 954 1229 994 Regibus
1247 957 1280 986 &

228 966 406 1031 Principibus
421 991 494 1029 apud
510 990 609 1020 Deum
625 991 797 1020 meritorium
807 1013 817 1028 ,
835 993 868 1021 &
881 991 951 1020 inter
963 991 1092 1022 homines
1105 993 1281 1031 honorabile,

229 1032 374 1063 testaretur
388 1032 502 1068 veritas,
522 1030 554 1060 &
570 1030 643 1059 fama
656 1029 772 1059 celebris
786 1029 967 1067 praedicaret,
986 1030 1004 1059 si
1041 1031 1148 1060 omissis
1165 1030 1281 1061 Guerris

229 1071 263 1101 ὃς
284 1068 508 1099 Dissensionibus
523 1093 533 1107 7
558 1068 588 1097 in
612 1068 726 1105 quibus,
747 1076 806 1096 non
831 1067 887 1097 sine
902 1069 1026 1098 maxima
1041 1068 1099 1098 Dei
1114 1069 1283 1107 displicentia

231 1110 265 1140 &
285 1106 394 1138 offensi
410 1130 419 1145 ,
443 1116 477 1137 ae
496 1107 653 1137 animarum
678 1104 852 1135 evidentibus
872 1107 1000 1144 periculis
1013 1130 1022 1144 ,
1047 1107 1151 1147 sanguis
1170 1108 1283 1140 illorum

229 1147 372 1184 funditur,
391 1155 462 1183 quos
485 1145 604 1174 redemit
616 1143 807 1181 preciosissimi
824 1145 931 1173 cruoris
949 1143 1049 1175 effusio
1062 1145 1284 1184 CorporisJehu

228 1184 358 1223 Christi,
376 1185 410 1213 ad
428 1184 503 1221 pacis
522 1183 555 1213 &
567 1183 677 1213 unitatis
691 1181 902 1223 concordiam,
915 1183 943 1211 in
960 1183 1015 1220 quii
1028 1183 1181 1214 dele<statur
1197 1185 1284 1215 Altis-

232 1223 316 1254 simus
330 1246 339 1261 ,
364 1230 560 1253 convertentes
577 1220 746 1258 placabiliter
767 1219 865 1250 Corda
886 1223 930 1249 sua
945 1245 954 1259 ,
984 1221 1107 1252 adversus
1129 1222 1189 1253 illos
1204 1246 1214 1260 ,
1238 1224 1286 1260 qui

232 1262 332 1292 Deum
352 1260 536 1298 blasfemant,
555 1258 768 1289 Christianitatis
781 1257 957 1296 vilipendunt
970 1260 1106 1298 gloriam,
1124 1260 1287 1299 sanguinem

231 1300 373 1330 Fidelium
385 1299 493 1336 sitiunt,
509 1299 542 1329 ὃς
557 1297 591 1327 ad
605 1307 706 1328 eorum
727 1297 925 1327 confusionem
944 1298 977 1328 ὃς
1001 1300 1198 1329 exrerminium
1219 1299 1287 1337 aspi-

231 1347 309 1377 rant,
326 1339 430 1369 virium
445 1337 554 1368 suarum
569 1337 725 1373 potentiam
739 1335 914 1365 exercerent!

267 1376 316 1407 Illa
329 1376 446 1414 quidem
461 1375 570 1413 propria
583 1374 671 1404 essent
684 1373 758 1403 Bella
780 1373 997 1404 Catholicorum
1019 1374 1134 1414 Regum
1157 1376 1190 1405 &
1205 1375 1288 1405 Prin-

231 1416 330 1453 cipum
343 1439 352 1453 ,
378 1424 427 1452 per
450 1423 514 1452 quae
533 1413 634 1451 Regna
648 1412 808 1450 temporalia
822 1421 881 1442 non
896 1412 1059 1452 perderent,
1078 1414 1124 1444 sed
1139 1423 1287 1454 augerent,

233 1455 268 1485 &
284 1453 379 1493 Regni
394 1452 525 1483 Coronas
541 1451 591 1481 sibi
607 1451 781 1488 acquirerent
796 1450 961 1488 sempiterni.

271 1491 354 1522 Cum
368 1500 461 1522 autem
472 1514 481 1530 ,
499 1491 572 1519 inter
586 1497 701 1519 caeteros
713 1488 807 1528 Reges
822 1490 855 1519 ὃς
870 1489 1029 1527 Principes,
1046 1490 1224 1521 Orthodoxae
1243 1490 1288 1520 Fi-

233 1530 279 1561 dei
301 1529 475 1560 Professores
491 1552 501 1567 ,
519 1528 570 1558 Tu
586 1527 784 1565 (amantissime
799 1527 864 1563 Fili)
880 1528 913 1558 &
928 1550 937 1565 ,
961 1527 1114 1558 carissimus
1128 1529 1157 1558 in
1172 1528 1288 1559 Christo

234 1569 320 1600 Filius
335 1567 448 1607 noster,
469 1567 613 1606 Philippus
630 1566 694 1596 Rex
709 1566 835 1596 Franciae
850 1565 1155 1604 Inustris,poteuti0res
1171 1568 1203 1598 ὃς
1221 1569 1290 1597 emi-

235 1608 378 1638 nentiores
394 1606 563 1645 reputemini
579 1614 637 1634 non
654 1604 785 1643 indigne,
803 1605 836 1635 ὃς
851 1606 997 1643 propterea
1018 1614 1107 1642 paries
1119 1605 1291 1636 Transmari-

234 1656 281 1676 nae
302 1645 442 1684 praediecae
456 1669 466 1683 ,
489 1646 518 1674 in
532 1644 632 1681 quibus
647 1641 807 1673 Catholicae
822 1642 898 1672 Fidei
914 1643 990 1678 viget
1006 1644 1124 1682 Cultus,
1144 1653 1175 1674 ut
1191 1652 1290 1674 contra

235 1684 343 1715 Hostes
358 1683 479 1722 ejusdem
493 1682 573 1712 Fidei
587 1681 722 1719 ipsiusque
735 1680 923 1718 Oppressores
935 1681 968 1710 &
978 1681 1172 1712 Persecutores
1184 1691 1292 1712 atroces

239 1724 405 1753 exerceretis
427 1720 549 1753 vestram
561 1720 718 1758 potentiam
729 1718 906 1758 hujusmodi,
924 1718 1026 1749 diutius
1039 1720 1246 1758 expestaverint
1259 1722 1292 1752 &

237 1770 273 1793 ex
296 1762 389 1792 edient

274 1771 528 1837 liVIagnifi'centiam
547 1805 625 1828 tuam
647 1797 771 1836 Regiam
795 1805 929 1836 rogamus
949 1796 982 1826 &
995 1795 1178 1835 deprecamur
1190 1797 1294 1828 attente

238 1849 289 1878 per
304 1838 491 1877 aspersionem
506 1835 618 1875 pretiosi
632 1835 686 1866 San
709 1837 778 1866 uinis
786 1835 861 1873 Jehu
875 1834 999 1872 Christi,
1018 1836 1164 1874 quatinus,

275 1877 422 1908 Praemissa
437 1878 508 1906 inter
525 1873 679 1912 praecordia
724 1875 784 1913 egia
794 1873 841 1912 pia
853 1872 1075 1904 consideratione
1088 1874 1250 1912 revolvens,

275 1915 314 1947 Et
335 1914 512 1946 considerans
534 1912 681 1948 diligenter
701 1912 780 1950 quod
804 1911 939 1941 mundani
954 1911 1091 1942 Honores
1106 1913 1139 1942 ὃς
1154 1912 1294 1956 Pompae,

239 1964 294 1993 pro
318 1954 418 1991 quibus
438 1953 512 1990 saepe
533 1950 726 1981 Dissensiones
748 1951 781 1981 &
793 1949 914 1980 Guerrae
929 1950 1079 1989 foventur,
1099 1960 1158 1981 non
1172 1951 1232 1982 sunt
1247 1953 1295 1982 nili

234 1991 357 2031 quidam
372 2001 462 2029 vapor
474 1990 510 2021 ad
523 1989 671 2019 modicum
685 1998 799 2026 parens,
818 1989 887 2018 cum
910 1989 1032 2028 potentia
1053 1989 1192 2028 humana,
1210 2000 1297 2028 quan-

240 2039 382 2068 tacunque
397 2029 445 2067 sit,
464 2029 493 2059 in
507 2027 653 2065 pulverem
667 2028 748 2058 brevi
768 2035 914 2064 ternpore,
929 2035 959 2057 ut
971 2027 1102 2065 scriptura
1115 2028 1244 2067 test-atur,
1262 2029 1296 2059 ὃς

241 2070 282 2099 rei
296 2066 483 2098 manifestavit
496 2066 646 2104 haetenus,
664 2067 696 2097 &
712 2065 868 2096 manifestat
883 2066 1039 2103 evidentia,
1057 2065 1215 2106 redigatur,

280 2105 429 2145 Qudque
441 2105 502 2143 illa,
520 2114 585 2142 quae
598 2105 638 2134 ob
651 2113 779 2135 amorem
794 2104 925 2134 divinum
941 2104 1019 2135 reita
1032 2105 1188 2136 intentione
1209 2114 1297 2144 agun—

244 2153 307 2181 tur,
325 2153 470 2182 perpetuas
484 2151 640 2182 praeparant
654 2142 818 2173 Mansiones
831 2144 859 2172 in
874 2141 984 2181 Ccelis,

280 2183 366 2213 Circa
379 2181 588 2213 reformandam
603 2191 672 2212 cum
687 2181 791 2211 codem
805 2180 887 2220 Rege
903 2183 977 2219 pacis
990 2182 1024 2213 &
1037 2183 1148 2213 unitatis
1163 2181 1298 2214 Concor-

244 2221 340 2259 diam,
360 2229 487 2252 mentem
513 2220 634 2259 Regiam
656 2220 781 2250 emollias
794 2244 803 2256 ,
827 2219 952 2250 habilites
964 2244 973 2258 ,
990 2221 1024 2252 &
1037 2221 1169 2259 inclines,
1186 2232 1233 2260 ut,
1251 2222 1298 2259 ea,

242 2260 315 2291 Deo
334 2260 458 2290 multum
479 2258 624 2297 placibili,
653 2258 769 2288 Mundo
789 2257 959 2289 desiderabili
975 2282 985 2296 ,
1009 2260 1042 2290 δε
1054 2259 1205 2290 necessaria
1218 2260 1299 2291 valde

244 2298 465 2336 christianitati,
483 2296 601 2328 obtenta
621 2296 656 2327 de
677 2306 763 2327 manu
785 2295 908 2327 Domini
924 2320 934 2336 ,
959 2297 1060 2336 possis,
1077 2298 1146 2329 sicut
1159 2298 1299 2329 ferventer

246 2346 392 2375 optamus,
411 2335 557 2366 intendere
578 2336 653 2366 circa
673 2334 865 2365 defensionem
887 2335 921 2366 &
941 2335 1104 2366 dilationem
1118 2337 1239 2374 ejusdem
1254 2337 1302 2367 Fi-

246 2375 311 2414 dei,
328 2374 500 2407 vindicando
514 2375 556 2405 tui
570 2373 773 2412 Redemptoris
788 2374 955 2412 opprobria,
974 2375 1022 2412 qui
1035 2385 1087 2412 pro
1100 2375 1148 2406 tua
1156 2375 1302 2414 Redemp-

246 2415 326 2483 ἶίοηε
346 2412 481 2444 Passionis
502 2413 688 2453 ignominiam
708 2411 835 2443 sustinuit
850 2435 859 2451 ,
877 2413 910 2443 &
927 2422 1052 2444 mortem
1067 2414 1148 2445 subiit
1161 2422 1302 2452 tempora-

257 2462 314 2483 em.

283 2491 322 2521 Et
334 2514 343 2528 ,
369 2490 477 2520 utinam
494 2489 500 2520 l
526 2489 578 2520 Fili
595 2488 772 2519 dilectissime
787 2512 796 2527 ,
822 2497 940 2521 tuorum
957 2489 1165 2529 Nunciorum,
1183 2501 1254 2529 quos
1269 2491 1304 2522 ad

246 2529 373 2559 nostram
388 2528 560 2566 praesentiam
583 2527 719 2558 destinare
739 2527 907 2565 disposueras
919 2551 929 2566 ,
948 2527 1048 2559 Miffio
1063 2530 1145 2559 dilata
1158 2531 1203 2559 vel
1216 2531 1306 2568 impe-

247 2567 303 2597 dita
317 2566 470 2596 nullatenus
487 2566 635 2604 exutisset,
655 2567 719 2604 quia
732 2577 800 2604 nos,
820 2567 901 2596 omni
917 2567 1093 2597 excusatione
1109 2567 1259 2605 postposita
1271 2570 1304 2599 δε

249 2604 371 2642 rejectfi,
389 2606 474 2641 parati
490 2614 618 2641 eramuS,
637 2605 705 2635 sicut
719 2604 886 2634 condi&um
904 2606 1029 2636 extiterat
1045 2629 1054 2643 ,
1078 2606 1157 2644 super
1171 2606 1306 2646 Negotio

249 2643 330 2673 Pacis
344 2650 450 2671 mutu-<e
463 2641 578 2672 fideliter
592 2644 625 2673 &
641 2642 733 2673 sedule
749 2643 881 2673 laborare.

250 2680 354 2751 ADat.
375 2680 510 2723 Ayinion.
527 2679 641 2711 decimo
662 2681 763 2718 quinto
786 2681 851 2712 Kal.
869 2681 972 2720 Aprilis
988 2705 998 2721 ,
1017 2681 1202 2714 pontificatus
1217 2683 1307 2715 nostri

279 2729 338 2750 nno
352 2727 444 2750 tertio.

78 831 209 867 ''V-447·

885 2797 938 2827 Sub
945 2797 1007 2839 filis
1021 2798 1203 2828 cannabacei5.

1052 2841 1094 2866 A.
1114 2839 1145 2867 de
1159 2841 1268 2867 Lavac.

427 2964 521 3007 Super
537 2937 745 2994 deliberatione
764 2964 885 3007 Magne
906 2962 1018 2993 Corona:
1035 2963 1129 3007 Regis.

103 3050 180 3083 Ann.
194 3048 235 3079 D.

130 3098 216 3128 1345·

104 3132 158 3156 An.
178 3137 218 3162 ι9.

256 3045 386 3103 REX
410 3045 620 3093 Collec'toribus
641 3045 845 3077 Custumarum
872 3045 981 3076 suarum
1006 3046 1035 3075 in
1062 3044 1151 3076 Portu
1170 3045 1252 3076 Villae
1272 3045 1308 3077 de

334 3084 440 3115 Sanno
454 3084 566 3115 Bothol.
586 3084 720 3115 &alutem

293 3122 375 3153 Cum
390 3133 441 3152 nos
455 3133 494 3152 nu
515 3133 543 3153 er

292 3160 351 3191 Pro
365 3161 445 3191 bono
459 3133 579 3192 seiviti'o
594 3161 689 3200 quod,
705 3160 822 3191 mlestus
839 3159 986 3191 Mercator
1002 3158 1097 3190 noster
1111 3182 1120 3198 ,
1139 3160 1310 3192 Willielmus

255 3197 291 3228 de
313 3198 526 3230 Melchebourn
547 3201 629 3230 nobis
649 3199 804 3238 impendit,
821 3200 855 3229 &
873 3199 1019 3237 impendet
1032 3200 1062 3228 in
1074 3199 1217 3238 futurum,
1233 3200 1267 3231 &
1282 3201 1311 3229 in

257 3236 565 3274 Recompenfiitionem
577 3239 748 3278 magnorum
763 3238 870 3275 auxilii,
886 3238 1004 3274 laboris,
1019 3237 1052 3267 &
1064 3236 1311 3277 diligentiae,quos

257 3275 334 3305 circa
352 3275 584 3306 deliberationem
605 3277 721 3316 Magnae
744 3275 874 3307 Coronae
895 3275 999 3306 nostrae
1013 3298 1022 3314 ,
1040 3285 1126 3312 quam
1141 3277 1218 3307 idem
1233 3276 1312 3306 Wil-

256 3313 366 3344 lielmus
379 3313 415 3343 de
428 3315 550 3351 partibus
566 3314 719 3353 Flandriae,
736 3315 771 3345 ad
785 3325 836 3345 nos
850 3315 879 3344 in
894 3314 1025 3353 Angliam
1038 3313 1153 3352 detulit,
1167 3314 1310 3352 apposuit,

296 3351 527 3382 concesserimus
546 3361 598 3390 pro
619 3354 700 3384 nobis
716 3377 725 3390 ,
751 3354 784 3384 &
797 3353 969 3383 Haeredibus
989 3351 1108 3388 nostris,
1126 3352 1218 3382 eidem
1234 3352 1277 3382 W
1279 3353 1311 3382 il*

255 3389 353 3420 lielmo
368 3391 474 3458 Viffiinti
495 3390 609 3429 Libras,
625 3391 813 3429 percipiendas
828 3391 937 3429 singulis
959 3391 1047 3420 Annis
1069 3390 1103 3420 ad
1117 3399 1206 3421 totam
1220 3392 1309 3421 vitam

259 3427 335 3459 suam
348 3428 384 3458 de
424 3430 541 3466 xitibus,
559 3430 617 3459 tam
634 3429 805 3466 Magnarum
816 3452 825 3466 ,
841 3431 927 3467 quam
942 3429 1094 3460 Parvarum
1108 3429 1311 3460 Custumarum

259 3467 418 3497 nostrarum
432 3490 442 3504 ,
468 3468 497 3498 in
521 3467 610 3498 Portu
633 3467 716 3498 Villae
734 3466 877 3507 praediciae
890 3490 900 3505 ,
924 3477 974 3504 per
994 3477 1093 3498 manus
1109 3466 1309 3498 Collectorum

258 3504 463 3536 Custumarum
476 3506 637 3536 earumdem
652 3507 700 3544 qui
715 3516 768 3544 pro
780 3513 911 3542 tempore
924 3505 1086 3543 fuerint,ad
1100 3507 1235 3536 terminos
1241 3506 1309 3536 San-

258 3543 300 3574 ‹S’ti
316 3543 466 3574 Michaelis
481 3545 514 3574 ὅ(
529 3542 659 3582 Paschae,
675 3554 724 3582 per
737 3543 855 3581 aequaies
876 3543 1037 3581 Portiones,
1056 3552 1140 3581 prout
1153 3545 1183 3574 in
1198 3545 1311 3575 Litteris

257 3581 359 3612 nostris
374 3581 551 3619 Parentibus,
568 3582 634 3612 inde
645 3582 799 3618 confestis,
818 3581 926 3619 plenius
940 3583 1118 3619 continetur,

294 3619 385 3650 Vobis
396 3619 561 3650 mandamus
574 3620 654 3658 quod
667 3621 759 3651 eidem
767 3619 926 3650 Willielmo
941 3619 1054 3650 Decem
1071 3620 1227 3659 Libras,de
1241 3631 1312 3659 prae-

257 3658 341 3688 dictis
354 3658 467 3697 Viginti
481 3658 589 3696 Libris,
606 3659 642 3689 de
656 3660 776 3689 termino
788 3657 921 3694 Paschae,
944 3659 1077 3695 proximo
1092 3660 1232 3696 praeterito
1247 3683 1257 3695 ,
1274 3659 1311 3689 de

258 3697 385 3727 Exitibus
401 3696 818 3765 Custumarumcpraedidtarum
831 3719 841 3734 ‚
864 3696 972 3726 solvatis
981 3697 1057 3734 juxta
1073 3705 1201 3727 tenorem
1219 3698 1311 3729 Litte-

258 3745 353 3766 rarum
374 3734 532 3765 nostrarum
552 3745 609 3772 prae
631 3736 773 3773 iEtarum3
795 3736 959 3772 recipientes
979 3736 1014 3765 ab
1036 3735 1139 3765 eodem
1151 3735 1312 3766 Willielmo

260 3774 378 3804 Litteras
392 3774 411 3793 *³
425 3773 481 3804 suas
495 3773 700 3810 Aequietantiae
715 3797 726 3812 ,
743 3773 954 3810 Receptionem
971 3773 1110 3804 dictarum
1132 3773 1247 3804 Decem
1261 3774 1311 3804 Li-

260 3813 375 3842 brarum
397 3811 598 3850 testificantes3
621 3812 655 3842 ὃς
673 3822 725 3842 nos
747 3811 830 3842 vobis
851 3811 917 3841 inde
930 3835 940 3849 ,
963 3812 992 3841 in
1006 3811 1157 3849 Compoto
1169 3812 1262 3843 vestro
1275 3812 1310 3843 ad

258 3849 436 3882 scaccarium
449 3849 578 3880 nostrum
609 3850 732 3881 debitam
747 3849 958 3880 Allocationem
971 3849 1073 3880 habere
1087 3850 1231 3881 faciemus.

297 3887 386 3920 Teste
400 3889 486 3929 Rege
499 3887 573 3927 apud
585 3873 872 3921 westmonasterium
880 3910 891 3927 ,
907 3887 1025 3919 decimo
1038 3887 1085 3919 die
1099 3889 1210 3927 Aprilis.

104 3186 191 3240 Clauf.
198 3213 206 3230 i
213 3212 240 3238 9,

108 3246 238 3278 E.3.p.i.

106 3288 143 3308 m.
162 3289 205 3316 ¹9·

110 3783 128 3799 ⁴
146 3783 200 3811 1v.

113 3820 179 3855 448·

1312 173 1832 218 «PUBLICA.
2285 187 2363 232 ¹75

2376 295 2450 326 Ann.
2466 294 2507 327 D.

2406 343 2490 374 1345·

1353 345 1411 379 Ad
1431 349 1563 391 Papam,
1583 349 1672 393 [ηραν
1691 351 1894 380 Adatrimonio
1915 351 2106 394 Primogeniti
2123 351 2210 396 Regis
2227 373 2237 390 ,
2257 358 2313 394 pro
2377 377 2445 401 Eua.
2465 384 2490 410 3·

1597 397 1817 442 Dispenfiztione
1831 399 1946 429 lteram
1965 401 2076 430 Preces.

1310 477 1432 538 PApae
1446 480 1526 519 Rex,
1545 481 1604 512 &o
2376 481 2429 506 ΛΠ·
2450 485 2491 514 ¹9»

1395 517 1452 548 Etsi
1473 519 1643 550 sacrosancta
1667 519 1800 550 Romana
1820 518 1945 550 Ecclesia
1966 529 2171 557 nonnunquam
2198 521 2226 549 in
2255 518 2362 550 Gratiis
2379 521 2408 544 E.
2428 526 2453 552 3-

1310 556 1515 595 concedendis,
1533 558 1684 595 praesertim
1700 559 1727 587 in
1742 558 1847 595 arduis,
1862 558 1888 587 se
1902 557 1996 588 reddat
2010 558 2266 596 difficilem,pr0ut
2280 557 2362 597 Apo-
2376 559 2446 582 Rom.
2467 564 2509 588 ¹9«

1312 592 1441 624 stolicam
1461 597 1600 626 condecet
1619 597 1805 635 gravitatem,
1838 597 1907 625 illius
1928 605 2020 625 tamen
2046 598 2135 634 (cujus
2154 596 2238 626 vices
2260 595 2363 634 geritis)
2379 597 2410 621 E·
2429 602 2454 629 3.
2473 603 2506 620 m

1310 631 1529 663 promissionem
1550 635 1658 672 secuti,
1685 636 1734 671 qui
1757 635 1824 663 dixit
1839 657 1848 671 ,
1872 634 1972 671 pulsate
1991 635 2024 664 ὃς
2047 635 2179 671 aperietur
2192 634 2293 671 vobis,
2311 643 2364 673 pro
2381 641 2406 668 3·

1312 669 1526 707 Dispensatione
1539 672 1618 710 super
1636 672 1823 702 Matrimonio
1836 674 1909 702 inter
1928 672 2155 710 primogenitum
2169 672 2298 702 nostrum
2307 671 2368 703 Ed-

1313 708 1440 739 wardum
1455 709 1618 747 Principem
1631 710 1759 748 Waniae,
1779 710 1896 740 Ducem
1910 710 2083 748 Cornubiae,
2101 711 2135 740 &
2149 710 2299 740 Comitem
2308 711 2368 741 Ce-

1314 746 1401 784 striae,
1420 748 1454 777 &
1472 749 1634 786 praeclaram
1657 748 1754 778 Filiam
1774 748 1888 778 illustris
2021 747 2112 778 Ducis
2131 747 2283 779 Brabantiae
2296 759 2368 780 con-

1314 785 1451 815 trahendo
1469 788 1541 825 (non
1555 787 1685 817 obstante
1700 785 1780 824 quod
1794 787 1824 816 in
1838 786 1939 816 Tertio
1956 786 2054 816 Gradu
2072 785 2327 825 Consanguinitatis
2341 787 2369 816 se

1314 824 1459 862 attingant)
1484 835 1537 863 pro
1560 825 1616 863 qua
1638 824 1781 855 Sanetitati
1801 824 1901 855 vestrae
1922 825 2139 862 supplicavimus
2163 825 2264 862 pluries
2280 826 2314 857 ὃς
2328 833 2370 855 at-

1316 864 1409 904 tente,
1427 863 1519 894 adhuc
1533 864 1566 893 ad
1583 862 1700 893 Ostium
1713 863 1813 894 vestrae
1821 861 1991 893 Clementiae
2005 863 2204 901 perseverando
2218 862 2368 902 pulstmus,

1315 901 1442 977 mtgffiius
1454 912 1512 948 quo
1528 902 1674 940 possumus
1687 901 1868 939 supplicantes
1879 926 1889 940 ,

1391 949 1497 970 narinus

1355 977 1452 1016 Cum,
1472 965 1686 1017 Consiinguinea
1699 977 1810 1016 nostra,
1828 978 1958 1018 praeclara
1974 977 2058 1015 Filia,
2075 977 2191 1008 celebris
2206 978 2369 1017 memoriae,

1319 1014 1442 1046 Domini
1458 1017 1557 1047 Karoli
1572 1017 1658 1055 Regis
1675 1017 1816 1055 Franciae,
1835 1016 1978 1046 Avunculi
1992 1016 2097 1054 nostri,
2112 1018 2171 1054 jam
2187 1041 2195 1054 ,
2211 1019 2287 1054 juxta
2302 1017 2370 1046 Dis-

1318 1054 1509 1093 pensationem
1530 1055 1685 1085 Sanctitatis
1705 1054 1805 1085 vestrae
1818 1079 1827 1092 ,
1843 1055 1874 1084 sit
1888 1056 1916 1084 in
1932 1054 2032 1084 Gradu
2048 1055 2188 1085 consimili
2200 1055 2371 1093 desponsata,

1319 1093 1352 1123 &
1368 1092 1405 1123 sic
1420 1093 1511 1123 eidem
1523 1093 1595 1123 Filio
1609 1093 1707 1123 nostro
1720 1103 1780 1123 non
1795 1093 2037 1123 matrimonialiter
2051 1094 2195 1131 copulari,

1356 1130 1391 1160 Et
1405 1141 1471 1161 cum
1487 1131 1559 1169 aliis,
1577 1132 1660 1161 etiam
1677 1132 1792 1160 mitioris
1804 1130 1888 1161 status
1903 1132 1935 1162 δε
1949 1132 2118 1162 excellentiae
2134 1154 2144 1169 ,
2162 1132 2202 1161 est
2216 1132 2245 1161 in
2256 1132 2375 1171 propin-

1342 1170 1413 1236 uisssm
1427 1169 1527 1237 (s3radu
1539 1179 1587 1208 per
1600 1168 1718 1199 eandem
1730 1168 1912 1200 Sanffitatem
1926 1169 2027 1208 absque
2040 1169 2204 1201 difficultate
2217 1171 2376 1207 nuperrime

1356 1218 1364 1236 i
1384 1217 1430 1237 ien
1442 1218 1520 1239 atum

1360 1219 1501 1284 liignetur
1515 1232 1605 1278 v’estra
1621 1245 1777 1285 Benignitas
1790 1245 1943 1275 clementer
1957 1245 2098 1276 attendere
2112 1245 2272 1277 devotionis
2286 1246 2375 1284 pleni-

1323 1284 1469 1322 tudinem,
1489 1284 1545 1323 qua
1558 1284 1672 1314 Domus
1693 1283 1788 1314 nostra
1804 1283 1896 1322 Regia
1912 1284 2018 1322 semper
2040 1284 2155 1322 perstitit
2177 1287 2205 1314 in
2223 1284 2377 1315 dilectione

1323 1323 1356 1352 &
1369 1325 1521 1353 reverentia
1536 1322 1612 1353 Sedis
1628 1321 1820 1360 Apostolicae,
1839 1323 1872 1352 &
1885 1330 1998 1359 propter
2011 1322 2086 1359 hoc,
2103 1332 2135 1352 ac
2150 1332 2183 1352 ex
2199 1323 2284 1353 causis
2304 1324 2377 1361 aliis,
2404 1338 2407 1339 ν

1324 1362 1353 1390 in
1369 1361 1426 1391 aliis
1448 1362 1546 1391 nostris
1565 1361 1775 1399 Supplicatoriis
1796 1361 1905 1398 plenius
1925 1360 2148 1398 comprehensis,
2167 1361 2246 1400 super
2259 1371 2380 1391 conces-

1325 1399 1402 1429 sione
1422 1399 1506 1430 dic'iae
1527 1399 1744 1436 Dispensationis
1758 1398 1972 1429 misericorditer
1985 1408 2107 1428 annuere
2120 1401 2192 1428 votis
2209 1399 2325 1436 nostriS,
2345 1401 2380 1430 &

1324 1437 1429 1482 dietam
1453 1439 1719 1476 Dispensationem,
1744 1437 1764 1467 si
1784 1436 1914 1467 nondum
1935 1437 2068 1468 concessa
2089 1437 2171 1467 fuerit
2185 1459 2195 1475 ,
2221 1437 2380 1468 concedere

1345 1478 1451 1506 ratiose.

1324 1485 1342 1515 g
1365 1514 1409 1544 Ut
1424 1515 1460 1545 sic
1470 1539 1479 1552 ,
1494 1514 1600 1545 semota
1613 1514 1802 1552 desperatione
1820 1522 1940 1554 paternae
1961 1513 2140 1552 diletStionis,
2157 1523 2242 1551 quam
2258 1512 2384 1544 difficul-

1326 1561 1365 1582 tas
1384 1554 1512 1592 precibus
1534 1554 1634 1583 nostris
1647 1553 1768 1591 apposita
1782 1552 1874 1590 posset
1895 1552 2077 1583 verisimiliter
2098 1553 2248 1590 inducere,
2263 1551 2384 1590 quiescat

1328 1591 1360 1622 &
1375 1591 1482 1621 seretur
1497 1593 1525 1621 in
1540 1591 1655 1631 paterni
1670 1591 1863 1621 benivolentia
1876 1589 1977 1621 fiducia
1988 1590 2081 1621 filialis.

1366 1629 1455 1669 Super
1475 1629 1526 1659 hiis
1547 1639 1659 1667 autern,
1677 1630 1710 1660 &
1733 1629 1790 1659 aliis
1803 1652 1812 1667 ,
1828 1629 2015 1660 Secretarium
2037 1628 2167 1659 nostrum
2188 1627 2361 1659 carissimum
2376 1651 2386 1668 ,

1329 1666 1478 1697 Thomam
1501 1668 1537 1697 de
1557 1668 1669 1698 I-latfeld
1692 1667 1927 1698 concernentibus
1941 1690 1951 1706 ,
1973 1667 2079 1697 dileeto
2102 1669 2184 1697 nobis
2205 1668 2234 1696 in
2249 1666 2385 1706 Christo,

1331 1705 1550 1743 Fratrijohanni
1562 1706 1598 1736 de
1616 1706 1747 1745 Reppes,
1765 1705 1881 1735 Ordinis
1894 1706 1982 1736 beatae
1998 1705 2097 1734 Mariae
2110 1704 2146 1735 de
2160 1705 2312 1744 Carmelo,
2326 1704 2385 1734 Ca-

1330 1743 1441 1781 pellano
1463 1744 1559 1775 vestro
1572 1768 1582 1781 ,
1607 1745 1763 1782 aperuimus
1782 1743 1890 1781 plenius
1910 1752 2038 1774 mentem
2057 1743 2180 1773 nostram
2196 1756 2206 1779 ς
2224 1745 2286 1781 cui,
2304 1743 2385 1781 super

1330 1782 1471 1851 (dicengclls’
1489 1784 1518 1812 in
1530 1783 1582 1813 hac
1597 1791 1673 1821 parte
1685 1782 1753 1813 velit
1774 1781 1954 1820 (quaesumus)
1975 1782 2064 1813 vestra
2076 1781 2210 1812 SanCtitas
2225 1781 2387 1813 Credentiae

1352 1830 1395 1851 ssl'C
1449 1831 1505 1851 ΕΠ).

1371 1858 1547 1898 Conservet,
1565 1860 1628 1890 &c-

1407 1897 1474 1928 Dat.
1489 1898 1562 1937 apud
1580 1897 1883 1935 Westmonasterium,
1900 1896 2074 1928 duodecimo
2088 1896 2133 1927 die
2147 1896 2260 1934 Aprilis.

1335 2025 1384 2056 De
1405 2022 1529 2069 Treugis
1546 2025 1656 2055 notorie
1680 2022 1803 2060 violatis
1824 2049 1833 2065 ,
1858 2024 1893 2060 (ᾖν
1911 2019 1946 2054 de
1959 2019 2097 2067 potestate
2110 2018 2154 2053 ad
2167 2017 2335 2066 Philippum
2355 2019 2392 2057 de

1701 2071 1810 2114 Valesto
1829 2069 2038 2116 diffidandum.

1335 2156 1482 2213 REX,
1502 2156 1620 2188 Dileeto
1641 2157 1675 2189 &
1697 2155 1784 2187 Fideli
1807 2155 1856 2186 suo
1869 2178 1879 2194 ,
1901 2155 2062 2186 Willielmo
2082 2155 2119 2186 de
2138 2154 2260 2193 Bohun,
2278 2155 2391 2188 Comici
2406 2156 2484 2188 Ann.
2499 2152 2543 2187 D.

1406 2194 1667 2235 Norharnptoniae,
1684 2193 1903 2233 Consanguineo
1916 2194 1965 2225 suo
1980 2193 2139 2233 carissimo,
2157 2193 2290 2225 Salutem.
2427 2202 2512 2235 1345.

1376 2234 1475 2265 Sciatis
1485 2234 1580 2272 quod,
2408 2237 2462 2262 An.
2482 2242 2526 2269 ι9.

1376 2272 1456 2303 Cum
1472 2272 1618 2303 Dominus
1634 2272 1778 2312 Philippus
1790 2271 1827 2302 de
1841 2270 1970 2309 Valesio,
2410 2276 2440 2300 Ε.
2462 2281 2488 2309 3.

1377 2312 1439 2349 Qii
1460 2311 1599 2348 Regnum
1623 2310 1754 2342 nostrum
1776 2310 1902 2340 Franciae
1915 2334 1925 2348 ,
1952 2311 1986 2340 &
2004 2308 2072 2348 Jura
2091 2306 2186 2341 nostra
2205 2304 2395 2348 haereditaria,
2409 2311 2547 2344 Eranam}

1340 2359 1440 2380 contra
1456 2349 1554 2380 Deum
1568 2351 1601 2380 ὃς
1613 2349 1752 2387 Justitiam
1760 2372 1770 2387 ,
1789 2348 1895 2379 detinet
1908 2356 2064 2386 occupata,
2411 2353 2506 2386 13.3.p.
2520 2357 2545 2383 i,

1378 2387 1469 2418 Nulla
1492 2387 1679 2419 Diffidatione
1699 2386 1836 2428 praemissa
1848 2409 1858 2424 2
1881 2387 2027 2425 Treugam
2039 2410 2048 2424 ,
2073 2388 2144 2418 inter
2157 2386 2224 2417 Nos
2238 2387 2272 2418 &
2286 2387 2395 2426 ipsum,
2412 2398 2449 2417 m.
2466 2395 2514 2423 24,

1341 2427 1382 2457 ob
1402 2428 1585 2458 reverentiam
1605 2426 1726 2457 Domini
1747 2426 1859 2456 Summi
1881 2424 2026 2455 Pontificis
2042 2449 2051 2462 ,
2078 2426 2107 2455 in
2130 2425 2271 2455 Britannia
2285 2426 2396 2463 pridem

1342 2474 1470 2504 captam,
1489 2474 1587 2495 contra
1602 2465 1721 2495 formam
1736 2463 1856 2503 ejusdem
1867 2486 1876 2501 ,
1894 2464 1927 2495 &
1940 2465 2131 2501 juramentum
2145 2465 2174 2494 in
2189 2464 2312 2494 animam
2323 2464 2400 2496 suam

1343 2503 1516 2542 praestitum,
1531 2503 1641 2542 fregerit
1656 2504 1689 2533 &
1704 2503 1817 2533 notorie
1833 2501 1995 2540 violaverit,

1382 2542 1436 2580 Et,
1455 2552 1519 2580 quae
1535 2542 1574 2572 sic
1589 2541 1732 2580 peripsum
1748 2542 1780 2573 &
1796 2550 1903 2579 partem
1915 2540 1991 2571 suam
2005 2547 2166 2578 attemptata
2182 2539 2262 2579 sunt,
2276 2542 2400 2571 omnino

1343 2581 1495 2611 reformare
1509 2580 1649 2617 recusans,
2169 2611 2175 2618 ,

1383 2618 1466 2657 Nos,
1477 2618 1525 2656 (de
1539 2618 1773 2655 Magnanimitate
1787 2618 1820 2648 &
1829 2616 2092 2655 Circumspefflone
2104 2616 2203 2647 vestris
2217 2617 2324 2653 plenius
2330 2627 2401 2648 con—

1345 2656 1472 2694 fidentes)
1498 2656 1532 2687 ad
1555 2656 1702 2694 praefatum
1727 2656 1890 2693 Philippum
1908 2678 1917 2693 ‚
1935 2664 2068 2693 tanquam
2083 2655 2260 2685 Violatorem
2272 2656 2401 2693 Treugae

1345 2695 1506 2733 praedietae,
1525 2696 1558 2726 &
1574 2695 1643 2726 dieti
1657 2694 1755 2731 Regni
1777 2694 1866 2724 nostri
1887 2694 2012 2724 Franciae
2027 2717 2038 2732 ,
2063 2693 2220 2730 &jurium
2237 2693 2401 2724 nostrorum

1345 2735 1585 2765 hae1·editari0rum
1633 2733 1845 2771 Occupatorein
1871 2731 2009 2770 Injustum
2025 2755 2034 2770 ,
2053 2732 2086 2762 &
2100 2731 2254 2761 Inimicum
2270 2731 2401 2762 nostrum

1347 2773 1511 2811 capitalem,
1530 2758 1745 2809 Diffidandum,
1763 2773 1797 2802 &
1811 2770 1905 2808 ipsum
1919 2771 1952 2800 ὅ(
1969 2770 2018 2800 sibi
2033 2770 2214 2800 Adhaerentes
2230 2771 2260 2800 in
2273 2770 2326 2801 hac
2339 2780 2401 2808 par-

1346 2820 1390 2848 te,
1409 2813 1467 2842 tam
1482 2813 1511 2840 in
1524 2811 1633 2849 Terrsi,
1652 2810 1738 2848 quam
1751 2810 1779 2839 in
1795 2809 1886 2846 Mari,
1905 2819 1957 2846 pro
1972 2809 2184 2846 recuperatione
2198 2808 2296 2845 Regni
2311 2808 2402 2847 &Ju-

1347 2850 1420 2879 rium
1436 2849 1596 2879 nostrorum
1611 2848 1830 2886 praediCtorum,
1847 2847 1896 2877 viis
1911 2847 2011 2885 quibus
2026 2847 2150 2884 poteritis
2163 2846 2401 2885 prosequendum,

1345 2887 1458 2955 Plenain
1472 2887 1569 2925 vobis,
1588 2888 1606 2906 *Ξ
1622 2895 1722 2917 tenore
1736 2885 1911 2924 praesentium
1921 2908 1929 2923 ‚
1946 2884 2131 2915 concedimus
2145 2886 2178 2916 ὃ(
2193 2886 2402 2917 committimus
2419 2884 2439 2906 *²
2449 2888 2549 2924 Vua-42

1370 2927 1429 2955 otei
1444 2933 1534 2956 atem:

1382 2963 1584 2994 Promittentes
1605 2962 1673 2993 Nos
1695 2962 1803 2993 Rarum
1823 2963 1856 2994 &
1870 2961 1995 2992 Gratum
2016 2961 2157 2993 habituros
2178 2962 2330 3001 quicquid,
2349 2969 2403 3001 tio-¹

1347 3003 1424 3033 mine
1431 3002 1545 3041 nostro,
1564 3002 1684 3032 feceritis
1697 3003 1726 3031 in
1741 3001 1792 3031 hac
1808 3009 1892 3039 parte.

1383 3039 1418 3070 In
1431 3041 1527 3079 cujus,
1541 3042 1602 3071 &c.
1622 3050 1674 3077 pro
1687 3039 1786 3070 nostro
1801 3039 1979 3077 beneplacito
1994 3038 2141 3070 duraturas

1420 3077 1488 3109 Dat.
1505 3079 1578 3117 apud
1593 3077 1899 3116 Westmonasterium,
1918 3077 2052 3109 vicesimo
2065 3086 2164 3116 quarto
2178 3076 2223 3108 die
2235 3077 2347 3115 Aprilis.

1349 3153 2395 3165 Μ

1397 3206 1446 3238 De
1464 3207 1621 3250 Capitaneo
1637 3205 1673 3241 ὠ
1693 3205 1805 3235 Locum
1821 3204 1946 3234 Tenente
1956 3203 2043 3248 Regis
2063 3204 2094 3233 in
2113 3204 2210 3248 Regno
2228 3205 2359 3237 Francia

1607 3254 1644 3290 ὠ
1661 3253 1787 3284 Ducatu
1803 3253 1959 3283 Britannice
1978 3247 2138 3293 constituto.

1352 3340 1407 3394 R
1418 3336 1500 3375 Ex,
1513 3336 1617 3367 dileeto
1631 3336 1664 3366 δε
1678 3335 1752 3365 fideli
1765 3335 1814 3365 suo
1823 3359 1832 3372 ,
1851 3334 2011 3364 Willielmo
2026 3334 2062 3364 de
2075 3334 2175 3365 Bohun
2184 3334 2312 3373 ,Comiti
2319 3335 2404 3368 Nora
2420 3339 2497 3373 Ann,
2507 3342 2552 3376 D,-

1385 3413 1405 3443 S
1427 3376 1618 3443 hamptoigae,
1636 3373 1854 3413 Consanguineo
1868 3372 1917 3403 suo
1930 3372 2088 3411 cariffimo,
2104 3373 2237 3404 Salutem.
2448 3390 2534 3421 1345,

1407 3423 1482 3444 elatis
1517 3424 1555 3443 uo
2417 3422 2471 3448 An.
2491 3431 2502 3448 ι
2526 3429 2540 3449 ,ι

1381 3451 1465 3520 {ziam
1479 3424 1614 3491 Rqegnuin
1629 3450 1754 3481 Franciae
1768 3449 1802 3480 ad
1816 3449 1883 3480 Nos
1897 3449 1928 3480 sit
1939 3449 2008 3487 Jure
2022 3449 2203 3481 Succefforio
2216 3449 2383 3483 devolutum
2392 3476 2402 3492 ,
2417 3461 2449 3484 Ε.
2469 3467 2495 3495 3.
2505 3431 2524 3456 9

1418 3501 1451 3520 os
2416 3501 2501 3525 Franc.
2545 3500 2555 3527 ‚¹

1382 3515 1466 3559 Tam⁷
1475 3528 1511 3559 de
1523 3525 1698 3565 adipiscenda
1711 3525 1903 3564 Poffeffione,
1922 3526 2008 3564 quam
2018 3525 2053 3556 de
2068 3527 2149 3557 bono
2164 3526 2317 3566 Regimine
2331 3529 2399 3560 dieti
2420 3545 2462 3571 ¹9-
2477 3507 2542 3575 ξιξ

1346 3566 1443 3602 Regni
1460 3566 1483 3596 F
1485 3568 1601 3604 ranciae,
1616 3566 1730 3604 soliciti,
1745 3575 1778 3595 ac
1790 3565 1827 3595 de
1840 3564 1936 3596 vestris
1953 3565 2110 3603 fidelitate,
2126 3564 2287 3605 Probitate,
2303 3568 2336 3598 &
2352 3567 2400 3598 In·
2415 3580 2440 3610 p,
2460 3584 2484 3605 ι,
2496 3585 2534 3605 m,
2544 3562 2551 3570 ⁸

1347 3604 1453 3636 dustria
1467 3605 1575 3645 plenius
1590 3603 1776 3641 confidentes,
2420 3622 2465 3649 24»

1385 3643 1444 3673 Vos
1459 3644 1488 3673 in
1504 3643 1612 3680 Regno
1627 3641 1764 3680 praedicto
1779 3664 1789 3679 ,
1813 3642 1846 3671 &
1867 3641 2035 3678 pertinentiis
2054 3641 2105 3671 suis
2118 3642 2266 3680 universis,
2285 3643 2402 3676 Locum

1348 3682 1475 3713 nostrum
1489 3690 1649 3718 tenentem,
1668 3680 1701 3710 &
1715 3678 1901 3717 Capitaneum
1916 3678 2032 3709 facimus
2046 3689 2094 3716 per
2108 3680 2270 3719 praesentes;

1382 3719 1490 3750 Dantes
1502 3719 1534 3750 &
1550 3717 1750 3749 Concedentes
1761 3718 1843 3748 vobis
1857 3717 1968 3754 plenam
1982 3717 2168 3756 Potestatern,
2183 3719 2216 3749 &
2233 3719 2401 3754 Mandatum

1348 3758 1463 3795 speciale
1478 3768 1530 3795 pro
1546 3757 1661 3794 Nobis,
1680 3757 1713 3786 ὃς
1729 3756 1827 3786 nostro
1838 3756 1972 3793 nomine,
1986 3755 2050 3794 Jus,
2068 3756 2145 3794 quod
2161 3757 2259 3788 Nobis
2274 3758 2302 3788 in
2317 3759 2400 3791 dieto

1349 3797 1455 3835 Regno
1471 3795 1625 3833 competit,
1642 3794 1826 3832 vendicandi,
1846 3794 1958 3831 petendi
1992 3795 2025 3825 &
2040 3794 2239 3832 prosequendi,
2256 3797 2290 3827 &
2305 3797 2399 3830 eidem

1348 3835 1455 3874 Regno
1471 3844 1522 3864 vos
1534 3832 1726 3870 immiscendi,
1738 3842 1770 3862 ac
1783 3816 2174 3876 corporalemPosseffionem
2191 3834 2272 3872 ipsius
2287 3836 2321 3867 δε
2336 3846 2401 3874 per,

1348 3873 1527 3904 tinentiarum
1542 3870 1665 3909 ejusdem
1676 3869 1916 3910 apprehendendi,

1388 3910 1572 3941 Excercitum
1588 3908 1777 3948 congregandi
1793 3909 1826 3938 &
1839 3907 1978 3946 ducendi,

1361 3982 1363 3984 ,
1386 3948 1503 3986 Castra,
1528 3947 1670 3978 Fortalitia
1683 3971 1693 3985 ,
1717 3949 1751 3978 &
1764 3946 1850 3977 villas
1862 3971 1873 3984 ,
1896 3955 1980 3984 prout
2001 3946 2100 3978 melius
2120 3949 2249 3987 expedire
2263 3948 2403 3988 videritis,

1348 3986 1475 4018 diruendi
1493 3986 1526 4017 &
1539 3985 1747 4024 prosternendi,
2397 4003 2400 4007 ·

1389 4024 1555 4055 Contrarios
1575 4024 1609 4055 &
1629 4023 1761 4054 Rebelles
1775 4046 1786 4061 ,
1808 4024 1867 4053 tam
1889 4024 1918 4053 in
1936 4023 2046 4063 Terra,
2064 4024 2149 4063 quarn
2164 4026 2193 4056 in
2209 4024 2298 4063 Mari,
2316 4025 2401 4056 etiam

1352 4072 1439 4096 more
1447 4062 1613 4101 Guerrino,
1630 4061 1651 4094 si
1665 4069 1810 4101 oporteat,
1827 4060 2027 4103 persequendi,
2342 4099 2380 4132 M
