2562 4279
749 195 859 236 ET
941 190 1199 233 ACTA

5 281 79 313 Ann-
95 278 134 309 D·
157 283 303 322 Militum,
323 284 356 315 &
371 282 569 314 Dominorum
591 291 624 312 ae
637 281 803 313 Custodum
819 280 998 311 Libertatum
1013 278 1047 308 ὃ(
1061 277 1220 321 Dominio-

24 326 109 358 1337-
152 333 233 360 rum,
254 333 307 354 nec
331 333 391 353 non
414 322 578 352 Custodum
602 321 735 351 Litorum
759 323 793 352 &
815 319 970 350 Terrarum
988 315 1217 361 ¹Maritimarum,

6 361 73 389 Σᾶῡ·
88 367 115 394 3-
152 372 186 393 ac
200 362 410 398 Arraiatorum,
428 362 486 391 tam
501 360 668 390 Hominum
683 360 717 390 ad
734 359 840 395 Arma,
860 355 1096 399 quamjahorum,
1108 354 1147 396 ⁴&
1169 363 1220 397 eo-

155 400 287 431 rumdem
307 400 468 430 Hominum
490 399 524 429 ad
546 399 651 435 Arma,
669 408 702 428 ac
722 398 844 427 aliorum
864 395 1030 436 Hominum
1054 392 1220 435 Defensabr-

155 439 227 470 lium
241 447 509 477 quorumcumque,
527 438 555 467 in
569 437 691 475 partibus
710 435 900 471 Suthwalliae,
919 433 978 475 tam
1000 430 1070 460 infra
1094 430 1221 460 Liberta-

156 486 197 509 tes
234 479 319 516 quam
332 486 424 514 eXtra,
442 485 539 507 contra
553 475 644 506 diCtos
656 474 765 504 Hostes
787 472 915 515 nostros,
934 473 953 500 11
972 469 1063 507 ipsum
1082 467 1221 512 Regnum

155 501 304 554 nostrum,
320 515 365 546 seu
386 515 489 545 Terras
508 514 630 551 nostras,
648 515 678 542 in
699 512 802 543 eildem
823 510 945 548 partibus
968 507 1157 552 Sutbwalltae,
1175 507 1222 538 vel

154 555 220 585 alibi
240 555 328 584 taliter
348 553 456 592 ingredi
478 551 716 593 praesumpserint,
741 550 780 593 ad.
795 549 916 592 ipsorum
938 546 1127 591 Nequitlam,
1152 555 1221 590 cum

156 592 217 624 Dei
232 593 388 631 adjutorio,
407 591 632 628 conterendum,
649 596 734 627 prout
747 587 795 617 Eis
810 586 912 616 meluis
924 585 1223 630 vrdebiturhexpedrrq

157 640 243 670 prout
256 632 286 662 in
302 631 404 661 Literis
420 629 520 660 nostris
540 628 716 664 Patentibus,
735 625 802 656 inde
826 624 981 662 conferitis,
1000 624 1109 662 plenius
1129 631 1224 654 conti-

157 679 255 701 netur:

197 707 288 738 Vobis
302 708 407 745 igitur,
425 708 454 737 in
467 706 535 737 Fide
548 705 582 736 &
595 702 757 743 Ligeantia‚
774 703 876 741 quibus
900 702 983 732 nobis
1007 701 1159 738 tenemini,
1177 700 1225 729 fir-

159 747 244 776 miter
257 746 337 783 injun
356 746 451 784 endo,
469 744 633 776 mandamus
646 741 727 779 quod
738 741 850 771 Omnes
871 741 1016 771 Homines
1034 738 1224 770 Defensabiles

158 785 301 815 dinarum
353 792 476 814 erratum
497 781 670 818 vestrarum,
695 781 809 818 praefate
831 779 957 818 Comes,
983 779 1020 809 de
1040 778 1224 816 Kedewelly‚

158 822 362 862 Grosemund,
379 820 555 858 Skenefrith,
572 820 606 850 &
620 818 705 849 dietae
717 818 819 849 Terrae
831 820 866 849 de
882 818 1062 857 Bergeveny,
1078 817 1138 846 tam
1159 816 1226 846 Ho-

159 863 250 892 mines
263 861 299 892 ad
314 861 418 899 Arma,
436 860 522 898 quam
535 858 604 889 alios
618 858 680 896 (qui
693 857 823 888 nondum
845 858 863 877 '¹‘
889 857 994 888 arraiati
1015 854 1146 900 existunt)
1168 854 1227 884 sine

159 899 296 931 dilatione
316 899 407 937 aliqua
427 897 551 935 arraiari,
567 897 601 927 &
623 897 720 927 Armis
734 896 965 934 competentibus
978 904 1100 931 muniri,
1117 894 1151 925 &
1163 894 1223 923 tam

163 939 178 970 I
199 940 260 978 sos,
278 938 365 977 quam
384 935 464 967 Alios
477 936 537 974 jam
559 935 700 966 Arraiatos
715 935 872 965 Terrarum
888 934 1015 972 illarum,
1033 932 1068 963 ad
1082 931 1230 970 praefatos,

195 978 329 1008 ilbertum
343 976 377 1006 &
392 973 443 1004 Hu
464 983 569 1012 onem,
587 974 634 1006 vel
650 983 751 1004 eorum
766 973 885 1004 alterum
894 973 963 1003 duci
978 971 1099 1009 faciatis,
1114 970 1149 1001 ad
1162 979 1230 1008 pro-

162 1014 347 1047 ficiscendum
365 1022 434 1043 cum
444 983 588 1051 gEisdem,
606 1013 641 1044 δι·
660 1013 719 1043 aliis
739 1012 881 1042 Fidelibus
901 1011 1005 1042 nostris
1029 1011 1152 1050 partium
1171 1008 1230 1052 illa-

162 1062 245 1092 rum3
262 1051 380 1092 ipsisque
402 1051 537 1082 Gilberto
557 1052 591 1083 &
614 1051 750 1091 Hugoni,
770 1052 805 1082 δε
824 1051 900 1081 alteri
923 1058 1042 1088 eorum,
1060 1057 1130 1078 cum
1148 1047 1230 1078 dietis

161 1091 339 1124 Hominibus
359 1089 560 1128 praedi&arum
582 1090 738 1121 Terrarum
759 1089 795 1120 de
818 1089 1004 1127 Kedewelly,
1030 1085 1231 1124 Grosemund,

162 1129 342 1168 Skenefrith,
361 1129 394 1160 &
406 1128 492 1159 dietae
504 1129 604 1159 Terrae
622 1128 659 1159 de
680 1128 862 1167 Bergeveny,
881 1129 909 1157 in
932 1126 1096 1164 Omnibus,
1115 1135 1179 1169 quae
1198 1124 1233 1154 ad

163 1169 267 1201 salvam
290 1169 323 1200 &
343 1168 470 1198 securam
493 1167 665 1199 Custodiam
686 1167 829 1198 dietarum
846 1167 966 1204 partium
992 1164 1181 1208 Suthvvalliae,
1196 1163 1231 1193 &

165 1208 286 1238 aliorum
308 1207 443 1237 locorum
466 1206 602 1237 Dominii
621 1206 732 1245 nostri,
756 1215 790 1236 ac
813 1204 1021 1243 Repulsionem
1042 1203 1233 1245 Inimicorum

166 1245 334 1277 nostrorum
351 1246 509 1284 pertinent,
526 1245 573 1276 seu
586 1246 724 1283 pertinere
748 1252 901 1282 poterunt,
917 1242 1098 1273 Intendentes
1122 1240 1177 1271 fitis
1198 1240 1232 1270 &

168 1284 359 1323 Auxiliantes,
397 1285 505 1314 uotiens
528 1283 691 1315 Periculum
712 1284 844 1321 imineat,
861 1282 895 1312 ὃ(
917 1291 965 1319 per
981 1280 1147 1318 praediC'tos,
1168 1277 1234 1308 Gil-

167 1322 283 1354 bertum
305 1324 338 1354 &
393 1331 538 1362 ugonem,
554 1322 601 1353 vel
621 1332 720 1353 eorum
741 1321 877 1358 alterum,
897 1319 977 1358 super
1000 1319 1076 1357 hoc,
1101 1327 1135 1347 ex
1157 1325 1234 1355 parte

169 1361 266 1394 nostra
274 1385 284 1400 ,
302 1362 406 1393 fueritis
419 1362 597 1400 praemuniti:

208 1400 245 1431 Et
258 1400 335 1439 hoc,
354 1400 423 1431 ficut
437 1398 524 1438 Nos,
541 1400 575 1430 ὃς
590 1398 745 1430 Honorem
761 1397 910 1435 nostrum,
928 1406 961 1427 ac
987 1395 1177 1440 Salvationem
1201 1393 1234 1424 &

169 1438 376 1470 Defenfionem
396 1439 552 1469 Terrarum
574 1438 608 1469 ὃς
623 1438 736 1477 Jurium
756 1437 922 1468 nostrorum
937 1459 947 1473 ,
977 1435 1086 1474 diligitis
1101 1457 1111 1472 ,
1141 1432 1235 1463 modis

168 1478 301 1508 omnibus
316 1478 429 1508 faciatis.
1195 1510 1200 1515 ⁵

210 1516 378 1546 Intentionis
397 1524 492 1546 tamen
514 1515 620 1546 nostrae
639 1525 700 1546 non
723 1514 813 1546 existit
833 1513 914 1552 quod
937 1511 1097 1548 Homines,
1111 1520 1175 1557 Apro
1192 1519 1236 1539 m-

172 1554 255 1585 stanti
274 1554 405 1592 Paffagio
427 1554 625 1585 Ultramarino
643 1554 752 1593 Eletsti,
777 1553 855 1593 super
878 1551 1062 1594 profeElione·
1079 1550 1125 1595 sua
1146 1548 1238 1578 versus

169 1602 261 1632 partes
279 1592 352 1631 illas,
375 1594 454 1631 juxta
475 1592 599 1623 formam
619 1592 826 1623 Mandatorum
851 1589 1037 1627 nostrorum,
1056 1586 1123 1631 inde
1147 1586 1239 1617 facto-

171 1641 253 1670 rum,
271 1640 408 1669 praeteXtu
422 1630 563 1670 praesentis
579 1630 706 1662 Mandati
724 1630 828 1667 nostri,
843 1628 998 1671 aliqualiter
1013 1626 1212 1671 impediantur.

209 1670 302 1701 Teste
315 1670 397 1710 Rege
411 1669 485 1709 apud
501 1669 620 1701 Turrim
634 1670 771 1701 London.
790 1669 909 1699 decimo
923 1675 1008 1698 terno
1022 1665 1070 1695 dre
1080 1664 1158 1703 Julu.

11 869 28 888 ⁸
48 871 101 897 IV.

14 907 76 943 788.

864 1753 917 1782 Per
931 1750 1013 1790 ipfiaem
1028 1753 1133 1788 Regem.

175 1840 291 1872 Eodem
311 1839 402 1870 modo
424 1840 590 1870 mandatum
614 1838 655 1870 est
678 1838 791 1876 fingulis
813 1837 950 1869 Dominis
968 1835 1179 1867 Dominiorurn
1208 1835 1242 1866 &

214 1879 390 1909 Libertatum
405 1879 432 1907 in
447 1878 531 1908 dietis
544 1879 666 1916 partibus
681 1877 867 1915 Suthwalliae,
887 1877 933 1906 vel
947 1883 1050 1906 eorum
1065 1872 1243 1911 Senescalhs,

212 1927 259 1948 aut
272 1917 354 1947 Loca
368 1917 563 1956 Tenentibus,
581 1917 756 1956 subscriptis,
774 1915 925 1954 videlicet,

211 2001 342 2041 Jo'hanm'
356 2002 389 2031 de
406 2002 556 2041 moubray,
575 2004 690 2033 Domino
705 2003 736 2033 de
749 2003 867 2039 Gower,
884 2000 935 2031 vel
944 2000 1001 2041 ejus
1017 2002 1120 2031 Locum
1141 2000 1246 2028 Tenen-

176 2045 216 2079 ti,
235 2049 285 2070 aut
300 2040 422 2070 Balliw‘s
431 2041 489 2079 suis
505 2042 610 2070 ibidem.

216 2078 317 2118 Alestae
333 2080 365 2108 de
381 2080 467 2118 Lasc'y
478 2102 487 2117 ,
506 2078 647 2118 Comitiffae
660 2078 788 2109 Lincoln.
807 2082 931 2110 Dominae
945 2078 977 2108 de
999 2075 1101 2115 Beult,
1119 2074 1170 2106 vel
1189 2073 1245 2113 ejus

179 2120 281 2147 Locum
294 2120 426 2154 Tenenti,
444 2125 492 2146 aut
509 2117 632 2147 Ballivis
638 2116 697 2157 fitis
712 2118 816 2148 ibidem.

218 2155 323 2194 Jacobo
340 2155 494 2196 d'Aua'ele,
513 2160 627 2186 Domino
639 2157 770 2186 Cantredi
784 2157 815 2186 de
832 2155 950 2193 Baghan
973 2154 1011 2191 &¹
1035 2155 1067 2184 de
1089 2155 1247 2192 Kemmeys,

180 2194 230 2224 ‘vel
243 2195 298 2232 ejus
314 2196 415 2224 Locum
427 2197 558 2233 Tenenti,
576 2203 624 2224 aret
640 2194 762 2224 Balljvis
775 2196 827 2232 luis·
843 2194 948 2224 ibidem.

217 2231 366 2271 Humfredo
378 2234 410 2263 de
425 2233 554 2271 Bolaoun,
567 2237 665 2263 Comiti
680 2232 830 2272 Herefhrd,
847 2236 963 2263 Domino
978 2231 1009 2260 de
1025 2229 1247 2270 Breyghheynok,

177 2273 272 2338 ξῖᾳᾶε,
292 2271 329 2306 (ξφ
346 2272 547 2312 Huntyngdon,
565 2271 613 2302 vel
624 2272 681 2311 ejus
702 2275 807 2302 Locum
830 2273 960 2309 Tenenti,
979 2276 1030 2299 aut
1048 2268 1172 2298 Ballivis
1186 2266 1247 2306 fitis

181 2321 191 2339 1
209 2322 218 2338 l
233 2321 286 2339 em.

217 2347 323 2378 Thomae
345 2349 377 2378 de
404 2347 478 2378 Bello
496 2352 610 2388 Campo,
628 2352 726 2378 comiti
750 2350 933 2387 lVarawicae,
951 2350 1066 2378 Domino
1086 2346 1118 2376 de
1140 2343 1249 2382 Elvet,

181 2386 230 2417 vel
242 2388 296 2424 ejus
313 2389 414 2416 Locum
428 2390 559 2426 Tenenti,
579 2395 629 2416 aut
644 2387 832 2427 Ballivr'sfieis
846 2387 952 2417 ibidem.

220 2428 337 2455 Henrico
350 2429 447 2455 Comiti
461 2426 651 2466 Lancastriae,
670 2429 785 2456 Domino
799 2427 831 2455 de
846 2423 1006 2455 Monemuth
1028 2422 1067 2458 &⁵
1086 2422 1117 2452 de
1138 2421 1250 2452 White-

182 2462 280 2503 castel,
298 2463 348 2493 vel
360 2463 416 2501 ejus
435 2466 535 2494 Locum
547 2468 671 2504 tenenti,
689 2473 740 2495 aut
754 2463 878 2495 Ballivis
886 2464 944 2504 fitis
956 2467 985 2493 in
997 2464 1089 2493 Terris
1103 2461 1134 2490 de
1154 2459 1250 2490 Aber-

181 2513 285 2542 geveny
299 2500 336 2536 ὠ
350 2502 530 2541 Groffi‘mund.

219 2542 328 2577 Hugoni
347 2540 503 2580 d‘Aua'ele,
523 2544 620 2571 comiti
643 2541 827 2581 Gloucestriae,
852 2539 902 2572 vel
917 2540 973 2579 ejus
993 2542 1095 2570 Locum
1119 2540 1253 2575 Tenenti,

182 2585 235 2609 aut
248 2577 371 2608 Ballivis
377 2578 451 2618 ficis,
470 2583 499 2609 in
512 2583 601 2610 Terris
616 2581 648 2610 de
663 2580 844 2621 Abergeveny
858 2578 896 2614 &¹
909 2578 1089 2619 Groffi'mund.

225 2620 346 2647 Dominae
368 2617 400 2647 de
420 2620 544 2658 Amory,
562 2618 612 2648 vel
630 2619 685 2655 ejus
710 2622 811 2649 Locum
830 2621 962 2657 Tenenti,
979 2624 1030 2647 aut
1042 2615 1168 2646 Ballivis
1180 2613 1251 2654 ficis,

186 2658 216 2686 in
229 2658 317 2685 Terris
330 2656 361 2685 de
374 2655 556 2696 Abergeveny
570 2656 608 2693 ὠ
623 2657 802 2696 (ἕνεβὲνηιιηυί.

221 2693 422 2724 Bartholomaeo
437 2696 468 2724 de
482 2695 652 2735 Burgherſsh
686 2695 736 2726 vel
749 2696 805 2735 ejus
821 2699 922 2726 Locum
939 2695 1068 2731 Tenenti,
1085 2699 1135 2723 aut
1159 2691 1253 2722 Balli—

185 2736 230 2802 Ξές
238 2733 313 2771 sicis,
329 2736 360 2763 in
371 2736 460 2763 Terris
475 2734 508 2764 de
523 2736 629 2773 Ewyas
642 2719 680 2769 (29⁴
693 2733 831 2775 Glynbegh
840 2757 850 2773 ,
867 2733 917 2765 vel
929 2731 1025 2773 aliqud
1041 2739 1125 2771 parte
1146 2742 1253 2762 earum-

219 2782 254 2800 m.

224 2807 352 2850 Galfrido
369 2808 401 2838 a'e
419 2812 584 2849 Mortymer,
600 2810 650 2840 vel
664 2812 721 2849 eius
740 2814 842 2841 Locum
854 2813 987 2849 Tenenti,
997 2816 1048 2839 aut
1065 2808 1255 2849 Ballivissuis

188 2852 217 2879 in
232 2849 322 2876 Terris
334 2848 367 2877 de
382 2850 489 2887 Ewyas
504 2849 535 2878 de
547 2847 684 2887 Glynbegh
693 2873 703 2888 ,
720 2849 769 2879 vel
782 2849 879 2890 aliqud
889 2857 972 2889 parte
986 2849 1147 2878 earumdem.

229 2885 377 2915 Willielmo
389 2886 413 2915 le
429 2886 546 2924 Blount,
564 2887 616 2917 vel
634 2888 690 2925 ejus
713 2891 814 2917 Locum
837 2891 966 2927 Tenenti,
985 2894 1036 2916 aut
1060 2886 1184 2916 Ballivis
1195 2885 1256 2925 suis·

189 2929 219 2955 in
233 2927 321 2953 Terris
336 2925 368 2954 de
379 2926 485 2964 Ewyas
499 2924 537 2959 ό·
553 2925 693 2963 Glynbegh
727 2926 776 2956 vel
787 2926 881 2967 aliqua*
892 2933 974 2965 parte
987 2925 1149 2956 earumdem.

226 2962 352 2992 Ballivis·
363 2960 488 3002 Ifhbellae
502 2966 610 3000 Reginae
623 2948 738 3001 Angl'iae
752 2965 784 2994 de
798 2964 971 3004 Haverford.

224 3005 264 3031 Cu
288 3001 331 3030 odi
345 3004 490 3031 Terrarum
501 3000 539 3036 dy
555 3005 774 3032 Tenementorum
790 3003 821 3033 de
836 3003 976 3033 Pembrok.

224 3042 253 3069 T
267 3050 331 3069 omae
346 3042 442 3070 Comiti
457 3039 630 3080 Norffblciae,
646 3043 763 3071 Domino
777 3043 809 3072 de
823 3040 984 3080 Chepstowe.
1031 3056 1036 3059 -

229 3081 354 3152 13quae
376 3078 408 3108 de
428 3078 525 3118 Clare,
543 3082 668 3110 Dominae
688 3082 778 3110 Τεννιε
799 3081 832 3110 a'e
849 3080 924 3118 Usk,
940 3077 992 3109 vel
1011 3078 1067 3118 ejus
1082 3081 1185 3109 Locum
1204 3080 1256 3109 Te-

191 3125 242 3147 nen
258 3129 285 3156 1,
342 3127 363 3146 c.

197 3199 1230 3212 ——-—-—————-—-—--—-—-—-—--*„.

232 3259 282 3291 De
299 3259 469 3290 Retinentia
486 3261 655 3293 Hominum
673 3259 717 3293 ad
735 3263 863 3303 Arma,
882 3270 936 3306 per
952 3258 1164 3292 Marchionem
1182 3258 1220 3292 de

666 3307 792 3354 Julers.

198 3398 257 3461 A
275 3398 365 3429 Touz
385 3409 473 3437 ceux,
493 3398 554 3435 ὀί.
573 3408 604 3430 ut
620 3400 700 3439 fbpra
723 3403 756 3431 de
774 3402 844 3432 data
867 3411 881 3432 1
896 3401 982 3440 Junii
993 3401 1072 3442 usique
1085 3401 1142 3432 haec
1152 3401 1259 3440 verba;

275 3441 337 3468 viz.
356 3438 445 3469 savoir
459 3439 560 3469 faisons
573 3449 588 3469 a
602 3439 692 3469 Touz
705 3450 760 3477 que
774 3450 862 3477 nouS‚

195 3514 213 3546 s
227 3476 285 3545 sIgu
304 3477 401 3515 poair,
419 3486 474 3514 que
496 3486 568 3508 nous
587 3487 688 3510 avoms
707 3478 761 3517 de,
779 3478 876 3509 nostre
897 3478 1053 3518 Seigneur,
1068 3479 1094 3509 le
1115 3479 1194 3518 Roi,
1211 3478 1262 3510 de-

209 3526 225 3546 u
257 3523 296 3554 it,

235 3554 347 3585 Avoms
357 3554 461 3584 ottroie
473 3554 506 3584 &
521 3553 599 3598 plain
610 3556 686 3591 poair
699 3554 791 3599 done,
808 3555 964 3586 ottroioms
978 3555 1012 3586 &
1047 3555 1103 3599 lein
1118 3557 1198 3595 poair
1208 3556 1263 3587 do-

196 3601 281 3623 noms
295 3603 329 3631 a,
347 3592 366 3612 ²*
381 3592 485 3636 Noble
500 3592 535 3622 &
548 3591 672 3636 Puissant
689 3592 812 3633 Prince,
830 3593 982 3624 Monfieur
1047 3593 1151 3634 illiam,
1169 3604 1217 3633 par
1238 3595 1264 3626 la

198 3630 294 3662 Grace
311 3632 346 3662 de
359 3630 434 3661 Dieu
443 3654 453 3668 ,
471 3629 601 3668 Marquis
614 3631 650 3661 de
659 3631 749 3669 Julers
758 3656 767 3670 ,

238 3670 298 3709 Q’jl
313 3670 409 3708 peusse
423 3669 543 3700 Retenir
561 3669 672 3708 Qatre
687 3669 783 3701 Centz
800 3670 933 3701 Armures
946 3670 982 3700 de
997 3669 1051 3701 Fer
1065 3670 1110 3701 sur
1129 3671 1168 3702 les
1183 3671 1265 3701 Mar—

200 3708 268 3739 ches
282 3709 318 3739 de
331 3707 535 3748 l'Erceveschie
548 3707 584 3738 de
598 3706 732 3747 Colone,
749 3720 788 3740 ou
803 3708 901 3739 d'evers
913 3709 951 3739 les
978 3709 1114 3740 Marches
1132 3709 1169 3740 de
1187 3710 1264 3741 Lor-

200 3747 275 3784 rain,
299 3747 335 3778 de
359 3746 601 3785 Luczembourg,
616 3756 656 3777 ou
679 3746 777 3778 devers
800 3747 982 3786 Westerich‚
1002 3747 1026 3777 la
1047 3757 1086 3778 ou
1107 3748 1128 3778 il
1151 3748 1264 3787 quidera

200 3786 249 3822 qui
263 3786 301 3817 les
313 3786 385 3817 dites
399 3785 499 3817 Gentz
513 3787 597 3816 mielx
612 3794 731 3822 purront
745 3793 842 3823 portet
855 3786 888 3817 &
901 3785 968 3817 faire
985 3786 1102 3817 Service
1121 3787 1156 3819 &
1179 3786 1265 3825 profit

200 3831 217 3852 a
229 3824 324 3855 nostre
338 3824 472 3863 Seigneur
489 3825 515 3855 le
530 3824 588 3855 Roi
602 3823 737 3854 desusdit:

237 3860 275 3892 Et
288 3873 360 3902 ceo,
378 3873 434 3901 que
449 3864 520 3902 yceli
534 3863 664 3901 Marquis
677 3873 741 3893 aura
756 3873 792 3893 en

48 3409 124 3440 Arm.
138 3407 179 3439 D.

48 3454 161 3516 23³3:

48 3565 167 3592 Aieman.

52 3612 95 3630 ιι.
107 3607 137 3630 Ε.
155 3612 181 3639 3.

50 3650 88 3668 m.
108 3650 151 3668 ιο.

51 3679 68 3695 ⁸*
84 3680 136 3706 IV.

51 3715 117 3751 789·

808 3861 945 3894 Convent
957 3873 985 3894 as
999 3861 1101 3893 Gentz
1115 3863 1265 3896 desusditez

203 3897 286 3936 (dont
299 3902 319 3932 il
333 3902 404 3932 serra
418 3911 485 3933 creu
500 3912 549 3940 par
563 3902 612 3932 son
629 3901 726 3939 fimple
739 3900 803 3937 Dit)
819 3900 926 3939 Nous,
943 3901 1116 3932 Procureurs
1134 3904 1168 3934 ὃς
1184 3902 1266 3934 Mes-

201 3937 279 3974 sages
296 3939 473 3979 devantditz,
492 3949 561 3972 touz
583 3940 740 3978 ensemble,
760 3940 793 3970 &
813 3939 936 3970 cheseun
956 3939 991 3970 de
1013 3950 1102 3979 nous,
1119 3950 1195 3979 apar
1211 3942 1266 3980 lui,

203 3985 255 4013 pur
265 3976 294 4007 le
306 3985 387 4017 tout,
403 3989 440 4010 en
455 3990 535 4010 noun
548 3980 586 4010 du
602 3978 679 4017 Roi,
697 3988 796 4008 avoms
810 3978 979 4016 Promis‚&
993 3977 1176 4011 Prbrnettons
1189 3980 1269 4011 loial-

206 4023 304 4052 ment,
319 4016 353 4046 &
374 4026 412 4047 en
430 4018 510 4049 bone
531 4019 591 4056 foi,
606 4028 640 4049 au
662 4017 859 4055 ditMarquis,
881 4027 896 4046 a
909 4017 1000 4055 parer,
1018 4017 1135 4057 rendre,
1151 4019 1186 4050 &
1199 4018 1269 4049 deli-

204 4062 269 4082 vrer
282 4055 447 4097 entierment
455 4080 465 4094 ,
482 4067 519 4088 au
532 4066 625 4096 temps
640 4058 674 4089 ὃ(
690 4065 796 4095 terme,
815 4065 872 4093 que
885 4055 1021 4087 Homtne
1034 4055 1074 4087 lui
1085 4057 1171 4088 deura
1183 4057 1251 4088 faire
1260 4081 1271 4096 ,

204 4089 232 4122 le
250 4101 355 4130 pnmer
376 4091 522 4127 Paiement
539 4096 576 4128 de
596 4096 622 4127 la
640 4095 762 4129 Summe
782 4094 938 4135 d'Argent,
955 4093 1023 4134 qu’il
1036 4095 1156 4128 aura‘de
1172 4095 1270 4129 nostre

1281 189 1758 235 PUBLICA.
2245 195 2322 235 181

1258 274 1391 318 Seigneur
1407 276 1433 307 le
1449 277 1510 308 Roi
1523 278 1645 316 defudit,
1663 278 1726 308 sanz
1740 277 1837 309 fraude
1851 276 1885 310 &
1901 277 1975 309 male
1996 280 2113 319 argine,
2129 284 2178 318 par
2195 274 2222 310 le
2243 279 2318 310 Tes-
2336 280 2411 312 Ann.
2426 281 2469 314 D.

1258 323 1375 352 morgne
1387 314 1422 344 de
1436 315 1474 345 ses
1490 316 1614 354 Lettres,
1632 317 1727 346 Sealez
1741 317 1776 347 de
1791 326 1849 347 noz
1862 316 1945 347 Seals.
2352 329 2437 359 1337·

1296 351 1383 382 Faites
1397 353 1431 382 δε
1446 356 1513 383 don.
1529 364 1545 383 a
1558 354 1753 397 Goricheym,
1770 355 1837 386 l'An
1851 355 1889 386 de
1909 355 2004 386 Grace
2026 355 2126 396 Mille,
2143 355 2317 395 vescente,
2335 361 2401 388 Ἐάν.
2423 369 2450 397 3.

1257 389 1369 420 Trente
1381 392 1414 421 ὃς
1428 391 1515 430 Sept,
1533 392 1558 422 le
1570 401 1616 421 xix
1628 402 1695 430 Jour
1709 392 1744 423 de
1754 393 1828 433 Juyl.

1415 518 1465 550 De
1481 519 1613 564 Apporto
1631 517 1675 551 ad
1684 529 1785 565 partes
1806 530 1922 553 exteras
1936 533 1992 553 non
2009 520 2163 556 mittendo.

1263 599 1362 668 RF}
1362 599 1393 630 X
1407 625 1428 645 ,·
1445 601 1562 647 Dilecto
1581 604 1632 648 s1bi
1653 604 1682 633 in
1702 603 1838 649 Christo,
1856 605 1949 649 'Fratri
1969 605 2102 651 Philippo
2123 607 2160 638 de
2181 606 2298 653 Tharne
2311 630 2321 644 ,
2338 610 2415 642 Arm,
2429 610 2471 643 D:

1261 682 1331 706 tem.
1365 650 1431 670 rlorl
1452 640 1604 681 Hoipitalis
1627 642 1723 674 SanCln
1738 643 1875 682 johannis
1893 643 2043 682 Jerusalem
2061 655 2092 676 m
2106 645 2223 685 Angha,
2242 645 2321 676 Salu-
2339 658 2446 718 Ara33171.

1300 713 1381 746 Cum
1396 726 1501 756 nuper,
2338 733 2369 757 E.
2391 737 2418 765 3.

1300 753 1494 792 Intelligentes
1509 757 1608 795 quod,
2341 765 2427 805 Claus.

1300 792 1377 836 Non
1398 793 1572 826 obstantibus
1594 796 1703 827 Statuto
1719 820 1728 834 ,
1751 795 1787 826 de
1809 795 1941 827 Comuni
1961 796 2097 828 Concilio
2116 798 2215 838 Regni
2235 797 2324 829 nostri
2343 816 2384 834 η,
2400 809 2427 834 Ε,
2448 808 2476 843 3:

1263 830 1355 869 edito,
1374 831 1410 862 de
1425 833 1558 871 Apporto
1571 834 1683 873 aliquo,
1700 835 1745 864 seu
1759 833 1852 864 Censu
1867 834 1916 864 sub
1929 837 2047 865 nomine
2060 836 2197 875 Apporti,
2215 837 2260 868 seu
2276 837 2325 868 ali·
2339 852 2362 882 p,
2381 854 2408 872 2.
2420 853 2456 872 m.

1264 879 1526 914 quonuocumque
1537 873 1654 911 colore,
1672 881 1747 903 extra
1761 872 1896 916 Regnum
1913 873 2041 904 nostrum
2055 875 2089 903 ad
2110 885 2198 912 partes
2218 875 2327 906 Trans-
2344 892 2390 920 4¹·
2406 883 2432 911 a.

1264 917 1400 951 marinas,
1418 919 1450 940 ac
1465 911 1599 942 mandatis
1611 911 1731 949 nostris,
1749 911 1834 942 vobis
1849 921 1936 948 nuper
1951 912 2052 949 pluries
2066 912 2196 952 directis,
2213 914 2249 944 de
2273 913 2327 945 hu—

1261 946 1386 991 jusmodi
1400 947 1531 986 Apporto
1545 949 1579 980 ad
1591 958 1680 988 partes
1695 949 1752 980 illas
1767 959 1827 980 non
1843 950 1982 980 mittendo
1991 975 2000 988 ,

1305 984 1481 1023 Hujusmodi
1497 988 1623 1026 Apporta
1637 988 1672 1018 ad
1686 996 1774 1025 partes
1791 987 1847 1018 illas
1862 988 2059 1026 transmisistis,

1306 1023 1399 1068 Vobis
1413 1026 1449 1068 'in
1470 1025 1540 1057 Fide
1560 1026 1593 1057 &
1613 1026 1776 1065 Ligeantid,
1795 1027 1894 1065 quibus
1918 1027 1999 1058 nobis
2021 1027 2208 1067 tenebamini,
2226 1029 2259 1060 &
2280 1029 2331 1061 sub

1267 1071 1345 1101 gravr
1364 1063 1541 1096 forlsfadturfi
1560 1065 1673 1104 nostra,
1692 1066 1916 1096 mandaverimus
1935 1065 2016 1104 quod
2041 1065 2204 1104 Apportum
2219 1068 2332 1105 aliquod

1269 1101 1425 1132 nullatenus
1441 1103 1586 1142 faceretis,
1603 1104 1649 1134 seu
1668 1105 1813 1134 mitteretis
1827 1112 1926 1135 contra
1940 1104 2065 1135 formam
2082 1105 2182 1135 Statuti
2197 1106 2229 1136 ὃς
2247 1105 2334 1135 Man-

1269 1139 1402 1170 datorum
1423 1141 1587 1173 nostrorum
1607 1142 1828 1180 praedidiorum,
1847 1142 1885 1173 set
1908 1143 1988 1180 quod
2012 1143 2174 1181 Apportum
2196 1143 2263 1174 illud
2283 1144 2334 1174 sub

1270 1178 1343 1222 salva
1359 1179 1392 1209 &
1405 1180 1500 1210 secura
1515 1180 1675 1219 Custodia,
1693 1182 1722 1210 in
1737 1180 1878 1218 Depofito
1894 1189 1977 1218 penes
1990 1192 2060 1220 vos,
2078 1182 2180 1220 absque
2200 1192 2236 1212 eo
2256 1182 2335 1219 quod

1272 1226 1426 1255 quicquam
1441 1219 1508 1248 inde
1524 1228 1667 1257 caperetur
1682 1229 1736 1249 nec
1751 1220 1947 1257 elongaretur,
1965 1221 2111 1258 quousque
2126 1220 2200 1251 aliud
2212 1230 2229 1251 a
2253 1220 2337 1250 nobis

1270 1255 1409 1287 haberetis
1422 1257 1451 1286 in
1466 1258 1604 1288 mandatis
1612 1281 1621 1296 ,
1640 1257 1818 1295 detineretis,

1310 1294 1356 1325 Ac
1366 1295 1425 1333 jam
1441 1297 1523 1326 nobis
1536 1298 1584 1335 iit,
1602 1306 1637 1326 ex
1651 1296 1791 1336 fidedigna
1806 1295 1957 1334 relatione,
1973 1297 2132 1327 intimatum
2146 1297 2225 1335 quod
2242 1306 2314 1335 vos,

1311 1332 1416 1370 Spretis
1431 1333 1577 1373 Ligcantia
1591 1334 1686 1365 vestra
1698 1344 1731 1365 ac
1748 1334 1891 1365 Mandatis
1907 1334 2008 1365 nostris
2022 1334 2197 1373 supradietis,
2215 1336 2248 1366 &
2269 1334 2339 1366 Poe-

1274 1381 1341 1401 nam
1359 1372 1554 1404 Forisfactnrae
1571 1374 1714 1413 praedietae
1727 1384 1787 1404 non
1801 1375 1948 1411 timentes,

1311 1410 1345 1440 N
1348 1412 1474 1441 onnullas
1497 1413 1531 1443 &
1562 1412 1682 1450 Magnas
1711 1412 1900 1443 Pecuniarum
1928 1411 2057 1442 Summas
2083 1411 2118 1442 ad
2149 1411 2234 1442 dictas
2252 1420 2343 1449 partes

1274 1448 1501 1487 Transmarinas,
1518 1452 1576 1481 tizm
1591 1461 1641 1489 per
1662 1451 1840 1482 Mercatores
1857 1450 2029 1489 Extraneos,
2045 1450 2116 1480 infra
2134 1449 2270 1488 Regnum
2290 1460 2345 1480 no-

1272 1485 1365 1517 strum
1384 1489 1593 1526 conversantes,
1619 1490 1653 1520 &
1671 1490 1728 1519 aliis
1749 1489 1856 1527 modis,
1879 1489 1942 1519 ausu
1956 1490 2105 1519 temerario
2141 1490 2254 1519 mittere
2273 1488 2341 1518 hac-

1279 1534 1359 1593 {ienus
1392 1527 1602 1565 praesumpsistis
1616 1551 1627 1566 ,
1660 1528 1874 1559 ForisfaCturam
1904 1527 2062 1567 hujusmodi
2082 1512 2172 1558 taliter
2196 1528 2344 1558 incurren-

1299 1574 1319 1594 0
1335 1586 1345 1601 ³

1314 1602 1361 1632 Ac
1376 1602 1481 1633 Terras
1498 1605 1531 1634 ὃς
1553 1602 1742 1635 Poffeffiones
1761 1604 1916 1642 Hospitalis
1936 1603 2101 1642 supradicti,
2119 1613 2184 1643 quae
2201 1612 2251 1642 per
2272 1603 2345 1635 Pro-

1276 1642 1417 1680 genitores
1435 1641 1561 1679 nostros,
1580 1642 1727 1680 quondam
1748 1643 1842 1682 Reges
1865 1643 1992 1682 Angliae,
2017 1644 2051 1674 &
2071 1643 2139 1674 alios
2160 1643 2344 1680 Donatores,

1276 1679 1311 1710 ad
1333 1678 1563 1711 sustentationem
1584 1680 1781 1711 Cantariarum
1803 1683 1836 1713 δε
1858 1681 2118 1719 Eleemosmarum,
2142 1691 2197 1720 pro
2220 1681 2346 1718 ipsorum

1279 1719 1437 1749 Animabus
1453 1720 1487 1750 &
1500 1719 1622 1750 aliorum
1640 1719 1796 1757 Fidelium‚
1816 1720 1862 1757 pie
1875 1718 1999 1750 Collatae
2014 1719 2145 1758 fuerunt,
2164 1730 2213 1759 per
2227 1720 2348 1760 Recog-

1280 1758 1403 1788 nitiones
1418 1758 1451 1788 &
1467 1758 1529 1787 alias
1545 1757 1766 1797 Submiffiones,
1783 1758 1909 1788 indebite
1922 1757 2095 1826 oblisgando,

1317 1794 1356 1826 Et
1376 1795 1456 1826 Bona
1474 1796 1625 1835 Hospitalis
1643 1797 1730 1834 illius,
1757 1807 1821 1835 quae
1840 1797 1869 1826 in
1891 1795 1975 1827 defen
1987 1806 2084 1827 ionem
2107 1795 2219 1834 Regni,
2246 1804 2348 1828 contra

1280 1834 1395 1865 hostiles
1409 1835 1640 1875 Alienigenarum
1654 1835 1798 1874 Incursus,
1815 1836 1871 1865 una
1886 1845 1954 1866 cum
1969 1836 2076 1865 caeteris
2089 1835 2172 1872 ipfius
2186 1834 2284 1873 Regni
2301 1835 2348 1865 Fi-

1281 1873 1404 1942 fielibusi,
1429 1875 1458 1904 in
1478 1874 1590 1905 cunctis
1610 1873 1775 1905 neceffitatis
1797 1874 1936 1912 articulis,
1961 1882 2106 1911 exponere
2128 1873 2282 1912 tenemini,
2300 1873 2351 1904 de-

1309 1922 1376 1942 ruen
1397 1923 1435 1951 o,

1319 1950 1413 1981 Unde
1427 1951 1585 1989 plurimum
1599 1952 1822 1989 conturbamur,
1836 1960 1890 1981 nec
1904 1951 2052 1981 immerito
2061 1950 2111 1988 ,&
2124 1950 2252 1980 intimius
2267 1959 2351 1981 com-

1282 1999 1455 2029 movemur,
1473 1990 1626 2028 praesertim
1641 2000 1709 2021 cum
1721 1990 1829 2021 faenum
1844 1989 1970 2020 vestrum
1988 1990 2017 2019 in
2034 1989 2087 2019 hac
2101 1995 2195 2028 parte,
2212 1990 2240 2018 in
2263 1988 2352 2019 nostri

1281 2037 1315 2058 ac
1336 2028 1542 2059 Mandatorum
1564 2029 1726 2059 nostrorum
1748 2028 1949 2067 praedictorum
1972 2027 2187 2064 Contemptum
2207 2027 2242 2057 δε
2255 2027 2355 2057 Dede—

1283 2076 1350 2135 ἓυε,
1375 2067 1409 2098 &
1431 2067 1499 2098 dieti
1517 2067 1618 2098 Statuti
1640 2069 1851 2099 enervationem
1866 2090 1876 2106 ,
1903 2066 2032 2097 noscatur
2054 2064 2227 2096 manifestius
2248 2065 2351 2097 redun-

1304 2115 1357 2135 are.

1321 2143 1467 2174 Nolentes
1489 2145 1571 2183 igitur
1593 2144 1735 2186 praemiffa
1754 2143 1805 2175 sub
1825 2142 2056 2174 Diffimulatione
2078 2142 2215 2180 impunita
2236 2141 2351 2172 ulterius

1284 2183 1463 2221 pertransire,
1484 2184 1584 2222 vobis,
1604 2185 1632 2214 in
1657 2183 1726 2213 Fide
1746 2183 1778 2213 &
1800 2182 1945 2222 Ligeantid
1965 2181 2121 2220 praediecis,
2140 2190 2194 2211 nec
2218 2189 2279 2210 non
2301 2180 2352 2211 sub

1282 2221 1459 2252 forisfactura
1472 2223 1604 2252 omnium
1613 2245 1623 2261 ,
1642 2232 1705 2260 quae
1719 2223 1748 2252 in
1762 2221 1870 2259 Regno
1883 2220 1999 2259 nostrO,
2014 2221 2047 2251 &
2062 2219 2129 2250 alibi
2143 2219 2194 2250 sub
2209 2218 2352 2248 Dominio

1284 2259 1401 2298 nostro,
1419 2260 1570 2299 haberetis,
1588 2262 1622 2292 &
1645 2262 1724 2298 Qae
1746 2261 1832 2290 nobis
1849 2259 2011 2290 forisfacere
2033 2259 2174 2297 poteritis,
2200 2257 2354 2287 districtius

1283 2298 1445 2329 inhibemus
1464 2300 1519 2337 ne,
1537 2299 1573 2330 de
1594 2307 1714 2337 caetero,
1732 2298 1895 2338 Apportum
1913 2297 2098 2336 aliquod,seu
2116 2295 2260 2335 Censum,
2278 2303 2355 2327 extra

1286 2336 1421 2376 Regnum
1435 2337 1567 2368 nostrum
1581 2337 1616 2368 ad
1630 2338 1732 2376 aliquas
1744 2345 1831 2375 partes
1845 2336 1976 2374 Exteras,
1994 2345 2044 2374 per
2062 2334 2238 2366 Mercatores
2256 2334 2354 2366 Extra-

1285 2385 1372 2414 neOS,
1389 2376 1435 2406 seu
1457 2376 1524 2406 alios
1547 2376 1761 2414 quoscumque,
1779 2376 1878 2407 colore
1898 2375 2168 2412 Recognitionum,
2193 2373 2355 2413 Obligatio-

1285 2423 1374 2452 num,
1392 2414 1437 2444 seu
1450 2413 1678 2444 Submiffionum
1691 2413 1868 2453 hujusmodi,
1885 2413 1932 2445 vel
1945 2414 2046 2451 quovis
2061 2412 2116 2443 alio
2129 2412 2240 2443 Colore
2256 2413 2355 2450 exqui-

1287 2453 1366 2522 fito,i
1377 2453 1453 2521 cflam
1470 2453 1514 2484 vel
1528 2453 1638 2491 palam,
1658 2452 1727 2484 Arte
1741 2453 1787 2484 vel
1807 2452 1945 2493 Ingenio,
1961 2450 2130 2492 praesumatis
2151 2450 2356 2488 transmittere,

1299 2502 1333 2522 eu
1369 2502 1384 2521 e
1397 2501 1474 2522 erre:

1325 2530 1451 2560 Scientes
1467 2529 1566 2568 quod,
1584 2530 1603 2560 fi
1617 2530 1773 2569 quicquam
1787 2536 1890 2560 contra
1901 2527 2067 2567 praesentem
2082 2526 2289 2558 Inhibitionem
2302 2536 2356 2558 no-

1289 2568 1374 2599 stram
1397 2577 1562 2605 attemptare
1584 2578 1635 2599 vos
1656 2568 1822 2607 praesurnere
1834 2569 1997 2606 contingat,
2017 2567 2140 2605 Terras,
2158 2566 2357 2604 Tenementa,

1290 2607 1382 2644 Bona,
1401 2609 1435 2638 ὃς
1458 2607 1566 2637 Catalla
1585 2606 1707 2645 ejusdem
1730 2606 1900 2645 Hospitalis,
1918 2607 1947 2636 in
1970 2605 2094 2636 Manum
2117 2604 2242 2635 nostram
2258 2605 2338 2634 seifiri

1290 2647 1323 2676 &
1336 2647 1393 2676 tam
1409 2645 1582 2684 Pecuniam,
1595 2647 1656 2684 jam
1669 2645 1702 2676 ad
1717 2644 1805 2676 dietas
1828 2653 1918 2683 partes
1938 2644 2068 2682 missam,
2087 2645 2173 2682 quam
2193 2652 2242 2680 per
2259 2652 2314 2675 vos
2333 2627 2355 2663 ²³3
2377 2644 2391 2662 ⁶
2410 2646 2461 2675 lv.

1290 2684 1478 2723 mittendam,
1498 2695 1562 2723 quae
1577 2684 1611 2714 ad
1626 2695 1697 2723 nos,
1715 2691 1850 2722 praetextu
1873 2684 1974 2714 Statuti
1992 2682 2138 2721 praediffl,
2156 2682 2294 2719 pertinere
2316 2679 2359 2711 di-
2377 2692 2442 2720 790.

1290 2723 1429 2760 noscitur,
1447 2723 1532 2753 levari
1545 2723 1579 2753 ad
1593 2733 1665 2763 opus
1680 2722 1811 2753 nostrum
1825 2722 1978 2759 faciemus,

1327 2761 1366 2793 Et
1386 2761 1589 2792 nichilominus
1610 2763 1710 2800 vobis,
1728 2760 1855 2791 distriffie
1878 2759 2069 2799 inJunoendo‚
2086 2757 2251 2789 mandamus
2277 2756 2359 2796 qued

1292 2799 1363 2848 fitis,
1381 2801 1410 2831 in
1423 2799 1544 2838 Propria
1556 2800 1677 2831 Persona
1691 2798 1800 2837 vestra,
1818 2809 1916 2829 coram
1934 2783 2034 2828 hfobis
2050 2798 2083 2828 &
2098 2796 2235 2827 Concilio
2250 2795 2360 2834 nostro,

1290 2840 1321 2869 in
1335 2838 1469 2869 Crastino
1481 2839 1577 2869 Sanffi
1593 2838 1728 2876 Martini,
1744 2838 1880 2876 proximo
1896 2837 2010 2875 futuro,
2023 2836 2139 2866 ubicum
2162 2845 2198 2865 ue
2213 2843 2283 2865 tunc
2298 2835 2360 2865 fue-

1292 2879 1380 2908 rimus
1395 2901 1404 2916 ,
1427 2877 1461 2907 ad
1484 2876 1710 2920 respondendum
1729 2876 1811 2906 nobis
1832 2875 1869 2906 de
1890 2874 2071 2913 Contemptu
2086 2874 2125 2905 v(Sc
2161 2872 2358 2911 nobedientia‚

1293 2917 1376 2947 nobis
1390 2925 1439 2954 per
1454 2926 1506 2946 vos
1522 2919 1558 2946 i1c
1575 2915 1669 2953 fastis,

1331 2954 1401 2985 Nec
1416 2964 1475 2983 non
1492 2954 1527 2984 ad
1541 2953 1754 2984 informandum
1768 2952 1894 2990 Nos,&
1907 2951 2020 2983 distum
2035 2950 2204 2982 Concilium
2217 2949 2360 2988 nostrum,

1289 2994 1367 3033 juxta
1383 2993 1536 3032 Ligeantiae
1552 2992 1653 3022 vestrae
1667 2992 1814 3030 debitum,
1831 2992 1869 3022 de
1882 2991 2007 3022 Summis
2022 2991 2091 3028 illis,
2110 3000 2176 3028 quas
2191 2989 2228 3019 fic
2241 2988 2275 3018 ad
2297 2995 2359 3026 par-

1293 3040 1335 3063 tes
1350 3031 1495 3069 praedietas
1510 3030 1636 3068 misistis,
1654 3032 1688 3062 &
1705 3031 1851 3070 Qaliter,
1870 3031 1904 3062 &
1921 3028 2107 3098 (ἦροῐηοάο,

1330 3070 1369 3101 Et
1392 3069 1427 3100 ad
1448 3069 1610 3100 faciendum
1629 3069 1744 3100 ulterius
1763 3071 1797 3101 ὅ(
1817 3069 1942 3106 recipien
1963 3077 2013 3098 um
2035 3065 2115 3105 quod
2136 3075 2186 3103 per
2204 3063 2273 3094 Nos
2290 3086 2300 3102 ,
2323 3063 2358 3095 δε

1295 3108 1464 3139 Concilium
1485 3107 1632 3147 nostrum,
1649 3107 1744 3138 habita
1764 3107 1988 3138 consideratione
2007 3105 2041 3135 ad
2058 3111 2154 3148 ‚tantos
2164 3101 2360 3141 Contemptus

1301 3148 1336 3179 &
1355 3146 1599 3184 Inobedientiam,
1617 3146 1739 3176 ordinari
1754 3147 1834 3176 conti
1854 3146 1905 3175 erit
1921 3146 1951 3174 in
1966 3142 2123 3182 praemiffis:
2226 3180 2230 3185 ι
2285 3180 2291 3185 ⁶

1332 3185 1370 3216 Et
1385 3185 1460 3224 hoc,
1478 3185 1527 3215 sub
1544 3185 1722 3215 incumbenti
1735 3185 1819 3215 etiarn
1859 3183 1984 3220 ericulo,
2002 3181 2156 3212 nullatenus
2169 3186 2321 3211 omittatis:

1334 3224 1371 3255 Et
1384 3223 1506 3254 habeatis
1520 3224 1561 3253 ibi
1576 3224 1634 3253 hoc
1648 3222 1755 3261 Breve,
2215 3257 2219 3262 ,
2298 3256 2313 3261 ..

1333 3261 1423 3294 Teste
1436 3262 1519 3302 Rege
1534 3261 1608 3301 apud
1621 3260 1928 3297 Westmonasterium,
1946 3257 2081 3290 vicesimo
2095 3258 2179 3288 tertio
2192 3255 2238 3286 die
2246 3256 2323 3295 Juhl.

1776 3339 1829 3367 Per
1844 3334 1925 3375 ipst'tm
1938 3337 2035 3372 Regem
2048 3333 2086 3369 ό·
2102 3332 2254 3364 Concilium.

1377 3474 1437 3505 Pro
1458 3468 1588 3516 lfhbella
1605 3473 1739 3503 Domina
1758 3467 1793 3501 de
1808 3469 1903 3500 Mota
1915 3493 1924 3509 ‚
1948 3465 1984 3498 de
2000 3467 2118 3498 Favore
2139 3463 2287 3508 Gratiosb.
2344 3486 2347 3488 >

1301 3555 1432 3614 REX,
1460 3553 1580 3585 Dilecto
1602 3552 1720 3584 Clerico
1744 3551 1861 3590 nostro,
1886 3550 2022 3581 Roberto
2042 3548 2078 3579 de
2098 3547 2267 3586 Wardecop
2286 3547 2365 3581 Salu-
2379 3540 2508 3621 2311131‘13-712a

1342 3604 1451 3672 Litgg’,
1478 3630 1642 3670 quibusdam
1661 3631 1743 3662 certis
1760 3628 1796 3658 de
1817 3627 1919 3664 Caufis,
1943 3625 2171 3669 assignaverimus
2190 3635 2244 3656 vos
2263 3625 2298 3657 ad
2319 3636 2365 3657 ca-
2378 3624 2430 3649 An.
2452 3606 2494 3651 ¹1⁸„

1302 3672 1439 3710 piendum
1456 3672 1490 3702 &
1504 3670 1667 3701 seifiendum
1681 3670 1709 3698 in
1726 3666 1849 3697 Manum
1865 3665 1990 3696 nostram
2004 3673 2105 3695 omnes
2119 3663 2275 3703 Prioratus,
2288 3664 2362 3695 Ter-
2380 3664 2407 3686 E·
2431 3670 2457 3697 3.

1302 3721 1345 3742 ras
1358 3735 1367 3749 ,
1398 3710 1578 3741 Tenementa
1591 3731 1601 3747 ,
1631 3705 1817 3737 Poffeffiones
1834 3728 1844 3743 ,
1867 3704 1946 3734 Bona
1966 3705 2000 3734 &
2022 3701 2128 3733 Cataua
2148 3712 2338 3747 quaecumque
2354 3729 2363 3742 Ἴ
2378 3699 2508 3734 Claofflrr.

1302 3749 1446 3780 Omnium
1462 3747 1658 3783 Gallicorum,
1676 3747 1710 3776 ὃς
1723 3744 1843 3774 aliorum
1856 3743 1891 3772 de
1906 3741 2047 3772 Potestate
2060 3741 2093 3771 ὅ(
2109 3739 2254 3772 Dommio
2274 3741 2365 3780 Regis
2380 3742 2409 3764 E.
2421 3745 2476 3775 Ξ-Ρ-
2487 3745 2509 3764 1·

1303 3788 1328 3818 F
1329 3788 1431 3818 ranciae
1467 3786 1526 3816 tam
1542 3784 1714 3815 Secularium
1723 3807 1732 3820 ,
1746 3783 1833 3820 quam
1849 3780 2061 3818 Religiosorum
2070 3802 2079 3818 ,
2092 3779 2293 3818 cujuscumque
2306 3781 2367 3812 Sta·
2379 3786 2414 3803 m·
2432 3786 2456 3802 2-

1304 3826 1352 3858 tfis
1367 3826 1413 3856 seu
1427 3809 1609 3855 Conditionis
1630 3821 1795 3858 existerent,
1813 3821 1843 3849 in
1863 3818 2012 3862 Comitatu
2032 3817 2178 3862 Suffolciae
2201 3818 2312 3855 (Terris
2333 3822 2366 3852 ὃς

1304 3865 1390 3896 Bonis
1405 3863 1571 3894 Hominum
1586 3860 1736 3891 Britanniae
1746 3859 1890 3889 dumtaxat
1902 3856 2035 3895 exceptis)
2053 3864 2136 3894 prout
2151 3867 2179 3886 m
2192 3857 2294 3888 Literis
2316 3869 2370 3888 no-

1306 3903 1367 3935 stris
1378 3901 1558 3938 Parentibus,
1574 3898 1642 3929 inde
1658 3898 1798 3929 confeffis
1808 3922 1816 3933 ,
1835 3896 1945 3934 plenius
1959 3897 2138 3933 continetur,

1344 3941 1387 3973 Ita
1406 3939 1487 3979 quod
1510 3938 1546 3983 d.‘³
1566 3937 1872 3982 ErddbusTerrarum
1888 3934 2202 4003 ⁸&ersl'eneltgiaetunltorutn
2223 3934 2375 3973 praedieto-

1307 3974 2053 4054 ruvglggtgogitsnffg’Cgiffigaflsssfiorssffgisffabpffigm
2067 3997 2230 4043 Dominam
2248 4010 2283 4041 de
2303 4008 2376 4040 Mo-

1308 4066 1335 4090 ta
1349 4081 1428 4136 'Qae
1448 4095 1479 4127 in
1499 4092 1649 4126 Comitin
1667 4090 1908 4169 JohannaeZF3iliae
1932 4089 2038 4121 nostrae
2050 4089 2128 4122 canss'
2129 4098 2214 4126 imae,
2229 4087 2263 4118 δε
2277 4085 2380 4154 Masi}
