2562 4279
83 154 160 187 Ann.
174 153 216 185 D.

86 202 200 261 1553:

87 2189 162 2220 Anti.
179 2186 218 2217 D.

106 2236 189 2265 1319.

86 2271 141 2295 Aa.
158 2275 201 2293 12.

86 2309 117 2332 E.
133 2314 156 2331 2.

86 2347 158 2369 Rom.
184 2341 217 2374 (ἂν

88 2385 130 2408 Fr.
159 2389 201 2407 12.

87 2424 216 2453 E.2.m.9.

112 2495 197 2521 *HL

107 2541 174 2568 759·

97 3292 220 3326 AnnD.

117 3342 199 3371 1319.

97 3377 149 3399 An.
166 3382 206 3399 12.

98 3415 130 3437 E.
149 3420 174 3438 2.

98 3452 157 3477 ΡΜ.
182 3458 223 3475 12.

100 3490 129 3513 Ε.
149 3496 174 3513 2.
188 3493 212 3523 ρ.

103 3533 129 3552 2.
145 3534 179 3553 m.
192 3523 233 3552 18.

235 80 313 123 170

233 154 346 193 publice
366 152 551 193 proclamari,
567 151 601 182 &
619 158 652 180 ex
671 147 860 187 parte'nostra
876 147 992 178 firmiter
1007 146 1146 185 inhiberi,
1164 155 1200 176 ne
1217 145 1294 184 qun,

234 193 359 230 Comes,
374 193 460 229 Baro,
483 190 586 227 Miles,
607 188 650 218 seu
663 188 727 217 alius
749 188 921 225 quicumque
938 185 1041 216 Homo
1057 185 1092 216 ad
1110 185 1214 221 Arma,
1239 191 1297 214 tur-

233 242 331 270 neate,
345 231 491 267 burdeare,
503 227 586 266 justas
599 227 708 263 fac-ere,
723 233 865 255 aventuras
883 235 1004 263 quaerere
1013 223 1075 262 ,seu
1091 224 1140 254 alia
1155 223 1229 253 faeta
1244 222 1299 252 Ar-

235 279 348 300 morum
364 276 508 299 excercere
523 264 698 304 praesumeret
707 286 717 302 ,
730 264 779 294 nisi
798 273 850 302 pro
865 263 1045 302 expeditione
1059 261 1179 293 Guerrae
1194 259 1296 291 nostrae

278 317 360 338 otiae·

237 308 322 377 scAc
336 329 397 382 jz’im
414 342 626 373 intellexerimus
641 339 719 378 quiid
731 339 869 379 quidam,
889 339 925 370 ad
945 339 1131 371 torneandum
1152 336 1300 381 &jusian-

238 384 308 414 dum
323 381 395 419 apud
411 380 616 417 Dunelmiam,
631 378 702 409 infra
722 378 892 410 Libertatem
910 377 1091 419 Episcopatus
1109 376 1255 421 przedicjti,
1270 386 1299 406 in

238 421 373 460 proximo
390 419 450 450 sunt
469 418 577 449 venturi
599 440 609 456 ‚
642 426 741 448 contra
758 416 1015 448 Proclamationem
1046 418 1079 448 δε
1097 415 1299 446 Inhibitionem

238 459 401 498 praedidtas,
419 457 494 488 unde
513 456 670 495 plurimum
688 457 903 487 conturbamur:
1265 491 1270 496 ⁵

278 495 367 527 Vobis
385 494 550 526 mandamus
562 517 572 533 ,
596 493 711 525 firmiter
727 495 918 533 injungentes,
943 492 1022 533 quod
1040 495 1069 524 in
1086 491 1199 530 singulis
1214 491 1301 535 locis,

238 534 308 566 infra
331 533 532 572 Episcopatum
554 533 739 572 praedicstum,
757 534 805 564 ubi
823 533 953 571 expedire
969 532 1110 570 videritis,
1127 532 1235 574 faciatis
1249 539 1301 566 pu-

238 574 313 604 blice
326 572 510 612 proclamari,
528 572 562 603 δε
578 581 612 602 ex
631 580 706 612 parte
724 571 818 602 nostrii
831 571 945 602 firmiter
962 571 1145 608 inhiberi,ne
1159 567 1302 607 quis,Co-

238 621 316 651 mes,
334 611 407 642 Baro
421 634 431 649 ,
461 610 548 641 Miles
560 634 569 649 ,
597 610 642 641 seu
658 611 723 641 alius
741 611 914 649 quicumque
930 609 1033 640 Homo
1049 610 1083 639 ad
1101 608 1207 645 Arma,
1225 605 1301 651 apud

238 650 349 682 dullum
369 649 484 680 Locum
501 648 683 687 Dunelmiae,
699 649 745 680 seu
762 649 827 680 alibi
844 649 912 680 infra
932 649 1103 679 Libertatem
1119 645 1302 684 Episcopatus

239 688 367 727 praediffl
376 711 386 726 ,
405 697 530 718 tumeare
540 711 550 726 ,
569 687 719 727 bardenie,
733 687 816 726 justas
834 687 942 725 facere,
956 694 1095 717 aventuras
1112 694 1235 728 quaerere
1242 682 1302 722 ,seu

236 728 289 757 alia
308 727 382 757 faeta
400 727 557 757 Armorum
579 735 727 757 excercere
742 726 904 766 praesumat,
918 735 973 764 pro
987 725 1078 763 aliquo
1096 723 1168 762 alio,
1180 722 1232 754 nisi
1246 730 1301 761 pro

238 766 282 797 Ex
303 765 427 796 editione
443 765 560 796 Guerrae
578 765 748 802 supradictae.

302 813 331 843 t,
347 804 366 834 si
384 813 470 842 quos,
486 812 584 835 contra
600 803 859 834 Proclamationem
884 803 916 834 &
940 801 1142 844 Inhibitionern
1159 797 1301 842 hujusmo-

236 842 282 882 di,
300 843 372 873 infra
393 843 564 873 Libertatem
586 842 751 881 praediCtam
769 865 778 880 ,
812 841 968 871 inveneritis
993 848 1131 870 contraria
1156 838 1302 874 facientes,

234 891 303 913 tunc
326 891 391 920 eOS,
406 891 453 919 per
474 891 574 912 eorum
589 891 728 921 corpora,
747 880 912 918 attachietis,
930 879 962 910 &
980 879 1009 908 in
1027 876 1143 920 Prisonfi
1156 875 1232 907 salvo
1251 885 1302 905 cu-

237 919 335 950 stodiri
349 920 471 958 faciatis,
486 919 647 957 quousque,
661 919 726 949 inde
744 919 882 960 certio-rati
897 941 906 955 ,
931 916 1040 947 ulterius
1062 916 1197 946 faciamus
1223 912 1301 952 quod

236 958 274 988 de
292 957 430 989 Concilio
445 958 541 988 nostro
561 958 621 988 sore
644 957 798 988 viderimus
821 955 998 988 iaciendum:
1020 956 1054 986 ὃ(
1075 955 1132 985 hoc
1151 952 1302 984 nullatenus

235 1005 377 1027 omittatis.

271 1035 360 1066 Teste
378 1034 457 1075 Rege
474 1034 546 1073 apud
564 1033 709 1073 Eborum,
727 1034 843 1066 decimo
859 1034 957 1074 quinto
975 1032 1022 1063 die
1040 1031 1190 1062 Februarii.

978 1085 1031 1112 Per
1050 1079 1198 1120 confilium.

259 1208 319 1242 Ad
334 1211 467 1255 Papam,
487 1208 524 1242 a'e
543 1209 661 1242 licentia
678 1207 816 1254 faciendi
835 1211 980 1255 Pariagia
1003 1219 1072 1240 cum
1092 1206 1226 1241 Praelatis
1247 1208 1279 1239 in

580 1261 752 1304 Aquitanicr
769 1256 960 1290 concedenda.

209 1368 218 1376 .
237 1341 363 1398 REX
368 1343 558 1412 iqVenerabili
580 1344 609 1373 in
634 1341 753 1373 Christo
773 1342 869 1382 Patri,
886 1341 923 1373 A.
941 1341 1043 1373 eidem
1061 1340 1167 1381 gratia,
1183 1339 1303 1379 Episco-

332 1393 351 1413 ο
402 1381 584 1420 erefordensi,
603 1381 725 1412 salutem.

273 1421 467 1458 Volumus‚&
483 1420 563 1450 vobis
582 1420 747 1451 mandamus
785 1419 846 1450 uod
863 1420 932 1451 inter
950 1428 1050 1451 caetera
1070 1419 1182 1459 negotia
1194 1417 1304 1455 nostra,

238 1461 320 1492 vobis
335 1460 368 1490 &
382 1458 472 1489 Sociis
489 1457 585 1489 vestris
602 1459 741 1497 injuntsta,
791 1459 893 1489 omino
911 1458 1035 1490 Summo
1059 1456 1194 1488 Pontifici
1214 1465 1302 1494 expo-

210 1523 216 1529 .
238 1499 346 1536 nenda,
363 1498 510 1535 ipsum,ex
524 1505 600 1535 parte
617 1496 729 1535 nostrii,
744 1506 814 1528 cum
831 1496 962 1528 instantia
979 1498 1133 1542 requiratiS,
1150 1504 1181 1526 ut
1202 1493 1305 1526 Praela-

239 1539 275 1570 tis
287 1538 321 1569 ὅ(
336 1535 548 1574 Conventibus,
566 1536 598 1565 in
616 1535 731 1566 Ducatu
749 1534 847 1566 nostro
866 1536 1044 1575 Aquitaniae,
1068 1534 1189 1566 faciendi
1208 1534 1305 1564 nobis-

210 1599 217 1606 .
238 1586 307 1608 cum
326 1575 482 1606 voluntaria
496 1574 640 1618 pariagia,
652 1575 686 1605 δε
703 1576 920 1613 permutationes
937 1575 1045 1606 ibidem
1060 1597 1071 1613 ,
1091 1573 1234 1605 licentiam
1250 1571 1304 1603 suae

237 1613 397 1648 concedere
414 1613 480 1644 velit
497 1611 662 1644 Sanffimns.

275 1653 322 1684 Ad
339 1653 419 1690 haec,
438 1651 626 1689 petitionem,
647 1662 699 1690 pro
717 1650 859 1689 Magistro
876 1651 962 1683 Petro
985 1651 1134 1690 Bernardi,
1151 1649 1305 1682 Canonico

234 1690 444 1729 Burdegalenii,
462 1700 494 1721 ac
512 1689 682 1734 Consiliario
701 1690 796 1721 nosti-o
815 1690 938 1729 ibidem,
962 1691 995 1722 &
1014 1690 1155 1734 Magistro
1173 1689 1302 1733 Augerio

233 1730 351 1770 Jordani
371 1729 423 1767 (de
442 1728 664 1760 Canonicatibus
681 1730 714 1760 &
732 1727 892 1760 Praebendis
915 1731 944 1759 in
969 1729 1106 1767 aliquibus
1130 1727 1305 1759 Cathedrah-

238 1771 289 1800 bus
306 1768 438 1799 Ecclefiis
463 1791 474 1806 ,
510 1768 539 1798 in
557 1767 709 1798 Provincia
725 1766 917 1805 Burdegalensi
941 1778 989 1806 per
1013 1767 1123 1798 didium
1143 1766 1306 1797 Dominum

239 1807 394 1838 Summum
413 1805 583 1837 Pontificem
601 1805 778 1844 providendis
793 1805 802 1843 )
831 1807 912 1836 vobis
937 1806 1154 1843 comendamu53
1173 1804 1309 1835 mandan-

239 1854 280 1877 tes
295 1845 695 1913 qugtinm'propexpffimone
714 1843 858 1913 Ptgtitioniss
875 1845 962 1914 figitis,
973 1844 1178 1914 erg-irissffigitcllssm
1197 1842 1307 1875 Domi-

238 1894 310 1916 num
349 1893 479 1914 ummum
522 1894 560 1914 on
605 1894 671 1914 cem
690 1893 725 1914 cu
774 1893 845 1913 ornn
874 1893 890 1913 e
925 1893 1003 1913 cacia
1015 1895 1025 1914 1
1092 1897 1095 1901 Δ
1142 1905 1148 1911 .

277 1922 366 1954 Teste
379 1922 461 1960 Rege
475 1921 549 1960 apud
563 1921 711 1961 Eborum,
735 1921 830 1960 primo
844 1921 892 1952 die
907 1921 1015 1953 Martii.

287 2048 346 2082 Ad
360 2050 475 2095 Papam
487 2075 496 2091 ,
510 2058 565 2094 pro
588 2048 707 2081 licentia
725 2045 852 2081 habendi
876 2047 1057 2081 Traffltum
1080 2058 1149 2080 cum
1167 2048 1262 2081 Scotis

554 2109 697 2145 quamvls
713 2106 991 2130 excommunicans·

242 2182 346 2245 PAP
356 2181 397 2213 AE
414 2183 477 2214 Rex
495 2182 596 2213 devota
612 2182 716 2221 pedum
730 2182 824 2214 oscula
837 2183 995 2214 beatorum.

325 2221 406 2252 Pater
426 2221 544 2259 Sandie,
562 2230 591 2251 ut
609 2222 689 2251 nobis
708 2221 749 2252 est
767 2223 885 2252 relatum
901 2223 931 2251 in
944 2221 1069 2258 secret0,
1082 2219 1257 2260 quamplures
1270 2220 1307 2251 de

241 2259 351 2299 Scotis,
370 2260 496 2291 Inimicis
513 2261 547 2290 &
567 2259 730 2290 Rebellibus
748 2259 947 2297 nostris,super
966 2259 1041 2290 Pace
1060 2259 1123 2297 sui,
1135 2259 1168 2289 &
1184 2258 1308 2289 Benivo-

239 2298 323 2329 lentia
340 2298 432 2328 nostrii
454 2298 634 2336 procurandis
651 2321 661 2336 ,
679 2298 793 2328 trafflire
811 2297 962 2328 desiderant
977 2321 987 2336 ,
1014 2297 1159 2328 afferentes
1172 2319 1181 2333 ,
1207 2305 1308 2334 praeter

239 2337 362 2374 ipsorum
382 2338 524 2375 quietern,
544 2336 637 2366 nostra
656 2336 823 2367 Commoda
843 2337 876 2367 ὃς
894 2335 1030 2366 Honores
1054 2336 1085 2364 in
1115 2335 1219 2365 eisdem
1237 2345 1306 2374 pro-

239 2385 339 2406 curari.

274 2413 384 2443 Verum
403 2414 467 2450 quia
481 2436 490 2451 ,
515 2412 662 2443 obsistente
676 2412 813 2443 Sententizi
832 2411 1146 2443 Excommunicationis
1161 2434 1171 2449 ,
1187 2411 1242 2459 qua
1259 2422 1306 2443 au-

235 2451 362 2482 &oritate
374 2451 464 2481 vestri
478 2451 596 2481 involuti
611 2452 689 2489 sunt,
701 2452 754 2482 sine
773 2451 870 2481 vestrae
886 2450 1063 2481 Beatitudinis
1079 2450 1224 2488 Licentia,
1235 2460 1303 2481 cum

236 2490 329 2528 aliquo
349 2489 492 2520 mitorum
511 2489 698 2520 Inimicorum
717 2490 874 2520 nostrorum
885 2488 1072 2528 ,&Eccleliae
1090 2488 1201 2520 Sanciae
1218 2489 1306 2519 *Re-

237 2529 371 2567 bellium,
388 2529 600 2558 communicare
618 2538 676 2558 non
694 2528 825 2559 volumus
844 2528 901 2559 ullo
922 2528 1027 2557 modo:

275 2568 423 2605 Sper-amus
442 2568 527 2597 etiam
547 2566 643 2605 quod,
661 2566 836 2597 redeuntibus
853 2567 887 2597 ad
906 2576 1008 2604 pacem
1026 2565 1151 2596 nostram
1168 2566 1304 2604 aliquibus

237 2606 273 2636 de
292 2607 376 2637 dietis
394 2605 539 2642 Inimicis,
554 2604 672 2642 personis
687 2606 834 2643 gravibus,
849 2605 894 2635 alii
914 2606 943 2635 in
960 2605 986 2635 se
1004 2604 1223 2643 dividentur,&
1241 2615 1305 2642 gra-

237 2646 300 2676 vius
315 2645 518 2682 turbabuntur,
533 2643 626 2681 sicque
642 2644 675 2674 ad
694 2644 829 2675 Ecclesia:
854 2644 965 2675 Sandtae
979 2666 990 2682 ,
1020 2644 1052 2674 &
1075 2642 1199 2673 nostram
1224 2643 1306 2675 Obe-

237 2683 372 2714 dientiam
391 2682 498 2713 facilius
513 2690 707 2722 revertentur,

276 2722 418 2752 Sandtitati
435 2720 531 2751 vestrae
549 2721 690 2751 humiliter
712 2720 897 2759 supplicamus
918 2721 1042 2758 quatinus
1060 2719 1194 2751 tractandi
1213 2743 1223 2758 ,
1257 2730 1306 2758 per

238 2770 310 2798 nos,
327 2761 360 2791 &
378 2759 469 2790 fideles
487 2758 613 2798 nostros,
632 2769 665 2789 ac
685 2759 877 2797 componendi
896 2769 966 2789 curn
983 2759 1035 2789 illis
1058 2759 1093 2789 de
1118 2758 1231 2797 Scotii,
1278 2760 1308 2790 ui

238 2799 372 2830 hactenus
391 2807 489 2828 contra
507 2808 558 2828 nos
576 2799 605 2827 in
632 2797 800 2828 Rebellione
824 2796 1021 2836 perstiterunt,
1045 2797 1124 2835 super
1147 2799 1245 2835 praemi
1269 2808 1307 2836 is,

239 2836 317 2868 dieta
334 2836 644 2867 Excommunicationis
661 2836 793 2866 sententis
815 2846 872 2866 non
890 2835 1016 2866 obstante
1030 2857 1039 2873 ,
1062 2836 1206 2866 licentiam
1225 2837 1308 2866 nobis

240 2875 398 2907 concedere
415 2875 591 2913 dignemini,
608 2875 774 2913 Litterasque
794 2874 892 2904 vestrce
908 2874 1088 2905 Beatitudinis
1107 2873 1223 2905 Bullatas
1240 2874 1307 2905 inde

241 2915 324 2944 nobis
341 2937 350 2952 ,
370 2924 418 2952 pei·
443 2913 580 2944 dilefftum
595 2914 628 2944 &
646 2912 759 2943 fidelem
777 2913 906 2944 nostrum
933 2936 942 2951 ,
973 2913 1135 2952 johannem
1153 2913 1188 2944 de
1206 2912 1309 2945 Nevill

241 2953 388 2990 Militem,
404 2962 471 2983 cum
491 2951 666 2982 festinatione
684 2952 856 2990 commoda,
873 2952 892 2982 si
911 2951 1011 2990 libeat,
1028 2951 1172 2982 destinare.

281 2990 436 3023 Conservet
469 2991 531 3022 &c.

321 3029 410 3061 Teste
432 3014 515 3067 Rege
535 3027 607 3066 apud
627 3027 774 3067 Eborum,
792 3029 896 3059 odtavo
909 3028 954 3059 die
969 3027 1077 3059 Martii.

292 3157 395 3188 Lirem
412 3153 602 3203 Obligatoria
614 3156 705 3200 fhper
724 3155 855 3188 Pecunia
878 3162 1038 3196 mutuata,
1059 3152 1263 3198 infallibiliter

637 3207 720 3249 Papae
735 3201 924 3245 restituenda.

242 3288 326 3344 RE
337 3288 368 3319 X
393 3290 546 3326 omnibus,
564 3288 599 3319 ad
613 3298 686 3326 quos
698 3289 756 3319 δίε.
774 3287 895 3317 salutem.

338 3328 488 3359 Noveritis
500 3338 551 3357 nos
566 3350 575 3365 ,
597 3337 644 3364 per
667 3336 763 3357 manus
787 3325 957 3356 Thesaurarii
974 3325 1007 3355 &
1026 3323 1255 3357 Camerariorum
1270 3325 1308 3357 de

241 3367 389 3398 scaccario
404 3366 519 3404 nostro,
532 3365 684 3403 recepiffe,
703 3365 736 3396 &
754 3363 877 3394 habuiffe
894 3374 910 3395 a
928 3362 1088 3394 Venerabili
1106 3363 1186 3393 Patre
1199 3364 1311 3402 J.Lin-

245 3405 379 3436 colniensi
400 3405 560 3443 Episcopo,
734 3441 739 3445 ”
1025 3440 1029 3444 ¹
1053 3439 1058 3444 ι
1086 3438 1094 3445 λ

283 3443 417 3475 Nomine
435 3441 604 3474 Sanctiffimi
623 3442 651 3471 in
670 3439 784 3470 Christo
804 3439 889 3470 Patris
907 3462 916 3477 ,
939 3438 970 3477 J.
990 3438 1099 3469 Divina
1116 3438 1312 3479 Providentia,

248 3480 334 3550 ῗῗρεε
351 3482 478 3513 vicesimi
495 3480 627 3518 secundi,
645 3480 677 3511 ὃς
697 3478 831 3510 Ecclesrae
848 3478 992 3509 Romanae
1007 3500 1016 3516 ,
1046 3487 1079 3507 ex
1104 3478 1185 3508 causa
1203 3480 1311 3517 mutui,

259 3530 277 3549 o
288 3527 368 3549 vente

285 3542 418 3594 Triginta
435 3559 467 3588 &
483 3557 588 3595 septem
605 3557 721 3594 Libras,
737 3556 837 3585 decern
854 3556 887 3585 &
907 3564 1012 3584 novem
1032 3553 1190 3591 solidos,&
1205 3565 1312 3585 novem

250 3595 407 3634 Denarios,
431 3596 580 3634 videlicet,
599 3596 734 3625 vicesimo
752 3603 848 3632 quarto
867 3594 914 3623 die
933 3593 1070 3623 Februarii
1090 3594 1224 3629 proximo
1243 3603 1314 3631 prae-

250 3636 348 3672 terito,
365 3634 401 3664 de
418 3634 529 3664 decimi
546 3634 681 3664 sexannali
699 3632 859 3671 per,felicis
876 3631 1096 3668 recordationis,
1111 3628 1311 3671 Clementem,

252 3681 340 3708 nuper
358 3671 460 3709 Papam
478 3672 638 3710 Qintum,
659 3682 711 3710 pro
730 3671 847 3701 sublidio
866 3669 986 3707 Passagii
1007 3669 1158 3707 generalis,
1182 3679 1231 3707 per
1251 3671 1313 3700 uni-

252 3709 338 3739 versas
356 3709 459 3739 Mundi
476 3719 563 3748 partes
578 3711 736 3748 impositas,
753 3711 782 3739 in
803 3708 940 3739 Concilio
967 3707 1086 3738 Viennae
1098 3730 1107 3746 ,
1133 3707 1163 3737 in
1188 3707 1313 3738 Diocese

254 3746 460 3785 Lincolniensi,
470 3758 517 3785 per
534 3758 646 3785 manuS,
663 3748 759 3778 dilecti
777 3749 858 3777 nobis
876 3748 905 3777 in
924 3745 1038 3777 Christo
1049 3769 1058 3783 ,
1076 3745 1181 3776 Prioris
1199 3746 1312 3777 Sanitie

254 3784 396 3816 Katerinae
413 3794 485 3815 extra
503 3786 700 3824 Lincolniam,
717 3795 780 3816 ante
798 3787 861 3816 haec
881 3795 1005 3824 tempora
1023 3783 1183 3814 Colletfiffis:

267 3861 272 3867 ⁸
290 3822 373 3861 Qios
391 3822 503 3859 quidem
518 3825 632 3861 triginta
649 3826 682 3856 &
695 3825 801 3862 septem
819 3824 917 3854 Libras
931 3847 941 3862 ‚
964 3823 1065 3855 decem
1091 3823 1126 3854 &
1143 3828 1252 3853 novem
1266 3821 1311 3852 so-

254 3860 326 3891 hdos
360 3859 394 3890 &
412 3870 516 3890 novem
535 3861 690 3902 Denarios,
703 3863 841 3894 restituere
857 3863 890 3893 ὅτ
907 3863 1013 3894 solvere
1030 3871 1158 3893 tenemur
1181 3860 1315 3891 infallibi-

254 3899 317 3942 liter
332 3883 471 3940 Romano
488 3898 634 3939 Pontifici,
652 3901 695 3932 seu
714 3903 778 3939 cui,
789 3901 833 3931 vel
848 3902 948 3938 quibus
962 3900 1017 3938 ipse
1031 3899 1220 3937 mandaverit,
1244 3898 1314 3942 infra

256 3937 508 3974 Qumquenmum,
520 3947 536 3966 a
549 3947 645 3975 quarto
662 3939 778 3971 Kalend.
793 3939 914 3979 Aprilis,
930 3949 1004 3971 anno
1019 3938 1120 3978 Regni
1133 3936 1221 3970 nostri
1236 3937 1314 3969 decr-

253 3983 325 4016 m0,
339 3974 560 4006 numerandum:

670 52 1467 108 CONVENTIONES‚
1521 50 1912 100 LITERAE‚

1371 140 1470 180 Qam
1485 139 1653 171 solutionem
1663 139 1755 171 facete
1770 138 1908 169 Romano
1922 135 2074 175 Pontifici,
2097 133 2142 168 vel
2161 138 2223 176 cui,
2240 138 2284 170 seu
2299 139 2398 180 quibus
2411 137 2487 174 Ann.
2501 139 2543 181 D,

1336 179 1393 217 ipse
1405 178 1601 223 mandaverit,
1616 177 1688 209 infra
1699 178 1856 209 terminum
1872 176 2041 220 praedictum
2057 198 2067 214 ,
2088 175 2190 213 absque
2211 175 2399 221 diminutione
2435 190 2517 222 1319=

1337 217 1476 256 qualibet,
1494 217 1670 255 solempniter
1685 217 1720 248 &
1736 215 1814 246 bona
1829 215 1884 246 fide
1898 222 2103 254 promittimus:
2128 214 2179 252 δε,
2196 214 2230 244 ad
2250 215 2280 246 id
2293 216 2400 248 facien-
2412 222 2478 250 Edv.
2497 225 2530 251 a·

1338 258 1407 287 dum
1415 278 1425 294 ‚
1438 255 1490 286 hiis
1505 256 1603 286 nostris
1620 255 1722 287 Literis
1738 254 1898 286 Patentibus
1912 263 1981 292 nos,
1993 253 2027 285 ὃς
2043 251 2179 283 Haeredes
2191 253 2301 285 nostros
2314 254 2401 287 firmi-

1339 303 1381 326 ter
1397 294 1565 331 obligamus.

1374 332 1408 364 In
1422 334 1515 372 cujus,
1534 333 1594 364 &c.
2154 367 2170 373 ..

1413 371 1501 402 Teste
1514 371 1599 410 Rege
1610 371 1684 411 apud
1697 370 1840 409 Eborum,
1856 369 1993 401 vicesimo
2012 368 2057 399 die
2073 366 2181 399 Martii.

2019 452 2073 480 Per
2087 449 2191 480 Billam
2207 449 2240 480 de
2253 459 2366 491 recepta.

1398 585 1559 629 Cotfimilis
1577 584 1728 633 Obligatio
1747 584 1843 619 eidem
1862 588 1962 632 Papa,
1980 595 2036 632 pro
2051 584 2180 620 Pecunid
2194 595 2349 620 mutuata.

1340 669 1467 724 REX
1495 670 1687 709 omnibus,ad
1701 681 1770 710 quos
1783 671 1845 702 &c.
1861 670 1984 702 salutem.
2413 682 2479 716 Anri
2503 683 2542 718 D'

1357 748 1362 753 .
1432 708 1583 740 Noveritis
1600 719 1652 739 nos
1659 715 1677 747 ,ἵ
1691 719 1741 749 per
1754 719 1853 740 manus
2030 709 2251 742 Thesaurarii&
2271 709 2405 743 Camera-
2436 708 2510 764 131'9
2533 709 2541 719 ‘

1340 756 1447 778 riorum
1470 747 1506 778 de
1520 747 1669 778 scaccario
1681 747 1795 787 nostro,
1809 747 1943 786 recepisse
1960 748 1994 780 &
2011 749 2135 780 habuisse
2149 760 2165 780 a
2178 749 2338 781 Venerabili
2352 750 2405 782 Pa-
2417 765 2469 790 A„-
2486 747 2519 791 η’

1340 794 1382 816 tre
1394 785 1423 823 J.
1440 784 1605 816 Karliolensi
1625 785 1766 825 Episcopo
2418 805 2439 828 E
2519 783 2533 817 ’.

1376 823 1511 868 Nomine
1527 823 1700 869 Sariffiffimi'
1711 823 1742 855 in
1755 808 1871 855 Christo
1891 824 1976 856 Patris
1991 848 2000 864 ,
2022 825 2050 864 J.
2076 825 2188 858 Divina
2206 825 2405 868 Providentia,
2417 810 2492 868 plag·
2504 849 2534 869 ,2

1340 861 1427 930 ῗεῖρεε
1443 862 1570 893 Vicesirm
1587 863 1702 894 secundi
1718 886 1729 903 ,
1757 864 1790 894 &
1811 862 1945 895 Ecclesiae
1962 864 2120 904 Romanae,
2140 875 2174 896 ex
2196 865 2278 897 causi
2299 868 2407 906 mutui,
2419 862 2543 915 E.2.p.2·:

1353 910 1372 931 o
1384 908 1482 938 vente,
2421 926 2456 945 m·
2469 917 2515 944 ¹34
2529 929 2534 933 .

1377 938 1506 978 Triginta
1527 939 1561 969 &
1578 938 1622 969 sex
1639 939 1767 978 Solidos,
1782 940 1943 978 portionem
1961 940 2095 972 Ecclesiae
2109 941 2145 973 de
2163 942 2208 973 W
2228 950 2317 980 geton
2333 953 2406 974 con-

1340 977 1485 1016 tingente,
1498 977 1645 1017 videlicet,
1664 978 1801 1009 vicefimo
1822 980 1905 1009 tertio
1919 979 1966 1010 die
1983 979 2059 1018 Junii
2073 1002 2084 1018 ,
2104 991 2178 1011 anno
2230 983 2296 1020 egni
2318 982 2407 1013 nostri

1340 1016 1504 1085 penldffigig
1505 1039 1523 1084 ἒ
1524 1016 1585 1085 7215:
1595 1016 1722 1048 Decimii
1736 1016 1874 1048 sexannali
1881 1039 1892 1056 ,
1909 1016 1972 1052 &c.
1983 1025 2065 1056 prout
2072 1017 2160 1057 fiapra
2174 1024 2292 1050 mutatis
2309 1029 2407 1060 compe-

1365 1179 1424 1214 Ad
1439 1178 1601 1213 Robertum
1627 1183 1773 1214 Comitem
1783 1207 1794 1224 ‚
1814 1193 1850 1214 ne
1870 1183 1951 1215 Scoti
1969 1184 2000 1214 in
2018 1179 2168 1214 Flandria
2185 1192 2366 1230 receptentur
2374 1210 2387 1227 ,

1569 1240 1624 1262 aut
1644 1229 1713 1263 inde
1731 1228 1947 1277 quomodolibet
1970 1229 2182 1275 confhrtentur.

1417 1314 1499 1354 EX,
1527 1314 1631 1345 Nobili
1646 1314 1720 1346 Viro
1736 1339 1747 1354 ,
1781 1315 1915 1347 Domino
1935 1315 2069 1348 Roberto
2084 1340 2095 1355 ,
2119 1316 2232 1348 Comiti
2258 1316 2496 1357 Flandriae,Ann.
2513 1319 2551 1355 D.

1344 1354 1533 1423 &umAmico
1555 1352 1606 1385 suo
1626 1353 1788 1393 cariffinio,
1811 1355 1926 1386 salutem
1938 1377 1949 1394 ‚
1978 1356 2010 1387 &
2035 1355 2149 1388 sinccrae
2171 1356 2331 1387 dilectionis
2344 1354 2412 1387 affe-

1380 1430 1498 1469 Qianta
1512 1431 1692 1468 perversitatis
1705 1430 1821 1462 audacia
1834 1429 1956 1463 Roberti
1976 1431 2042 1463 Brus
2056 1455 2066 1471 ,
2089 1432 2255 1472 suorumque
2277 1432 2411 1472 Compli-
2426 1439 2454 1463 Ε.
2465 1446 2493 1463 2.

1344 1479 1413 1499 cum
1431 1470 1464 1500 &
1484 1469 1656 1506 Fautorum,
1674 1470 1693 1490 ²¹²
1711 1469 1904 1501 Inimicorum
1922 1470 2084 1501 nostrorum
2105 1471 2141 1502 de
2156 1471 2256 1503 Scotia
2268 1495 2278 1509 ,
2300 1481 2413 1511 contra,
2426 1478 2493 1503 Scor.
2509 1485 2549 1504 iz.

1345 1507 1427 1538 clarae
1446 1509 1610 1548 memoriae,
1631 1508 1794 1540 Dominum
1812 1508 2001 1547 Edwardum,
2017 1508 2134 1546 Regem
2159 1510 2274 1548 Angliae
2286 1533 2298 1548 ,
2321 1511 2415 1542 Geni·
2426 1516 2454 1539 Ε.
2474 1522 2501 1541 2.

1345 1554 1438 1577 torem
1459 1546 1602 1585 nostrum,
1616 1548 1708 1586 spreto
1723 1547 1850 1585 homagii
1864 1548 1897 1579 &
1910 1547 2045 1579 fidelitatis
2059 1548 2114 1579 suae
2127 1547 2326 1588 Sacramento,
2342 1549 2414 1581 sedi-
2427 1559 2464 1578 m.
2473 1550 2502 1581 8.

1345 1585 1412 1616 tiosa
1430 1585 1464 1616 &
1482 1585 1549 1616 elata
1567 1585 1701 1617 Rebellio
1718 1585 1877 1617 insurrexit:

1381 1623 1418 1654 Et
1441 1634 1522 1667 quse,
1537 1625 1571 1656 &
1593 1634 1711 1665 quanta,
1724 1626 1781 1656 tam
1797 1624 1920 1663 ejusdem
1932 1624 2097 1664 Genitoris,
2116 1626 2204 1665 quam
2219 1624 2319 1657 nostris
2331 1627 2415 1658 etiam

1345 1663 1516 1700 temporibus
1530 1686 1540 1702 ,
1556 1673 1614 1694 non
1628 1664 1721 1695 solum
1738 1665 1768 1694 in
1787 1662 1878 1695 Terrii
1891 1663 1987 1695 nostra
2003 1663 2126 1704 Scotiae,
2140 1664 2179 1695 set
2195 1666 2280 1696 etiam
2293 1666 2324 1696 in
2336 1665 2419 1704 Reg-

1352 1711 1392 1731 no
1406 1700 1502 1731 nostro
1519 1702 1650 1741 Angliae,
1664 1702 1752 1733 iidem
1775 1701 1891 1733 Inimici
1906 1725 1915 1740 ,
1942 1712 1990 1740 per
2004 1701 2118 1733 hostiles
2135 1703 2168 1734 &
2186 1704 2346 1741 repentinos
2366 1714 2418 1742 ag-

1346 1739 1469 1778 greffus,
1487 1739 1671 1780 Homicidia,
1689 1740 1862 1779 Sacrilegia,
1881 1740 2336 1781 Depraedationes,1ncendia,&
2348 1743 2416 1774 hor-

1347 1778 1442 1808 rendas
1458 1778 1673 1810 Devastationes
1693 1780 1828 1810 haetenus
1850 1779 1956 1810 feritate
1978 1779 2120 1811 barbarica
2141 1780 2354 1820 perpetrarunt,
2379 1782 2414 1813 &

1346 1816 1438 1847 adhuc
1453 1817 1595 1849 obstinatis
1609 1819 1710 1849 animis
1723 1818 1845 1857 satagunt
1858 1827 2030 1856 perpetrare:

1384 1855 1431 1886 Ad
1447 1856 1640 1887 roborandum
1663 1857 1717 1888 suae
1730 1858 1770 1887 ini
1790 1858 1878 1887 uitatis
1891 1856 2007 1887 devium
2031 1856 2190 1888 mendicata
2211 1856 2279 1888 undi
2299 1868 2333 1889 ue
2359 1859 2414 1889 cir-

1347 1895 1567 1932 cumpositarum
1591 1895 1754 1926 Nationum
1771 1866 1905 1932 ‘iuffiagia
1920 1895 2021 1926 callide
2038 1897 2227 1935 exquirentes,
2246 1907 2281 1927 ve
2319 1907 2333 1927 a
2347 1919 2357 1935 ,
2384 1906 2412 1928 ut

1347 1933 1501 2002 effidim¹¹s³
1514 1934 1733 1974 circumspectio
1745 1944 1805 1965 non
1819 1935 1950 1974 ignorat,
1963 1943 2033 1965 cum
2053 1934 2085 1965 fit
2106 1934 2223 1965 ubilibet
2237 1935 2351 1973 publice
2368 1934 2413 1966 di-

1346 1981 1366 2002 v
1415 1979 1500 2003 atum.

1415 2010 1465 2040 uin
1480 2012 1573 2049 itaque
1588 2011 1778 2050 quamplures,
1793 2010 1830 2041 de
1849 2010 1932 2042 dietis
1947 2010 2075 2041 Inimicis
2094 2010 2196 2041 nostris
2218 2011 2228 2047 (
2245 2011 2312 2042 ficut
2335 2012 2416 2042 nobis

1346 2047 1534 2086 frequentibus
1555 2049 1765 2087 fidedignorum
1779 2049 1973 2080 assertionibus
1987 2048 2029 2079 est
2050 2049 2163 2080 relatum
2181 2050 2190 2086 )
2212 2048 2284 2080 infra
2307 2049 2415 2081 Domi-

1349 2087 1430 2117 nium
1448 2087 1481 2118 &
1500 2087 1662 2125 potestatem
1680 2087 1802 2119 vestram
1816 2097 1865 2125 per
1886 2086 1993 2118 vestros
2007 2087 2140 2118 Subditos
2157 2096 2331 2126 receptentur
2346 2112 2355 2127 ,
2381 2089 2416 2120 &

1348 2125 1462 2157 fuerunt
1480 2126 1613 2157 haetenus
1630 2127 1777 2165 receptati:
1796 2126 1830 2157 &
1847 2125 1948 2157 exinde
1963 2126 2108 2156 habuerint
2122 2126 2247 2157 Subsidia
2260 2127 2296 2157 de
2309 2126 2417 2158 Homi-

1349 2164 1433 2195 nibus
1450 2164 1484 2195 ad
1504 2164 1610 2203 Arma,
1625 2165 1816 2203 Victualibus,
1834 2165 1867 2196 &
1885 2165 1966 2195 etiam
1984 2164 2154 2196 Armaturis:
2184 2165 2217 2196 &
2241 2175 2326 2203 quam
2345 2166 2417 2197 lures

1349 2203 1451 2242 etiarn,
1466 2202 1502 2234 de
1518 2203 1623 2234 eisdem
1641 2203 1764 2235 Subditis
1781 2202 1896 2240 vestris,
1910 2202 2069 2241 victualia,
2087 2203 2264 2242 Aramum,
2277 2204 2311 2234 &
2347 2206 2417 2235 'ver-

1348 2241 1385 2272 sas
1401 2252 1443 2272 res
1461 2242 1543 2280 alias,
1558 2242 1593 2272 ad
1610 2242 1681 2280 ipsos
1700 2252 1748 2279 per
1766 2241 1851 2272 Mare
1867 2240 2029 2271 adduxerint
2040 2263 2050 2278 ,
2079 2241 2112 2271 &
2130 2241 2221 2272 adhuc
2246 2242 2349 2273 adduci
2371 2243 2413 2274 fa-

1348 2281 1423 2311 ciant
1440 2279 1535 2318 saepius
1553 2280 1606 2310 hiis
1622 2281 1743 2319 diebus,
1771 2279 1807 2310 ad
1828 2277 1900 2317 ipsos
1913 2280 1941 2309 in
1954 2278 2002 2309 sua
2019 2278 2125 2310 malitis
2142 2280 2358 2320 confortandos,
2379 2282 2414 2313 &

1347 2318 1432 2348 etiam
1449 2317 1634 2348 roborandos.

1382 2356 1464 2395 Nos,
1481 2358 1554 2387 inter
1570 2367 1624 2387 nos
1646 2357 1679 2387 &
1693 2367 1762 2396 VOS,
1779 2357 1812 2388 &
1829 2355 1938 2386 nostros
1952 2356 1986 2387 &
2004 2355 2109 2387 vestros
2125 2354 2247 2387 subditos
2262 2356 2414 2387 desideran-

1345 2404 1385 2426 tes
1403 2404 1437 2426 ex
1455 2395 1558 2426 intimis
1575 2394 1664 2425 firmae
1682 2394 1763 2426 Pacis
1780 2405 1813 2426 ac
1832 2395 1945 2425 smeerae
1963 2393 2121 2425 dilectionis
2138 2394 2255 2425 Foedera
2268 2416 2278 2433 ,
2304 2396 2414 2428 remoti

1347 2433 1493 2472 cujussibet
1512 2434 1702 2465 contentionis
1720 2433 1852 2472 materii,
1874 2442 2053 2472 permanere,

1387 2471 1464 2512 Vos,
1480 2472 1584 2511 quanta
1605 2471 1751 2510 possumus
1769 2471 1920 2503 affectione
1935 2494 1944 2509 ‚
1971 2480 2117 2502 exoramus
2159 2472 2265 2502 uatinus
2282 2495 2292 2510 ,
2314 2482 2414 2504 amore

1345 2510 1450 2548 nostri,
1465 2511 1498 2542 &
1514 2520 1566 2549 pro
1579 2510 1737 2542 concordis,
1751 2510 2005 2548 hujusmodi,inter
2018 2508 2126 2540 nostros
2192 2509 2297 2541 vestros
2310 2511 2414 2542 Subdi-

1345 2557 1389 2579 tos
1406 2549 1517 2580 uberius
1535 2549 1701 2587 nutrienda,
1719 2548 1918 2587 distri&e,&,
1935 2548 1985 2578 sub
2002 2547 2180 2579 forisfadlmra
2199 2550 2416 2587 gravi,inhibe-

1346 2597 1377 2618 re
1394 2588 1484 2618 velitis
1501 2588 1634 2619 universis
1651 2589 1684 2619 ὃς
1702 2587 1815 2625 singulis
1832 2587 1926 2618 vestris
1942 2586 2065 2618 Subditis
2079 2609 2090 2625 ,
2115 2587 2152 2617 ne
2165 2587 2233 2625 ipsi,
2252 2589 2297 2618 vel
2313 2599 2414 2621 eorum

1345 2625 1588 2665 aliquis,aliquos,
1605 2625 1641 2657 de
1657 2625 1741 2656 dietis
1758 2625 1884 2657 Inimicis
1900 2624 2002 2656 nostris
2027 2625 2100 2656 infra
2116 2624 2289 2656 Dominium
2307 2628 2340 2658 &
2355 2627 2412 2658 Po-

1347 2665 1474 2695 testatem
1491 2664 1616 2696 vestram
1630 2673 1786 2702 receptent:
1805 2674 1861 2695 nec
1880 2665 1935 2703 eis,
1951 2664 1988 2695 de
2006 2648 2203 2708 Hominibus,
2223 2664 2416 2705 victualibus,

1346 2703 1517 2743 Armaturis,
1530 2704 1575 2734 seu
1592 2703 1759 2741 quibussibet
1772 2703 1868 2734 Rebus
1881 2702 1955 2740 aliis,
1973 2702 2125 2734 subsidium
2145 2702 2246 2733 faciant
2260 2726 2271 2742 ,
2295 2703 2339 2735 seu
2351 2704 2413 2736 suc-

1346 2741 1471 2772 cursum:
1491 2752 1544 2773 nec
1562 2741 1626 2772 alias
1640 2751 1709 2772 cum
1729 2741 1791 2780 ipsis
1805 2743 2023 2773 communicent
2041 2741 2116 2771 clam
2136 2741 2182 2771 vel
2199 2741 2308 2780 palam,

1364 2779 1522 2811 Praesertim
1540 2790 1608 2812 cum
1623 2780 1692 2811 dicti
1710 2779 1840 2817 Scoti,in
1853 2779 1899 2811 sua
1916 2779 2085 2810 Rebellione
2100 2779 2286 2819 persistentes,
2299 2791 2333 2812 ac
2346 2791 2414 2812 om-

1347 2829 1395 2849 nes
1407 2820 1445 2850 eis
1461 2819 1650 2858 adhaerentes,
1665 2818 1711 2850 vel
1726 2818 1884 2857 praestantes
1898 2818 1949 2849 sibi
1971 2817 2134 2857 consilium,
2149 2818 2299 2858 auxilium,
2313 2820 2359 2851 vel
2373 2820 2414 2850 fa-

1348 2867 1468 2897 vorem,
1481 2858 1571 2896 palam
1587 2857 1632 2888 vel
1655 2858 1788 2896 occulte,
1801 2867 1850 2896 per
1865 2856 2078 2888 Sanetiffimum
2097 2856 2228 2895 Patrem,
2251 2857 2413 2888 Dominum

1343 2895 1522 2936 Johannem,
1542 2895 1651 2927 Divina
1664 2896 1840 2934 providentii
1852 2919 1863 2934 ,
1892 2895 1998 2934 Papam
2019 2905 2066 2925 22.
2081 2895 2195 2934 majoris
2216 2895 2268 2925 sint
2288 2895 2414 2927 Excom—

1349 2936 1547 2966 municationis
1568 2934 1702 2966 sententia
1714 2935 1850 2972 involuti,
1862 2934 2040 2974 ipsorumque
2055 2933 2119 2964 loca
2139 2931 2336 2964 Ecclefiastico
2351 2933 2414 2972 sup-

1349 2975 1438 3011 posita
1452 2973 1602 3004 interdicto
1611 2996 1621 3012 ,
1634 2982 1732 3012 praeter
1744 2974 1804 3004 alias
1819 2983 1916 3011 poenas
1930 2971 2115 3011 graviffimas,
2129 2972 2158 3001 in
2171 2970 2250 3001 fastis
2262 2971 2331 3003 inde
2345 2982 2417 3012 pro-

1349 3012 1468 3043 ceffibus
1487 3022 1556 3043 corn
1577 3012 1714 3044 rehensas:

1387 3051 1425 3082 Et
1441 3051 1478 3082 sic
1488 3074 1498 3090 ,
1509 3052 1544 3081 ab
1556 3061 1609 3090 que
1627 3059 1704 3081 metu
1720 3050 1881 3081 incursionis
1896 3049 1984 3080 distae
1998 3047 2230 3086 Sentmtiae‚n0n
2241 3049 2343 3088 poterit
2356 3050 2417 3088 qui-

1349 3090 1392 3120 vis
1408 3089 1573 3121 Catholicus
1588 3099 1658 3121 cum
1670 3089 1781 3128 aliquo,
1792 3089 1828 3119 de
1841 3087 1924 3118 dictis
1941 3086 2105 3117 Rebellibus
2120 3085 2153 3116 ὅ(
2169 3085 2415 3119 Excommunica-

1349 3129 1400 3168 tis,
1416 3129 1631 3160 communicare
1644 3127 1876 3166 quomodolibet,
1890 3125 2014 3167 maxime
2030 3126 2060 3155 in
2074 3123 2178 3155 casibus
2192 3125 2360 3163 supradietis.

1386 3167 1525 3198 Advermt
1531 3162 1664 3204 insuper,
1699 3165 1852 3203 uaesumus,
1870 3163 1960 3194 vestra
1973 3162 2120 3200 Dileetio,
2129 3163 2263 3201 qualiter,
2276 3174 2338 3195 ante
2353 3165 2415 3196 haec

1350 3213 1495 3245 tempora,
1516 3204 1630 3242 faepius,
1652 3214 1687 3233 ve
1725 3201 2007 3239 iconremplatione,
2026 3201 2199 3239 quamplures
2218 3201 2253 3232 de
2271 3202 2416 3234 Gentibus

1351 3243 1463 3281 vestris,
1478 3244 1541 3282 qui,
1557 3245 1586 3273 in
1601 3242 1732 3272 ducendo
1750 3251 1799 3279 per
1818 3240 1902 3270 Mare
1926 3240 2087 3270 Armaturas
2107 3241 2141 3270 ὅ(
2159 3239 2298 3271 victualia
2317 3242 2351 3272 ad
2371 3242 2416 3272 di-

1351 3282 1414 3311 &os
1428 3281 1564 3311 Inimicos
1576 3279 1704 3318 nostros,
1718 3280 1751 3310 δε
1765 3279 1865 3310 exinde
1878 3277 2037 3317 redeundo,
2046 3279 2119 3316 capti
2134 3278 2301 3317 fuerant,&
2315 3279 2415 3310 aresta-

1350 3320 1372 3350 ti
1390 3320 1459 3350 infra
1478 3319 1644 3357 potestatem
1663 3317 1787 3349 nostram
1808 3319 1895 3356 (quos
1910 3316 2091 3355 potuiffemus
2130 3325 2160 3347 ut
2181 3316 2312 3348 Fautores
2322 3318 2416 3348 dieto-

1350 3368 1413 3388 rum
1431 3358 1637 3395 Inimicorum,
1652 3356 1723 3393 justo
1734 3357 1845 3395 judicio
1879 3355 2014 3391 univisse)
2035 3339 2132 3385 illaesbs
2150 3355 2226 3386 abire
2240 3355 2416 3393 permisimus

1351 3396 1387 3426 de
1409 3396 1503 3427 nostrai
1519 3396 1605 3433 gratia
1618 3395 1742 3433 speciali:
1761 3403 1791 3425 ut
1802 3405 1842 3425 no
1879 3404 1942 3432 am,
1957 3403 1990 3424 ex
2003 3394 2079 3432 hoc,
2093 3402 2158 3433 erga
2176 3403 2244 3431 vos,
2257 3393 2291 3423 &
2305 3391 2415 3425 Gentes

1352 3435 1471 3474 vestras,
1487 3434 1691 3474 cognosceretis
1705 3433 1846 3472 limpidius
1873 3432 2118 3471 benevolentiam,
2137 3433 2171 3463 &
2190 3431 2413 3468 compesceretur

1352 3473 1454 3503 exinde
1466 3473 1577 3504 forsitan
1592 3473 1708 3504 aviditas
1723 3481 1900 3503 caeterorum.

1385 3512 1451 3551 jam
1465 3521 1560 3542 tamen
1573 3534 1584 3550 ,
1612 3519 1754 3543 cernentes
1772 3520 1806 3541 ex
1828 3509 1989 3549 hujusmodi
2009 3508 2104 3540 nostra
2126 3506 2335 3538 mansuetudine
2349 3518 2409 3540 non

1352 3550 1514 3588 compesci,
1528 3550 1565 3580 set
1579 3549 1696 3587 amplius
1711 3549 1871 3580 insolescere
1887 3549 2071 3580 temeritatem
2090 3546 2229 3590 aliorum,
2250 3545 2287 3576 de
2301 3545 2411 3577 Conci-

1350 3590 1390 3619 lio
1409 3589 1579 3626 Magnarum
1594 3588 1628 3619 &
1644 3587 1797 3618 Procerum
1811 3588 1987 3625 nostrorum,
2004 3585 2195 3629 ordinawmus
2217 3582 2356 3628 Custodes
2371 3585 2414 3616 su-

1352 3637 1401 3666 pra
1422 3626 1525 3665 Mare,
1542 3636 1611 3657 cum
1631 3635 1709 3657 certo
1722 3636 1842 3657 numero
1858 3626 1987 3657 Navium
2001 3623 2218 3665 Guernnarum,
2238 3621 2415 3665 Hominibus

1355 3666 1465 3696 armatis
1476 3665 1642 3696 sufficienter
1657 3665 1845 3703 munitarum,
1859 3665 1894 3695 ad
1909 3661 2098 3699 arestandum,
2111 3669 2180 3698 quos
2191 3669 2317 3703 invenire
2334 3670 2415 3699 pote-

1352 3713 1434 3740 runt,
1449 3704 1483 3734 ad
1498 3703 1589 3734 diuos
1605 3702 1872 3734 Excornmunicatos
1885 3704 1918 3735 &
1931 3699 2060 3732 Rebellffi
2066 3708 2157 3740 scum
2170 3697 2416 3743 Vffiuallbubseu

1354 3742 1452 3772 Rebus
1471 3741 1530 3772 aliis
1561 3741 1771 3780 transmeantes,
1784 3742 1827 3772 seu
1842 3742 1984 3773 redeuntes
2004 3737 2040 3780 ab
2060 3735 2182 3774 eisdem3
2201 3735 2251 3774 ὃς,
2270 3736 2290 3766 fi
2307 3737 2414 3776 aliquos

1353 3780 1389 3810 de
1409 3779 1505 3810 vestris
1526 3764 1668 3811 &entibus
1679 3802 1689 3818 ,
1718 3791 1787 3811 cum
1810 3781 1872 3819 ipsis
1894 3778 2045 3822 contigerit
2065 3773 2173 3817 amodo
2193 3775 2417 3818 comprehendi,

1353 3828 1411 3848 non
1430 3826 1562 3856 poterunt
1583 3817 1639 3848 esse
1652 3818 1689 3849 ab
1703 3818 1754 3849 illis
1769 3820 1799 3849 in
1813 3828 1898 3857 poena
1912 3815 2044 3854 dispares,
2057 3813 2157 3853 quibus
2177 3820 2253 3843 erant
2271 3823 2302 3843 in
2317 3813 2416 3845 defen-

1351 3857 1428 3887 sione
1445 3857 1478 3887 &
1493 3857 1699 3888 communione
1719 3857 1869 3896 adjutores:
2114 3889 2119 3894 ,

1392 3894 1501 3934 Unde,
1518 3894 1668 3933 profecte),
1681 3898 1772 3933 gravis
1784 3891 1956 3926 dissensionis
1968 3888 2182 3932 oceafio‚,1z¹ter
2196 3887 2305 3920 nostros
2319 3890 2353 3921 &
2367 3901 2416 3921 ve-

1353 3932 1422 3964 stros
1441 3932 1591 3968 Subiectos
1605 3934 1672 3964 oriri
1686 3955 1697 3972 ,
1726 3934 1760 3966 &
1783 3933 1907 3971 dampna
1928 3927 2148 3966 irrecuperabili-a
2161 3937 2273 3959 evenire
2285 3937 2416 3968 poterunt

1354 3971 1466 4003 forsitan
1489 3971 1557 4003 hinc
1572 3971 1606 4004 &
1620 3971 1703 4009 iride5
2335 4003 2369 4035 H

2369 4013 2414 4035 κο

2442 1588 2462 1609 *
2486 1589 2538 1619 111.

2464 1629 2528 1663 760.
