2562 4279
102 142 103 145 ¹
156 135 172 162 1
183 124 239 174 84

2 205 80 239 Ann.
97 207 137 239 D.

26 255 110 285 ¹327·
149 244 245 306 ET
265 243 426 288 mandatum
447 242 488 273 est
508 238 722 281 Ballivishvillae
735 237 826 278 Regis
839 237 1006 283 praediz‘jbae,
1020 236 1100 276 quod
1113 236 1207 292 eidem

1 287 69 314 Edu.
90 295 115 323 3.
226 283 330 312 Pontio
350 282 436 311 dictas
458 287 573 311 centnm
597 277 715 315 Libras,
742 287 776 308 ex
796 287 873 308 nunc
885 300 894 316 ,
910 277 1021 316 finguhs
1040 277 1131 307 Annis
1146 298 1156 313 ,
1174 273 1209 304 ad

20 2272 50 2295 E.
72 2277 99 2303 3.

18 2305 109 2342 cinus.
126 2314 137 2332 ι

21 2347 51 2371 ἰ
73 2353 97 2379 3.

21 2387 48 2419 p.
72 2392 97 2409 1.

673 105 1475 157 CONVENTIONES‚

1546 105 1946 156 LITERAE,

1248 192 1396 232 asportari,
1415 192 1446 222 in
1466 192 1589 230 ipsorum
1607 192 1778 231 Conjugum
1798 190 2015 229 praejudicium,
2032 189 2067 222 &
2083 191 2311 226 exhaeredationis
2328 188 2406 221 Ann-
2420 188 2463 221 D·

1254 231 1410 270 periculum
1425 230 1604 261 manifestum
1612 253 1621 268 ,
2353 237 2438 267 1327.

1290 270 1379 310 Super
1392 279 1451 309 quo
1466 270 1547 300 nobis
1560 268 1601 299 est
1615 268 1811 307 Supplicatum
1826 276 1858 299 ut
1870 269 1901 299 in
1915 268 1969 300 hac
1985 275 2063 306 parte
2077 267 2251 302 Remedium
2264 281 2314 311 ap·
2331 269 2400 298 Edv.
2415 277 2441 295 2,

151 320 264 351 eosdem
276 320 446 355 Terminos,
464 319 497 348 ad
513 327 583 355 quos
597 315 762 353 praedictam
777 315 904 346 Firmam
917 315 950 346 ad
964 315 1143 346 Scaccarium
1150 313 1210 343 Re·
1251 310 1322 348 poni
1336 308 1485 347 faciamus,

149 359 191 397 gis
213 357 332 388 reddunt
347 379 356 395 ,
374 358 408 387 de
430 357 525 386 Firma
547 354 628 386 Villae
645 354 790 392 praedic‘cae
808 354 915 384 solvant
929 377 939 392 ,
958 353 1100 393 quousque
1113 354 1158 390 ei,
1174 351 1210 381 de'

150 406 265 426 centum
286 395 385 425 libratis
405 394 506 424 Terrae
549 393 583 424 ad
604 402 693 423 totam
712 394 801 423 vitam
821 392 898 422 suam
915 392 1046 423 habendis
1082 391 1146 421 Rex
1157 390 1211 420 du-

150 436 221 477 xerit
236 433 458 477 providendum,
476 433 508 464 ὃς
522 417 589 462 ilex
604 432 644 475 eis
655 431 720 461 inde
735 433 765 461 in
781 430 875 460 Firma
891 430 1026 470 praedieta
1040 415 1064 470 ,³
1075 429 1111 460 ad
1125 429 1211 460 Scae-

151 481 259 503 canurn
274 472 378 511 Regis,
395 471 519 502 debitam
535 471 735 502 allocationem
749 470 852 501 habere
863 469 956 500 faciet.

187 509 276 540 Teste
290 520 320 541 ut
333 511 422 549 supra.

274 635 302 663 ³*
326 639 385 670 Pro
401 634 545 683 Johanne
562 633 598 668 de
616 631 768 684 Dalderby
779 661 789 678 ,
815 633 851 667 de
870 631 1097 668 Canonizando.
1130 665 1133 668 .

129 732 138 740 ·
156 717 205 782 P
214 720 240 752 A
249 720 318 752 PAE
337 721 402 752 Rex
415 721 520 752 devota
532 720 637 761 pedum
653 719 746 751 oscula
759 721 915 751 beatorum.

261 760 358 800 Qam
381 760 413 791 sit
434 761 526 791 bonus
547 759 627 790 Israel
647 757 728 789 Deus
742 782 753 798 ,
772 759 819 789 etsi
840 767 923 789 cunta
940 757 1043 788 Creata
1059 754 1215 791 insinuent,

93 808 99 815 ·
154 799 263 837 fulgens
282 808 377 829 tamen
396 800 427 830 in
445 798 549 829 Electis
563 821 573 837 ,
595 799 628 829 &
647 798 698 828 hiis
713 821 722 836 ,
748 799 796 836 qui
819 798 898 828 redto
918 797 979 826 sunt
994 795 1099 832 corde,
1117 793 1213 831 gratiae

155 838 333 875 distributio,
347 838 381 869 &
394 839 490 877 ingens
502 837 691 868 Praemiotum
705 836 866 874 retributio,
883 834 982 865 clarius
996 832 1182 864 manifestant.

192 876 293 908 Ecce!
312 876 394 907 Pater
411 875 589 907 Sanfflffime
635 875 714 913 quod
733 874 848 905 Electus
868 873 925 903 Dei
945 872 1078 903 Pontifex
1093 894 1103 909 ,
1127 868 1214 900 felicis

153 916 321 954 memoriae,
341 915 478 952 Iohannes
490 915 526 945 de
537 899 679 954 Dalderby
692 935 702 950 ,
716 923 806 952 nuper
822 911 1027 942 Lincolnienfis
1042 909 1194 947 Episcopus
1203 929 1212 943 ,

173 955 220 994 ui,
238 965 254 985 a
272 955 410 992 primaevo
424 954 587 991 Juventutis
604 952 658 983 suae
678 951 748 981 flore
759 975 768 990 ,
794 951 883 981 Purus
900 973 909 988 ,
927 949 1085 986 innocens,
1104 945 1211 983 Verani,

188 999 254 1024 eum
269 993 381 1031 colens,
396 993 502 1031 extitit,
521 992 554 1023 ὃς
568 991 604 1021 ab
622 991 703 1020 omni
726 989 822 1029 Opere
837 998 923 1027 pravo
940 988 966 1018 se
982 987 1137 1024 abstinens,
1158 985 1213 1015 Ar-

153 1033 229 1063 tibus
241 1031 397 1062 liberalibus
409 1032 547 1069 imbutus,
563 1029 715 1060 Doctrinae
728 1029 843 1068 gratiam
857 1027 947 1058 cuntis
955 1026 1112 1059 volentibus
1120 1023 1214 1055 distri-

151 1071 215 1103 buit
228 1070 432 1100 habundanter:

194 1108 233 1140 Et
247 1131 256 1146 ,
279 1109 372 1139 Sacrae
393 1108 567 1147 Theologiae
588 1105 759 1137 Cathedram
783 1103 973 1136 conscendens
989 1125 998 1141 ‚
1022 1103 1056 1134 ad
1070 1100 1214 1132 Cancella-

155 1148 232 1179 rium
249 1147 362 1177 tandem
391 1147 476 1178 distic
499 1144 699 1176 Lincolnienfis
722 1144 856 1175 Ecclesiae
875 1143 1027 1181 affumptus
1041 1166 1051 1179 ,
1074 1141 1190 1181 gratiam
1206 1161 1216 1176 ,

157 1195 247 1224 quam
257 1195 293 1216 ex
308 1185 433 1216 nominis
445 1185 669 1225 interpretatione
682 1183 814 1222 suscepit,
831 1181 918 1221 gratia}
930 1179 1070 1218 profusus,
1089 1181 1117 1208 in
1132 1178 1214 1207 Aeti-

156 1225 210 1255 bus
224 1223 406 1264 adimplevit,
421 1224 495 1255 adeo
509 1231 539 1253 ut
551 1222 646 1253 furiosi
661 1221 695 1252 ad
707 1221 798 1251 sanam
814 1229 938 1250 mentem
947 1242 956 1257 ,
975 1218 1008 1248 &
1021 1218 1082 1256 alii,
1101 1217 1214 1253 latratu,

155 1271 189 1294 ut
202 1262 314 1302 Canes,
331 1263 397 1293 vice
416 1260 535 1301 loquelae
546 1284 556 1299 ,
573 1269 696 1298 utentes,
713 1259 747 1290 ad
760 1258 898 1299 loquelam
911 1256 1040 1287 disertam
1051 1279 1061 1295 ,
1078 1255 1158 1294 ipsius
1171 1255 1214 1284 in-

154 1309 304 1339 terventu,
321 1301 427 1332 fuerant
441 1300 568 1331 restituti.

196 1339 329 1378 Deinde,
348 1339 450 1377 Populi
461 1339 664 1369 acclamatione
676 1359 686 1374 ,
703 1337 737 1368 &
750 1336 878 1366 Fratrum
895 1333 1098 1364 Lincolniensis
1111 1331 1213 1362 Eccle-

154 1378 203 1410 fiae
226 1379 366 1409 concordi
393 1378 561 1415 Electione,
585 1374 754 1406 Cathedram
777 1374 802 1405 E
824 1373 973 1411 iscopalem
990 1372 1134 1409 suscipiens
1150 1393 1159 1407 ,
1183 1372 1214 1400 in

158 1418 292 1448 omnium
305 1426 418 1447 morum
433 1415 576 1445 honestate
588 1413 738 1445 amabilem
748 1412 774 1443 se
788 1384 857 1443 ffieo
871 1411 1010 1448 exhibuit,
1029 1411 1062 1440 &
1077 1409 1216 1440 Homini-

159 1457 212 1525 ξὲε
225 1455 330 1494 iustum
343 1478 354 1494 ,
372 1454 546 1486 mansuetum
562 1475 572 1492 ,
589 1453 621 1484 &
642 1453 721 1491 pium
739 1451 764 1482 se
779 1450 900 1482 offerens
914 1473 925 1489 ,
943 1450 978 1480 ab
992 1449 1126 1480 omnibus
1140 1458 1215 1479 arna-

197 1504 249 1525 rur.

196 1532 304 1570 Unde,
322 1532 370 1570 qui
384 1531 526 1562 Scrutator
540 1528 581 1560 est
597 1528 755 1568 Cordium,
770 1529 804 1559 ὃς
818 1527 899 1558 novit
912 1536 976 1566 quae
989 1526 1051 1557 sunt
1065 1528 1093 1557 in
1107 1526 1216 1556 Homi-

159 1582 213 1610 ne,
231 1572 363 1610 graciam,
381 1572 410 1600 in
430 1570 477 1600 tali
491 1569 626 1599 Plasmate
644 1566 793 1606 diffusam,
809 1567 908 1603 etiam,
925 1566 983 1604 ipso
999 1564 1149 1602 defuneto,
1169 1565 1216 1595 In-

160 1610 319 1649 digentibus
335 1609 424 1639 voluit
436 1608 560 1646 elargiri,
576 1605 676 1637 Coecis
689 1605 786 1636 Visum
796 1628 805 1642 ,
823 1603 936 1635 Claudis
954 1603 1107 1643 Gressutn,
1122 1605 1154 1635 &
1168 1604 1217 1635 alia

158 1650 304 1679 innumera
318 1647 457 1678 Beneficia
469 1645 632 1683 largiendO,
651 1645 685 1676 &
699 1646 770 1675 mira
783 1644 816 1675 δε
831 1642 950 1673 inaudita
965 1651 1095 1680 operatur
1116 1653 1167 1680 pro
1180 1652 1216 1674 eo

158 1687 308 1718 clementia
321 1686 468 1716 salvatoris.

198 1725 309 1756 Merito
331 1726 421 1763 itaque
441 1723 549 1754 devotis
570 1722 699 1761 precibus
719 1720 848 1751 duximus
869 1718 1041 1750 exorandum
1056 1742 1065 1757 ,
1087 1727 1118 1750 ut
1132 1727 1218 1750 tantae

160 1765 286 1804 puritatis
297 1764 331 1794 &
345 1764 513 1793 innocentiae
526 1761 679 1798 Speculum
689 1782 698 1797 ,
712 1760 782 1790 inter
797 1758 915 1788 sanctos
929 1760 963 1789 &
977 1757 1093 1788 Eiectos
1107 1767 1218 1788 connu-

162 1803 264 1833 merari
278 1825 288 1840 ,
321 1802 355 1832 δε
375 1801 473 1832 ascribi
495 1799 584 1830 vestra
606 1798 750 1829 Beatitudo
774 1797 918 1835 praecipiat
937 1795 1076 1836 Catalogo
1098 1796 1218 1828 Sancto-

163 1850 228 1872 rum
243 1840 411 1870 venerando.

200 1878 268 1910 Dar„
281 1877 355 1921 ap-ud
369 1877 411 1907 W
412 1875 669 1914 estmonasterium,
687 1873 841 1906 undecimo
854 1873 900 1905 die
914 1871 1021 1905 Martii.

236 1916 409 1954 Comervet,
427 1917 486 1948 &c

310 2060 368 2092 Pro
385 2059 464 2105 Rege
481 2055 638 2090 Relaxatio
654 2056 768 2088 Mariae
791 2050 828 2086 de
845 2053 952 2086 Sanno
973 2052 1079 2086 Paulo.

142 2172 152 2180 .
244 2145 374 2178 NIversis
421 2142 539 2181 praesens
560 2140 705 2179 Scriptum
723 2138 817 2170 visuris
831 2162 840 2178 ,
858 2138 901 2169 vel
915 2138 1062 2176 audituris,
1080 2136 1171 2167 Maria
1188 2136 1224 2167 de

257 2185 366 2216 Sancto
384 2167 491 2225 i’auio,
507 2190 573 2219 quae
586 2181 640 2210 fuit
655 2178 741 2223 Uitor
759 2177 899 2221 Adomari
914 2176 958 2220 de.
973 2175 1116 2214 Valentia,
1135 2185 1223 2215 nuper

164 2225 293 2257 Comitis
305 2220 509 2254 Pembrochiae
518 2242 528 2257 ,
544 2218 670 2249 Salutem
685 2227 715 2247 in
728 2216 860 2247 Domino
872 2215 1077 2253 sempiternam.

204 2263 353 2295 Noveritis
371 2269 419 2290 me
437 2257 567 2290 remisisse
592 2257 626 2288 &
648 2257 774 2295 quietum
798 2253 928 2285 clamaffe
946 2276 957 2292 ,
986 2251 1228 2284 Excellentiffimo

142 2326 151 2331 .
167 2302 312 2340 principi,
327 2301 360 2332 ἂ
380 2298 517 2329 Domino
530 2305 615 2333 me0,
633 2294 766 2325 Domino
776 2292 919 2324 Edwardo
932 2314 942 2330 ,
961 2290 1062 2322 Illustri
1078 2291 1150 2330 Regi
1166 2290 1228 2321 An-

188 2343 232 2372 liae
244 2363 255 2379 ,
278 2347 374 2370 totum
394 2335 539 2367 Clamium
555 2358 564 2373 ,
589 2334 624 2364 &
644 2332 825 2363 omnimodas
848 2330 1000 2368 Actiones,
1016 2331 1049 2361 &
1062 2330 1146 2368 Jura,
1164 2339 1228 2369 quae

166 2351 255 2410 {abui
266 2400 278 2416 ,
296 2376 344 2407 vel
361 2375 456 2412 aliquo
473 2373 563 2403 modo
583 2372 683 2402 habere
698 2394 708 2411 ,
728 2369 773 2401 seu
793 2370 913 2400 clamare
974 2369 1013 2399 tui
1028 2370 1058 2399 in
1073 2367 1177 2398 Castris
1195 2369 1228 2398 &

22 2429 60 2448 a.
76 2429 85 2446 1
98 2418 155 2447 nd-
171 2417 253 2449 Viilis
263 2416 301 2446 de
309 2411 476 2445 Hertfordii
490 2433 501 2448 ,
518 2411 552 2441 &
571 2409 608 2439 de
627 2407 835 2445 Haverfordia,
851 2416 919 2438 cum
965 2407 1133 2445 ertinentiis,
1150 2407 1184 2438 &
1199 2408 1229 2436 in

172 2454 309 2498 Maneriis
327 2452 365 2482 de
381 2449 535 2490 Heghham
557 2447 653 2478 Ferers
665 2470 675 2485 ,
702 2445 899 2477 Monemouth
917 2445 951 2476 &
975 2445 1119 2476 Hodenak
1135 2468 1144 2483 ,
1160 2455 1229 2476 cum

170 2494 425 2570 Pemmngplgicsl,nec
444 2525 508 2565 Ego
525 2547 535 2563 ,
551 2532 606 2555 nec
623 2523 722 2561 aliquis
737 2523 805 2554 alius
817 2546 829 2562 ‚
846 2532 913 2553 meo
926 2522 1059 2560 nomine,
1077 2524 1230 2562 quicquam

169 2570 246 2610 Juris
264 2568 311 2599 vel
329 2565 435 2597 OEamii
455 2566 485 2594 in
500 2562 618 2600 Castris,
637 2561 732 2599 Villis,
747 2563 781 2592 &
802 2560 936 2592 Maneriis
949 2561 1102 2598 praedietis,
1118 2562 1163 2592 seu
1181 2572 1231 2592 eo-
1277 2559 1310 2588 Da

172 2618 239 2641 xum
256 2604 454 2642 Pertinentiis,
477 2610 524 2632 aut
546 2599 636 2640 aliqui
660 2609 737 2637 parte
757 2600 923 2630 eorumdem
938 2621 948 2636 ,
966 2599 1001 2629 de
1022 2608 1145 2638 caetero,
1162 2610 1230 2639 qua·

172 2654 299 2685 cumque
314 2642 481 2680 occasione,
499 2639 544 2671 vel
557 2637 636 2670 caula
648 2661 658 2677 ‚
676 2639 806 2677 exigere,
823 2639 867 2669 vel
886 2637 1033 2669 vendicare
1047 2646 1148 2676 potero
1159 2648 1232 2678 quo-

173 2683 333 2726 quomodo.
478 2718 483 2723 ι
560 2717 565 2722 “
676 2715 681 2720 ,

209 2724 247 2756 In
260 2723 339 2761 cujus
350 2719 392 2751 rei
404 2716 619 2751 Testimonium
634 2714 701 2746 huic
713 2715 817 2755 scripto
831 2714 961 2755 Sigillum
976 2723 1076 2746 meum
1094 2713 1215 2753 apposui.

584 2792 650 2824 Hiis
670 2792 817 2831 Testibus‚

209 2878 353 2914 Dominis,
370 2873 502 2913 Johanne
516 2871 548 2901 de
558 2868 718 2908 Cmnnoell,

210 2916 338 2947 Waltero
352 2914 382 2942 de
398 2914 548 2951 Now-wyte,
568 2909 605 2944 &-

211 2952 347 2985 Richardo
358 2951 389 2980 de
404 2952 500 2979 Monte
514 2945 626 2986 Caniffi,
643 2945 794 2977 Militibux:

212 2992 346 3032 Johanne
359 2989 391 3019 de
405 2986 523 3026 Croffeby
532 3009 542 3024 ,

210 3028 363 3101 gillielmo
376 3027 408 3057 de
422 3029 530 3063 Stowe,

240 3077 250 3100 t
262 3069 327 3100 aliis.

211 3146 281 3177 Dat.
299 3142 432 3175 London.
453 3139 651 3172 tertiodecimo
671 3138 716 3169 die
740 3136 847 3169 Menfis
867 3137 964 3168 Martii
978 3160 988 3177 ,
1006 3136 1093 3168 Anno
1107 3137 1233 3169 Domini

182 3185 273 3223 1326,
291 3183 387 3222 Regni
404 3182 475 3212 vero
490 3179 561 3210 dicti
575 3178 662 3217 Regis
676 3178 778 3215 primo.

176 3265 221 3317 E
230 3263 260 3291 Τ
270 3258 467 3290 memorandum
484 3255 561 3296 qubd
569 3254 704 3294 praediHa
723 3255 820 3283 Maria
836 3255 914 3282 venit
929 3254 958 3281 in
972 3251 1166 3281 cancellariam
1181 3255 1233 3282 Re-

241 3303 283 3337 gis
294 3309 312 3326 a
329 3297 368 3326 ud
377 3293 651 3335 Wslmonasterium,
667 3295 726 3322 vice
737 3302 788 3321 imo
801 3301 867 3320 nono
881 3291 922 3319 die
936 3293 1056 3328 Martii,
1065 3293 1150 3319 Anno
1157 3299 1232 3328 prae-

175 3338 204 3368 a&
234 3348 265 3377 o,
334 3337 486 3372 recognovit
500 3335 628 3371 Scriptum
641 3339 701 3370 prae
726 3331 801 3360 'Ham
816 3351 826 3367 ,
846 3327 884 3364 ὠ
899 3331 990 3358 omnia
1010 3335 1133 3358 contenta
1147 3331 1176 3358 in
1190 3339 1232 3358 eo-

176 3376 254 3414 dem,
269 3372 401 3415 informi}
410 3370 554 3412 praediad.

506 3501 536 3529 ὅ*
551 3505 643 3550 Super
668 3502 783 3536 Balaena
808 3509 906 3547 capta.

34 3528 52 3543 ⁶
71 3526 123 3554 iv.

34 3567 112 3635 ἴχῗῐᾷ,
127 3600 167 3631 D,
182 3591 316 3668 REX
334 3590 489 3636 Senescallo
508 3590 558 3621 suo
579 3587 728 3620 Vasconiae
742 3588 792 3626 qui
805 3595 884 3617 nune
900 3584 956 3623 est,
974 3584 1019 3615 vel
1032 3586 1081 3625 qui
1093 3594 1146 3625 pro
1160 3593 1234 3616 tem-

32 3647 143 3708 “2322-
220 3628 669 3711 Expopraertfeufrdtilegaoliiigimnobis
759 3679 851 3707 ·-——
864 3661 1050 3706 Vicecomitis
1064 3660 1235 3698 Benangaea-

36 3721 69 3745 E.
91 3725 117 3751 3-
184 3715 263 3742 rum,
280 3708 312 3736 Sc
475 3714 534 3743 ejus
554 3704 679 3742 Uxoris,
697 3703 778 3733 nobis
797 3700 856 3740 est,
872 3709 994 3739 gravuer
1011 3699 1234 3738 conquerendo,

36 3755 106 3791 Vasc.
123 3762 145 3780 ι.
182 3743 372 3774 ΒῙοηίὶῑαωῐῐι
385 3743 463 3781 qubd

37 3797 69 3821 E.
89 3801 115 3827 3-
180 3820 187 3825 ¹
217 3780 297 3811 Cum
313 3781 441 3824 quaedam
463 3766 571 3813 lialaena
589 3779 625 3811 ad
645 3778 782 3817 Terram,
802 3779 880 3817 juitta
901 3776 1002 3815 Mare,
1026 3778 1055 3807 in
1075 3775 1236 3819 Territorio

36 3839 75 3860 w,
86 3838 126 3866 4,
179 3819 301 3858 ipsorum
325 3818 491 3857 ConJugum
511 3819 633 3858 projecta
653 3817 763 3855 fuisset,
780 3817 814 3848 &
834 3817 867 3847 ad
881 3825 979 3846 manus
989 3815 1114 3852 ipsorum
1127 3813 1238 3852 Conju-

181 3867 250 3898 gum
271 3864 319 3894 per
336 3865 434 3885 eorum
455 3855 563 3887 Gentes

183 3905 233 3935 per
253 3893 323 3931 ipsos
342 3893 504 3933 Conjuges,
523 3895 556 3925 &

181 3935 217 3967 &
231 3932 347 3968 usitato,
359 3932 434 3997 tponi
445 3933 558 3970 debuit,

379 3978 395 3998 e
410 3967 547 4007 Ingham,
564 3980 650 4009 nuper
663 3969 830 4001 senescallus
842 3967 974 4000 Ducati'is
985 3967 1130 4006 praedicti,
1148 3966 1235 3997 Balae-

602 3856 683 3893 ofita,
702 3864 784 3895 prout
803 3856 838 3885 de
851 3853 936 3893 Jure,
951 3856 980 3884 in
994 3853 1153 3883 Territorio
1168 3852 1216 3882 illo
1225 3875 1234 3890 ‚

577 3866 793 3925 {raedeceffores
811 3893 888 3931 suos,
904 3893 941 3923 ab
956 3892 1100 3931 Antiquo,
1117 3899 1236 3930 optento

182 3971 437 4047 ιπεὲιιιὲξέευὲἰᾶαω
452 4006 626 4039 Αυόὶοτίιειῑε
641 4007 687 4040 sui
702 4008 815 4046 propria
829 4008 909 4046 capi,
926 4016 958 4039 ac
970 4016 1029 4046 quo
1041 4006 1154 4039 volebat
1168 4005 1236 4037 fecit

1290 346 1358 377 Nos
1371 370 1381 385 ,
1412 345 1549 377 volentes'
1562 345 1628 376 inde
1651 344 1710 376 fieri
1731 345 1810 384 quod
1829 344 1871 376 est
1891 343 1994 380 iustum
2007 367 2017 382 ,
2047 344 2130 375 vobis
2151 346 2316 380 mandamus

1253 384 1350 429 quod,
1368 385 1462 416 audita
1473 386 1597 424 ipsorum
1612 383 1777 423 conjugum
1792 382 1918 423 Qerelai
1931 384 1961 413 in
1977 383 2137 422 prae‘miffis,
2155 385 2317 425 vocatisque

1254 424 1324 460 illis,
1341 424 1377 454 de
1400 423 1539 454 Concilio
1562 422 1677 461 nostro,
1694 432 1764 461 quos
1787 421 1918 452 duxeritis
1931 422 2109 459 evocandos,
2127 423 2161 453 &
2173 423 2316 456 defensore

1256 461 1354 492 nostro
1374 462 1452 501 super
1476 463 1592 502 negotio
1613 462 1680 499 illo,
1697 459 1810 491 ulterius
1830 460 1891 490 fieri
1908 460 2028 499 faciatis,
2044 460 2121 498 quod
2134 460 2170 490 de
2180 461 2262 500 Jure,
2281 463 2316 495 δε

1255 500 1412 569 gecundum
1430 499 1520 531 Foros
1539 502 1573 533 &
1594 499 1818 531 Consuetudines
1839 499 1959 537 partium
1972 498 2098 538 illarum,
2115 499 2197 531 fuerit
2212 501 2316 533 facien-

1276 548 1334 569 um.

1295 576 1384 608 Teste
1398 576 1485 615 Rege
1497 577 1570 615 apud
1582 575 1882 616 Westmonasterium,
1899 575 2035 607 vicesimo
2043 583 2141 617 quarto
2148 576 2194 608 die
2207 576 2314 610 Martii.

1547 700 1606 734 Ad
1629 704 1765 748 Papam,
1790 701 1826 735 de
1854 701 2021 737 credentia.

1258 783 1425 848 PAPAE
1443 786 1509 817 Rex
1526 786 1752 832 devota-*pedum
1770 787 1864 818 oscula
1881 788 2037 819 beatorum.
2327 792 2404 824 Ann.
2418 785 2461 823 D.'

1326 825 1359 856 In
1374 825 1493 856 Paterni
1505 824 1648 868 affluentia
1662 825 1794 856 bonitatis
1808 827 1911 856 mentis
1925 827 2029 858 nostrae
2043 827 2155 858 intuitus
2167 826 2309 860 sublevan-
2352 839 2437 871 1327.

1258 874 1313 904 tes,
1332 865 1403 895 dum
1426 863 1595 894 Affeffioms
1617 864 1785 902 puritatem,
1805 864 1859 902 quii
1883 864 2018 895 Domum
2033 866 2156 897 nostram
2174 867 2294 906 Regiam
2329 874 2380 900 An.
2399 882 2424 899 1.

1256 905 1403 974 ipsumque
1414 902 1550 932 Reonum
1565 901 1713 940 nostrum,
1731 901 1781 932 sub
1794 902 1946 941 Regimine
1960 903 2083 934 Domini
2101 903 2245 936 Genitoris
2258 892 2310 937 no:
2327 914 2346 936 Ε
2375 919 2400 946 3.

1297 954 1321 980 1,
1341 942 1447 978 semper
1489 940 1603 970 actenus
1621 939 1763 977 prosecuta
1783 939 1824 970 est
1847 940 1934 971 vestra
1951 942 2114 979 Apostolica
2129 944 2296 975 Similitudo
2328 952 2398 976 Rom.
2419 958 2441 977 r.

1257 982 1368 1012 solerter
1389 979 1576 1016 attendimus,
1589 978 1644 1015 spei
1666 978 1750 1008 nobis
1771 979 1911 1009 certitudo
1927 981 2058 1011 tribuitur
2074 983 2151 1020 quod
2168 984 2201 1014 &
2216 968 2313 1013 nobis’
2332 990 2349 1013 Ε

1258 1022 1287 1051 in
1307 1018 1522 1062 Gubernatione
1544 1016 1615 1060 didi-i
1635 1015 1876 1060 RegniQSinutn
1897 1017 2070 1057 benignitatis
2090 1022 2208 1060 aperiet,
2233 1023 2266 1053 δε
2286 1007 2316 1054 iri
2331 995 2411 1060 tit-34.

1258 1057 1495 1097 oportunitatibus
1508 1055 1622 1085 Favons
1635 1055 1668 1085 &
1684 1054 1793 1084 Gratiae
1806 1055 1975 1094 plenitudine
1992 1057 2178 1096 prosequetur.
2466 1056 2470 1060 ”

1298 1098 1338 1128 Ea
1360 1104 1488 1135 propter,
1507 1093 1589 1124 Pater
1609 1092 1786 1129 Saetiffime,
1804 1093 1837 1123 ad
1861 1093 1961 1123 vestrae
1980 1093 2155 1127 beatitudinis
2178 1098 2298 1137 Apicer'n

1259 1135 1456 1166 venerabilem
1478 1133 1611 1170 Patrem,
1637 1131 1673 1161 A.
1692 1131 1928 1162 Herefordensem
1955 1131 2147 1174 Episcopum,
2171 1123 2317 1169 Nobilem:

1260 1175 1364 1205 Virum
1402 1172 1642 1203 Bartholomaeum
1656 1170 1691 1200 de
1707 1169 1876 1209 Burghassh,
1894 1170 2002 1200 fidelem
2016 1171 2144 1203 nostrum
2180 1176 2212 1205 &
2247 1177 2318 1207 dile.

1262 1215 1344 1244 ctum
1365 1198 1510 1243 clericum
1531 1209 1678 1248 nostrum,
1697 1207 1869 1253 Magistrum
1890 1208 2040 1239 Thomam
2059 1211 2094 1241 de
2113 1197 2230 1253 Asileye²
2257 1215 2316 1246 Ca,

1259 1254 1396 1283 nonicum
1421 1247 1676 1287 Herefordensem,
1695 1249 1798 1286 quibus
1818 1247 1897 1286 super
1919 1249 2050 1286 negotiis,
2068 1249 2136 1280 Nos
2157 1251 2191 1282 &
2205 1238 2316 1285 Siatum

1259 1291 1357 1324 Regni
1380 1288 1469 1319 nostri
1489 1287 1680 1326 tangentibus,
1699 1286 1851 1317 deliberato
1871 1285 1998 1317 Consilio
2013 1288 2207 1329 exposuimus,
2225 1291 2259 1322 &
2271 1302 2319 1323 ex-

1259 1330 1330 1367 poni
1345 1329 1465 1359 fecimus
1477 1334 1545 1357 vota
1555 1324 1665 1363 nostra,
1682 1325 1811 1355 duximus
1823 1324 2016 1364 destinandos,

1298 1367 1410 1397 Votivis
1437 1365 1585 1395 affectibus
1609 1363 1814 1402 supplicantes,
1847 1365 1974 1403 quatinus
1996 1365 2099 1396 eisdem
2114 1388 2124 1405 ,
2154 1364 2257 1407 Episco
2317 1374 2321 1378 “

1261 1406 1490 1441 Bartholomaeo,
1505 1404 1538 1433 ὃς
1560 1401 1708 1445 Thpmae,
1726 1403 1759 1433 &
1779 1401 1903 1433 Duobus
1918 1412 2017 1433 eorum
2032 1405 2169 1442 (quorum
2188 1415 2247 1443 prae
2276 1391 2321 1438 tu}

1262 1445 1416 1482 Episcopus
1436 1443 1467 1473 sit
1490 1441 1591 1484 Unus
1608 1450 1640 1484 in
1659 1439 1724 1484 hiis,
1743 1448 1808 1479 quae
1821 1441 1903 1472 vobis
1917 1441 2014 1471 dicent
2029 1451 2063 1472 ex
2077 1452 2154 1480 parte
2168 1443 2265 1475 nostra
2277 1445 2319 1475 su-

1261 1492 1310 1523 per
1333 1482 1464 1522 Negotiis
1483 1478 1642 1517 antedictis,
1661 1478 1759 1509 Fidem
1785 1479 1938 1519 dignemini
1959 1479 2104 1511 indubiam
2119 1481 2251 1513 adhibere
2286 1484 2321 1516 ὃς

1261 1521 1411 1591 ροὲῃὶριξρ,
1426 1522 1520 1589 juxti}c
1517 1519 1651 1556 speratam
1668 1516 1812 1557 fiduciam,
1829 1526 1928 1556 optato
1942 1518 2059 1550 esteecui
2072 1521 2241 1561 mancipare.
2258 1506 2268 1522 ²

1326 1570 1364 1590 on
1377 1567 1452 1590 ervet
1522 1567 1548 1587 c.

1335 1598 1403 1629 Dat.
1415 1582 1489 1637 apu⁷d
1502 1595 1810 1635 Westmonasterium‚
1828 1595 1965 1627 vicefimo
1977 1604 2075 1636 quarto
2089 1596 2136 1628 die
2151 1595 2258 1629 Martii.

1358 1728 1408 1759 De
1434 1723 1613 1767 Credentia‚
1635 1722 1680 1756 ad
1704 1723 1901 1766 Cardinales‚
1926 1726 1962 1762 φ’·
1989 1724 2115 1770 Mpotes
2136 1727 2229 1771 Papae.

1265 1810 1417 1876 REX,
1434 1809 1636 1854 venerabili-in.
1648 1808 1766 1853 Christo
1783 1807 1874 1846 Patri,
1893 1807 2026 1839 Domino
2039 1808 2080 1839 G.
2095 1809 2154 1840 Dei
2168 1810 2268 1850 gratia,
2287 1811 2323 1842 ti-
2338 1820 2405 1852 Ann
2429 1819 2464 1850 D

1348 1850 1398 1882 tuli
1417 1849 1513 1879 Sancti
1533 1847 1638 1878 Ciriaci
1658 1858 1687 1878 in
1706 1848 1838 1886 Termis,
1864 1847 2023 1878 Presbitero
2044 1846 2200 1886 Cardinali,
2224 1850 2320 1880 amico
2364 1867 2375 1888 t
2399 1868 2417 1889 2
2464 1844 2472 1850 ”

1265 1892 1325 1961 {ug}
1333 1887 1489 1926 cariffimo,
1505 1886 1676 1926 fflwardus,
1693 1886 1755 1918 δίε.
1774 1886 1914 1925 Salutem,
1931 1887 1965 1918 &
1986 1886 2099 1917 fincerae
2110 1886 2270 1918 dilefflonis
2283 1888 2324 1919 af-
2341 1868 2399 1925 &3
2414 1867 2448 1925 Ι7.

1279 1940 1295 1961 Ε
1326 1939 1383 1959 um.

1306 1966 1480 1999 Recolentes
1500 1963 1672 1996 Affectionis
1692 1965 1862 2004 puritatem,
1881 1973 1966 2005 quam
1987 1962 2022 1994 ad
2042 1962 2207 1995 Dominum
2223 1964 2249 1996 E
2274 1975 2329 1997 nu·
2342 1940 2435 2002 E'122'1

1307 2018 1319 2037 r
1339 2006 1452 2045 Regem
1471 2003 1583 2048 Angliae
1596 2027 1606 2042 ,
1627 2003 1800 2047 Genitorem
1819 2003 1963 2040 nostrum,
1990 2002 2024 2033 &
2044 2001 2180 2032 Domum
2201 2002 2328 2035 nostram
2435 1994 2443 2001 ⁸

1304 2047 1417 2083 egiam,
1442 2051 1506 2074 tons
1524 2042 1698 2080 temporibus
1721 2041 1868 2079 habuistis,
1893 2040 2024 2071 fiduciam
2045 2039 2081 2070 de
2097 2040 2187 2071 vestrfi
2208 2040 2332 2072 Benivo-

1270 2084 1355 2116 lentifi
1395 2083 1496 2127 erimus
1514 2082 1700 2119 ampliorem,
1717 2079 1797 2124 quod
1820 2080 1853 2110 &
1866 2079 1967 2123 nobis,
1985 2079 2013 2108 in
2027 2077 2124 2118 Regni
2137 2077 2225 2109 nostri
2240 2089 2334 2118 nego-

1273 2126 1332 2162 tiis,
1351 2122 1370 2153 fi
1391 2120 1516 2152 ucialiter
1534 2119 1670 2158 affistere,
1688 2120 1737 2157 &,
1756 2129 1785 2148 in
1799 2117 1957 2148 direciione
1970 2117 2004 2148 &
2020 2118 2204 2157 promotione
2214 2127 2333 2149 eorum-

1272 2163 1340 2195 dem
1348 2186 1357 2199 ,
1376 2160 1464 2193 velitis
1475 2160 1504 2190 in
1516 2158 1751 2199 oportunitatibus
1763 2155 1915 2188 efficaciter
1927 2165 2015 2193 opem
2028 2155 2109 2187 ferre.

1312 2199 1393 2232 Cum
1412 2200 1524 2237 itaque,
1540 2196 1692 2228 venerabili
1712 2195 1803 2235 Patri,
1821 2195 1859 2226 A.
1881 2193 2083 2226 Herefordenfi
2100 2194 2261 2234 Episcopo,
2278 2201 2335 2228 no-'

1274 2241 1324 2272 bili
1343 2241 1421 2277 viro,
1439 2236 1652 2268 Bartholomaeo
1672 2235 1708 2266 de
1727 2234 1768 2266 Bu
1802 2233 1886 2273 harh,
1905 2233 1979 2264 fideli
2003 2232 2120 2273 nostro,
2136 2234 2171 2265 &
2194 2234 2336 2275 Magistro

1274 2279 1405 2310 Thomae
1417 2276 1452 2307 de
1468 2274 1613 2319 Asteleye,
1624 2243 1995 2319 „Canonicggl-lerefordenfi
2005 2295 2021 2316 ³.
2033 2272 2067 2302 ad
2081 2272 2253 2309 praesentiam
2269 2274 2338 2304 Do-

1275 2319 1348 2348 mini
1367 2316 1481 2348 Summi
1497 2312 1662 2351 Pontificis,
1680 2322 1714 2342 cx
1727 2321 1803 2352 parte
1818 2310 1931 2349 nostra,
1948 2310 2102 2348 specialiter
2116 2310 2259 2343 destinatis
2293 2313 2337 2342 su-

1276 2367 1336 2426 st,
1349 2355 1483 2425 ‘seris’
1497 2351 1773 2428 heim&
1786 2350 1890 2419 {cing
1903 2335 2338 2418 ezzienzrsss‘i‘sarffib*

1315 2434 1334 2453 ³¹¹
1350 2415 1518 2464 Amicitizim
1539 2428 1660 2460 vestram
1678 2399 1892 2468 recinirimiijso&
1907 2435 2053 2464 rogamus,
2075 2426 2203 2463 quatinus
2215 2410 2337 2464 eisdem,
2354 2426 2374 2446 *
2394 2427 2447 2454 IV.

1276 2472 1437 2511 Episcopo,
1455 2467 1681 2512 Bartholomaeo,
1705 2468 1739 2499 &
1763 2466 1909 2510 Thornae,
1935 2466 1968 2496 &
1994 2464 2106 2494 duobus
2127 2472 2226 2508 eorum
2248 2465 2339 2504 (quo-
2357 2474 2420 2501 ²77·

1277 2521 1354 2579 ¹⁰3¹.
1365 2505 1892 2585 {3133sssiglcssszsiz‘22ffil53,
1905 2501 2341 2583 iizzffissgxss’ssizfflsszssiiassi

1277 2588 1427 2624 adhibere,
1445 2587 1497 2623 δε,
1517 2593 1548 2614 ut
1562 2582 1715 2620 postulata,
1731 2583 1804 2619 juxta
1816 2579 1949 2617 speratam
1961 2577 2112 2622 fiduciam,
2129 2587 2258 2616 optatum
2269 2579 2341 2610 effe-

1279 2627 1362 2657 &um
1380 2624 1524 2655 sortiantur
1535 2644 1545 2659 ,
1561 2620 1660 2658 Opem
1682 2618 1716 2651 &
1739 2618 1866 2657 Operam
1879 2625 2020 2656 apponere
2033 2616 2143 2655 velitis,
2161 2616 2197 2648 de
2209 2618 2342 2650 consueti

1277 2660 1491 2699 Benivolentia,
1514 2658 1651 2690 efficaces.

1316 2701 1386 2733 Dat.
1400 2699 1474 2742 apud
1487 2695 1774 2730 Westmonasterium
1782 2718 1792 2734 ‚
1809 2702 1842 2726 ut
1846 2695 1941 2736 fiaepra.

1409 2775 1578 2810 Confirniles
1603 2773 1693 2805 literae
1705 2773 1861 2813 diriguntur
1881 2771 2052 2812 subscriptis,
2070 2771 2220 2810 videlicet,

1321 2859 1438 2889 Domino
1460 2856 1494 2884 G.
1517 2851 1593 2883 tituli
1613 2853 1771 2882 SanHorum
1793 2849 1951 2881 Marcellini
1966 2847 2004 2884 ὠ·
2017 2851 2095 2880 Petri
2110 2848 2260 2880 Presbitero
2273 2850 2344 2879 ear-

1354 2895 1449 2925 dinali.

1319 2938 1437 2965 Domino
1450 2934 1486 2960 Β.
1500 2932 1608 2960 Sancite
1624 2932 1727 2959 Mariae
1743 2931 1772 2958 in
1786 2930 1894 2968 Aquiro
1909 2930 2028 2957 Diacono
2043 2924 2194 2956 Cardinali.

1319 2977 1435 3003 Domino
1448 2973 1490 3000 A.
1504 2970 1598 2999 Saneii
1611 2967 1752 3007 Euslashii
1766 2969 1887 2996 Diacono
1902 2964 2053 2995 cardinali.

1317 3015 1433 3042 Domino
1453 3011 1492 3039 N.
1507 3009 1603 3038 Sanc‘ii
1615 3007 1740 3036 Adriani
1753 3009 1874 3035 Diacono
1887 3002 2037 3034 cardinali.

1317 3054 1435 3080 Domino
1449 3051 1486 3078 L.
1502 3048 1610 3076 Sanelae
1625 3049 1729 3075 Mariae
1743 3047 1772 3073 in
1789 3046 1817 3073 V
1818 3043 1847 3072 ia'
1863 3042 1924 3072 laed
1940 3044 2060 3071 Diacono
2073 3038 2226 3069 cardinali.

1316 3092 1434 3119 Domino
1445 3090 1486 3116 A.
1501 3086 1608 3115 Sam‘lae
1625 3087 1729 3114 Mariae
1743 3086 1771 3111 in
1788 3084 1896 3111 Portica
1909 3082 2029 3108 Diacono
2041 3076 2193 3107 cardinali.

1316 3131 1433 3158 Domino
1449 3128 1481 3154 P.
1497 3126 1591 3153 Sanni
1604 3121 1707 3159 Angeli
1718 3124 1841 3151 Diacono
1855 3115 2005 3147 cardinali.

1317 3169 1433 3196 Domino
1447 3166 1482 3192 G.
1497 3163 1606 3192 Sanffae
1622 3163 1715 3190 Luciae
1728 3162 1757 3188 in
1770 3156 1850 3186 Cilice
1867 3158 1985 3184 Diacono
1999 3153 2150 3184 Cardinali.

1318 3207 1433 3234 Domino
1448 3204 1478 3230 P.
1494 3199 1617 3237 Episcopo
1630 3201 1755 3227 Portuen.
1769 3194 1878 3224 Sanctae
1891 3195 2018 3223 Romanae
2032 3191 2156 3233 Ecclefiae
2168 3191 2320 3225 Cardinak,

1315 3245 1431 3272 Domino
1444 3242 1480 3268 G.
1502 3238 1624 3275 Episcopo
1636 3235 1761 3264 Sabinen.
1776 3230 1927 3262 cardinali.

1312 3276 1515 3316 Archiepiscopo
1534 3278 1562 3305 V
1564 3279 1647 3304 ienen.

1312 3320 1394 3348 Petro
1415 3317 1447 3345 de
1467 3313 1523 3343 ViA
1547 3311 1638 3342 Militi
1659 3313 1760 3349 Nepoti
1776 3312 1886 3339 Domini
1899 3311 1990 3348 Papae.

1316 3354 1446 3386 Arnaldo
1458 3353 1489 3382 de
1505 3355 1587 3381 Doza
1601 3353 1711 3380 Domini
1726 3351 1808 3386 Papae
1822 3351 1965 3378 Germano.

1314 3397 1430 3424 Domino
1446 3393 1477 3421 P.
1493 3390 1568 3419 tituli
1581 3390 1687 3418 Sanc'lae
1700 3387 1828 3427 Susannae
1842 3386 1995 3417 Presbitero
2008 3382 2161 3416 CarAEnali.

1318 3435 1433 3462 Domino
1443 3429 1479 3467 J.
1494 3428 1621 3458 Theodori
1634 3430 1753 3457 Diacono
1768 3425 1918 3455 cardinali.

1317 3474 1345 3501 V
1345 3469 1408 3500 itali
1417 3493 1427 3507 ,
1446 3471 1500 3537 Dlei
1517 3465 1628 3506 grand,
1646 3464 1771 3504 Episcopo
1786 3463 1928 3494 Albanen.
1945 3464 2053 3494 SanHae
2065 3465 2193 3493 Romane
2209 3459 2290 3490 Eccle
2298 3469 2335 3490 ιι

1349 3509 1469 3538 cardina
1482 3510 1499 3536 i.

1316 3551 1431 3578 Domino
1455 3544 1606 3585 Reymundo
1624 3543 1655 3572 de
1670 3545 1787 3580 Farges,
1805 3543 1861 3571 Dei
1869 3539 1985 3579 gratia',
2002 3539 2111 3569 Sanlfae
2126 3538 2230 3566 Mariae
2244 3537 2338 3565 Novae

1351 3589 1471 3616 Diacono
1486 3581 1637 3613 Cardinali.

1317 3628 1432 3691 Donjino
1450 3625 1482 3652 P.
1499 3620 1622 3660 Episcopo
1640 3618 1794 3658 penestrina
1814 3619 1909 3648 Sanni
1921 3619 2049 3647 Romana
2064 3611 2186 3655 Ecclefiae
2205 3613 2235 3641 V
2234 3613 2337 3640 icecan-

1352 3674 1377 3691 ce
1389 3663 1466 3692 lario.

1316 3703 1432 3730 Domino
1446 3701 1482 3727 Β.
1496 3696 1618 3736 Episcopo
1630 3695 1783 3734 Tusculano.

1317 3742 1432 3805 Damno
1453 3735 1559 3775 Jacobo
1582 3735 1675 3765 Sana‘li
1697 3737 1802 3772 Georgii
1821 3733 1863 3763 ad
1875 3729 1967 3763 Velum
1989 3730 2114 3759 Aureum
2135 3728 2256 3756 Diacono
2267 3727 2339 3762 Car-

1373 3777 1449 3807 inali-

1318 3817 1433 3845 Domino
1448 3811 1597 3851 Reymundo
1612 3813 1720 3841 Sanaae
1736 3812 1838 3841 Maria
1853 3810 1945 3838 Novae
1961 3808 2080 3836 Diacono
2093 3800 2247 3834 cardinali.

1317 3855 1434 3883 Domino
1450 3853 1487 3880 B.
1501 3851 1610 3880 Sancite
1627 3849 1753 3888 Agathae
1768 3851 1888 3879 Diacono
1901 3842 2048 3876 Cardinab'.

1316 3894 1430 3921 Domino
1446 3887 1575 3918 Arnaldo
1588 3889 1620 3918 de
1635 3891 1724 3923 Tryan
1742 3889 1853 3918 Domini
1866 3886 1966 3913 Summi
1982 3877 2119 3921 Pont'ficir
2133 3880 2243 3918 Nepoti.

1318 3932 1432 3959 Domino
1444 3927 1585 3956 Bernardo
1597 3924 1733 3964 Stephano
1746 3923 1945 3955 Archidiacono
1956 3922 2094 3957 fugiam.

1319 3969 1435 3997 Domino
1456 3964 1584 3994 Arnaldo
1605 3966 1637 3994 de
1651 3963 1733 4004 Ufia‘,
1755 3964 1818 3995 Vit-
1838 3960 1871 3995 de
1889 3956 2082 3997 camah,
2107 3958 2219 3989 Domini
2239 3957 2341 3987 Summi

1356 4001 1495 4044 Pontificis
1507 4004 1616 4042 Nepoti.

2223 4033 2339 4064 Mn·
