2562 4279
736 156 847 200 ET
930 156 1198 202 ACTA

21 244 96 275 Ann.
111 241 152 272 D.
206 244 329 284 fllajori,
345 244 414 283 Jur.
433 244 472 281 ὠ
485 246 678 277 Communitati
692 245 725 276 de
738 248 813 276 Seint
826 243 952 276 Milioun'.

48 281 131 319 1326-
237 294 278 313 ur.
292 282 330 318 ᾤ’
346 287 538 315 communitati
552 286 672 316 Grandis
684 284 779 324 castri.

22 322 88 349 Edv·
106 328 133 347 2·
237 333 278 352 ur.
292 321 330 356 ῤ’
344 326 539 354 communitati
552 324 584 353 de
598 322 762 363 Starefront.

207 359 276 398 Jur.
294 360 332 396 ό·
348 364 540 392 Commum'tati
552 363 646 391 Sandi
660 364 791 391 Macarii.

206 400 275 437 Jur.
291 398 329 434 ὠ»
344 403 536 430 Communitati
548 400 579 429 de
593 402 684 437 Burgo
696 402 812 436 Reginae.

207 438 275 475 Jur.
293 437 331 472 εἶφ’
346 441 537 468 communitati
551 438 583 467 de
596 440 693 467 Penne.

208 477 277 515 Jur.
291 474 329 510 ᾤ’
344 480 536 507 Communitati
551 477 645 506 Sancti
655 474 778 514 Juliam'.

208 515 328 553 stlajori,
346 514 415 553 Jur.
431 514 468 549 ό·
483 517 696 544 Commuunitati
709 515 740 543 de
754 516 851 548 Burgo.

206 554 329 590 Majori,
347 553 416 591 Jur.
431 551 468 587 ὠ
484 557 597 582 Centum
615 551 730 581 Paribus
742 552 873 580 Civitatis
887 551 983 578 Baion.

209 591 277 629 Jur.
290 590 328 626 Εἶτ’
342 595 534 621 communitati
547 591 666 621 deSeint
680 592 748 619 Gen.

311 718 404 761 Super
419 712 529 758 Castris
549 710 676 745 Berardi
693 709 729 742 de
744 707 882 742 Lebretto
902 707 1081 742 muniendis.

28 807 103 839 Αῃῃ,
119 807 159 838 Ι),
179 797 310 856 REX
330 799 462 830 Edwardi
477 821 488 836 ,
519 796 567 826 filii
588 795 676 839 Regis
696 796 876 863 primiosgeniti
890 818 900 834 ,
935 794 1093 839 Aquitaniae
1115 794 1208 825 Ducis
1221 816 1231 832 ,

805 842 878 864 ontis
901 833 1011 871 Strolli,
1030 844 1063 864 ac
1086 836 1231 863 bonorum

53 847 127 885 1326
257 838 381 869 Comitis
403 836 540 873 Cestriae,
558 834 692 872 PontiV1,
711 834 744 864 &

25 888 78 912 An.
102 869 144 920 19.·
176 877 209 907 &
225 886 318 945 tergm
341 876 419 915 iplius
438 874 637 912 Gubernator,
655 873 688 902 &
704 872 940 911 Administrator,
959 872 1112 903 Senescallo
1127 871 1233 903 Vascoz

177 917 232 946 niae
286 916 394 945 alutem.

25 928 148 998 &ssi-¹9·
217 939 310 993 Qua,
327 951 441 981 dileetus
461 949 559 987 nobis,
576 948 709 980 Berardus
729 949 765 979 de
786 948 810 979 la
832 948 941 987 Brette,
958 949 1107 979 nobiscum
1122 958 1233 980 moram

26 1004 58 1027 E.
80 1010 105 1027 2,
178 991 297 1030 faciens,
315 989 410 1020 Nobis
423 987 500 1018 dedit
516 988 630 1018 intellioi
646 988 671 1018 se
686 988 746 1018 duo
759 986 859 1018 Castra
872 988 973 1018 habere
985 989 1014 1018 in
1031 988 1146 1019 Ducatu
1161 999 1234 1029 prae-

27 1048 63 1066 m.
78 1048 104 1064 2.
177 1030 274 1066 dieto,
291 1036 395 1065 unum,
413 1026 543 1057 videlicet
559 1050 567 1065 ,
614 1027 702 1056 it‘tum
724 1025 845 1066 Vayras,
869 1027 902 1056 δε
919 1026 993 1056 aliud
1013 1026 1145 1064 Bertulh,
1170 1037 1234 1065 quae

175 1068 272 1105 nobis,
289 1075 341 1106 pro
363 1064 522 1095 munitione
542 1067 661 1102 partium
676 1065 803 1103 illarum,
820 1066 853 1095 &
869 1065 1024 1103 repulsione
1044 1066 1232 1096 inimicorum

176 1105 336 1137 nostrorum
351 1104 458 1134 ibidem
467 1126 476 1141 ,
494 1103 640 1134 necessaria
655 1104 688 1135 &
701 1104 891 1142 competentia
904 1103 1042 1133 existunt:

212 1143 348 1181 Idemque
368 1142 517 1180 Berardus,
535 1150 587 1179 pro
608 1151 643 1172 eo
667 1141 744 1180 quod
759 1142 795 1172 sic
816 1142 888 1179 apud
911 1152 962 1172 nos
977 1151 1086 1172 moram
1101 1142 1184 1180 facit,
1200 1141 1233 1172 ad

175 1179 273 1212 Castra
288 1182 333 1212 illa
349 1180 500 1211 munienda
517 1181 550 1211 δε
565 1180 746 1211 custodienda
762 1180 904 1211 intendere
918 1188 978 1210 non
993 1180 1103 1218 potest,

210 1220 296 1258 Nos,
313 1229 365 1259 pro
386 1219 495 1249 honore
516 1220 549 1250 δε
564 1219 724 1250 commodo
739 1218 854 1257 nostro,
871 1220 929 1249 tam
945 1220 1045 1257 nobis,
1061 1220 1150 1256 quam
1163 1228 1235 1258 prae-

31 1255 47 1271 *
67 1256 121 1282 IV·
172 1259 231 1290 fato
244 1258 381 1296 Berardo,
398 1256 552 1298 prospicere
566 1258 707 1295 volentes,
725 1257 754 1286 in
769 1257 821 1287 hac
836 1265 930 1296 parte,
946 1257 1029 1286 vobis
1045 1257 1235 1288 *mandamus

31 1295 95 1321 2¹⁶·
195 1297 271 1336 uod,
289 1297 468 1327 consideratis
489 1296 648 1327 utilitatibus
671 1296 704 1325 ὃς
727 1297 925 1333 competentiis
944 1294 1111 1326 Castrorum
1134 1296 1236 1336 praedi—

175 1308 309 1374 giorum,
325 1335 361 1366 de
383 1334 549 1365 Munitione
569 1335 603 1365 &
624 1332 764 1364 Custodia
788 1333 975 1372 eorumdem,
991 1343 1074 1370 prout
1094 1334 1128 1364 ad
1142 1335 1236 1365 hono-

176 1384 238 1406 rem
250 1376 283 1406 &
299 1373 491 1404 commodum
505 1372 633 1403 nostrum
649 1372 777 1410 expedire
792 1372 929 1410 videritis,
946 1373 1079 1403 ordinetis
1095 1374 1128 1404 &
1143 1374 1236 1413 dispo-

177 1415 262 1451 natis,
286 1414 318 1444 &
340 1421 439 1451 prout,
460 1411 576 1441 dilectus
595 1411 722 1441 Clericus
742 1409 853 1458 noster,
879 1410 1017 1449 Magister
1036 1412 1178 1450 johannes
1200 1413 1236 1443 de

176 1451 303 1482 Hildesse
316 1450 422 1489 plenius
440 1450 520 1480 vobis
536 1450 611 1480 dicet
624 1459 658 1479 ex
672 1456 747 1487 parte
761 1448 864 1480 nostra.

212 1489 281 1521 Dat.
294 1489 367 1529 apud
382 1487 685 1526 westmonasterium,
703 1487 844 1518 tricesimo
857 1486 903 1518 die
913 1487 1002 1527 Junii.

309 1614 368 1649 Ad
389 1618 503 1662 Papam
517 1642 526 1658 ,
546 1613 636 1662 sitper
662 1615 866 1660 Transsatione
885 1617 943 1661 Epi
958 1624 1105 1660 coporuma

33 1707 111 1740 Ann.
126 1704 166 1735 D.
239 1701 265 1732 A
274 1701 297 1731 Ρ
307 1700 349 1731 AE
368 1701 431 1731 Rex
445 1700 547 1731 devota
564 1700 675 1731 Pedum
691 1700 785 1731 oscula
799 1702 955 1731 beatorum.

62 1746 146 1775 1⁶26.
253 1739 333 1770 Pater
353 1739 546 1777 SanCtisfime,
564 1738 722 1777 frequenter
735 1738 891 1769 audivimus
905 1737 969 1768 laeta
983 1743 1093 1774 mente,
1112 1736 1187 1776 quod
1203 1736 1237 1767 &

32 1766 148 1819 A71.³i9.
182 1777 369 1809 indubitanter
387 1777 524 1809 credimus
539 1800 548 1814 ,
573 1777 607 1807 ὅ(
628 1777 759 1807 sentimus
776 1778 805 1806 in
825 1775 929 1807 effectu
941 1799 950 1813 ,
976 1776 1095 1806 vestram
1114 1777 1240 1805 innatam

33 1827 64 1850 L
88 1832 114 1849 2.
181 1816 405 1847 Benivolentiam
425 1815 513 1846 nostri
528 1815 641 1845 honoris
653 1815 687 1845 &
702 1815 902 1853 profestuum,
919 1815 1033 1853 diligere
1046 1815 1239 1852 incrementa,

33 1864 104 1889 Rom.
121 1868 166 1895 19.
180 1865 215 1886 ac
233 1856 261 1885 in
273 1856 354 1893 ipsius
370 1854 465 1893 Regni
479 1854 616 1892 regimine
631 1853 765 1891 prospero
779 1854 812 1885 δε
826 1854 974 1892 tranquillo
988 1852 1152 1883 visceraliter
1165 1852 1239 1882 dele-

33 1903 66 1926 Ε.
87 1908 102 1926 2
181 1892 270 1932 (stari,
286 1894 322 1924 de
336 1903 393 1932 quo
406 1894 491 1923 etiam
505 1902 556 1922 nos
568 1892 663 1922 effecit
677 1892 744 1923 faeti
757 1894 923 1930 experientia
935 1891 1126 1930 multipliciter
1137 1892 1240 1921 certio-

33 1946 70 1964 m.
84 1946 110 1965 π..
179 1942 237 1970 res,
255 1931 330 1962 und'e
349 1930 450 1963 vestrae
469 1930 634 1962 Beatitudini
656 1940 746 1969 grates
765 1932 798 1962 &
814 1932 915 1969 gratias
927 1930 1070 1960 referimus
1085 1939 1150 1967 quas
1164 1928 1240 1961 suffi-

180 1971 272 2003 cimus
283 1972 317 2002 &
332 1970 465 2001 valemus.

220 2009 258 2040 Et
278 2010 360 2048 quia,
374 2016 425 2049 per
445 2008 547 2039 vestras
564 2007 743 2047 Apostolicas
756 2008 871 2046 litteras,
892 2008 927 2039 sae
948 2008 989 2038 ius
999 2007 1126 2038 solicitati
1138 2007 1241 2038 fuimus

181 2057 236 2087 pro
258 2049 378 2085 negotiis
397 2047 585 2086 quorumdam
600 2046 819 2085 Episcomrum,
837 2049 885 2087 qui
936 2057 967 2077 os
981 2047 1100 2085 graviter
1113 2045 1243 2076 offendea

182 2094 263 2123 runt,
278 2087 312 2117 &
331 2087 362 2115 in
381 2086 492 2123 multis,
509 2085 596 2122 sicut,
621 2085 778 2117 reverendis
802 2087 832 2115 in
853 2085 970 2115 Christo
991 2084 1134 2124 Patribus,
1153 2085 1241 2116 Vien-

182 2124 261 2155 nenfi
283 2123 505 2163 Archiepiscopo
520 2147 530 2162 ,
555 2124 588 2153 &
611 2122 779 2153 Aurisacensi
800 2123 959 2162 Episcopo,
983 2123 1110 2153 Nunciis
1129 2122 1225 2153 vestris
1232 2141 1242 2162 3

184 2173 234 2201 per
246 2162 338 2193 fideles
350 2161 478 2200 nostros,
493 2162 529 2192 de
541 2161 677 2192 Concilio
692 2161 805 2199 nostro,
823 2163 943 2193 fecimus
959 2161 1081 2192 seriosius
1095 2162 1241 2199 explicari,

186 2210 219 2231 ut
240 2200 275 2231 de
289 2201 413 2239 ipsorum
424 2201 563 2231 demeritis
575 2201 609 2231 δε
622 2200 733 2231 offensis
747 2200 858 2240 possent
871 2202 905 2232 &
915 2201 1049 2232 deberent
1060 2200 1243 2232 Sanffltatem

183 2239 307 2271 vestram
320 2239 419 2270 claritis
432 2240 593 2269 informare.
1227 2270 1228 2273 Ἰ

221 2277 382 2309 Paternitati
400 2277 499 2308 vestrae
516 2277 673 2308 reverendae
692 2276 760 2308 totis
776 2278 923 2309 affectibus
936 2278 1120 2317 supplicamus
1156 2278 1245 2317 quati-

186 2317 254 2355 nu5,
271 2317 339 2348 loco
359 2316 472 2355 alicujus
492 2316 638 2347 dictorum
658 2316 884 2355 Episcoporum,
902 2318 921 2348 si
943 2319 978 2348 de
992 2317 1116 2355 ipsorum
1127 2302 1246 2356 Episco-

185 2357 294 2396 patibus
309 2355 429 2386 vestram
442 2354 654 2385 Providentiam
670 2355 820 2394 contigerit
833 2355 979 2394 ordinare,
998 2355 1146 2393 praefatum
1162 2355 1247 2386 Auri-

187 2394 326 2424 sacenfiem
346 2393 520 2431 Episcopum
541 2394 636 2432 (cujus
652 2393 751 2424 Mores
765 2394 963 2433 probavimus,
981 2394 1014 2425 &
1027 2394 1184 2429 frequenter
1197 2403 1246 2423 au-

187 2433 312 2463 divimus
333 2432 507 2471 prudentiam
528 2432 781 2469 circumspeciam)
801 2433 949 2473 subrogare
962 2433 1135 2472 dignemini,
1154 2433 1187 2463 δε
1203 2433 1247 2470 ip-

189 2471 250 2502 sum
266 2471 411 2502 transferre
424 2472 454 2500 in
472 2471 609 2509 Regnum
623 2470 762 2501 nostrum.

227 2509 281 2547 Et,
307 2519 367 2547 quo
385 2508 420 2539 ad
440 2509 670 2539 Transsationem
689 2509 824 2548 aliorum,
848 2519 901 2547 pro
921 2510 1105 2547 tranquilitate
1126 2509 1248 2547 ejusdem

186 2543 301 2587 Regni,
318 2548 352 2578 &
374 2548 467 2584 quiete
482 2547 575 2577 cordis
589 2547 692 2585 nostri,
710 2548 799 2578 taliter
812 2549 956 2586 ordinare,
973 2548 1051 2587 quod
1061 2571 1070 2586 ,
1086 2548 1147 2585 ipsis
1158 2548 1191 2578 ad
1207 2548 1250 2577 lo-

189 2596 223 2617 ca
241 2586 292 2616 alia
310 2586 458 2624 transsatis,
484 2586 549 2616 tales
567 2586 694 2629 ipsorum
716 2586 847 2616 Ecclesiis
868 2587 1068 2625 subrogentur,
1090 2587 1125 2616 de
1148 2587 1250 2623 quibus

191 2626 296 2693 ιῐὲῖῑτίῑὸ
318 2624 480 2663 confidere,
495 2625 528 2655 ὃς
549 2634 586 2655 eis
606 2623 718 2656 Secreta
741 2624 835 2655 nostra
857 2625 1073 2656 communicare
1086 2625 1249 2655 fiducialiter

191 2673 210 2693 v
235 2673 337 2693 eamus.

231 2700 405 2739 Conservet‚
424 2702 485 2732 &c.

267 2739 336 2771 Dat.
349 2740 423 2778 apud
436 2740 722 2774 Westmonasterium
731 2765 741 2781 ,
759 2743 852 2781 primo
867 2741 913 2773 die
923 2742 1001 2781 julii.

312 2866 360 2897 De
381 2862 515 2897 Sabaitis
539 2867 670 2897 Franciae
682 2865 853 2912 gravandis
871 2870 907 2904 (53-
922 2866 1137 2913 proftqncndis.

48 2955 125 2987 Arm.
141 2953 182 2984 D,
200 2947 256 3005 R
268 2945 332 2993 EX
352 2948 469 2988 Majori,
494 2949 526 2980 &
543 2948 672 2981 Centum
692 2944 825 2989 Parib‘us,
843 2960 876 2981 ac
903 2946 1114 2982 Communitati
1128 2949 1255 2982 Civitatis

71 2992 155 3033 1326,
279 2987 407 3025 Baionae,
426 2988 563 3018 Salutem.

234 3023 333 3056 Efficit
354 3027 523 3066 praegrandis
539 3026 640 3057 fiducia
661 3049 671 3064 ,
699 3036 785 3065 quam
805 3026 840 3057 de
863 3026 983 3065 probata
1001 3027 1101 3058 vestrae
1123 3027 1258 3058 fidelitatis

122 3093 128 3098 ,
199 3063 357 3095 constantia
375 3067 555 3105 optinemus,
572 3074 603 3095 ut
623 3065 773 3095 vobiscum
787 3067 1036 3096 communicemus
1052 3075 1116 3104 quae
1129 3066 1257 3104 agimus,

48 3110 118 3147 Vasc.
135 3117 176 3143 ¹9·
200 3104 234 3134 &
247 3104 401 3140 aperiamus
414 3103 578 3134 fiducialiter
590 3103 702 3134 Secreta
715 3104 808 3134 cordis
820 3104 918 3134 nostri.

49 3152 80 3176 Ε.
99 3157 128 3174 2.
238 3140 318 3172 Cum
333 3142 424 3180 itaque
440 3142 504 3172 Rex
518 3143 646 3172 Franciae
659 3142 792 3173 Uxorem
808 3142 951 3180 nostram,
968 3142 1000 3173 ὃς
1015 3141 1206 3180 EdWardum,
1226 3141 1259 3171 fi-

50 3194 87 3214 m,
109 3195 136 3214 2,
201 3181 271 3210 lium
294 3179 422 3210 nostrum
437 3182 656 3220 primogenitum
672 3182 778 3219 (quos,
796 3190 848 3217 pro
863 3182 943 3211 bono
959 3180 1039 3211 Pacis
1052 3181 1085 3211 &
1099 3179 1260 3219 Amicitiae,

201 3219 251 3249 sub
272 3217 378 3256 magna
398 3218 570 3249 confidentia
583 3242 593 3257 ,
621 3219 655 3249 ad
674 3219 766 3256 ipsum
787 3219 901 3257 Regem
922 3218 1135 3256 transmisimus)
1161 3224 1261 3249 contra

202 3257 377 3289 voluntatem
394 3257 535 3294 nostram,
554 3258 625 3287 infra
638 3257 774 3295 Regnum
791 3258 916 3288 Franciae
930 3257 1050 3288 detineat
1066 3267 1072 3286 :
1093 3258 1126 3288 ὅ(
1140 3256 1261 3288 similiter

201 3305 336 3332 magnam
349 3303 458 3333 partem
470 3295 625 3325 Terrarum
638 3296 796 3327 nostrarum
811 3297 841 3327 in
854 3295 1013 3334 Vasconia,
1029 3304 1129 3327 contra
1143 3295 1261 3334 Deum,

202 3335 236 3366 &
249 3333 410 3371 Iustitiam,
435 3334 468 3364 &
485 3334 592 3364 bonam
608 3334 724 3372 Fidem,

240 3372 280 3409 Et
295 3373 360 3403 licet
376 3372 467 3412 ipsum
482 3371 594 3410 Regem
608 3372 708 3411 pluries
719 3373 957 3412 requifiverimus,
974 3381 1005 3404 ut
1019 3372 1105 3412 ipsos,
1123 3366 1260 3403 Uxorem

201 3412 237 3442 ὃς
259 3411 378 3448 Filium,
398 3410 432 3440 ad
451 3409 519 3440 Nos
537 3410 702 3447 destinaret,
719 3411 752 3442 δε
772 3411 894 3441 Terram
915 3412 1077 3449 praediCtam
1092 3410 1262 3448 restitueret,

203 3450 283 3481 idem
302 3458 395 3479 tamen
424 3447 490 3478 Rex
515 3449 665 3487 quicquam
698 3449 766 3478 inde
786 3450 877 3479 facere
899 3450 1031 3480 misenus
1051 3450 1205 3486 recusavit,
1223 3450 1261 3481 set

205 3487 286 3520 Mala
307 3489 341 3519 &
359 3487 531 3518 Gravamina
546 3486 650 3516 diversa
663 3486 760 3516 Nobis
775 3488 808 3518 &
824 3487 946 3518 Subditis
961 3487 1077 3525 nostris,
1098 3488 1262 3526 multiplici-

205 3534 248 3558 ter
270 3527 304 3557 &
324 3525 488 3563 manifeste,
506 3524 617 3562 intulit,
634 3525 668 3555 ὃς
688 3525 777 3555 indies
799 3526 900 3556 inferre
920 3536 979 3556 non
989 3526 1107 3563 desistit,
1127 3527 1156 3556 in
1170 3525 1260 3556 nostri

204 3573 403 3602 contemptum
418 3565 450 3594 &
463 3563 636 3599 scandalum,
654 3573 687 3593 ac
702 3563 953 3594 exhaeredationem
968 3564 1153 3594 manifestam.

245 3603 297 3634 Ob
318 3603 395 3641 quod
418 3602 502 3640 Nos,
520 3600 659 3639 praerniffa
672 3601 721 3631 sub
734 3601 950 3633 dissimulatione
967 3602 1079 3632 transire
1093 3612 1151 3632 non
1167 3602 1263 3633 valen-

205 3651 263 3682 tes,
283 3641 476 3672 mandavimus
495 3640 651 3671 Admirallis
674 3639 762 3669 Flotae
783 3640 915 3671 Navium
936 3640 1094 3671 nostrarum
1107 3641 1183 3678 supra
1198 3640 1265 3671 Ma-

206 3691 253 3719 re,
273 3682 364 3711 versus
383 3689 471 3718 partes
486 3678 612 3709 Boreales
627 3677 660 3708 &
676 3674 828 3717 Australes,
849 3679 881 3709 &
895 3679 978 3709 etiam
994 3678 1151 3709 Marinariis
1165 3678 1265 3709 nostris

206 3719 286 3757 supra
305 3719 382 3749 idern
407 3718 505 3755 Mare,
523 3717 599 3757 quod
622 3716 822 3755 Francigenas,
839 3716 1043 3754 Normannos,
1059 3717 1091 3748 ὃ(
1106 3718 1170 3747 alios
1185 3717 1265 3755 ipsius

206 3756 295 3796 Regis
316 3756 451 3788 Subditos
472 3760 589 3794 (praeter
608 3754 799 3790 Flandrenses)
818 3756 848 3791 in>
867 3755 937 3794 hiis,
955 3766 1018 3795 quae
1038 3764 1184 3793 poterunt,
1204 3764 1264 3794 gra-

206 3804 274 3826 vent
293 3795 327 3827 &
349 3796 558 3834 persequantur,
576 3804 612 3824 eo
633 3792 709 3833 quod
733 3792 808 3823 idem
828 3792 911 3831 Rex,
928 3794 961 3824 &
983 3794 1039 3831 sui,
1058 3792 1144 3832 Nos,
1162 3795 1195 3825 δε
1210 3804 1263 3824 no-

207 3833 292 3871 stros,
316 3835 420 3872 ubique
440 3833 640 3873 persequantur.
997 3842 1000 3845 ’

246 3870 340 3902 Vobis
359 3873 522 3903 mandamus
540 3871 620 3911 quod
635 3880 735 3901 omnes
747 3871 780 3901 &
794 3869 917 3906 singulos
933 3870 1013 3909 ipfius
1028 3870 1116 3908 Regis
1130 3869 1265 3900 subditos

209 3911 328 3946 (praeter
349 3910 542 3945 Flandrenses)
561 3910 673 3941 fortiori
694 3908 801 3947 mode,
817 3917 885 3938 cum
906 3907 1055 3946 Navigio,
1075 3909 1108 3939 &
1129 3909 1265 3938 omnibus

208 3947 266 3977 aliis
278 3948 329 3978 viis
340 3948 374 3978 &
389 3949 498 3988 modis,
517 3950 618 3987 quibus
631 3948 770 3986 poteritis,
787 3946 990 3986 prosequamini
1005 3947 1038 3978 &
1049 3947 1183 3987 gravetis,
1201 3947 1261 3977 tarn

206 3985 285 4024 supra
300 3984 398 4024 Mare,
414 3988 499 4025 quam
512 3988 589 4027 supra
600 3987 729 4018 Terram.

246 4021 557 4096 Ctssxdilrfluspauffm
577 4026 659 4059 vobis
671 4048 681 4065 ‚
707 4026 740 4060 ὅτ.
761 4024 876 4058 cuilibet
895 4022 1040 4063 vestrum,
1063 4022 1144 4063 quod
1162 4032 1262 4054 omnes

1283 150 1757 202 PUBLICA.
2243 160 2317 203 '161

1266 242 1374 287 Terras
1391 243 1641 287 &0Tenementa‚
1658 238 1736 276 Bona
1756 247 1789 277 δε
1810 238 1931 286 Catalla,
1949 257 2014 287 quse
2035 237 2070 278 de
2089 238 2168 278 dieto
2189 236 2269 287 Rege
2289 248 2322 278 &
2339 236 2469 277 AnnD.

1266 280 1389 310 Subditis
1401 281 1452 311 suis
1466 281 1604 325 praediCtis
1618 286 1626 316 (
1639 283 1846 316 Flandrensibus
1859 286 1988 317 duntaxat
2003 288 2138 324 exceptis)
2157 288 2324 324 conquirere
2360 285 2446 324 1326.

1264 319 1297 349 &
1313 329 1454 355 occupare
1467 319 1592 356 valeatis,
1609 322 1707 357 vobis,
1725 324 1758 352 δε
1772 324 1791 341 *
1802 325 1915 354 cuilibet
1931 324 2076 361 vestrum,
2092 332 2251 359 remaneant
2264 324 2323 354 abs-
2337 325 2406 351 Edw
2426 334 2454 360 22

1267 366 1322 394 que
1338 356 1497 396 calumpnia
1512 357 1615 394 nostri,
1635 359 1680 388 vel
1695 360 1853 392 I-laeredum
1869 363 2047 401 nostrorum,
2064 363 2110 394 seu
2123 362 2322 394 Ministrorum
2339 362 2354 377 '¹‘
2377 363 2429 388 lV-

1267 395 1431 425 nostrorum
1443 405 1703 435 quorumcumque.

1303 433 1335 462 ln
1350 434 1443 470 cujus,
1458 434 1518 462 &o
2356 408 2401 434 ¹7¹¹
2431 428 2437 435 ⁶

1341 470 1431 501 Teste
1448 471 1529 510 Rege
1543 472 1616 509 apud
1632 472 1728 503 Henle
1740 474 1816 505 sexto
1831 475 1876 506 die
1888 475 1964 515 Julii.

1906 555 1959 582 Per
1973 553 2054 592 ipſstm
2066 556 2168 592 Regem.

1426 673 1475 704 De
1494 673 1642 714 Servitia,
1661 672 1802 718 pendente
1818 675 1964 707 Trtzffasu
1976 702 1984 717 ‚
2008 689 2175 723 prorogato.

1272 752 1326 810 R
1335 756 1360 787 E
1369 755 1399 787 X
1414 755 1595 801 ⁷Vicecomiti
1610 756 1719 787 Kanziae
1733 757 1864 788 Salutem.
2342 767 2421 799 Arm,
2432 760 2473 800 D]

1384 795 1468 825 Licet
1484 805 1589 835 nuper,
2365 807 2452 846 1326·

1310 832 1380 864 Post
1393 833 1607 871 Sufferentiam,
1626 834 1697 863 inter
1711 832 1825 872 Regem
1842 833 1966 864 Franciae
1979 836 2011 865 &
2027 836 2061 866 N
2063 847 2093 866 os
2106 839 2218 877 initam,
2344 849 2397 874 Aa.
2413 855 2458 872 ιο.

1313 869 1384 901 Tibi
1404 873 1617 909 praeceperimus
1629 872 1723 910 quiid,
1742 882 1790 911 per
1804 880 1892 902 totam
1909 872 2038 903 Ballivam
2053 883 2145 912 tuam,
2164 878 2210 906 ubi
2225 878 2330 909 videres
2343 889 2372 911 Ε.
2398 893 2423 909 2.

1277 910 1423 948 expedire,
1441 911 1554 948 publice
1568 911 1734 947 proclamari
1750 910 1867 947 faceres,
1886 912 1965 948 qued
1984 913 2101 942 universi
2117 915 2149 944 ὃ(
2165 915 2277 954 singuli,
2344 922 2411 958 msc.
2432 930 2477 947 20.¹

1314 947 1461 986 Comites,
1478 948 1617 986 Barones,
1637 948 1759 985 Milites,
1777 949 1809 979 ὃς
1829 949 1873 978 alii
1893 950 1940 987 qui
1955 949 2104 980 Servitium
2119 953 2199 981 nobis
2211 954 2332 992 debent,
2349 964 2376 987 Ε.
2399 968 2424 986 2.

1275 986 1363 1017 essent
1386 988 1415 1016 iri
1438 988 1557 1024 propriis
1576 987 1696 1025 personis
1718 987 1785 1024 suiS‚
1804 987 1875 1016 bene
1899 989 2017 1024 muniti,
2041 999 2110 1018 cuin
2130 999 2192 1019 toto
2213 993 2333 1022 Servitio
2348 1008 2383 1025 m,
2400 996 2459 1032 72⁴1·

1274 1024 1431 1093 suo,fapud
1452 1024 1647 1062 Portesmutli,
1666 1026 1694 1055 in
1717 1024 1848 1055 Castriuo
1870 1025 1965 1055 Sancti
1982 1025 2055 1056 Petri
2067 1027 2102 1058 ad
2117 1029 2229 1059 vincula
2243 1032 2336 1066 proxi-
2457 1030 2461 1032 ’

1276 1072 1329 1094 mo
1357 1072 1440 1093 uturo

1314 1099 1352 1131 Et
1370 1086 1598 1141 Archiepiscopi,
1617 1100 1765 1140 Episcopi,
1783 1100 1922 1139 Abbate3,
1940 1101 2067 1141 Priores,
2085 1103 2117 1133 ὃς
2133 1103 2236 1135 Viduae
2249 1105 2336 1136 habe-

1277 1147 1338 1169 rent
1353 1139 1506 1169 Servitium
1523 1139 1619 1178 suum,
1635 1138 1711 1178 quod
1727 1139 1808 1168 nobis
1823 1139 1944 1176 debent,
1962 1149 2029 1171 tunc
2049 1141 2173 1181 ibidem,

1314 1177 1362 1207 Ad
1386 1175 1623 1217 proficiscendum
1644 1177 1791 1207 nobiscum
1807 1200 1817 1214 ,
1844 1178 1873 1206 in
1893 1177 2058 1217 obi'eq-imm
2081 1180 2225 1219 nostrum,
2244 1182 2335 1213 versus

1277 1215 1399 1284 dTerram
1424 1216 1546 1246 nostram
1577 1215 1726 1246 Vasconiae‘
1741 1238 1752 1254 ,
1782 1217 1811 1245 in
1833 1215 2003 1246 Succursum
2024 1219 2056 1248 ὃς
2078 1217 2246 1250 Turnonem
2265 1222 2335 1259 ejus-

1298 1264 1363 1292 em,

1317 1293 1394 1332 Qiia
1414 1301 1507 1324 tamen
1530 1293 1679 1324 Tradimus
1700 1292 1864 1323 concordiae
1886 1292 1989 1331 pendet
2010 1294 2081 1323 inter
2103 1293 2264 1326 Dominum
2278 1297 2338 1327 Re-

1279 1339 1346 1369 gem
1368 1331 1495 1363 Franciae
1519 1332 1552 1362 &
1575 1331 1659 1370 Nos,
1676 1332 1708 1362 &
1732 1331 1872 1370 speramus
1894 1331 1998 1361 Pacem
2013 1332 2046 1361 δε
2063 1331 2256 1364 Concordiam
2270 1336 2339 1365 inter

1278 1370 1369 1406 ipsum
1388 1371 1422 1401 ὃς
1444 1380 1513 1407 nos,
1532 1370 1709 1400 concedente
1725 1369 1877 1407 Domino,
1893 1370 2037 1399 reformari
2053 1372 2186 1409 (propter
2198 1373 2274 1410 quod
2288 1384 2341 1403 no-

1279 1408 1371 1444 lumus
1393 1409 1482 1448 ipsos,
1501 1408 1563 1447 plus
1585 1410 1671 1446 quam
1695 1416 1839 1446 oporteat,
1863 1409 1984 1445 experiris
2005 1409 2038 1438 δε
2059 1408 2197 1440 laboribus
2218 1411 2340 1450 fatigari)

1279 1447 1331 1477 tibi
1352 1448 1547 1486 praecipimus,
1573 1446 1688 1477 firmiter
1711 1447 1901 1484 injungentes,
1926 1446 2005 1485 quod
2029 1456 2077 1486 per
2097 1456 2186 1478 totam
2210 1448 2343 1479 Billivam

1282 1494 1379 1522 tuam,
1398 1486 1449 1515 ubi
1469 1485 1567 1515 videris
1588 1484 1732 1522 expedire,
1750 1484 1863 1522 publice
1886 1486 2057 1523 proclamari
2075 1484 2173 1525 fici-as,
2188 1487 2268 1524 quod
2284 1497 2345 1517 non

1282 1531 1397 1561 oportet
1419 1523 1569 1560 praedietos
1584 1546 1593 1560 ,
1622 1522 1752 1553 Comites
1768 1545 1777 1560 ,
1802 1521 1938 1561 Baiones,
1965 1523 2092 1561 Milites,
2116 1524 2148 1554 &
2170 1525 2252 1563 alios,
2277 1536 2346 1556 cum

1282 1562 1404 1591 Servitio
1416 1561 1482 1599 suo,
1501 1560 1534 1590 ad
1550 1560 1643 1591 dietos
1655 1561 1731 1591 diem
1745 1562 1777 1590 &
1794 1560 1911 1598 locum,
1928 1562 2040 1599 venire,
2059 1572 2112 1592 nee
2126 1562 2273 1602 praefatos,
2289 1565 2345 1594 Ar-

1282 1599 1475 1637 chiepiscopos
1488 1621 1498 1636 ,
1518 1598 1672 1637 Episcopos
1687 1623 1696 1636 ,
1714 1599 1836 1628 Abbates
1852 1622 1861 1636 ,
1883 1598 1992 1629 Priores
2005 1623 2014 1637 ,
2033 1602 2065 1631 ἅ-
2089 1600 2194 1632 Viduas
2206 1625 2216 1640 ,
2234 1602 2345 1633 dietum

1283 1637 1436 1668 Servitium
1451 1637 1530 1667 suum
1546 1645 1614 1666 tunc
1628 1636 1735 1666 ibidem
1750 1637 1876 1673 mittere,
1896 1637 1939 1666 vel
1956 1637 2065 1667 habere.

1321 1675 1462 1706 Volumus
1477 1684 1570 1705 tamen
1585 1675 1665 1713 quod
1679 1675 1727 1712 ipsi
1741 1684 1841 1704 omnes
1855 1674 1973 1705 habeant
1989 1676 2140 1707 Servitium
2156 1678 2233 1708 suum
2249 1689 2348 1717 prom-

1282 1723 1379 1758 ptum,
1397 1715 1430 1745 δε
1451 1723 1577 1758 paratum
1596 1723 1648 1753 pro
1669 1713 1807 1751 obsequio
1827 1711 1945 1751 nostro,
1961 1724 2031 1744 cum
2052 1715 2122 1755 ipsos
2140 1716 2217 1756 super
2232 1717 2289 1748 hoc
2304 1718 2346 1748 fe-

1282 1762 1403 1784 cerimus
1415 1762 1585 1790 praemuniri.

1321 1790 1410 1822 Teste
1427 1790 1509 1830 Rege
1526 1790 1600 1829 apud
1613 1788 1922 1828 Westmonasterium,
1939 1790 2056 1821 decimo
2074 1790 2120 1822 die
2130 1791 2206 1830 Julii.

1922 1869 1976 1897 Per
1988 1866 2069 1906 ipsicm
2084 1870 2187 1905 Regem,

1304 1945 1433 2014 l*Eodem
1463 1945 1552 1976 modo
1579 1944 1746 1977 mandatum
1769 1943 1810 1974 est
1832 1943 1941 1983 singulis
1962 1943 2192 1976 Vicecomitibus
2213 1955 2263 1984 per
2284 1948 2347 1979 Anss

1285 1994 1380 2024 giam.

1568 2111 1662 2155 Super
1684 2109 1892 2154 Prorogatione
1908 2106 2058 2153 praediffa.

1355 2193 1418 2224 EX
1432 2218 1441 2233 ,
1460 2194 1566 2225 diledm
1586 2194 1619 2224 δε
1638 2192 1711 2223 fideli
1731 2192 1797 2230 suo,
1823 2191 1953 2222 Thomae
1973 2192 2086 2223 Comiti
2108 2192 2289 2234 Norfolciae,
2311 2195 2345 2226 δε
2359 2206 2428 2238 An„
2453 2204 2495 2237 1)-

1367 2232 1534 2264 Marescallo
1547 2231 1673 2271 Angtiae,
1692 2231 1779 2261 Fratri
1790 2231 1839 2260 suo
1860 2231 2015 2270 carissimo,
2035 2232 2167 2263 Salutem.
2382 2256 2396 2276 1
2421 2230 2458 2274 ,'6
2488 2229 2495 2238 '

1325 2270 1407 2302 Licet
1427 2281 1517 2310 nuper
1530 2294 1540 2311 ,
1557 2271 1623 2312 post
1641 2268 1841 2301 Sufferentiam
1852 2292 1862 2307 ,
1880 2267 1941 2303 dyc.
1963 2277 1995 2300 ut
2007 2268 2093 2310 fhpra
2114 2271 2192 2311 usque
2210 2270 2248 2301 ibi
2261 2295 2271 2310 ,
2294 2273 2347 2302 ini-
2361 2254 2479 2312 Ani-‘20

1288 2317 1346 2340 tam
1367 2320 1373 2340 ε

1325 2346 1416 2379 Vobis
1435 2349 1660 2380 mandaverimus
1681 2345 1762 2385 quod
1783 2345 1886 2384 essetiS,
1909 2346 1943 2377 ad
1957 2345 2044 2386 Nos,
2064 2347 2137 2386 apud
2151 2347 2350 2388 Portesmuth,
2364 2328 2393 2351 E.
2398 2332 2460 2388 1221,

1291 2387 1320 2416 in
1341 2387 1462 2417 crastino
1485 2387 1581 2417 Sanffl
1596 2386 1673 2416 Petri
1688 2385 1721 2415 ad
1736 2385 1846 2415 vincula
1858 2386 1991 2423 proximo
2005 2386 2117 2423 futuro,
2135 2396 2202 2416 cum
2218 2387 2303 2424 Equis
2317 2389 2351 2418 ὃς
2460 2392 2463 2394 ’

1290 2425 1403 2463 Armis,
1423 2426 1457 2456 &
1477 2433 1541 2456 toto
1561 2425 1699 2461 Servitio,
1714 2423 1791 2463 quod
1813 2424 1896 2452 nobis
1917 2424 2022 2453 debetis
2042 2424 2077 2454 de
2097 2425 2194 2454 Terris
2207 2426 2239 2455 &
2253 2427 2352 2456 Tenc-

1293 2465 1412 2502 mentis,
1430 2473 1494 2501 quae
1515 2463 1551 2493 de
1573 2463 1654 2493 nobis
1675 2463 1772 2492 tenetis
1784 2462 1812 2490 in
1830 2461 1948 2500 Anglii,
1969 2461 2003 2491 ad
2019 2463 2246 2493 transfretandum
2261 2465 2355 2494 „offis-

1292 2512 1360 2533 cum
1379 2502 1414 2532 ad
1433 2502 1556 2533 Terram
1574 2501 1699 2532 nostram
1720 2499 1885 2538 Vaseoniae,
1904 2501 1933 2529 iri
1953 2499 2124 2531 Succursuni
2138 2502 2169 2531 &
2185 2501 2353 2533 Tuitionem

1292 2541 1413 2579 ejusdem
1431 2551 1437 2571 :

1331 2579 1408 2617 Qia
1428 2588 1524 2611 tamen
1545 2578 1709 2616 Tra-status,
1726 2575 1785 2612 &a
1807 2583 1838 2606 ut
1854 2576 1939 2616 supra
1962 2577 2039 2617 usque
2061 2577 2116 2615 ibi,
2134 2579 2266 2616 (propter
2278 2580 2355 2618 quod

1295 2619 1428 2648 nolumus
1447 2628 1515 2656 vos,
1533 2617 1578 2648 seu
1593 2618 1660 2647 alios
1673 2616 1767 2647 fideles
1783 2615 1892 2645 nostros
1903 2638 1912 2652 ,
1926 2615 1986 2652 plus
2004 2617 2088 2654 quam
2106 2626 2297 2656 oportunum,
2315 2618 2355 2648 la-

1294 2657 1410 2687 boribus
1425 2656 1548 2695 fatigari)
1569 2656 1651 2686 vobis
1673 2654 1858 2694 significamus
1881 2654 1980 2691 quod,
1994 2654 2029 2684 ad
2048 2654 2140 2684 dicrios*
2160 2655 2235 2685 diem
2257 2656 2289 2686 δε
2311 2656 2354 2686 10-

1294 2705 1380 2733 cum,
1399 2696 1441 2725 ob
1456 2695 1564 2726 causam
1577 2695 1765 2732 praemissam,
1784 2701 1834 2721 vos
1846 2692 1981 2722 accedere
1993 2702 2051 2722 non
2066 2701 2187 2729 oportet.

1335 2733 1474 2764 Volumus
1493 2741 1588 2764 tamen
1610 2733 1708 2772 quod,
1726 2733 1754 2761 in
1767 2739 1885 2760 ornnem
1901 2738 2051 2767 eventum,
2071 2732 2123 2760 sitis
2135 2731 2240 2769 semper
2254 2741 2354 2769 prom-

1295 2773 1353 2811 pti,
1379 2773 1412 2804 &
1434 2773 1520 2811 parati
1540 2781 1609 2802 curn
1633 2772 1714 2802 didio
1733 2769 1853 2799 Servitio
1871 2768 1985 2813 vestro,
2010 2778 2064 2808 pro
2084 2769 2218 2808 obsequio
2238 2770 2355 2810 nostro,

1298 2812 1368 2843 cum
1380 2810 1460 2850 super
1475 2811 1532 2840 hoc
1545 2820 1596 2840 vos
1609 2811 1756 2841 fecerimus
1770 2816 1942 2847 praemuniri.

1333 2848 1422 2879 Teste
1438 2856 1469 2879 ut
1482 2848 1568 2886 supra.

1455 2924 1568 2956 Eodem
1591 2924 1681 2955 modo
1702 2923 1828 2955 scribitur
1847 2922 2023 2961 subscriptis,
2049 2922 2199 2963 videlicet,

1334 3003 1479 3033 Edwardo
1501 3004 1598 3032 Comiti
1625 3000 1732 3041 Cestriae
1750 3000 1807 3041 filia
1881 2999 2010 3039 Johasmi
2025 3000 2056 3030 de
2072 3000 2149 3030 Bello
2163 3004 2260 3039 Campo
2270 3001 2353 3031 deSoss

1337 3045 1480 3109 Effmilriiz'o
1495 3081 1594 3108 Comitt
1610 3077 1757 3108 Arundell.
1883 3040 2058 3116 JoriiZZ‘iieiz'e
2073 3078 2171 3106 Sanft'o
2177 3076 2309 3116 Johasme
2321 3076 2352 3106 de

1341 3120 1449 3155 Hugom'
1481 3117 1505 3147 le
1537 3115 1683 3157 Despenser
1711 3120 1809 3147 Comiti
1920 3116 2036 3155 Basyng.

1376 3158 1539 3195 Wj‘ntoniae.

1340 3194 1454 3224 Roberto
1467 3195 1499 3224 de
1507 3197 1572 3224 Veer
1578 3197 1676 3223 Comiti
1683 3196 1809 3224 Oxoniae.

1340 3236 1456 3263 Henrico
1484 3233 1516 3262 de
1544 3232 1689 3272 Lancastr.
1715 3236 1811 3263 Comiti

1886 3153 2014 3183 William
2027 3154 2056 3182 la
2072 3152 2197 3192 Zorlsche.

1886 3194 2003 3221 Henrico
2022 3193 2053 3220 de
2072 3194 2160 3231 Percy.

1885 3230 2013 3268 Johanni
2032 3231 2063 3259 de
2080 3229 2251 3260 Crumbwell.

1379 3270 1543 3311 Leycestriae.
1886 3268 2013 3298 Auchcro
2019 3267 2082 3309 filio
2096 3270 2219 3299 Henrici.

1341 3312 1450 3348 Hugoni
1464 3309 1488 3339 le
1503 3308 1646 3348 Despenser
1662 3308 1784 3349 Juniori.
1886 3306 2001 3336 Roberto
2016 3307 2047 3335 de
2060 3305 2158 3336 Morle.

1342 3348 1455 3378 Thomae
1472 3349 1566 3378 Wake.
1884 3344 2022 3382 Radulpho
2036 3345 2068 3374 de
2086 3348 2230 3384 Cammoys.

1884 3383 1998 3412 Roberto
2013 3383 2045 3412 de
2059 3386 2155 3412 Monte
2168 3382 2248 3412 Alto.

1884 3425 2008 3451 Antonio
2027 3422 2058 3450 de
2076 3424 2157 3460 Lucy.

1886 3459 1991 3489 Thomae
2003 3460 2034 3489 de
2049 3457 2194 3489 Fornivall
2205 3461 2312 3490 seniori.

1883 3498 2012 3536 Johamzi
2025 3498 2056 3527 de
2067 3501 2191 3533 Segrave.

1884 3535 2011 3574 Johanm'
2027 3535 2133 3564 Pecche.

1883 3574 1997 3603 Roberto
2012 3574 2043 3603 de
2057 3573 2158 3612 Insiela.

1884 3611 2012 3649 Johanm'
2027 3612 2059 3640 de
2073 3614 2170 3642 Sam‘lo
2187 3614 2325 3645 Amanda.

1885 3648 1990 3678 Thomae
2006 3650 2211 3680 L'ercedeakne.

1882 3687 2023 3725 Ranulpho
2040 3688 2071 3716 de
2085 3692 2182 3718 Dacre.

1883 3725 2015 3763 Johanni
2030 3726 2061 3754 de
2075 3726 2239 3757 cherletoue.

1883 3766 1964 3793 Petro
1977 3764 2008 3793 de
2022 3764 2101 3793 Malo
2117 3768 2203 3796 Lacu.

1881 3803 1998 3831 Henriso
2012 3802 2116 3840 Huffee.

1884 3839 2035 3869 lVillielmo
2057 3843 2167 3880 Tweng.

1883 3877 2011 3916 Johanni
2027 3879 2057 3909 de
2071 3883 2178 3912 sutton.

1341 3389 1457 3417 Henrico
1471 3386 1537 3416 Filio
1551 3389 1680 3424 Hugonis.

1341 3428 1384 3456 W
1383 3424 1490 3454 illielmo
1505 3425 1537 3454 de
1554 3428 1692 3455 Ferrariis.

1342 3466 1451 3501 Hugoni
1465 3464 1497 3493 de
1512 3462 1619 3493 Nevill.

1341 3503 1482 3531 Edmundo
1497 3505 1659 3540 Deyncourt.

1339 3543 1455 3570 Henrico
1468 3539 1500 3569 de
1514 3539 1654 3569 Cobeham.

1339 3581 1454 3609 Henrico
1472 3578 1503 3607 de
1518 3577 1593 3607 Bello
1608 3584 1705 3607 monte.

1343 3615 1491 3647 Willielmo
1515 3615 1544 3645 la
1572 3615 1676 3654 Zousth
1696 3615 1728 3644 de
1747 3616 1809 3643 Ha-

1340 3694 1359 3713 *
1368 3654 1564 3723 Ιέζῖἕῖἒνῑίῖξῖἰο
1579 3690 1703 3721 Wlteri.

1341 3731 1490 3761 Willielmo
1505 3731 1535 3759 de
1551 3733 1642 3769 Kyme.

1342 3769 1448 3799 Fulcom'
1460 3767 1527 3798 Filio
1543 3771 1658 3797 lVarini.

1340 3807 1469 3845 Johanni
1481 3807 1513 3836 de
1527 3808 1575 3834 Ha
1594 3816 1633 3844 yn
1652 3829 1658 3834 .

1341 3844 1482 3883 Ramdpho
1498 3844 1530 3873 de
1576 3816 1652 3872 evili.

1343 3887 1386 3914 W
1386 3882 1492 3914 illielma
1507 3882 1539 3912 de
1553 3880 1726 3919 Grandisono.

2368 3698 2451 3730 *lvd

2371 3741 2432 3777 2132

2279 4064 2358 4097 saper·
