2562 4279
762 209 873 249 ET
954 208 1210 250 ACTA

1291 206 1765 255 PUBLICA.
2275 227 2333 267 45

20 293 96 325 Arm.
111 289 153 321 D.
171 293 244 324 dreit
264 293 367 325 Terres
382 317 392 333 ,
418 294 593 325 Tenemcnz
607 318 616 331 ,
635 305 673 325 ou
697 294 822 333 Rentes,
839 303 932 333 queux
947 295 964 324 il
980 296 1033 325 tint
1049 293 1174 332 adonqes
1190 303 1247 331 pat
1292 292 1335 324 Ac
1359 305 1390 324 ea
1402 320 1412 333 ,
1440 307 1505 334 quae
1527 297 1565 327 sic
1586 297 1718 329 TraCtata
1741 299 1775 330 &
1800 297 1986 332 Concordata
2004 298 2110 331 fuerint
2126 323 2136 339 2
2154 300 2327 339 quacunque
2342 298 2417 327 Arm-
2432 298 2474 328 D„

42 339 126 371 ¹339·

19 373 56 400 m
171 333 254 363 reson
274 332 310 363 de
331 333 388 363 Lui
401 356 411 372 ,
434 344 474 363 ou
494 334 530 363 de
548 333 572 362 sa
595 334 652 363 dite
666 333 861 373 Compaigne,
879 343 914 363 en
930 333 1066 363 Roialme
1078 333 1113 362 de
1128 333 1235 362 Fraun-

32 384 37 388 ·
57 383 86 399 v.
108 378 120 405 3

170 381 206 401 ce

209 395 298 439 Nous
313 409 435 439 ferroms
448 411 523 446 paier
535 409 657 440 chescun
673 409 718 439 An
732 420 747 439 a
764 409 837 448 Lui,
855 411 887 440 ὃς
902 420 918 439 a
931 408 956 438 sa
969 408 1027 438 dite
1039 407 1234 448 Compaigne‚

171 447 198 478 la
213 448 293 478 value
304 448 352 478 des
364 448 483 486 Terres,
501 447 688 486 Tenemenz,
708 449 742 478 &
760 448 867 478 Rentes
879 447 1038 484 avantditz‚

211 485 250 516 Et
266 486 294 524 ja
314 495 396 516 eoms
415 486 557 516 entenduz
576 496 633 523 que
652 486 691 515 les
712 485 854 515 avantditz
867 508 877 522 ‚
902 485 962 514 Sire
984 485 1020 514 de
1041 483 1142 523 Cuyc,
1160 486 1194 516 &
1208 484 1234 514 sa

172 524 355 564 Compaigne
366 548 376 562 ,
399 532 451 555 ont
473 525 534 562 puis
553 524 659 562 parduz
673 548 683 562 ,
705 534 740 553 en
753 524 794 553 dir
809 522 960 553 Roiaulrne
974 522 1010 552 de
1024 523 1150 553 Fraunce
1186 533 1234 561 par

173 563 253 594 cause
266 563 303 593 de
313 566 339 593 sa
350 563 408 592 dite
422 563 541 593 demore
554 562 651 592 devers
665 572 753 599 nous,
771 561 889 599 Tenes,
908 561 1095 599 Tenemenz,
1112 548 1234 592 &Ren-

176 610 215 632 tes
212 624 249 670 ᾖ
250 611 267 632 a
280 601 305 631 la
318 600 400 633 value
413 600 450 631 de
463 600 552 631 Trois
567 600 633 631 Mill
650 600 759 630 Florins
773 600 809 629 de
824 600 846 628 F
848 600 964 629 lorence
978 610 1026 637 par
1039 600 1102 638 An,

249 649 319 678 ους,

210 677 348 708 Voilantz
360 677 520 716 perfournir
534 675 629 706 nostre
641 675 682 705 dit
697 674 808 713 Grant,

214 716 376 747 Grantoms
386 726 413 746 as
428 716 503 754 ditz,
520 715 582 745 Sire
595 714 629 744 de
643 712 726 752 Cuyc
736 736 744 751 ,
763 715 796 745 &
809 714 834 743 sa
843 713 1041 753 Compaigne,
1059 724 1092 744 en
1103 713 1235 745 Recom-

197 754 329 785 ensacion
348 754 397 785 des
419 755 544 791 Terres,
568 752 740 782 Tenemenz
756 775 765 790 ,
788 753 821 783 &
844 752 954 783 Rentes
972 754 1130 791 avantditz‚
1148 754 1236 783 Trois

216 793 243 823 ill
257 792 366 823 Florins
381 793 418 823 de
434 792 589 828 Florence,
608 799 646 820 ou
660 790 685 819 la
699 791 778 820 value
793 801 829 820 en
842 800 918 821 autre
932 791 1056 821 Monoie
1068 792 1237 830 covemble,

176 841 193 862 a
212 832 294 862 avoir
312 832 346 862 ὃς
365 831 503 868 receivre,
529 839 570 858 war
582 827 646 865 An,
664 828 700 859 de
716 838 774 859 noz
787 828 940 860 Custumes
952 839 987 859 en
1002 829 1072 860 Port
1086 829 1122 860 de
1137 830 1236 860 Loun-

176 870 255 907 dres,
273 880 289 900 a
308 870 347 900 les
369 868 461 899 Festes
473 891 483 906 ,
529 877 544 897 e
565 867 589 896 la
604 866 734 898 Nativite
746 868 827 898 Seint
838 868 933 906 johan
947 868 1097 907 Baptistre,
1115 869 1148 899 &
1163 868 1199 898 de
1212 868 1237 898 la

179 907 364 939 Purification
385 907 482 937 nostre
501 905 598 935 Datne
611 928 621 943 2
648 915 696 943 par
717 907 840 938 ouweles
862 907 994 944 porcions
1009 930 1018 944 ,
1043 917 1096 944 pur
1109 907 1135 936 le
1146 916 1238 936 terme

180 957 238 985 que
250 947 289 976 les
303 945 381 983 ditz,
399 944 458 974 Sire
473 944 509 974 de
525 943 625 982 CuyC,
643 945 676 974 &
689 944 713 974 fii
728 944 807 975 Com
829 946 987 983 aiane20nt
1002 955 1029 975 es
1045 945 1237 983 Terres,Te-

181 992 321 1022 nemenz,
340 984 374 1013 &
387 982 493 1013 Rentes
507 982 664 1020 avantditz,
683 990 786 1021 tanque
834 983 982 1014 estitucion
997 983 1060 1013 lour
1073 984 1125 1013 soit
1139 983 1188 1014 fait
1201 983 1238 1013 de

183 1023 303 1053 mesmes
321 1021 359 1050 les
381 1020 506 1057 Terres,
532 1021 706 1051 Tenenienz
721 1046 730 1059 ,
756 1023 788 1053 ὃς
810 1021 918 1052 Rentes
933 1045 943 1060 ,
967 1031 1007 1051 ou
1043 1032 1078 1051 ue
1091 1032 1162 1051 nous
1176 1022 1240 1051 lour

180 1070 262 1092 eoms
277 1067 406 1097 purveuz
419 1059 467 1090 des
481 1069 569 1090 autres
581 1069 617 1089 en
631 1059 812 1098 Engleterre,
829 1070 869 1090 ou
880 1070 915 1090 en
938 1068 1015 1090 autre
1057 1061 1101 1091 ieu
1116 1069 1240 1092 covena-

183 1099 230 1129 ble
264 1107 280 1128 a
295 1097 320 1127 la
339 1099 449 1128 verroie
465 1098 544 1129 value
559 1098 686 1137 d'iceux,
704 1108 756 1136 pur
772 1098 799 1129 le
812 1108 903 1129 terme
915 1098 1005 1129 susdit.

218 1122 265 1167 E'n
280 1135 528 1176 Tefinoignance,
547 1139 599 1168 &c

220 1211 303 1243 Dori.
321 1221 337 1241 a
352 1211 528 1252 Andewers,
547 1213 573 1243 le
586 1214 612 1243 xi
624 1214 689 1252 jour
699 1212 735 1243 de
749 1212 843 1243 Marz.

231 1341 466 1372 Conventionum‘
482 1351 551 1372 cum
572 1337 716 1385 Archiepi
730 1349 795 1385 copo
811 1339 981 1381 Trevirenst
997 1339 1198 1384 Confirmatio.

36 1427 164 1462 Ann,D,
272 1423 332 1454 OS
359 1423 531 1463 Edwardus,
551 1424 610 1455 Del
624 1424 710 1464 gratia
724 1449 733 1463 ,
753 1423 817 1454 Rex
832 1423 958 1462 Angliae,
978 1423 1125 1454 Dominus
1140 1424 1248 1455 Hiber-

62 1476 148 1507 1339,
282 1464 359 1500 niae,
385 1464 418 1494 &
442 1463 511 1493 Dux
536 1463 697 1501 Aquitaniae
713 1486 722 1501 ,
745 1472 847 1493 notum
870 1462 988 1492 facimus
1004 1463 1135 1493 universis
1151 1464 1249 1502 quod,

33 1509 88 1535 An.
109 1516 150 1542 ¹3·
189 1502 262 1532 inter
285 1500 354 1532 Nos
370 1525 379 1539 ,
405 1502 440 1533 δε
453 1527 462 1539 ,
486 1501 690 1532 Reverendum
711 1503 739 1531 in
761 1500 880 1531 Christo
902 1501 1015 1531 Patrem
1029 1524 1038 1539 ‚
1057 1500 1250 1533 Baldewinum

35 1549 58 1573 Ε
88 1554 100 1580 3
190 1540 446 1577 Archiepiscopum
462 1541 679 1577 Trevirensem,
699 1550 764 1578 per,
782 1539 981 1570 Venerabilem
996 1539 1126 1577 Patrem,
1142 1539 1251 1571 Domi-

33 1566 139 1611 iiim.

190 1589 261 1609 num
281 1578 443 1608 Henricum
465 1578 638 1617 Episcopum
661 1578 891 1610 L³ncolniensem
903 1601 913 1616 ,
940 1578 973 1608 &
987 1600 996 1615 ‚
1014 1579 1194 1616 speciabilem
1208 1580 1252 1609 vi-

35 1631 74 1652 m.
92 1631 119 1649 2.

191 1623 255 1648 rum
293 1617 474 1657 Reynaldum
497 1616 646 1648 Comitem
667 1617 774 1648 Gelria:
794 1617 828 1647 ὃς
844 1616 1076 1654 Zutphanensem
1089 1640 1099 1654 ,
1117 1617 1251 1655 affinem,

191 1642 300 1686 Fideles
313 1655 424 1686 nostros
440 1656 576 1695 dilec'tos‚
593 1655 782 1693 Tractatum,
800 1655 931 1698 Gestum.
940 1677 950 1693 ,
968 1656 1001 1685 ὃς
1016 1655 1188 1686 Ordinatum
1203 1665 1252 1685 ex-

191 1694 275 1734 stitit,
293 1703 328 1724 ex
341 1693 448 1731 speciali
463 1694 562 1725 nostro
578 1694 719 1725 Mandato
736 1694 769 1725 ὃς
785 1693 1043 1731 Beneplacito,per
1058 1703 1178 1724 omnem
1187 1703 1253 1724 mo-

189 1733 261 1763 dum
285 1734 319 1764 «Sc
339 1733 464 1763 formam
479 1756 489 1771 ,
512 1735 542 1763 in
563 1733 739 1772 infrascriptis
760 1732 856 1762 Literis
872 1731 1114 1774 comprehensos,
1131 1741 1253 1770 quarum

189 1771 307 1840 qiliidem
328 1771 489 1803 Literarum
509 1771 610 1802 Tenor
624 1794 636 1810 ,
659 1771 695 1801 de
716 1771 805 1802 verbo
818 1770 853 1800 ad
867 1771 1007 1807 verbum,
1027 1769 1182 1802 dinoscitur
1194 1770 1253 1801 effe

192 1819 260 1842 tais.

228 1885 300 1917 Nos
315 1909 325 1925 ,
340 1886 499 1924 Heni-icus,
518 1885 699 1924 permiffione
720 1884 829 1917 Divinzi
876 1883 1034 1923 Episcopus
1049 1884 1256 1917 Lincolnienfis

192 1923 253 1960 &aa
272 1923 394 1964 ut-ficpra
408 1925 440 1954 de
452 1928 526 1955 Dat.
546 1926 591 1955 28.
609 1925 671 1955 Feb.
691 1923 770 1965 usque
782 1925 821 1953 ad
832 1909 888 1954 ssaes
901 1923 1006 1962 verba,
1023 1927 1085 1953 viz.

231 1962 270 1994 Et
291 1973 344 1994 nos
362 1962 535 2002 Edwardus,
555 1963 622 1994 Rex
638 1964 750 2003 Angiiae
764 1962 950 2001 supradietis,
968 1963 1066 1993 omnia
1085 1963 1118 1994 &
1134 1962 1256 2002 singula,

193 2002 224 2032 in
239 2001 423 2040 suprascriptis
437 2002 539 2033 Literis
560 2002 711 2040 expressata
725 2026 735 2039 ,
753 2001 827 2032 Rata
840 2001 874 2032 ὃς
889 2000 979 2031 Grata
993 2001 1144 2040 habentes,
1163 2012 1194 2032 ea
1207 2011 1257 2039 ap-

194 2041 396 2078 probavimus,
414 2042 448 2071 &
468 2040 648 2078 praesentibus
662 2040 869 2078 approbamus,
888 2041 1083 2078 promittentes
1094 2040 1257 2071 nichilomi-

195 2088 265 2115 nus,
285 2089 337 2116 pro
356 2079 455 2109 Nobis
468 2101 478 2117 ,
502 2080 535 2110 ὃς
551 2078 719 2110 Haeredibus
734 2078 834 2109 nostris
847 2088 879 2108 ac
895 2077 1125 2117 Succefforibus,
1143 2089 1193 2116 per
1209 2078 1258 2108 Fi-

196 2116 264 2147 dem
292 2116 417 2147 nostram
439 2118 623 2155 corporaliter
649 2117 715 2148 inde
735 2116 830 2148 datam
845 2139 854 2155 ‚
882 2116 962 2155 quod
983 2118 1082 2147 omnia
1102 2118 1136 2148 &
1154 2117 1258 2156 singula

197 2155 356 2225 fraemiila,
371 2157 399 2185 in
414 2165 549 2194 quantum
564 2167 615 2186 nos
629 2164 825 2193 concernunt,
844 2155 924 2186 firma
939 2157 971 2186 ὃς
987 2156 1152 2187 inconcussa
1165 2157 1259 2187 invio-

210 2193 315 2225 abiliter
330 2194 494 2233 observare,
512 2196 546 2227 δε
560 2195 712 2233 adimplete
725 2195 909 2233 debebimus,
928 2203 959 2225 ut
974 2202 1113 2225 tenemur.

218 2269 272 2338 stIri
293 2279 418 2339 quoffum
439 2272 572 2302 omnium
592 2270 779 2310 evidentiam,
797 2270 926 2310 Sigillum
937 2270 1069 2302 nostrum
1083 2271 1264 2312 praesentibus

200 2318 217 2339 e
256 2319 347 2347 appen
360 2319 417 2339 um.

237 2384 306 2416 Dat.
324 2396 401 2416 anno
416 2385 542 2416 Domini
563 2385 609 2415 M.
628 2385 726 2416 CCC.
747 2385 928 2417 XXXVIII.
947 2386 1103 2418 secundum
1116 2386 1216 2426 stylum
1230 2387 1264 2417 &

203 2424 437 2454 consuetudinem
458 2424 594 2455 Ecclesiae
616 2425 781 2465 Anglicanae
793 2426 827 2457 &
841 2425 1004 2457 Provinciae
1015 2426 1200 2458 Trevirensis.
1220 2426 1267 2456 die

203 2463 270 2493 xviii
289 2461 397 2493 Menfis
411 2462 519 2494 Martii.

57 2597 186 2628 *V.108.

53 2673 132 2705 Arm.
147 2672 190 2703 D.

78 2721 164 2753 1339·

438 2588 465 2615 δὲ
490 2593 585 2638 Super
600 2593 739 2638 Expeffls
757 2595 798 2625 E.
824 2595 911 2638 Regis
926 2595 1037 2626 Scotiae.

210 2674 304 2744 ¹31}-k
303 2674 335 2746 ξ
351 2669 542 2746 ἔἹ8“ξιὲιίίιὲιιὲτζιΥἰο
555 2701 565 2715 ‚
589 2676 623 2707 &
641 2676 796 2707 BatonIbus
813 2677 850 2708 de
869 2677 1017 2709 Scaccario
1031 2702 1041 2717 ,
1058 2688 1092 2709 ac
1105 2676 1272 2709 Camerariis

343 2739 352 2751 ,
497 2739 502 2744 .

55 2756 109 2781 An.
128 2761 171 2788 ¹3·
249 2752 425 2783 Mandamus
442 2754 524 2783 vobis
537 2753 637 2791 quod,
653 2752 894 2785 Excellentissimo
901 2754 1046 2793 Principi,
1063 2755 1273 2787 EdwardoRe-

56 2795 87 2818 Ε.
110 2799 135 2826 3.
210 2792 239 2831 gi
253 2792 359 2822 Scotioe
373 2814 382 2829 ,
406 2790 627 2830 Consanguineo
649 2791 749 2822 nostro
770 2792 913 2824 cariffimo
927 2817 936 2832 ,
952 2793 997 2825 ve'l
1012 2795 1068 2832 ejus
1083 2796 1111 2824 in
1129 2795 1182 2825 hac
1196 2805 1273 2833 parte

55 2833 128 2857 Penes
136 2831 188 2856 Cas·
214 2830 367 2860 Attornato
382 2852 391 2868 ,
415 2837 532 2859 centum
565 2829 678 2860 Marcas
693 2853 702 2868 ,
726 2831 762 2861 de
776 2831 925 2863 Thesauro
952 2832 1069 2871 nostro,
1090 2834 1120 2863 in
1140 2835 1274 2865 auxilium

56 2876 120 2896 mer.

210 2867 401 2904 Expensamm
421 2867 547 2906 Hospitii
567 2868 648 2907 ipfius
669 2869 759 2906 Regis
780 2870 867 2908 solvi,
885 2871 930 2900 vel
943 2872 967 2901 ei
980 2871 1047 2900 inde
1062 2881 1274 2909 competentem

211 2906 443 2975 effiggaztffirlgem
459 2907 487 2936 in
505 2906 650 2945 locis‚ubi'·
663 2907 713 2937 fibi
726 2907 794 2938 inde
808 2909 937 2939 celeriter
951 2908 1070 2940 satisfieri
1085 2912 1207 2950 poterit,
1223 2911 1274 2942 ha-

233 2955 280 2975 ere
348 2955 360 2963 ⁶
406 2957 417 2984 3

251 2983 432 3022 Recipientes
445 2994 460 3013 a
475 2983 594 3020 praefato
611 2983 710 3023 Rege,
727 2984 773 3014 vel
789 2986 845 3022 ejus
859 2984 940 3015 dicito
957 2985 1110 3017 Attornato
1124 3010 1134 3025 ‚
1155 2987 1275 3020 Litteras

212 3022 270 3053 {iias
285 3021 434 3061 Patentes,
454 3021 666 3061 Receptionem
680 3022 765 3053 diclae
779 3022 914 3054 Pecuniae
928 3023 1136 3056 Testificantes.

216 3098 343 3168 lisTeste
363 3098 494 3130 Custode
514 3098 654 3138 praedieco
669 3099 742 3137 apud
759 3099 961 3131 Berkhamsted
976 3123 986 3140 ‚
1003 3100 1123 3139 septimo
1135 3101 1179 3133 die
1191 3102 1277 3142 Apri-

954 3217 1008 3246 Per
1021 3215 1173 3247 Concilium.

65 3295 197 3331 clau.i3.
221 3294 280 3326 Pro
296 3278 421 3324 Roberro
438 3290 473 3325 de
486 3295 590 3342 Artoys
601 3321 610 3335 ,
618 3295 707 3340 fhper
725 3293 950 3341 quadringentis
967 3292 1068 3328 Libris
1078 3322 1088 3338 ‚
1099 3295 1135 3328 de
1149 3297 1281 3341 Penstone

66 3339 98 3401 Ξ,-
109 3340 164 3401 31·1Ρ·
176 3344 198 3361 ¹·
255 3338 317 3383 fibi
336 3340 461 3386 conceſj'd
479 3340 605 3384 debitis,
629 3343 725 3377 eidem
741 3357 818 3376 nunc
829 3343 993 3389 solvendis.

301 3470 465 3515 Commifflo
481 3472 525 3506 ad
537 3473 744 3507 'Nae—landum
760 3486 829 3507 cum
847 3477 977 3508 Domino
994 3475 1030 3509 de
1049 3477 1079 3509 la
1099 3480 1207 3512 Brette.

69 3560 203 3594 Ann‚D,
225 3554 379 3621 REX,
398 3555 517 3602 Dilefto
537 3558 571 3588 δε
595 3558 682 3589 Fideli
702 3559 768 3599 suo,
787 3559 909 3592 Olivero
924 3560 961 3591 de
973 3561 1108 3602 lngharn,
1126 3562 1284 3594 Senescallo

92 3609 177 3642 1339.
307 3597 357 3627 suo
369 3596 532 3634 Vascomae,
552 3597 684 3628 Salutem.

69 3642 123 3668 An.
141 3643 184 3678 13.
263 3636 360 3667 Sciatis
375 3635 470 3673 quod,

74 3682 105 3705 Ε.
125 3687 151 3714 3.
263 3674 313 3706 De
327 3674 424 3706 vestris
439 3672 568 3705 fidelitate
579 3673 613 3704 &
623 3674 879 3713 circumspectione
891 3675 1010 3714 provida
1023 3678 1123 3707 intime
1137 3677 1288 3708 confiden-

71 3718 209 3790 {affligig-
225 3721 313 3782 ἴε8Ᾰεὶ
327 3744 524 3782 Tractandum
538 3751 572 3781 &
589 3750 836 3782 concordandum
850 3762 920 3783 cum
930 3775 940 3791 ,
955 3752 1075 3783 Dilecto
1087 3753 1120 3784 &
1130 3753 1225 3784 Fidele
1233 3764 1287 3785 no-

72 3791 208 3828 Ang'lia&
229 3788 305 3830 stro,
323 3790 428 3822 Nobili
441 3789 532 3828 Viro,
550 3788 731 3820 Bernardetto
746 3789 882 3821 Domino
894 3791 931 3821 de
946 3791 970 3821 la
985 3791 1185 3830 Brette,super
1198 3793 1287 3823 Auxi-

75 3831 191 3868 Vasconia
230 3828 288 3866 li'o,
302 3830 389 3860 'nobis
403 3839 452 3867 per
468 3837 551 3865 eum,
570 3836 671 3858 contra
686 3828 882 3866 quoscumque
896 3828 1033 3860 Inimicos
1049 3829 1160 3860 nostros
1175 3832 1287 3869 impen-

79 3873 161 3904 13.E.
172 3878 197 3905 3.
230 3866 325 3897 dendo
345 3878 379 3899 ac
401 3869 511 3899 Mutuo
524 3890 534 3906 ‚
559 3877 612 3905 pro
635 3865 823 3904 Expeditione
837 3866 1034 3907 Negotiorum
1051 3867 1233 3908 nostrorum,
1252 3870 1287 3900 ab

74 3915 111 3934 m.
126 3916 172 3943 24.
230 3904 289 3943 ipso
303 3907 499 3938 contrahendo
509 3929 518 3944 ,

268 3941 446 3983 Di&umque
462 3944 599 3975 Mutuum
615 3942 825 3982 recipiendum,

267 3979 418 4021 Civitates,
436 3983 553 4021 Castra,
571 3982 675 4020 villas,
694 3982 816 4020 Terras,
834 3982 868 4013 &
882 3980 1040 4021 Redditus,
1059 3981 1154 4013 nostra
1166 3984 1195 4014 in
1208 3984 1288 4015 dicto

230 4016 370 4058 Ducam,
394 4031 479 4058 prout
494 4031 529 4052 ex
549 4020 623 4052 edire
639 4019 777 4058 videritis,
795 4020 887 4051 eidem
900 4019 1067 4051 Benardetto
1083 4020 1289 4061 Affignandum

228 4056 263 4088 &
277 4056 468 4090 Liberandutn
477 4083 486 4097 ,
538 4059 644 4090 abenda
658 4060 690 4090 &
706 4058 846 4089 Tenenda
861 4059 1006 4097 quousque
1019 4059 1068 4091 fibi
1080 4083 1091 4099 ,
1105 4059 1143 4092 de
1162 4059 1290 4093 Exitibus

231 4100 349 4140 eorum,
367 4097 489 4135 plenarie
503 4098 539 4130 de
552 4098 634 4130 dicto
649 4097 758 4130 Mutuo
773 4097 857 4129 fuerit
870 4097 1056 4136 satisfactum,

1272 332 1417 364 Firmitate
1431 336 1590 365 vallandum
1599 360 1608 373 ,
2363 345 2446 376 1339-

1309 370 1347 415 Et
1367 374 1465 403 omnia
1483 375 1516 405 &
1538 374 1639 417 singula
1651 374 1811 406 faciendum
1827 385 1892 415 quae
1906 387 1957 415 pro
1970 377 2116 408 securitate
2129 377 2196 408 disti
2211 376 2328 408 Bernar-
2345 377 2409 404 Edv·
2427 385 2452 412 5-

1272 407 1340 438 detti
1352 420 1494 454 oportuna
1505 412 1625 451 fuerint,
1643 414 1727 443 etiam
1742 414 1761 443 fi
1773 415 1935 446 mandatum
1950 417 2060 455 exigant
2071 417 2203 455 speciale,

1310 446 1401 478 Vobis
1423 450 1533 487 plenam
1547 474 1556 489 ‚
1583 459 1682 481 tenore
1703 453 1880 489 praesentium
1896 478 1906 492 ,
1922 455 2130 485 committimus
2143 455 2176 485 ὃς
2190 453 2327 485 concedi-

1273 494 1334 515 mus
1345 486 1531 519 Potestatem·
1554 490 1763 528 promittentes,
1782 501 1834 528 pro
1847 492 1962 530 Nobis,
1980 493 2013 524 &
2026 492 2196 524 Haeredibus
2209 492 2310 523 nostris

1272 533 1325 553 nos
1340 524 1449 556 Ratum
1462 528 1495 558 ὃ(
1507 513 1648 565 Gratum,
1667 531 1806 566 perpetuis
1821 532 1996 568 temporibus
2032 532 2176 563 habituros
2190 515 2327 570 quicquid

1272 565 1527 632 ξῐῇτίΐῶῗιετῃΑᾶυη)
1548 566 1595 598 vel
1609 565 1733 597 Gestum
1745 567 1870 599 fueritin
1885 555 2048 608 praemissis,
2066 570 2099 601 &
2111 570 2238 609 quolibet
2252 579 2328 608 prae⁴

1311 638 1345 669 In
1357 642 1434 679 ctu'us
1443 665 1452 680 ,
1468 642 1528 672 &c-

1312 715 1380 747 Dat.
1399 717 1472 755 apud
1488 716 1670 757 Andewerp,
1686 719 1823 751 vicesimo
1838 720 1956 760 septimo
1970 720 2017 751 die
2031 719 2144 760 Aprilis.

1963 799 2017 826 Per
2028 797 2109 837 ipsiun
2121 800 2226 836 Regem.

1278 917 1439 957 Corfimilis
1469 917 1632 962 Commffo
1655 918 1699 952 ad
1726 919 1935 952 Trafflandum
1965 932 2033 953 cnm
2054 924 2184 954 Domino
2199 921 2235 955 de
2254 926 2334 956 Cau-

1757 978 1849 1002 mont.

1278 1049 1340 1109 R
1350 1049 1376 1118 i}
1384 1050 1414 1082 X
1423 1051 1571 1120 ἰΙΒῑιεεῑο
1589 1052 1622 1082 &
1642 1051 1732 1082 Fiden
1753 1052 1822 1091 suo,
1840 1052 1962 1083 ouvero
1976 1052 2012 1083 <ie
2026 1051 2165 1092 lngham,
2180 1053 2338 1086 senescaris
2354 1048 2430 1079 Arm-
2445 1046 2488 1079 D„

1372 1100 1409 1120 uo
1452 1090 1588 1128 asconiae,
1606 1090 1739 1120 Salutem.
2378 1095 2463 1127 1339.

1280 1162 1300 1192 d
1318 1126 1368 1157 De
1388 1127 1486 1159 vestris
1508 1128 1652 1159 Fidelitate
1672 1129 1705 1159 &
1722 1128 1990 1167 Circumspectione
2001 1129 2120 1170 provida
2134 1131 2235 1161 intime
2250 1131 2343 1162 confi-
2357 1130 2408 1192 ‘Effl-
2429 1136 2472 1163 ¹3·

1302 1174 1377 1196 entes
2386 1186 2391 1191 ·
2414 1174 2440 1201 3·

1319 1203 1366 1233 Ad
1383 1189 1580 1236 Tradiandum
1599 1205 1632 1236 &
1645 1204 1889 1236 Conveniendum
1904 1215 1989 1244 cum,
2007 1205 2126 1237 Dilecto
2140 1208 2173 1239 &
2189 1207 2212 1237 F
2214 1207 2345 1239 ideleno-
2360 1203 2423 1231 ibid.

1284 1241 1358 1279 stro,
1376 1243 1538 1274 Willielmo
1552 1243 1708 1283 Reymond
1722 1242 1859 1274 Domino
1869 1244 1905 1273 de
1921 1244 2084 1282 Caumont,
2101 1247 2180 1283 super
2194 1245 2345 1278 Remune-

1285 1282 1394 1312 ratione
1416 1283 1467 1312 sibi
1488 1282 1619 1314 facienda
1640 1293 1693 1319 pro
1716 1281 1835 1320 Terris,
1853 1291 1920 1320 quas
1931 1283 2006 1312 idem
2022 1283 2196 1314 Willielmus
2210 1285 2346 1324 perdidit,

1287 1320 1321 1350 &
1343 1319 1485 1359 Dampnis
1498 1344 1508 1359 ,
1526 1331 1590 1360 quae
1602 1321 1729 1352 sustinuit
1743 1321 1852 1351 ratione
1866 1320 1966 1351 Fidelis
1980 1320 2133 1360 Obsequii,
2152 1324 2234 1353 nobis
2247 1332 2349 1356 contra

1287 1357 1426 1389 Inimicos
1442 1360 1554 1390 nostros
1567 1370 1617 1399 per
1631 1359 1830 1397 eumimpenfi
1839 1382 1849 1398 ,

1325 1397 1454 1428 Necnon
1466 1398 1501 1428 ad
1515 1397 1735 1430 concedendum
1749 1398 1844 1428 eidem
1858 1396 1993 1428 Castrum
2008 1397 2138 1428 nostrum
2152 1398 2188 1429 de
2204 1398 2351 1440 Mauhon,

1288 1445 1357 1465 cum
1372 1437 1560 1475 pertinentiis,
1578 1436 1755 1467 Habendum
1769 1437 1802 1467 &
1815 1436 1992 1467 Tenendum
2007 1458 2017 1474 ,
2032 1437 2061 1466 in
2077 1445 2185 1474 partem
2201 1436 2350 1469 Remune-

1290 1475 1401 1504 rat10nis
1423 1475 1582 1513 hujusmodi
1597 1499 1607 1514 ‚
1632 1475 1778 1514 quousque
1797 1474 1834 1505 de
1852 1475 1966 1513 Terris,
1986 1474 2024 1504 fic
2038 1474 2204 1514 deperditis,
2222 1476 2351 1508 Restitu-

1290 1513 1401 1543 tionem
1416 1513 1500 1544 fuerit
1514 1514 1670 1551 assecutus,

1328 1551 1420 1581 Vobis
1439 1552 1551 1589 plenam
1564 1575 1575 1591 ‚
1599 1561 1697 1583 tenore
1718 1552 1897 1590 praesentium
1912 1575 1922 1589 ,
1944 1552 2156 1582 committimus
2167 1553 2202 1583 ὃς
2215 1553 2354 1585 concedi-

1292 1598 1356 1619 mus
1369 1588 1560 1628 Potestatem3
1579 1592 1790 1628 promittentes,
1809 1600 1861 1628 pro
1876 1589 1993 1628 Nobis,
2011 1590 2043 1620 &
2058 1589 2229 1621 Haeredibus
2242 1592 2355 1630 nostris,

1291 1627 1362 1657 Nos
1382 1628 1492 1658 Ratum
1511 1629 1545 1659 ὃς
1563 1628 1686 1659 Gratum
1706 1629 1850 1659 habituros
1872 1628 2008 1666 quicquid
2030 1638 2080 1665 per
2094 1639 2147 1660 vos
2161 1630 2289 1670 Adsum,
2306 1633 2355 1665 vel

1293 1665 1526 1736 G‘istum‘fue‘igt(
1527 1668 1556 1696 in
1571 1666 1733 1705 praemiffis,
1751 1667 1785 1697 &
1799 1666 1927 1705 quolibet
1942 1665 2160 1704 praemifforum.

1346 1715 1365 1734 n
1380 1714 1475 1743 cujus,
1529 1716 1555 1736 c.

1332 1779 1401 1812 Dat.
1419 1782 1494 1821 apud
1515 1782 1694 1820 Andewerp,
1711 1780 1849 1813 vicesimo
1862 1780 1968 1813 oetavo
1981 1780 2028 1812 die
2041 1780 2153 1820 Aprilis.

1983 1859 2038 1887 Per
2050 1857 2133 1896 ipsicm
2145 1860 2253 1896 Regem.

1413 1986 1440 2013 *ᾗ
1466 1990 1515 2021 De
1530 1990 1676 2021 Denariis
1696 1983 1853 2018 Edwardo
1875 1987 1947 2031 Regi
1964 1987 2063 2017 Scotiae
2075 1984 2241 2029 sblvendi's.
2377 1986 2393 2004 '
2405 1988 2510 2021 ναι-φ.

1298 2072 1432 2137 REX
1457 2072 1661 2117 Thelaurario,
1679 2072 1711 2103 &
1728 2068 1979 2114 CamerariissuiS,
1997 2068 2132 2115 Salutem.
2178 2110 2183 2115 ⁸
2304 2111 2312 2119 κ
2376 2071 2453 2102 Ann.
2468 2070 2510 2101 D.

1401 2112 1481 2150 Qua
1529 2111 1566 2140 de
1587 2110 1759 2141 av1sament0
1779 2107 1907 2139 Concilu
1928 2107 2041 2146 nostri,
2056 2109 2248 2140 ordinavimus
2260 2108 2358 2148 quod,
2404 2119 2488 2151 1339.

1299 2150 1471 2191 Magnificus
1492 2135 1626 2188 Princeps
1640 2174 1650 2187 ,
1669 2148 1824 2180 Edwardus
1839 2147 1905 2177 Rex
1920 2146 2291 2191 ScotiaeQConsanguineus
2305 2158 2359 2179 no—
2376 2153 2428 2177 Aa.
2452 2159 2495 2186 ¹3·

1300 2189 1355 2220 ster
1371 2187 1525 2220 carissimus
1537 2213 1548 2226 ,
1573 2189 1707 2226 percipiet
1727 2187 1763 2218 de
1782 2187 1882 2224 nobis,
1900 2185 2011 2224 singulis
2025 2185 2142 2224 diebus,
2159 2194 2290 2225 tempore
2306 2186 2359 2217 Pa-
2377 2192 2407 2215 Ε.
2431 2197 2455 2225 3.

1300 2230 1357 2267 cis,
1372 2229 1407 2258 ab
1420 2226 1531 2257 instanti
1546 2226 1631 2257 Festo
1647 2226 1821 2258 Inventionis
1835 2224 1946 2254 San-stae
1960 2224 2081 2262 Crucis,
2096 2224 2200 2254 eodem
2215 2226 2261 2256 die
2274 2235 2361 2256 com·
2377 2226 2514 2262 Clausagl

1300 2275 1398 2306 putato
1413 2289 1422 2305 ,
1444 2266 1576 2304 Triginta
1596 2265 1707 2296 Solidos
1723 2288 1732 2303 ,
1755 2266 1788 2295 ὃς
1805 2263 1914 2302 singulis
1934 2263 2048 2300 diebus,
2068 2263 2183 2301 quando
2197 2263 2233 2294 de
2247 2263 2362 2295 Guerra
2379 2269 2410 2292 E.
2431 2274 2456 2301 3.
2468 2270 2493 2300 p.

1304 2306 1458 2344 equitabit,
1466 2304 1680 2344 Quinquaginta
1695 2302 1808 2335 Solidos
1816 2327 1826 2341 ,
1835 2301 1982 2340 quousque
1996 2300 2069 2332 aliud
2081 2301 2117 2332 de
2129 2301 2200 2333 statu
2212 2302 2262 2334 suo
2276 2302 2364 2334 duxe-
2385 2312 2409 2333 1.
2424 2313 2459 2331 m.
2468 2312 2496 2330 2-

1303 2346 1391 2375 rimus
1402 2342 1592 2374 ordinandum
1601 2367 1611 2381 ‚

1342 2382 1436 2413 Vobis
1457 2381 1621 2412 mandamus
1641 2379 1722 2420 quod
1742 2378 1834 2410 eidem
1857 2378 1951 2418 Regi,
1969 2388 2023 2417 pro
2035 2377 2146 2418 singulis
2159 2378 2277 2418 diebus,
2292 2386 2367 2411 tem-

1305 2431 1374 2460 pore
1391 2420 1472 2451 Pacis
1484 2443 1494 2457 ,
1519 2420 1648 2459 Triginta
1666 2418 1780 2449 Solidos
1794 2442 1804 2456 ,
1829 2418 1863 2449 ὃς
1878 2427 1932 2454 pro
1950 2416 2060 2456 singulis
2080 2417 2197 2456 diebus,
2216 2419 2318 2456 quibus
2332 2417 2370 2449 de

1306 2459 1419 2490 Guerra
1432 2459 1584 2497 equitabit,
1604 2459 1821 2497 Qiinquaginta
1836 2455 2009 2493 Solid0s‚de
2022 2455 2169 2487 Thesauro
2183 2457 2299 2495 nostro²
2313 2456 2370 2488 sol-

1307 2500 1376 2531 vatis
1391 2500 1420 2528 in
1436 2497 1530 2527 forma
1544 2496 1687 2535 praediola.

1381 2547 1433 2567 uos
1446 2536 1563 2574 quidem
1580 2536 1737 2573 Denarios,
1754 2533 1848 2564 eidem
1860 2532 1936 2572 Regi
1948 2532 1986 2563 fic
2001 2532 2176 2571 liberandos,
2194 2533 2301 2565 ἀίΙεᾶο
2315 2544 2370 2565 no-

1307 2538 1508 2615 bisPJohanni
1521 2574 1557 2604 de
1572 2573 1716 2612 Cousclif,
1736 2574 1854 2603 nomine
1868 2570 1990 2610 ejusdem
2006 2571 2110 2615 Regis,
2128 2573 2238 2603 liberari
2251 2597 2261 2611 ‚
2279 2574 2312 2604 ὃς
2326 2574 2370 2610 ip·

1309 2615 1370 2684 {um
1379 2615 1542 2657 johannem
1559 2613 1625 2644 inde
1638 2621 1805 2650 computare
1821 2635 1831 2649 ,
1856 2610 1891 2642 &
1908 2609 1944 2641 de
1959 2609 2091 2641 Denariis
2101 2610 2152 2640 illis
2164 2620 2232 2649 erga
2247 2621 2300 2642 nos
2316 2620 2371 2643 vo-

1322 2663 1404 2684 umUS
1418 2662 1537 2683 onerarl.

1349 2728 1440 2759 Teste
1459 2727 1603 2759 Edwardo
1626 2727 1713 2758 Duce
1727 2725 1884 2757 Cornubiae
1898 2727 1932 2757 &
1947 2724 2068 2756 Comite
2081 2724 2218 2764 Cestriae,
2233 2724 2307 2755 Filio
2321 2723 2373 2755 suo

1313 2767 1471 2806 carffiimo,
1487 2766 1618 2799 Custode
1634 2766 1750 2804 Angliae
1761 2787 1772 2804 ,
1789 2764 1862 2803 apud
1877 2763 2112 2802 Berkhamstede,
2131 2765 2215 2796 tertio
2227 2764 2274 2796 die
2288 2762 2372 2795 Maii.

2044 2842 2098 2870 Per
2115 2839 2269 2875 Gentilium.

1380 2976 1479 3026 Quod
1492 2976 1577 3009 nulla
1583 2975 1694 3022 sblntio
1708 2972 1874 3008 feodorum
1883 2974 1945 3020 fiat
1959 2983 2028 3006 ante
2047 2972 2191 3007 Reditum
2211 2975 2312 3019 Regis.

1315 3061 1441 3120 REX
1461 3061 1624 3099 Omnibus,
1639 3059 1674 3091 ad
1688 3069 1778 3100 quos,
1794 3059 1857 3091 &c-
1875 3059 2010 3092 Salutem.
2394 3069 2470 3100 Arm,
2481 3068 2529 3100 D,

1409 3101 1492 3131 Licet
1506 3110 1615 3138 nuper,
2412 3118 2499 3149 1339·

1354 3137 1403 3169 De
1418 3138 1548 3169 Consilio
1562 3140 1595 3169 &
1613 3137 1730 3168 Affensu
1744 3135 1948 3175 Praelamrum,
1967 3137 2001 3168 &
2016 3135 2192 3174 Procerum,
2210 3145 2243 3167 ac
2260 3133 2376 3166 Comu-
2392 3151 2445 3175 An.
2464 3157 2507 3184 ¹3·

1317 3178 1407 3208 nitatis
1422 3178 1519 3217 Regni
1532 3176 1640 3215 nostri,
1656 3175 1786 3206 nostrum
1800 3175 1968 3206 affumentes
1982 3175 2139 3214 Paffagium
2155 3174 2224 3205 ultra
2237 3173 2338 3213 Mare,
2391 3190 2421 3214 Ε,
2444 3195 2470 3223 3·

1357 3216 1435 3255 Qia
1453 3217 1512 3247 tam
1531 3215 1650 3246 arduum
1667 3215 1833 3254 negotium,
1857 3213 1935 3252 quod
1949 3214 1986 3244 sic
1997 3213 2191 3251 assumpsimus
2205 3212 2377 3252 prosequen-
2394 3229 2452 3253 Par.
2476 3233 2519 3261 ¹3·

1319 3254 1408 3294 dum,
1428 3256 1585 3285 maximum
1599 3254 1713 3291 requirit
1728 3252 1901 3292 profluvium
1919 3252 2110 3289 Expensarum
2120 3274 2131 3291 ‚
2392 3267 2490 3300 1:234„
2503 3271 2528 3290 ¹,

1358 3293 1582 3324 Oneraverimus
1604 3291 1811 3322 Cancellarium
1859 3291 1892 3322 δε
1907 3290 2140 3329 Thesaurarium,
2157 3300 2190 3320 ac
2203 3289 2269 3320 alios
2283 3289 2375 3320 Mini-
2394 3312 2431 3331 m·
2450 3310 2492 3330 n·

1322 3332 1393 3363 stros
1411 3332 1525 3363 nostros
1538 3354 1548 3370 ,
1564 3338 1610 3369 ut,
1628 3331 1687 3362 tam
1700 3329 1736 3360 de
1751 3314 1900 3366 subsidiis,
1918 3330 2000 3359 nobis
2015 3329 2069 3360 hac
2081 3329 2117 3359 de
2130 3329 2209 3359 causa
2223 3327 2377 3366 concessis,

1322 3372 1408 3409 quam
1425 3371 1461 3401 de
1477 3370 1605 3401 Exitibus
1625 3369 1694 3399 dieti
1713 3368 1829 3407 Regni,
1855 3375 1946 3398 totam
1958 3366 2129 3405 Pecuniam,
2147 3377 2233 3405 quam
2248 3366 2379 3405 possent,

1322 3420 1392 3440 cum
1404 3411 1486 3440 omni
1500 3409 1640 3440 celeritate
1652 3407 1736 3438 levari
1751 3406 1889 3443 facerent,
1906 3407 1939 3437 ὃς
1952 3415 2015 3436 eam
2028 3406 2110 3435 nobis
2125 3405 2159 3435 ad
2173 3414 2261 3443 partes
2268 3404 2380 3436 Cisma-

1322 3449 1393 3478 rinas
1412 3458 1462 3486 per
1478 3449 1555 3478 vices
1571 3471 1580 3484 ,
1607 3454 1692 3484 prout
1714 3446 1788 3475 illam
1810 3444 1944 3483 colligere
1957 3452 2102 3484 poterant,
2119 3445 2201 3474 nobis
2212 3443 2381 3475 transmitte-

1323 3495 1386 3517 rent
1399 3488 1428 3517 iri
1444 3486 1601 3516 nostrarum
1615 3483 1775 3514 Sublidium
1790 3485 1969 3520 expensarum
1979 3505 1988 3520 ,

1362 3524 1400 3555 Et
1414 3549 1424 3563 ,
1449 3525 1515 3555 licet
1533 3522 1722 3562 postmodum
1745 3522 1846 3559 pluries
1860 3545 1869 3559 ,
1896 3531 1944 3559 per
1960 3520 2094 3550 Nuncios
2109 3520 2142 3551 &
2158 3520 2276 3550 Litteras
2289 3544 2299 3558 ,
2317 3520 2380 3560 ipsis

1325 3563 1452 3593 nostram
1471 3563 1620 3593 fecerimus
1640 3560 1830 3597 Indigentiam
1853 3560 1999 3596 intimari,
2022 3559 2185 3589 solicitantes
2207 3569 2272 3597 εοε,
2291 3569 2382 3597 quan-

1326 3611 1388 3632 tum
1401 3603 1563 3640 potuimus,
1582 3610 1612 3631 ut
1628 3600 1735 3637 Lanas,
1752 3599 1833 3628 nobis
1848 3596 2175 3636 concessas,Denarios,
2188 3598 2222 3628 ὃς
2236 3597 2295 3628 Res
2302 3597 2383 3636 alias,

1327 3651 1400 3678 quos
1421 3639 1570 3679 providete
1592 3645 1721 3677 poterant
1736 3660 1746 3676 ,
1770 3636 1803 3667 ad
1824 3646 1874 3666 nos
1890 3637 2000 3666 mittere
2015 3645 2073 3665 non
2095 3635 2250 3674 tardarent,
2274 3635 2384 3667 nullam

1326 3687 1423 3708 tamen
1442 3678 1596 3708 Pecuniam
1621 3677 1702 3706 nobis
1716 3699 1725 3714 ,
1749 3685 1802 3705 nec
1817 3674 1853 3704 de
1866 3673 1997 3704 Sublidiis
2011 3674 2094 3703 nobis
2108 3674 2264 3712 conceffis,
2282 3684 2337 3705 nec
2349 3674 2385 3706 de

1327 3716 1454 3747 Exitibus
1467 3716 1563 3746 Reoni
1578 3714 1682 3752 nostri,
1702 3713 1836 3743 haetenus
1850 3712 2073 3750 transmiserunt,

1366 3755 1419 3785 Per
1443 3740 1533 3793 quod³
1543 3755 1576 3785 ὃς
1598 3752 1693 3783 nostra
1709 3751 1871 3789 Profestio,
1890 3751 1948 3780 tam
1960 3751 2139 3789 periculose,
2158 3751 2244 3789 quam
2259 3751 2386 3789 ignomi-

1326 3794 1405 3824 niose
1418 3816 1427 3831 ,
1452 3793 1493 3823 est
1513 3792 1650 3829 protratta
1665 3815 1674 3828 ,
1699 3791 1733 3821 <Sc
1754 3800 1823 3820 cum
1843 3788 2008 3820 difficultate
2031 3788 2154 3819 maxim&
2167 3797 2299 3820 mutuum
2314 3799 2374 3821 con

1328 3833 1476 3868 traximus,
1494 3830 1647 3861 incidentes
1662 3830 1783 3866 graviter
1796 3829 1825 3857 in
1836 3826 1960 3865 Usuras,
1979 3837 2061 3866 quae,
2077 3827 2126 3857 nisi
2141 3837 2291 3860 caveamus
2311 3829 2387 3860 cele-

1329 3872 1490 3908 rius,erunt
1505 3869 1587 3899 nobis
1603 3868 1635 3898 ὅ(
1649 3869 1702 3898 toti
1715 3867 1822 3906 Regno
1837 3865 1935 3896 nostro
1948 3866 2071 3896 nimium
2087 3866 2228 3897 onerosae:

1366 3908 1405 3939 Et
1419 3909 1482 3946 quia
1498 3906 1703 3944 Affignationes
1723 3907 1820 3936 multae
1834 3927 1843 3942 ‚
1868 3904 1951 3934 faetae
1967 3903 2079 3935 diverlis
2098 3903 2228 3936 Personis
2242 3904 2279 3936 de
2293 3905 2387 3936 Subsi-

1329 3947 1380 3977 diis
1395 3948 1427 3977 &
1442 3946 1568 3976 Exitibus
1588 3943 1769 3982 hujusmodi,
1801 3952 1916 3973 necnon
1935 3942 2186 3980 Respedtuationes
2209 3944 2386 3974 Debitorum

1331 3984 1474 4016 concessae
1487 4007 1497 4022 ,
1530 3982 1653 4013 multum
1681 3983 1790 4012 causare
1809 3982 1942 4012 dicuntur
1960 3979 2125 4013 Carentiam
2147 3981 2282 4013 Pecuniae
2303 3982 2386 4012 nobis

1331 4020 1550 4054 transmittendae
1563 4045 1573 4057 ,,
1599 4031 1685 4059 quam
1708 4031 1761 4059 pro
1782 4020 1932 4050 salvatione
1946 4044 1955 4057 ,
1978 4029 2039 4050 non
2059 4020 2153 4051 solum
2178 4021 2307 4051 Honoris
2320 4042 2330 4057 ,
2347 4019 2386 4049 set

1333 4061 1500 4100 Corporum
1513 4059 1603 4090 nostri
1618 4060 1652 4090 &
1665 4059 1829 4090 nostrorum
1839 4081 1849 4097 ‚
1868 4063 1901 4089 ac
1918 4058 2015 4095 Regni
2029 4058 2175 4099 nostri,&
2189 4060 2302 4090 aliarum
2308 4058 2387 4087 Ter-

1332 4109 1426 4131 rarum
1438 4098 1613 4137 nosttarum,
1630 4106 1746 4137 oportet
1758 4097 1910 4128 neceffiirio
1923 4107 1975 4128 nos
1989 4096 2092 4130 habere
2100 4121 2111 4135 ,

1808 4135 1832 4166 F
1848 4144 1865 4174 3
2307 4131 2396 4171 Nos,
