2562 4279
760 185 869 224 ET
951 185 1206 226 ACTA

21 270 97 303 Anu.
110 268 148 298 D.
169 271 210 307 re)
232 279 330 308 magna
351 272 433 301 nobis
454 271 586 308 ingeritur
607 270 796 300 admirationis
820 269 933 301 materia
948 293 956 309 ,
982 269 1061 308 qubd
1086 269 1229 308 (Antiquis

48 309 128 349 1336.
170 310 310 339 Amicitiis
323 320 381 339 non
398 310 523 347 pensatis)
543 309 676 339 Subditos
689 309 815 346 nostros,
1201 345 1221 355 ,Α

23 352 88 375 Edw-
108 356 132 383 3·
208 348 253 378 Ad
267 357 354 385 partes
369 348 390 377 F
393 348 505 378 landtiae
518 371 526 385 ,
548 348 597 377 iub
611 347 656 385 spe
670 347 768 376 vestra:
782 346 987 383 Protectionis,
1006 345 1039 376 ὃς
1053 345 1224 376 confidentia

169 384 381 425 Prorogationis
395 386 567 423 Respectus,
584 386 669 423 usque
682 385 715 415 ad
729 384 829 415 instans
842 384 959 414 Festum
976 383 1137 414 Nativitatis
1159 384 1226 414 Do-

170 426 240 455 mini
254 435 343 462 nuper
355 433 388 454 ex
404 434 481 462 parte
493 424 583 454 vestra
600 423 744 461 promissie
754 446 762 461 ,
781 423 943 453 fiducialiter
953 422 1119 466 accedentes
1128 446 1137 461 ,

209 461 319 493 Contra
342 463 468 493 formam
493 461 688 492 Promiffionis
707 460 887 499 hujusmodi,
910 462 1033 490 maxime
1054 470 1125 490 cum
1148 460 1227 498 super

172 499 393 532 Reformatione
411 500 614 538 Dampnorum
628 524 637 538 ,
656 499 753 529 vestris
766 498 889 529 Subditis
903 508 952 535 per
965 497 1092 542 nostros,
1111 507 1139 530 ut
1153 509 1227 536 prae-

172 541 293 571 tenditur
306 563 316 578 ,
334 540 492 577 illatorum,
505 540 583 577 quta
602 537 770 569 Processum
785 560 794 574 ,
811 546 866 579 'per
880 536 1098 580 Cornmlssarios
1114 546 1228 581 mutuos

173 579 241 609 inde
253 579 361 609 faCtum
371 600 380 616 ,
398 578 482 615 parati
492 577 595 608 fuimus
609 577 700 608 facere
714 575 792 613 quod
807 574 968 612 incumbit,
986 575 1019 605 δε
1035 575 1062 605 id
1076 580 1134 606 neri
1149 586 1229 606 man-

174 618 302 648 davimus
315 626 382 647 curn
396 615 501 646 effectu
512 638 522 654 ,
770 650 775 656 ⁸
792 649 797 656 ⁸
1044 652 1048 657 .
1078 651 1086 659 “

212 656 316 686 Subito
329 678 339 693 ,
361 654 510 684 sufficienti
529 653 574 684 seu
594 653 670 684 solit&
690 649 857 693 Monitione
877 660 935 681 non
950 651 1090 694 praemissa
1104 651 1140 682 de
1152 663 1230 683 rece-

176 694 288 732 dendo,
305 694 339 724 &
352 692 501 723 educendo
514 692 591 723 Bona
604 692 665 728 sua,
683 699 698 719 a
718 688 858 719 Distrittu
880 689 992 728 vestro,
1012 693 1068 720 line
1086 691 1179 721 Causa
1191 691 1230 722 le—

174 732 273 773 gitima
291 731 440 770 (nescimus
454 740 513 769 quo
528 729 642 767 Spiritu>
659 728 720 765 capi
735 728 768 757 &
784 727 894 757 arestari
908 728 1025 766 fecistis,

211 771 249 801 Et
270 769 345 807 Eos,
363 770 420 800 una
436 778 506 800 cum
525 767 611 798 Bonis
630 765 763 796 omnibus
783 775 1031 805 quorumcumque
1044 767 1228 798 Subditorum

174 810 355 846 nostrorum,
374 807 481 838 ibidem
497 805 616 835 inventis
652 803 810 841 Arest-atos,
829 812 859 834 ut
873 805 989 842 dicitur,
1008 806 1045 835 iic
1061 808 1174 844 tenetis,

214 848 383 885 Quaerentes
395 870 404 884 ,
429 855 460 876 ut
473 844 596 879 videtur,
615 827 788 873 becariones
803 853 901 873 contra
915 843 984 873 Nos
997 844 1171 881 voluntarie,
1191 846 1229 874 ne

174 886 300 917 dicamus
316 885 421 923 ingrate
436 906 446 921 ,
472 891 540 912 cum
561 881 738 911 Mercatores
760 881 848 910 nostri
869 882 961 919 potius
976 906 985 919 ,
1003 884 1035 913 &
1051 883 1182 913 libentius
1197 883 1231 913 ad

174 934 265 963 partes
286 923 370 955 vestri
391 921 524 952 Dominii
538 944 547 956 ,
566 921 653 957 quam
665 920 698 949 ad
713 920 795 957 alias,
815 930 883 950 cum
897 920 948 949 suis
964 920 1130 959 Mercibus,
1149 923 1174 951 se
1189 922 1232 951 di-

176 971 304 1000 vertant,
323 960 400 999 quod
416 958 497 989 nobis
514 958 589 989 foret
601 958 681 989 valde
694 967 821 998 gratum,
848 957 920 989 dum
933 968 1026 989 tamen
1041 959 1147 990 ibidem
1161 960 1233 991 civi-

175 1001 238 1032 liter
252 1000 442 1031 tractarentur.

213 1038 340 1069 Vestram
357 1037 443 1074 igitur
462 1034 628 1066 Amicitiam
647 1035 752 1066 attente
766 1045 900 1073 rogamus
913 1037 1057 1074 quatinus,

215 1075 404 1107 Consideratis
425 1074 591 1115 ptaemiffis,
616 1075 650 1105 &
673 1074 829 1113 Alligantiis
850 1077 920 1105 inter
942 1075 1032 1114 Nos,
1055 1075 1075 1105 fi
1096 1075 1235 1112 recolitis,

176 1115 287 1154 pridem
302 1113 379 1144 satiris
392 1114 426 1144 ad
443 1114 617 1144 Fomentum
632 1113 803 1144 Dilec‘tionis
814 1113 924 1150 solidae,
947 1115 1019 1143 inter
1035 1113 1103 1143 Nos
1120 1116 1152 1144 δε
1163 1114 1234 1152 Vos,

175 1164 208 1184 ac
233 1152 345 1183 nostros
364 1154 396 1184 δε
418 1152 525 1183 vestros
543 1151 678 1182 Subditos
693 1176 703 1189 ,
728 1151 845 1182 feliciter
864 1151 1008 1181 dilatandae
1025 1175 1034 1189 ,
1057 1162 1110 1182 nec
1124 1162 1183 1181 non
1200 1152 1234 1182 ad

176 1191 395 1222 Comunionem
409 1189 561 1221 Pacificam
576 1192 646 1221 inter
665 1189 758 1220 dic‘tos
768 1190 903 1220 Subditos
912 1212 921 1227 ,
939 1189 972 1219 ad
983 1189 1120 1220 Mutuum
1134 1200 1234 1220 eorum

175 1229 396 1267 Commodum,
414 1229 621 1266 roborandam,
639 1229 672 1260 δε
685 1239 739 1266 pro
753 1228 872 1259 vitandis
887 1227 971 1258 Malis
987 1238 1050 1266 quae
1061 1237 1235 1266 poteruntex

175 1270 321 1300 contrario
336 1269 501 1308 provenire,

210 1307 316 1345 Jubere
334 1307 424 1337 velitis
445 1305 575 1336 Arestum
596 1305 782 1343 praedid‘tum,
798 1305 857 1335 tam
872 1304 908 1335 de
920 1303 1021 1334 Rebus
1037 1328 1045 1342 ,
1064 1306 1151 1343 quam
1167 1305 1236 1336 Per-

176 1345 267 1383 sonis,
287 1345 389 1383 absque
401 1344 567 1376 difficultate
581 1344 709 1382 relaxari,
729 1345 781 1381 ὃς,
799 1353 883 1381 prout
894 1343 1001 1380 justum
1015 1344 1115 1388 fuerit,
1134 1345 1238 1389 anmica-

175 1384 267 1414 biliter
280 1384 406 1422 liberari,
424 1384 457 1414 &
473 1382 565 1413 dicitos
579 1381 691 1412 nostros
705 1381 839 1413 Subditos
853 1382 926 1411 infra
941 1382 1005 1412 loca
1021 1381 1175 1413 Diitrustus
1190 1393 1239 1414 ve-

178 1422 226 1453 stri
240 1422 373 1453 benivole
387 1421 560 1462 pertractari:
904 1459 908 1464 ι
953 1459 958 1464 ¹

215 1460 296 1491 Nam
318 1470 353 1491 ex
372 1468 448 1499 parte
462 1458 558 1489 nostra
576 1468 637 1488 non
651 1458 773 1497 insurget
787 1457 972 1489 Turbauoms
988 1458 1130 1498 Occasio,
1148 1459 1185 1490 set
1202 1458 1238 1490 ad

176 1499 356 1537 faciendum,
376 1497 454 1537 quod
464 1497 572 1536 justum
585 1497 618 1528 ὃς
633 1507 749 1535 aequum
761 1497 861 1535 fuerit,
870 1499 995 1534 prompti
1013 1498 1121 1535 semper
1136 1499 1240 1528 erimus

177 1538 211 1568 &
226 1539 328 1584 parati3
345 1545 428 1575 prout
441 1536 558 1567 Latores
574 1536 753 1573 praesentium
776 1536 860 1566 vobis
876 1536 986 1573 plenius
999 1536 1092 1566 dicere
1106 1545 1239 1573 poterunt

31 1578 48 1595 ‘
65 1579 119 1606 IV.
175 1577 243 1607 viva
256 1586 348 1613 voce,
367 1575 467 1614 quibus
482 1576 511 1605 in
529 1575 586 1605 hoc
602 1574 620 1593 *⁸
638 1574 771 1604 adhibere
785 1574 894 1612 velitis,
912 1575 1034 1611 petimus
1045 1597 1054 1612 ,
1073 1574 1184 1612 plenam
1194 1575 1240 1604 Fi-

33 1625 47 1653 7
57 1626 99 1651 ¹4·
179 1614 262 1644 dem:
282 1615 435 1652 rescripturi
448 1613 531 1643 nobis
540 1612 620 1650 super
634 1613 703 1651 hiis,
721 1612 741 1642 fi
762 1612 852 1650 placet
867 1635 877 1650 ,
897 1612 987 1643 vestra
1002 1612 1175 1650 Beneplacita
1189 1622 1239 1650 per

177 1653 364 1722 eossegtn-&c'
383 1690 458 1730 apud
473 1689 694 1727 Aukelandiam,
711 1688 827 1720 decimo
839 1688 946 1720 octavo
959 1688 1006 1720 die
1018 1688 1164 1720 Oetobris.

218 1766 367 1806 Confimiles
378 1766 438 1806 Ῑὲνέ
451 1770 556 1797 Literae
570 1767 723 1804 diriguntur
742 1764 961 1804 Burgimagistris
975 1764 1107 1795 Villarum
1122 1767 1155 1798 de
1169 1769 1242 1797 Bru-

177 1816 224 1844 ges
231 1829 240 1844 ,
259 1809 335 1845 Ipres
346 1829 356 1845 ‚
374 1805 412 1841 ὠ·
426 1806 458 1835 de
472 1806 618 1835 Gandano.

226 1938 286 1969 Pro
314 1936 393 1980 Rege
417 1931 453 1965 de
485 1935 684 1966 Procuratore
710 1930 862 1974 constituto
880 1958 890 1974 ,
924 1942 1027 1964 contra
1058 1932 1197 1966 Echnm

591 1981 828 2025 Norwicensbm.

35 2070 162 2104 Ann,D,
183 2066 409 2130 UNiverszs,
428 2066 574 2113 praesentes
589 2065 695 2098 Literas
708 2065 888 2106 inspecturis,
907 2066 990 2105 Rex,
1009 2067 1070 2098 &c.
1088 2067 1222 2099 Salutem.

36 2120 89 2178 Alai
97 2112 147 2178 ἒξ..
221 2108 389 2183 Curgimiiis
399 2106 509 2175 griffi&
531 2142 660 2174 Ecclefiis
681 2143 895 2174 Cathedralibus
910 2166 920 2183 ,
940 2143 1037 2183 Regni
1049 2144 1155 2183 nostri,
1173 2146 1246 2176 inter

34 2192 64 2216 Ε.
86 2197 98 2225 3
183 2191 284 2215 caetera
298 2208 307 2222 ,
334 2183 386 2214 tale
405 2182 472 2222 Jus,
490 2183 535 2213 seu
550 2181 759 2226 Praerogativa,
778 2183 862 2228 nobis
876 2184 990 2213 notorie
1005 2192 1167 2227 competat,
1186 2185 1245 2228 tarn

34 2230 96 2255 Pat.
116 2236 158 2255 10.
183 2232 219 2253 ex
233 2221 428 2253 Conceffione
442 2221 518 2252 Sedis
533 2220 710 2259 Apostolicae
719 2243 730 2259 ‚
749 2231 834 2259 quam
846 2220 882 2251 de
896 2220 1108 2266 Consuetudine
1121 2223 1245 2266 generali

36 2268 67 2293 Ξ.
79 2271 165 2301 3.p.2.
184 2263 219 2293 ὃς
240 2260 354 2291 notoria
371 2283 380 2299 ‚
404 2270 420 2290 a
439 2268 585 2298 tempore,
602 2260 636 2290 δί
650 2268 844 2303 ρεῑςεπιρᾳε,
863 2270 940 2297 cujus
955 2269 1087 2290 contrarii
1102 2270 1244 2293 memoria

35 2312 73 2332 w.
91 2304 134 2332 181
182 2309 242 2331 non
254 2299 363 2336 existit,
378 2300 408 2328 in
422 2297 529 2338 Regno
542 2297 641 2328 nostro
655 2298 850 2328 inviolabiliter
861 2298 1021 2337 observata,

221 2337 311 2378 de
322 2337 413 2367 Elem
426 2340 456 2366 in
468 2337 603 2366 differam
616 2335 793 2376 Ecclefiarum
810 2337 944 2375 Episc'opos
958 2360 968 2374 ,
988 2336 1144 2377 priuffiuam
1156 2337 1245 2377 pros}-

182 2383 305 2418 quantur
319 2375 466 2406 Elefflonis
473 2375 530 2414 sicae
545 2377 704 2413 Negotium,
723 2382 869 2404 teneantur
884 2374 1016 2415 instanter
1032 2375 1177 2416 Affl’nfimz
1193 2380 1248 2406 Re-

182 2419 257 2453 gium
263 2421 354 2453 petere
386 2413 441 2452 &,
460 2413 577 2443 utillum
591 2418 746 2452 optineant,
762 2415 917 2452 exp-edura
937 2413 1009 2443 alnis
1022 2413 1175 2454 Quicquid,
1194 2426 1247 2445 non

183 2460 290 2491 optento
305 2437 421 2492 Affinfic
437 2451 522 2491 nostro
538 2452 667 2490 praedia‘lo
681 2475 691 2491 ,
705 2455 774 2482 circa
788 2453 873 2483 dic‘i‘os
886 2451 992 2482 Eleci‘os
1005 2453 1118 2483 ulteriiss
1128 2453 1242 2493 fadum

176 2492 288 2533 fuerit,
300 2491 338 2531 fit
353 2490 410 2530 Ipfh
425 2492 508 2520 Facio
525 2494 640 2520 Irritum
654 2489 692 2525 ὠ·
708 2494 815 2530 Inane,

223 2529 269 2560 Ac
284 2539 385 2560 omnes
393 2529 484 2559 Electi
498 2529 641 2569 praediciti,
659 2539 708 2567 per
722 2537 815 2559 totum
830 2538 941 2567 tempus
954 2529 1123 2567 praedictum
1133 2553 1143 2569 ,
1162 2531 1189 2560 id
1206 2531 1249 2561 fe-

185 2569 276 2599 cerint
292 2577 450 2598 reverenter
459 2576 597 2606 ,excepto
612 2568 738 2606 quodam
750 2567 916 2606 Monacho,
934 2569 962 2598 in
976 2568 1150 2606 Episcopum
1164 2569 1249 2600 Nor-

184 2606 345 2647 wycensem
357 2607 414 2644 jam
431 2605 553 2643 Εὶεξῒο,
571 2608 604 2637 &
619 2607 667 2644 qui
681 2629 692 2644 ,
710 2607 777 2636 dicti
790 2606 864 2645 Juris
879 2606 967 2637 nostri
981 2608 1168 2638 verisimiliter
1182 2618 1243 2639 non

185 2647 295 2685 ignarus
307 2668 316 2684 ,
341 2644 458 2674 Assensu
476 2644 576 2675 nostro
591 2644 686 2683 Regio
703 2655 763 2674 non
777 2653 913 2682 optento,
931 2645 966 2675 ad
980 2645 1083 2675 Sedem
1099 2645 1247 2683 Apostoli-

186 2694 252 2715 cam
272 2684 299 2714 se
318 2682 488 2714 transtulerit
501 2706 512 2721 ,
536 2682 796 2713 Confirmationem
813 2682 968 2714 Electionis
984 2706 994 2722 ,
1011 2683 1047 2713 de
1059 2684 1085 2714 se
1097 2684 1198 2722 faetae,
1218 2693 1248 2716 ut

186 2722 304 2760 dicitur,
323 2722 473 2759 petiturus,
490 2723 519 2751 in
532 2720 685 2760 dietijuris
699 2720 787 2751 nostri
805 2722 997 2759 praejudicium
1014 2722 1208 2753 manifestum:

224 2759 294 2790 Nos
309 2783 318 2797 ,
344 2759 381 2789 de
402 2758 533 2790 fidelitate
556 2761 589 2790 δε
610 2759 881 2798 circumspectione,
897 2759 1006 2790 Dileffi
1021 2760 1126 2791 Clerici
1143 2761 1248 2800 nostri,

188 2797 321 2837 Magistri
342 2797 463 2827 Andreae
484 2797 570 2837 Sapiti
583 2821 592 2835 ,
618 2798 793 2828 confidentes
807 2823 817 2836 ,
843 2799 933 2837 ipsum
951 2798 1174 2830 Procuratorem
1195 2811 1249 2831 no-

190 2836 279 2866 strum
292 2836 429 2873 facimus,
446 2836 480 2866 &
495 2835 691 2866 constituimus
703 2836 868 2875 specialem,

229 2873 276 2904 Ad
298 2873 495 2911 excipiendum
511 2896 521 2912 ,
543 2874 576 2904 &
588 2874 791 2910 obiciendum,
811 2885 844 2904 ac
860 2875 1080 2912 proponendum
1091 2900 1100 2914 ,
1118 2877 1154 2907 de
1168 2877 1248 2908 disto

187 2911 255 2950 jure
268 2935 278 2950 ‚
303 2911 350 2942 seu
370 2911 560 2951 l'raerogativa
580 2912 693 2950 nostra,
712 2914 745 2944 &
759 2911 938 2952 Contemptu
955 2915 985 2944 in
999 2914 1053 2945 hac
1069 2924 1146 2953 parte
1164 2916 1247 2946 nobis

189 2950 267 2981 facto
277 2973 287 2989 ,
305 2958 405 2980 contra
415 2949 524 2981 diastum
538 2950 672 2981 Eletimm
681 2973 690 2989 ‚

190 3027 208 3058 s
226 2988 264 3019 Et
285 2987 552 3057 addigpediendum
567 3010 578 3027 ‚
603 2998 640 3019 eo
651 2997 801 3027 praeteXtu,
819 2987 1081 3021 Confirmationem
1094 2991 1249 3023 Eleffionis

202 3037 246 3058 uae
281 3037 318 3057 rae
340 3037 346 3056 1
377 3037 402 3057 ae

266 3075 300 3097 ec
313 3075 373 3096 non
385 3051 420 3096 ad
434 3064 645 3097 ostendendum
661 3066 778 3105 qualiter
789 3068 874 3105 parati
889 3066 993 3098 fuimus
1006 3067 1056 3098 sibi
1069 3068 1162 3099 facere
1170 3069 1249 3108 quod

190 3104 274 3134 nobis
292 3105 475 3135 incumbebat
498 3103 543 3141 (ad
565 3104 643 3143 quod
656 3128 666 3143 ,
690 3114 724 3135 ex
739 3105 821 3136 causa
833 3105 973 3144 legitima,
992 3106 1041 3135 sibi
1053 3106 1249 3146 assignavimus

192 3141 314 3173 Brevem
330 3141 418 3173 Diem
427 3166 436 3182 ,
455 3153 541 3182 quem
551 3152 645 3173 tamen
659 3144 804 3181 expectare
816 3155 875 3174 non
891 3145 1009 3181 curavit)
1025 3146 1053 3173 in
1067 3145 1148 3175 dieto
1160 3155 1249 3184 nego-

193 3182 250 3218 tio,
269 3180 435 3218 ponendum
449 3183 483 3213 &
495 3181 714 3212 articulandum:
734 3181 924 3213 Positionibus
938 3183 972 3213 ὃς
987 3182 1120 3213 Articulis
1132 3184 1248 3222 respon-

193 3218 338 3249 dendum:
356 3218 457 3249 Testes
480 3220 513 3250 &
535 3219 722 3251 Instrumenta
743 3222 776 3252 δε
798 3222 850 3251 alia
865 3220 1050 3251 Documenta
1065 3222 1141 3290 (guae
1154 3223 1248 3254 valere

193 3265 326 3295 poterunt
340 3257 370 3286 in
383 3257 436 3287 hac
449 3266 525 3295 parte
554 3258 772 3296 producendum
786 3269 792 3288 t
808 3259 1008 3298 Juramentum
1023 3258 1058 3289 de
1101 3261 1245 3299 alumpnia

193 3295 228 3326 ἃ
241 3295 276 3325 de
289 3295 415 3326 Veritate
428 3296 512 3327 dicen
532 3296 564 3335 ἃ,
576 3307 609 3327 ae
626 3297 833 3335 quodcumque
844 3298 916 3328 aliud
929 3297 1055 3336 licitum,
1074 3299 1102 3328 in
1114 3299 1247 3330 Animam

195 3333 322 3363 nostram
345 3333 533 3371 praestandum
545 3358 555 3373 ,
572 3336 789 3373 provocandum
803 3337 838 3367 &
850 3335 1058 3373 appellandum:
1078 3337 1163 3367 alium
1177 3337 1249 3368 Pro-

193 3380 354 3403 curatorem
367 3395 377 3408 ,
401 3371 469 3403 loco
489 3372 539 3403 suo
555 3397 565 3410 ,
589 3372 811 3404 substituendum
826 3396 837 3412 ,
861 3374 1097 3405 Substitutionem
1111 3386 1249 3408 revocan-

191 3410 263 3440 dum
273 3435 281 3448 ,
298 3411 331 3441 &
348 3409 539 3441 Procuratoris
553 3410 696 3442 Officium
711 3411 938 3443 reassumendum
953 3425 962 3450 3
987 3423 1021 3443 ac
1036 3416 1132 3444 omnia
1145 3415 1178 3446 ὃς
1194 3416 1250 3445 sin-

189 3449 257 3491 gula
276 3447 439 3479 faciendum
461 3458 526 3487 quae
547 3449 577 3478 in
596 3448 742 3487 praemiffis
755 3450 904 3482 necessaria
916 3450 1019 3482 fuerint
1032 3452 1078 3484 vel
1094 3463 1249 3494 oportuna,

192 3489 282 3519 etiam
298 3487 317 3517 si
331 3486 495 3518 mandatum
506 3488 550 3516 exi
568 3494 614 3517 ant
626 3487 759 3527 speciale,

232 3525 434 3556 Promittentes
455 3524 525 3555 Nos
576 3533 654 3555 atum
675 3526 708 3556 &
729 3525 853 3556 Gratum
874 3525 1016 3558 habituros
1034 3529 1170 3567 quicquid
1186 3554 1195 3568 ,
1219 3531 1248 3560 in

193 3563 275 3595 dieto
290 3563 440 3603 Negotio,
476 3573 504 3593 er
516 3564 662 3601 praesatum
676 3564 893 3595 Procuratorem
907 3564 1036 3596 nostrum
1053 3589 1062 3605 ‚
1080 3567 1125 3597 vel
1140 3567 1251 3599 Substi-

193 3611 288 3633 tutum
308 3603 344 3633 ab
362 3612 398 3632 eo
415 3625 424 3640 ,
479 3601 558 3632 cium
571 3601 656 3632 fuerit
670 3602 725 3632 five
739 3602 881 3641 Gestum,
902 3603 958 3633 aliis
972 3603 1174 3637 procuratoriis
1187 3608 1251 3644 qui-

193 3641 388 3679 buscumque,
405 3640 522 3679 praefato
537 3639 717 3672 Procuratori
731 3641 827 3673 nostro
842 3642 917 3681 prins
932 3641 1029 3681 factis,
1047 3644 1076 3673 in
1089 3643 1140 3674 suo
1157 3645 1250 3678 nichi-

194 3679 319 3710 lominus
335 3680 440 3712 robore
451 3679 594 3711 duraturis.

270 3717 303 3748 In
319 3719 412 3757 cujus,
429 3719 490 3748 &c.

230 3755 300 3787 Dat.
316 3755 390 3794 apud
413 3756 540 3788 Novum
569 3754 702 3786 Castrum
721 3755 800 3793 super
820 3756 936 3796 Tynam
952 3781 962 3795 ,
987 3757 1123 3789 vicesimo
1141 3759 1247 3792 ottavo

195 3792 241 3823 die
253 3794 392 3865 <gemmis
405 3818 416 3834 ,
432 3794 521 3828 Anno
542 3793 665 3827 Domini
686 3793 849 3834 Milesium,
865 3795 1110 3835 Trescentefimo,
1126 3797 1248 3843 Tricesi-

198 3840 248 3863 mo
284 3841 357 3866 ΕΧῐΟ.

238 4115 309 4146 Tem.
327 4116 370 4146 Π.
387 4117 421 4146 Ρ.
439 4118 497 4157 111,

1289 187 1764 235 PUBLlCA.
2253 211 2328 251 153

2345 308 2422 340 Arm.
2438 311 2477 340 Dr

2366 350 2450 387 1336.

2347 390 2412 415 Ealv.
2436 398 2462 424 3.

1270 440 1488 509 UNglerfis,
1505 440 1649 512 praedsentes
1665 444 1769 477 Literas
1785 448 1961 488 inspecturis,
1981 449 2063 490 Rex,
2083 452 2143 482 &c-
2162 451 2294 484 Salutem.
2345 455 2397 480 Arx.
2422 463 2463 480 10·

1398 490 1472 510 ciaris
1487 491 1545 519 quo
2345 496 2375 518 Ε.
2417 512 2423 520 .

1292 556 1297 561 .
1310 518 1391 548 Cum
1407 519 1556 550 habeamus
1571 508 1676 553 diversa
1690 521 1837 562 Privilegia
1851 525 1883 555 ὅ(
1900 525 2006 557 Literas
2022 526 2200 565 Apostolicas
2214 551 2222 566 ,
2241 529 2269 558 in
2284 528 2330 559 lo-
2348 501 2411 557 lbra}

1272 566 1312 586 cis
1328 556 1428 599 securis
1451 558 1568 595 reposita
1586 563 1722 597 (quorum
1742 562 1803 592 usus
1815 564 1883 593 esset
1898 564 2013 603 Nobis,
2030 567 2058 595 in
2076 565 2207 597 Romana
2223 566 2333 605 Curii}²

1272 604 1324 638 pro
1335 595 1502 641 quibusdam
1518 597 1671 637 Negotiis,
1688 598 1754 638 Jura
1771 600 1865 631 nostra
1883 601 1974 641 Regia
1994 605 2249 643 concernentibus,
2268 605 2333 643 plu-

1272 642 1378 663 rimum
1401 636 1571 676 oportunus)
1595 647 1659 674 quae
1683 647 1777 668 tamen
1793 662 1802 675 ,
1826 640 1881 669 tarn
1899 649 2012 677 propter
2030 644 2139 673 viarum
2155 643 2330 682 discrimina,

1272 671 1360 715 quam
1373 671 1435 715 altas
1443 671 1544 716 Causas
1558 675 1732 714 probabiles,
1747 677 1933 713 periculosum
1950 680 2021 710 foret
2035 681 2100 711 illuc
2116 682 2245 721 mittete,
2260 692 2334 720 prae·

1273 711 1357 777 cipffie
1374 709 1426 739 hus
1440 710 1554 749 diebuS,

1348 757 1398 786 os,

1310 784 1360 816 De
1375 786 1505 818 fidelitate
1517 787 1551 818 ὃς
1567 787 1837 830 circumspectione,
1853 791 1962 823 Dileeti
1977 792 2133 826 Camerarii
2151 796 2256 836 nostri,
2276 797 2337 829 Ni-

1276 823 1367 855 cholai
1384 825 1420 854 de
1435 825 1542 863 Atton,
1563 827 1753 864 confidentes,

1315 863 1333 881 ²*
1354 863 1446 901 Ipsum
1459 862 1678 895 Procuratorem
1694 867 1823 896 nostrum
1839 867 1974 907 facimus,
1993 871 2026 900 ὃ(
2038 871 2236 903 constituimus
2251 897 2260 910 ,
2277 874 2337 912 spe-

1277 900 1379 931 cialem
1399 902 1433 932 ad
1454 902 1661 934 ostendendum
1685 905 1876 943 quascumque
1893 906 1999 937 Literas
2015 909 2205 948 Apostolicas,
2221 912 2290 942 Nos
2302 913 2338 946 &2

1273 939 1339 978 Jura
1361 940 1455 970 nostra
1479 940 1566 980 Regia
1586 952 1791 974 concernentes
1803 966 1813 982 ,
1832 954 1928 975 coram
1943 955 2126 986 quocumque
2137 948 2238 987 Judice
2251 961 2338 982 com-

1278 979 1382 1015 petenti
1400 977 1601 1018 Inspiciendas,
1620 979 1789 1018 palpandas,
1807 983 1840 1013 &
1854 982 2075 1023 Examinandas,

1302 1015 1352 1059 ‘Et
1366 1016 1399 1046 ad
1415 1017 1570 1055 petendum
1584 1019 1670 1049 dietas
1687 1019 1809 1058 Literas,
1827 1030 1860 1051 ex
1873 1022 1958 1052 caufis
1973 1022 2129 1061 hujusmodi
2143 1047 2152 1062 ,
2169 1025 2213 1055 vel
2229 1027 2286 1057 aliis
2298 1028 2339 1059 le·

1278 1056 1399 1092 gitiiniS,
1418 1056 1584 1087 austoritate
1596 1057 1752 1096 ordinaria,
1771 1059 1902 1089 transumi
1918 1060 2049 1100 fideliter,
2066 1063 2098 1093 δε
2112 1063 2141 1092 T
2143 1065 2334 1104 ransumptum

1279 1093 1439 1125 huiusmodi
1451 1093 1631 1132 solempniter
1646 1096 1679 1126 ὅ(
1693 1097 1816 1134 legitime
1831 1098 1983 1137 publicari,

1315 1130 1352 1162 Et
1366 1132 1399 1160 ad
1413 1134 1507 1162 omnia
1523 1133 1573 1163 alia
1594 1135 1627 1164 ὃ(
1650 1134 1755 1171 singula
1769 1135 1945 1174 faciendum,
1965 1148 2030 1176 quae
2044 1139 2073 1168 in
2087 1139 2233 1177 praemiffis
2249 1152 2339 1180 opor-

1280 1178 1346 1200 tuna
1358 1169 1480 1207 fuerint,
1499 1172 1583 1201 etiam
1599 1171 1616 1201 fi
1631 1171 1801 1203 Mandatum
1817 1175 1926 1213 exigant
1938 1176 2067 1213 speciale:

1317 1208 1423 1238 Ratutn
1440 1209 1473 1239 ὃ(
1490 1207 1613 1240 Gratum
1629 1210 1746 1241 habituri
1767 1213 1902 1250 quicquid
1922 1223 1971 1251 per
1991 1214 2101 1246 dist-arn
2119 1216 2339 1250 Procuratorem

1280 1246 1411 1276 nostrum
1427 1246 1534 1277 Acium
1551 1248 1596 1277 vel
1613 1247 1739 1279 Gestum
1755 1249 1839 1280 fuerit
1855 1251 1883 1280 'm
1898 1252 2050 1288 praemiffis.

1316 1284 1349 1314 Iu
1367 1286 1443 1323 cujus
1457 1287 1497 1315 rei
1505 1285 1720 1317 Testimonium
1737 1287 1866 1327 Sigillum
1882 1289 2011 1320 nostrum
2027 1292 2146 1323 fecimus
2158 1294 2209 1324 hiis
2225 1297 2337 1333 apponi.

1283 1323 1388 1392 Οέξηὲ
1404 1324 1476 1367 apud
1490 1323 1618 1356 Novum
1637 1324 1771 1357 Castrum
1785 1327 1866 1366 super
1879 1328 1992 1367 Tynam
2001 1352 2010 1368 ,
2028 1330 2163 1362 vicelimo
2177 1334 2282 1364 octavo
2295 1335 2340 1366 die

1347 1372 1365 1392 o
1388 1372 1432 1392 ris.

1430 359 1479 390 De
1497 362 1708 403 Procuratore,
1736 363 1780 395 ad
1801 367 2004 412 Transitmpm
2017 366 2173 411 fizeienn'oz.

2363 876 2377 892 *
2397 875 2449 906 IV.

2358 923 2423 950 7¹5·

1355 1484 1413 1518 Aa'
1438 1488 1546 1533 Regem
1574 1490 1741 1536 Norwegiae
1759 1517 1768 1531 ‚
1794 1490 1885 1536 sisper
1911 1491 2107 1525 Providentia
2129 1495 2276 1526 Navium

1700 1540 1923 1573 Armatarum.

1287 1618 1507 1679 MAgnifico
1527 1620 1653 1660 Principi
1665 1646 1676 1662 ,
1699 1622 1836 1654 Domino
1851 1641 1901 1645 -—
1919 1624 1978 1655 Dei
1997 1626 2083 1666 gratis}
2100 1650 2109 1665 ,
2126 1627 2200 1668 Regi
2215 1627 2343 1658 Norwe-
2361 1626 2437 1657 Ann.
2453 1625 2495 1657 D„

1382 1660 1453 1697 giae,
1472 1659 1577 1690 Amico
1597 1662 1645 1691 suo
1661 1660 1821 1701 cariffimo,
1837 1662 1991 1695 Edwardus
2006 1688 2016 1703 ,
2035 1667 2158 1703 ejuliiem
2172 1667 2275 1706 gratia,
2291 1667 2342 1698 Sa-
2383 1665 2467 1705 1336-

1286 1695 1392 1735 lutem,
1410 1698 1443 1728 &
1458 1698 1551 1729 felices
1562 1698 1596 1728 ad
1612 1708 1678 1730 vota
1691 1699 1842 1731 succeffus.
2361 1709 2413 1732 An-
2435 1714 2477 1731 ro.

1326 1735 1372 1765 Ad
1387 1736 1529 1773 publicam
1539 1738 1597 1775 jam
1612 1740 1740 1775 pervenit
1754 1740 1902 1777 notitiam,
1919 1740 1969 1777 &,
1986 1749 2017 1771 ut
2031 1741 2170 1773 credimus
2183 1766 2194 1781 ,
2209 1743 2270 1774 Vos
2282 1753 2343 1774 non
2363 1747 2390 1770 E·
2416 1752 2440 1779 3-

1291 1772 1373 1813 latet,
1391 1775 1506 1812 qualiter
1522 1774 1618 1814 Scoti,
1639 1776 1771 1807 Rebelles
1784 1778 1818 1808 ὃς
1833 1777 1945 1808 Inimici
1957 1779 2170 1816 nostri,contra
2186 1782 2271 1820 Nos,
2290 1782 2345 1812 Su-
2360 1781 2498 1817 maus-¹0-

1287 1813 1430 1850 periorem
1446 1812 1630 1852 Dominum,
1649 1814 1699 1853 &,
1720 1815 1873 1846 Vaffallum
1886 1816 2035 1855 nostrum,
2049 1818 2220 1850 Edwardum
2229 1820 2346 1857 Regem
2366 1824 2495 1856 *Es-⁷²²9*

1288 1852 1393 1881 Scotiae
1409 1851 1486 1889 (licet
1498 1855 1558 1890 jura
1574 1852 1780 1890 Superioritatis
1796 1854 1917 1892 nostrae,
1935 1857 1969 1886 δε
1984 1855 2174 1889 Succeffionis
2185 1859 2347 1889 Haeredita-
2364 1860 2391 1886 d·

1287 1890 1336 1919 rite
1349 1890 1429 1927 ipsius
1437 1889 1568 1921 Edwardi
1577 1915 1586 1929 ,
1601 1892 1654 1922 sint
1666 1892 1824 1929 clariffima)
1840 1893 1875 1923 de
1882 1893 1995 1924 Guerrit
2007 1905 2104 1925 contra
2113 1896 2181 1927 Nos
2196 1896 2348 1928 &dictum

1289 1927 1433 1959 Vaffalum
1449 1929 1579 1960 nostrum
1594 1931 1739 1968 perperam
1755 1932 1894 1971 insurgere
1908 1933 2158 1973 praesumpierunt,

1328 1966 1366 1997 Et
1388 1967 1506 2005 qualiter
1524 1969 1638 2007 quidam
1653 1993 1663 2006 ,
1687 1979 1843 2008 quaerentes
1856 1978 1955 2001 contra
1968 1971 2037 2001 Nos
2051 1972 2225 2004 Occasiones
2238 1973 2349 2005 indebi-

1289 2013 1348 2044 tas,
1366 2005 1416 2036 sub
1430 2007 1528 2037 colore
1547 2016 1578 2038 ut
1595 2007 1677 2038 dietis
1698 2008 1791 2039 Scotis
1804 2009 1986 2047 subveniant,
2004 2020 2137 2048 magnam
2153 2012 2260 2043 faciunt
2277 2012 2350 2044 Pro-

1293 2045 1446 2076 videntiam
1462 2044 1615 2077 Galearum
1628 2047 1662 2077 ὅτ
1678 2047 1808 2078 Navium
1823 2047 2023 2087 Armatarum,
2041 2050 2074 2080 ad
2089 2049 2157 2081 Nos
2170 2050 2350 2090 &Regnum

1290 2083 1421 2114 nostrum
1433 2094 1486 2122 pro
1499 2085 1607 2115 viribus
1620 2086 1852 2123 expugnandum.

1329 2122 1531 2161 Qamobrcm
1561 2123 1699 2162 Regalem
1726 2123 1970 2164 Magnificentiam
2000 2126 2097 2165 (quam
2118 2127 2146 2157 in
2167 2128 2226 2158 tarn
2245 2129 2352 2166 patenti

1290 2159 1525 2230 NostradJustitia
1542 2162 1682 2200 speramus
1703 2164 1830 2195 invenire
1851 2165 1934 2195 nobis
1953 2164 2108 2204 Propitiam
2130 2167 2164 2196 ὃς
2180 2166 2349 2205 Faventem)

1291 2208 1325 2229 ex
1345 2209 1397 2230 cor
1418 2210 1434 2230 e
1457 2209 1587 2240 rogamus
1602 2223 1612 2239 ,
1636 2202 1766 2240 quatinus
1778 2227 1787 2240 ,
1812 2213 1880 2233 cum
1895 2203 1965 2233 dieti
1975 2204 2062 2234 nostri
2078 2203 2211 2235 Malivoli
2223 2207 2346 2236 nitantur

1291 2237 1385 2268 adhuc
1409 2239 1499 2277 plures
1518 2239 1636 2270 Groffas
1654 2239 1755 2272 Naves
1776 2242 1810 2273 &
1831 2242 1960 2273 Armatas
1981 2252 2079 2273 contra
2101 2253 2170 2281 nos,
2188 2253 2218 2274 ut
2232 2244 2352 2282 dicitur,

1291 2277 1458 2315 providere,
1477 2278 1583 2317 velitis,
1601 2278 1621 2308 fi
1634 2279 1744 2317 placet,
1761 2288 1880 2317 optentu
1891 2280 2010 2319 Justitiae
2023 2304 2032 2319 ,
2052 2282 2085 2312 &
2100 2281 2195 2312 solidae
2209 2281 2352 2314 Dilectio-

1290 2316 1351 2354 nis,
1370 2317 1403 2347 &
1426 2324 1533 2347 mutuae
1555 2317 1756 2349 Subventionis
1773 2319 1923 2349 dulcedine
1946 2320 2026 2357 (quas
2047 2320 2120 2351 inter
2146 2320 2278 2352 Domum
2299 2332 2351 2353 ve-

1291 2353 1377 2384 stram
1394 2353 1518 2394 Regiam
1540 2355 1573 2386 &
1595 2356 1719 2386 nostram
1742 2359 1822 2395 gratis
1845 2359 1976 2395 cupimus
1990 2357 2156 2388 successibus
2170 2359 2350 2397 foecundare)

1291 2393 1387 2423 vestris
1401 2393 1525 2425 Subditis
1540 2393 1692 2426 districtius
1707 2395 1848 2433 inhibere,
1868 2396 1900 2426 δε
1915 2396 2004 2427 facere
2019 2406 2087 2426 cum
2101 2396 2221 2436 effestu,
2240 2400 2277 2428 ne
2285 2398 2320 2428 N
2322 2409 2353 2429 a-

1291 2441 1339 2461 ves
1359 2431 1418 2462 suas
1439 2432 1621 2471 hujusmodi,
1646 2434 1675 2463 in
1696 2433 1785 2463 nostri
1807 2433 1968 2465 Perniciem
2009 2435 2093 2465 dietis
2107 2435 2208 2465 nostris
2225 2436 2352 2468 AEmulis

1291 2469 1387 2500 locent
1406 2470 1559 2508 aliqualiter
1574 2494 1584 2509 ,
1600 2470 1646 2501 vel
1662 2472 1836 2510 concedant,
1856 2483 1910 2504 nec
1925 2476 1958 2503 ad
1971 2457 2082 2511 ParteS,
2100 2474 2144 2504 vel
2162 2474 2352 2515 potestatem,

1290 2518 1393 2538 eorum
1407 2508 1511 2539 ducant
1527 2509 1678 2548 ullatenus,
1693 2511 1738 2540 vel
1753 2511 1948 2541 tiansmittant:

1327 2546 1383 2584 Et,
1401 2547 1470 2577 cum
1494 2548 1561 2585 quid
1583 2548 1676 2578 facere
1699 2550 1853 2586 poterimus
1869 2551 1950 2580 vobis
1968 2549 2058 2581 Grata
2065 2573 2074 2588 ,
2092 2559 2200 2589 paratos
2212 2561 2264 2582 nos
2279 2552 2354 2582 sern-

1290 2595 1338 2623 per
1354 2585 1490 2616 habebitis
1507 2586 1701 2617 vicissitudine
1716 2587 1840 2617 relativa.

1326 2622 1395 2654 Dat.
1404 2624 1478 2662 apud
1491 2624 1616 2656 Novum
1625 2625 1759 2657 Castrum
1777 2626 1855 2666 super
1864 2627 2088 2668 Tynam,tertio
2104 2627 2150 2658 die
2166 2628 2354 2660 Novembris.

1367 2757 1424 2792 Ad
1443 2760 1587 2791 Comitem
1604 2757 1790 2801 Iiollandiae,
1809 2760 1901 2806 sitper
1913 2759 2106 2805 prow'dentia
2120 2762 2272 2808 praetazfia.

1294 2843 1385 2900 RE
1397 2843 1444 2881 X,
1465 2843 1569 2874 Nobili
1589 2845 1621 2875 &
1636 2843 1751 2873 Potenti
1766 2843 1838 2874 Viro
1853 2868 1862 2881 ,
1882 2843 2016 2875 Domino
2067 2844 2178 2877 Comiti
2192 2847 2352 2888 Hanoniae,
2371 2844 2447 2877 Ann-
2460 2847 2502 2878 D.·

1371 2882 1541 2921 Holandiae,
1560 2883 1593 2913 &
1608 2882 1762 2919 Selandiae,
1781 2892 1812 2911 ac
1829 2881 1961 2912 Domino
1978 2882 2070 2913 Frisiae
2082 2908 2091 2922 ,
2117 2883 2192 2916 Patri
2204 2887 2253 2917 suo
2269 2890 2351 2919 caris·
2392 2886 2475 2924 1336-

1291 2919 1362 2951 fimo
1372 2943 1380 2958 ,
1398 2921 1539 2958 Salutem,
1557 2922 1590 2950 δε
1604 2920 1717 2950 fincerae
1731 2920 1889 2950 dilectionis
1902 2919 2048 2951 affectum.
2365 2927 2417 2951 An.
2439 2934 2480 2955 ¹0-

1329 2958 1375 2989 Ad
1391 2959 1535 2996 publicam
1545 2958 1603 2995 jam
1620 2959 1746 2996 pervenit
1761 2959 1906 2996 notitiam,
1923 2960 1976 2997 δε,
1994 2968 2024 2990 ut
2039 2960 2180 2992 credimus
2193 2987 2202 3000 ,
2222 2974 2274 2994 vos
2288 2974 2349 2997 non
2368 2965 2395 2988 Ε·
2415 2972 2441 2997 3·

1290 2997 1373 3035 latet,
1391 2997 1507 3035 qualiter
1519 2996 1616 3034 Scoti,
1636 2996 1794 3027 Inimici&
1810 2997 2062 3039 Rebelles'nostri,
2080 3010 2178 3031 contra
2192 3001 2276 3040 Nos,
2295 3003 2349 3034 Su·
2367 3002 2430 3028 thid.

1291 3037 1436 3074 periorem
1452 3034 1634 3072 Dominum,
1653 3033 1712 3069 &c.
1726 3042 1808 3073 prout
1816 3035 1899 3074 fhpra
1913 3035 1991 3075 usque
2006 3036 2062 3066 haec
2078 3038 2182 3075 verba,
2204 3043 2265 3070 viz,

1330 3073 1502 3114 Rescripturi
1515 3073 1596 3102 nobis
1609 3073 1680 3104 cum
1693 3084 1760 3142 Ruae
1776 3075 1866 3105 facere
1880 3076 2034 3112 poterimus
2048 3078 2130 3107 vobis
2144 3086 2225 3115 grata.

1293 3151 1313 3182 b
1330 3111 1399 3156 Dat.
1415 3111 1488 3150 apud
1508 3110 1634 3143 Novum
1648 3110 1692 3143 Ca
1720 3122 1783 3143 rum
1804 3112 1884 3153 super
1899 3114 2014 3154 Tynam
2029 3137 2039 3151 ,
2058 3116 2141 3145 tertio
2154 3115 2198 3145 die
2213 3115 2247 3145 N
2249 3126 2352 3152 ovem-

1314 3161 1357 3181 rls.

1396 3276 1456 3312 Ad
1479 3279 1624 3311 Comitem
1645 3279 1766 3322 Gelriae‚
1783 3280 1874 3326 fhpcr
1891 3277 2084 3311 Providentia
2095 3278 2247 3324 prediffa.

1364 3361 1447 3400 EX,
1466 3362 1619 3393 Nobili&
1634 3362 1746 3394 Potenti
1760 3363 1849 3401 Viro,
1867 3363 2002 3393 Domino
2015 3363 2128 3394 Comiti
2143 3364 2264 3403 Gerliae,
2284 3365 2349 3396 Fra·
2367 3369 2443 3401 Arm.
2456 3371 2501 3404 D.»

1373 3403 1408 3432 tri
1421 3401 1470 3431 suo
1484 3401 1642 3440 carissimo,
1657 3401 1796 3440 Salutem,
1815 3403 1848 3432 ὃς
1865 3402 1978 3432 sincerae
1991 3401 2150 3432 dilectionis
2162 3402 2306 3434 affetstum.
2387 3412 2471 3451 133⁶·

1331 3439 1377 3470 Ad
1390 3440 1533 3477 publicam
1545 3441 1603 3478 jam
1615 3441 1742 3479 pervenit
1757 3441 1885 3470 notitiam
1895 3464 1903 3477 ,
1922 3441 1973 3477 &,
1992 3449 2022 3469 ut
2037 3440 2176 3470 credimus
2191 3465 2200 3477 ,
2219 3452 2270 3472 vos
2285 3453 2345 3475 non
2362 3452 2415 3477 An.
2438 3445 2482 3478 ια’

1293 3478 1374 3515 latet,
1391 3478 1507 3515 qualiter
1520 3478 1618 3516 Secti,
1636 3478 1767 3508 Rebelles
1780 3479 1813 3508 &
1829 3478 1939 3508 Inimici
1955 3478 2059 3516 nostri,
2078 3488 2176 3509 contra
2191 3478 2261 3511 Nos
2273 3505 2284 3520 ‚
2301 3481 2346 3515 su-
2367 3490 2397 3515 Ε,
2427 3498 2452 3525 3,

1293 3517 1436 3554 periorem
1451 3515 1614 3547 Dominum
1623 3539 1634 3554 ,
1651 3514 1710 3551 &a
1723 3523 1805 3554 prout
1813 3516 1898 3556 fiepra
1914 3517 1946 3546 de
1959 3516 2042 3547 verbo
2055 3518 2094 3546 ad
2105 3517 2228 3548 verbum.
2365 3525 2473 3563 mam,

1294 3656 1313 3676 at
1332 3656 1392 3686 Pro
1408 3652 1545 3699 Episcopo
1566 3650 1853 3698 Dnnolmenfistaper
1874 3650 2012 3695 Expenfis
2029 3653 2060 3682 in
2078 3648 2264 3694 Ambaffiata
2273 3654 2348 3699 fita,
2364 3647 2454 3722 Julsv.

1292 3737 1417 3796 REX
1442 3736 1626 3767 Thesaurario
1639 3758 1649 3772 ,
1674 3735 1708 3766 &
1722 3733 1877 3765 Batonibus
1896 3733 1932 3765 de
1948 3733 2112 3774 scaccario,
2129 3746 2162 3767 ac
2179 3735 2349 3770 Camerariis
2362 3751 2438 3783 Anu·
2454 3754 2498 3785 D:

1396 3777 1401 3782 '
1472 3776 1584 3804 alutem.
2425 3801 2436 3812 ,

1330 3776 1438 3857 Cisiiiis’,
1452 3775 1649 3843 SDuodecimo
1669 3809 1715 3840 die
1748 3810 1816 3852 ⁰¹55)
1845 3811 1977 3848 proximo
1998 3813 2157 3852 praeterit0‚
2176 3814 2347 3856 miserimus,
2361 3800 2418 3857 A1n3
2427 3792 2470 3857 ’,ἱ

1291 3851 1489 3884 Venerabilem
1510 3850 1622 3880 Patrem
1638 3871 1649 3887 ‚
1674 3848 1712 3878 R,
1759 3850 1905 3886 piicopum
1928 3849 2178 3890 Dunolmensem,
2203 3853 2238 3884 ad
2258 3863 2348 3892 partes
2361 3873 2382 3895 1,-
2408 3853 2414 3858 ”
2469 3851 2476 3859 ”

1293 3890 1437 3927 Franciae‚
1455 3889 1489 3918 ad
1506 3887 1681 3919 tractandum
1694 3897 1779 3925 cum,
1793 3885 1951 3931 Magnifice
1966 3887 2116 3927 Principe,
2132 3889 2267 3922 Domino
2278 3892 2348 3923 Phi-
2359 3890 2496 3943 Claufiio'

1292 3929 1388 3966 lippo,
1408 3927 1490 3965 Rege
1503 3926 1630 3956 Franciae
1646 3924 1766 3963 Illustri,
1784 3924 2007 3969 Consangumeo
2019 3927 2118 3958 nostro
2130 3929 2290 3970 cariffimo,
2306 3932 2347 3962 su·
2359 3948 2390 3971 Ε,
2411 3954 2437 3982 3,
2455 3929 2495 3973 w*

1294 3977 1344 4006 per
1357 3966 1522 4004 quibusdam
1535 3964 1673 4002 negotiis,
1692 3973 1744 3994 nos
1754 3964 1949 4003 tangentibus,
2362 3991 2403 4010 11.
2482 3965 2493 3980 ¹

1332 4004 1370 4035 Et
1382 4005 1407 4034 ei
1421 4002 1658 4040 concefferimus,
1672 4011 1726 4040 pro
1740 4002 1859 4041 Singulis
1876 4002 1988 4034 Diebus
2000 4027 2010 4041 ,
2035 4005 2136 4043 quibus
2147 4006 2178 4036 in
2190 4007 2348 4046 hujusmodi
2401 4016 2404 4019 ⁴

1294 4043 1373 4073 Obse
1396 4043 1444 4072 uio
1458 4040 1557 4072 nostro
1572 4039 1669 4084 staret,
1687 4040 1773 4078 usque
1788 4041 1823 4071 ad
1837 4041 1957 4074 reditum
1969 4042 2066 4083 suum,
2086 4043 2222 4085 Quinque
2234 4045 2350 4078 Marcas

1295 4091 1349 4121 pro
1391 4080 1456 4113 adiis
1466 4080 1517 4114 suis
1529 4078 1733 4118 perc1p1endas,
2304 4119 2341 4154 Ei
