2562 4279
772 189 881 231 ET
970 191 1233 231 ACTA

58 266 194 337 AnngD.
206 270 344 339 ιὲἰιῖῐοηὶε
370 273 511 304 distarum
539 273 681 305 Lanarum
706 283 849 314 apponant
879 275 1055 314 diligentiam
1079 285 1164 315 quam
1198 275 1279 305 vale-

80 317 132 347 133
157 330 162 336 .
235 320 299 340 unt:

58 349 126 376 Ἐάν·
149 355 175 383 3·
251 348 400 387 Necnon,
421 350 440 379 fi
455 350 565 380 necesse
579 350 661 381 fuerit
675 373 684 388 ,
710 351 745 381 ad
760 350 919 382 Residuum
938 351 1085 382 di&orum
1100 352 1200 389 viginti
1217 350 1277 380 Mi-

211 385 283 417 lium
301 388 459 418 Succorum
475 389 579 427 Lanae,
594 398 728 428 quatenus
744 393 804 420 nor'i
826 389 966 419 Collectae
980 389 1099 427 fuerint,
1118 391 1146 419 in
1166 390 1277 428 singulis

213 425 283 455 locis
297 426 365 456 dieti
382 426 495 465 Regni,
515 428 563 457 ubi
579 427 667 457 Lanas
683 428 781 466 aliquas
798 429 916 457 inveniri
931 428 1080 465 contigerit
1093 450 1102 465 ,
1129 429 1187 458 tam
1202 427 1273 457 infra

213 463 383 502 ubertates,
398 466 483 502 quam
499 474 591 504 extra,
610 465 645 495 de
660 465 762 504 Lanis,
781 466 927 502 videlicet,
941 475 1188 504 quarumcumque
1208 465 1276 496 Per-

211 502 361 541 sonarum,
380 503 437 532 tam
454 502 711 534 Ecclefiasticarum
723 526 733 541 ,
759 506 846 541 quam
862 503 1035 533 Secularium
1051 503 1196 543 (cuiquam
1215 515 1275 534 non

211 541 365 579 parcendo)
382 541 553 578 capiendum
566 543 598 572 &
614 541 809 578 colligendum
818 564 828 579 ,

251 577 335 609 Etad
349 579 527 616 indenturas,
545 581 616 610 inter
631 590 681 610 vos
695 580 727 609 ὅ(
741 579 813 616 ipsos
836 581 973 616 (quorum
986 579 1073 609 Lanae
1088 579 1142 610 illae
1160 581 1272 617 fueruit)

214 616 411 655 Qantitatem
426 618 458 648 &
475 617 602 648 Pretium
617 617 778 647 earumdem
795 616 937 648 Lanarum
959 619 1151 656 continentes,
1171 619 1275 649 facien-

212 655 301 693 dum,
320 656 353 685 &
371 656 403 685 ad
420 665 506 693 partes
521 656 734 686 indenturarum
748 655 858 685 illarum
872 679 882 693 ,
906 655 940 686 ad
957 657 1037 686 citius
1055 667 1113 694 quo
1134 658 1274 696 poteritis,

212 693 241 722 in
257 692 458 724 Cancellariam
474 693 598 724 nostram
614 692 801 730 mittendum,
817 702 847 723 ut
864 694 943 732 ipsis,
966 705 981 724 a
996 695 1097 729 Quibus
1114 695 1200 725 Lanae
1219 696 1274 725 illae

212 731 249 761 sic
264 740 354 769 captae
367 733 486 769 fuerint,
503 733 619 762 Litteras
633 730 738 761 nostras
754 732 930 770 obligatorias
942 732 977 763 de
997 732 1093 763 Pretio
1107 734 1273 763 earumdem

212 766 356 801 Lanarum
373 770 447 808 fieri,
468 771 501 801 δε
522 770 631 800 liberari
650 769 800 808 faciamus,
817 771 890 808 quta
912 771 1051 810 formam,
1069 773 1099 801 in
1114 771 1192 802 dicto
1206 771 1275 802 Par-

210 806 347 839 liamento
362 809 459 839 nostro
475 807 695 845 concordatam,

248 846 379 877 Necnon
393 847 427 877 ad
443 847 532 876 Lanas
544 846 616 884 ilias,
636 850 704 875 cum
718 845 751 875 ad
766 856 838 886 opus
857 848 988 878 nostrum
1009 848 1047 878 fic
1061 855 1150 886 captae
1163 848 1196 878 ὃς
1210 847 1270 878 col-

210 884 294 915 lectae
308 884 441 921 existant,
458 884 490 914 ad
506 883 606 914 Portus
620 883 717 921 Regni
730 884 834 923 nostri,
854 896 869 915 a
884 887 985 923 quibus
997 886 1030 916 ad
1043 894 1130 927 partes
1150 886 1274 916 Braban-

210 924 258 952 tite
273 924 370 953 melius
384 924 417 953 &
430 922 536 952 facilius
551 923 688 952 transvehi
704 923 925 961 poterunt,duci
940 925 973 955 &
986 924 1081 955 cariati
1094 925 1272 963 faciendum,

211 960 421 992 Colledtoribus
434 960 641 990 Custurnarum
661 961 820 991 nostrarum
836 985 846 1000 ‚
869 963 896 992 in
918 963 1019 993 eisdem
1041 963 1183 994 Portubus
1195 986 1205 1001 ,
1227 963 1272 993 seu

211 999 261 1030 illis
276 1000 323 1039 qui
339 999 428 1028 Lanas
442 999 548 1029 nostras
562 999 723 1036 hujusmodi
736 1001 769 1030 ad
785 1009 872 1038 partes
885 999 1053 1031 Cismarinas
1065 1001 1127 1032 sunt
1141 1001 1272 1038 dueturi,

208 1047 260 1074 per
273 1038 437 1067 indentur-as
451 1037 589 1075 similiter,
607 1039 678 1068 inter
692 1048 744 1068 vos
760 1039 794 1069 ὃς
808 1039 880 1076 ipsos
898 1039 987 1070 modo
1001 1039 1100 1070 debito
1116 1039 1273 1071 conficien—

209 1075 272 1112 das,
288 1075 479 1114 liberandum,

247 1114 284 1144 Et
296 1113 329 1144 ad
344 1113 487 1153 Cariagia,
504 1124 557 1152 pro
573 1114 656 1144 Lanis
672 1114 724 1144 illis
738 1114 771 1144 ad
788 1114 887 1144 Portus
900 1115 1056 1153 hujusmodi
1073 1116 1110 1147 sic
1124 1116 1273 1154 ducendis,

208 1152 267 1221 &i-
277 1159 357 1190 pstut
364 1152 447 1191 fizpra
464 1155 495 1182 a'e
512 1162 526 1190 7
543 1157 618 1190 Aug.
632 1156 746 1182 mutatis
759 1160 932 1191 competenter
947 1156 1093 1185 mutandix.

262 1201 280 1221 n
295 1201 386 1230 cujus,
404 1192 464 1222 &0

245 1266 334 1298 Teste
349 1266 430 1306 Rege
444 1266 518 1306 apud
532 1266 697 1307 Herentals,
713 1268 850 1299 vicesimo
865 1268 911 1299 die
925 1268 1053 1308 Augusti.

849 1348 903 1375 Per
914 1345 996 1384 ipfitm
1009 1349 1112 1384 Regem.

311 1473 417 1503 Litcra
434 1467 637 1512 testimionalis
652 1481 707 1516 pro
723 1468 873 1503 Nicholao
896 1469 1044 1512 Blaukde
1061 1471 1109 1504 Fls
1124 1484 1164 1504 co.

208 1558 264 1612 R
275 1554 338 1586 EX
357 1555 508 1593 omnibus,
525 1555 559 1585 ad
573 1565 659 1595 quos,
678 1556 739 1587 &c.

224 1609 227 1611 -
305 1593 387 1623 Cum
401 1592 564 1623 Proborum
580 1595 676 1624 merita
692 1594 797 1624 merito
818 1594 870 1624 sint
891 1594 1070 1625 laudabilibus
1085 1593 1274 1625 Testimoniis

205 1632 373 1671 attollenda,
393 1632 493 1662 vestrae
508 1632 639 1662 volumus
657 1641 751 1670 patere
766 1633 876 1663 notitiie
894 1633 973 1672 quod
988 1656 998 1671 ,
1027 1632 1158 1663 Dilectus
1174 1634 1274 1671 nobis,

208 1669 368 1700 Nicholaus
384 1669 471 1701 Blank
484 1671 519 1700 de
534 1670 624 1700 Flisco
641 1693 650 1708 ,
675 1670 812 1709 Magister
834 1671 973 1708 cujusdam
995 1671 1094 1701 Galeae
1110 1694 1119 1709 ,
1145 1672 1226 1701 nobis
1244 1673 1272 1701 in

207 1708 342 1746 Angliarn
356 1718 445 1746 nuper
458 1709 568 1746 rniHae,
584 1708 656 1738 adeo
671 1707 788 1738 fideliter
808 1709 840 1739 &
862 1709 980 1746 provide
997 1710 1023 1739 in
1041 1709 1141 1739 nostris
1155 1709 1180 1739 se
1193 1708 1273 1748 gessit

205 1747 372 1785 Obsequiis,
388 1747 468 1785 quod
483 1757 552 1785 nos,
569 1747 649 1784 ipsius
662 1746 776 1777 Servitia
791 1747 944 1784 plurimum
958 1756 1150 1786 acceptantes,
1166 1748 1273 1786 ipsum,

206 1794 340 1830 tanlquam
356 1795 449 1815 unum
463 1784 498 1816 de
519 1785 622 1815 nostris
634 1784 866 1824 Obsequialibus,
885 1785 1016 1816 volumus
1037 1788 1173 1825 perpetuo
1190 1797 1273 1824 repu-

206 1832 273 1855 tari·

245 1848 306 1901 Qii
320 1861 433 1900 quidem
449 1860 612 1892 Nicholaus
629 1861 688 1899 jam
704 1884 714 1899 ,
741 1872 809 1892 curn
833 1862 934 1901 magna
954 1862 1042 1893 nostri
1063 1862 1272 1901 Benivolentia,

205 1902 297 1932 verius
311 1909 400 1938 partes
415 1900 538 1940 proprias
553 1899 589 1929 de
602 1899 698 1929 nostra
713 1902 857 1930 revertitur
872 1901 986 1931 licentia
998 1901 1115 1941 speciali.

243 1939 289 1969 Ad
307 1940 387 1977 haec,
405 1938 530 1968 volentes
544 1947 611 1967 cum
625 1938 740 1974 praefato
756 1938 906 1969 Nicholao
927 1948 1007 1978 agere
1020 1940 1137 1978 gratiose
1150 1963 1158 1978 ,
1182 1939 1270 1978 ipsum

204 1977 241 2008 ab
253 1978 384 2007 omnibus
401 1977 433 2007 ὃ(
449 1976 556 2015 singulis
578 1975 842 2015 Conventionibus,
860 1977 938 2007 raetis
951 1988 1000 2016 per
1015 1987 1099 2016 eum,
1119 1980 1147 2007 in
1160 1977 1272 2009 Civita-

204 2024 232 2046 te
250 2015 399 2052 Marsiliae,
417 2016 444 2043 in
462 2014 612 2044 Provincia
660 2024 729 2044 cum
745 2038 755 2052 ,
778 2014 898 2045 Dilecto
920 2017 952 2046 ὅ(
975 2016 1062 2046 Fideli
1077 2016 1194 2055 nostro,
1214 2017 1271 2047 Ni-

204 2054 324 2084 cholino
338 2053 373 2083 de
387 2053 494 2090 Flisco,
514 2052 594 2083 dicto
611 2037 750 2083 C'ardi'nali
768 2054 804 2084 de
821 2053 927 2093 Jantia,
948 2053 1134 2085 Procuratore
1153 2054 1271 2094 nostro,

204 2093 346 2130 quitamus
362 2091 471 2131 penitus
484 2091 516 2121 ὅ(
532 2100 630 2120 tenore
643 2092 821 2127 praesentium
837 2092 1005 2129 liberamus,
1021 2094 1121 2132 quibus
1138 2093 1270 2132 Sigillum

204 2130 333 2162 nostrum
345 2130 450 2168 apponi
465 2129 584 2159 fecimus
596 2130 626 2159 in
639 2129 856 2161 Testimonium
869 2132 1087 2171 praemissorum.

52 1568 130 1601 Ann.
145 1568 186 1599 D.

74 1607 159 1648 1338.

52 1650 104 1673 Ari.
128 1656 169 1673 iz.

77 1706 153 1750 'ibim

242 2205 310 2237 Dat.
324 2205 397 2244 apud
412 2205 651 2246 Confluenciam,
669 2206 744 2237 sexto
760 2207 807 2238 die
820 2207 1002 2249 Septembris.

853 2287 906 2315 Per
921 2284 1002 2324 ipſscm
1016 2288 1120 2323 Regem.

202 2427 224 2448 *
245 2428 294 2461 De
315 2423 518 2474 Providentii's
535 2422 697 2468 Jocalium
717 2434 771 2470 pro
800 2422 936 2471 Philippa
962 2427 1096 2472 Regina,
1121 2429 1152 2458 in
1170 2436 1272 2472 partes

49 2442 69 2463 a:

47 2475 50 2478 ’
85 2445 121 2472 ν’
137 2443 183 2473 8²·
432 2472 655 2518 transmarinas
672 2483 741 2506 cum
762 2475 839 2519 Rege
849 2473 1034 2520 profestum.

204 2569 295 2628 RE
306 2569 337 2601 X
357 2567 566 2599 Colle&oribus
591 2566 741 2597 Custumae
761 2566 902 2597 Lanarum
916 2590 926 2605 ,
953 2566 1109 2599 Coriorum
1123 2591 1133 2607 ,
1159 2569 1192 2600 &
1206 2567 1271 2599 Pei-

272 2611 343 2645 lium
357 2608 547 2645 Lanutarum,
562 2607 592 2635 in
606 2605 695 2636 Portu
709 2605 888 2643 Londoniae,
906 2605 1040 2637 Salutem.

240 2647 321 2678 Cum
336 2657 374 2677 nu
396 2656 424 2676 er

240 2657 528 2723 VolemespPh’i'iippae
540 2682 662 2722 Reginae
679 2681 811 2720 Angliae,
830 2681 966 2714 Consorti
981 2683 1085 2716 nostrae
1107 2683 1270 2723 cariffimae,

203 2730 267 2754 ante
281 2721 438 2761 passagium
456 2724 536 2752 (uum
551 2721 701 2752 nobiscum
723 2721 814 2751 versus
830 2729 918 2758 partes
940 2720 1131 2752 transmarinas
1146 2747 1155 2762 ‚
1179 2723 1215 2753 de
1230 2724 1270 2754 E-

205 2763 267 2799 quis
302 2757 405 2799 Cellis‚
423 2760 500 2790 Vasis
519 2760 671 2798 argenteis,
686 2758 794 2798 Zonis,
813 2758 903 2789 Bursis
916 2759 1022 2798 sericis,
1041 2770 1073 2791 ac
1087 2761 1145 2791 aliis
1157 2760 1270 2793 diversis

199 2785 344 2838 jocalibus
360 2808 443 2836 atque
459 2798 555 2835 rebus,
574 2798 610 2827 us
624 2807 660 2827 ue
677 2797 712 2829 ad
727 2797 867 2828 summam
884 2798 1111 2838 Qiingentarum
1125 2800 1270 2840 Sexaginta

201 2839 236 2868 δε
250 2838 385 2878 Qatuor
400 2836 568 2875 Librarum,
616 2836 690 2866 rium
711 2835 873 2866 Solidorum
923 2837 957 2867 &
974 2837 1107 2876 Qatuor
1126 2838 1268 2869 Denario-

200 2886 283 2915 rum,
300 2877 371 2913 infra
385 2871 522 2915 Regnum
536 2872 681 2912 nostrum,
698 2874 758 2905 tam
771 2883 823 2912 pro
839 2858 957 2913 nostro,
973 2877 1059 2915 quam
1072 2886 1125 2915 pro
1139 2875 1188 2907 suo
1203 2878 1268 2908 Ho-

200 2925 271 2946 nore
301 2915 393 2952 facere
404 2912 571 2958 providere,
645 2948 652 2956 ι

242 2938 474 2984 Mandavenmus
486 2950 689 2989 Thesaurario,
706 2950 740 2981 &
755 2949 920 2981 camerariis
939 2951 1059 2990 nostris,
1078 2953 1157 2990 quod
1178 2953 1264 2984 dictas

200 2991 281 3030 Quin
302 3000 378 3022 entas
391 2990 538 3029 Sexaginta
559 2990 592 3020 &
614 2989 746 3027 Qatuor
762 2989 878 3028 Libras,
896 2989 969 3019 Tres
985 2990 1115 3029 Solidos,
1135 2992 1168 3022 &
1185 2992 1265 3032 Qia-

198 3039 263 3060 tuor
311 3031 434 3066 enarios,
453 3027 574 3067 praefatae
581 3026 719 3057 Consorti
731 3027 852 3065 nostrae,
871 3028 916 3058 vel
930 3029 985 3066 ejus
1000 3029 1153 3059 Attornato
1166 3032 1194 3060 in
1210 3033 1262 3062 hac

197 3077 292 3108 parte,
309 3069 344 3100 de
357 3067 503 3098 Thesauro
516 3065 634 3104 nostro,
652 3065 784 3104 liberari,
802 3067 848 3096 vel
864 3066 889 3096 ei
906 3075 1119 3103 competentem
1135 3068 1262 3108 Affigna-

198 3109 308 3137 tionem
321 3119 343 3146 5
358 3107 408 3137 ubi
421 3105 543 3136 celerem
562 3104 739 3135 Solutionem
754 3104 822 3135 inde
837 3104 939 3134 habere
955 3104 1044 3142 posset
1058 3129 1068 3144 ,
1093 3105 1151 3136 fieri
1167 3107 1199 3137 &
1216 3108 1264 3138 ha-

197 3146 266 3176 bere
277 3146 419 3182 facerent,
434 3144 468 3174 ad
480 3143 566 3173 dic‘tas
582 3141 790 3181 providentias,
806 3151 836 3174 ut
852 3144 1047 3182 praemittitur,
1066 3144 1227 3175 faciendum
1237 3169 1247 3185 ,

235 3184 281 3214 Ac
291 3184 350 3222 jam
365 3182 579 3213 intellexerimus
593 3180 691 3219 quod,

237 3221 320 3252 Licet
340 3221 418 3251 dictat
434 3221 561 3258 pecuniae
580 3219 687 3250 summa
709 3221 832 3258 praeliitae
846 3242 857 3258 ,
878 3218 1012 3250 Consorti
1032 3220 1137 3251 nostrae
1149 3244 1158 3259 ,
1184 3222 1263 3261 super

197 3259 326 3291 Exitibus
334 3258 484 3290 Custumae
494 3258 654 3298 praedictae,
668 3266 717 3296 per
730 3267 828 3288 manus
840 3257 943 3289 vestras
957 3259 1156 3299 percipiendis,
1171 3259 1262 3293 fuisset

46 2593 124 2626 Ann.
141 2594 184 2626 D.

66 2634 153 2673 1338.

47 2675 102 2699 An.
121 2683 162 2700 12.

47 2714 79 2737 E.
97 2719 123 2746 3-

45 2748 183 2786 Clausiz.

44 2789 76 2814 Ε.
99 2796 124 2822 3.

43 2831 70 2862 p.
92 2834 118 2852 2.

46 2872 85 2891 m.
109 2872 152 2899 14.

198 3298 245 3329 affi
285 3306 327 3329 ata

238 3308 371 3368 &vobis
383 3335 495 3366 ulterius
530 3344 579 3373 per
592 3334 681 3365 Breve
696 3334 843 3373 nostrum,
861 3334 1060 3366 demandatum
1078 3337 1154 3375 quod
1172 3337 1264 3368 Pecu-

199 3376 276 3406 niam
290 3375 364 3405 illam
380 3374 475 3407 eidem,
503 3395 505 3397 ·
557 3373 624 3403 sorti
642 3373 747 3403 nostrae
761 3396 772 3412 ,
797 3375 844 3405 vel
864 3375 922 3412 ejus
942 3374 1094 3405 Attornato
1110 3376 1262 3416 praedicto,

192 3413 375 3482 -de&Exinbus
395 3413 444 3444 illis
457 3434 467 3450 ,
490 3421 559 3442 cum
575 3413 656 3442 omni
671 3411 810 3442 celeritate
823 3434 834 3450 ,
858 3412 997 3443 solveretis
1017 3422 1049 3442 ex
1071 3413 1154 3444 causa
1173 3415 1263 3453 supra-

199 3452 227 3482 di·
260 3451 276 3482 a

238 3474 298 3521 Vo's
309 3489 511 3524 nichilominus
522 3487 686 3526 praedictam
699 3489 829 3525 pecuniae
840 3488 976 3519 summam
985 3513 994 3528 ‚
1012 3499 1058 3521 aut
1069 3490 1186 3530 aliquam
1201 3503 1263 3530 par-

196 3538 258 3561 tem
273 3528 410 3567 ejusdem,
429 3528 455 3556 ei
468 3526 600 3556 haetenus
612 3526 718 3556 solvere
731 3525 871 3556 distulistis
885 3549 896 3564 ‚
920 3527 950 3556 in
966 3527 1072 3558 Nostri
1090 3539 1125 3559 ac
1141 3528 1262 3561 Manda—

198 3577 296 3598 torum
311 3566 473 3597 nosti-orum
489 3564 690 3604 praedictorum
709 3573 908 3602 contemptum
921 3587 931 3603 ,
955 3576 988 3596 ac
1003 3566 1091 3596 nostri
1111 3569 1144 3598 ὃς
1161 3570 1263 3606 praedi-

199 3607 256 3638 &ae
272 3605 417 3637 Consortis
433 3603 536 3633 iiostrae
552 3603 765 3642 praejudicium,
783 3602 917 3634 Dedecus
929 3626 939 3641 ,
963 3604 997 3634 &
1011 3604 1179 3646 Darnpnum
1195 3631 1204 3646 ,
1227 3609 1261 3638 &

200 3655 220 3675 n
256 3646 307 3675 otii
323 3642 451 3682 praedicti
465 3641 679 3672 retardationem
700 3641 902 3679 manifestam,
925 3641 1001 3672 unde
1017 3643 1170 3680 plurimum
1189 3656 1262 3677 con-

199 3692 244 3714 tur
266 3693 363 3720 amur,
382 3680 610 3717 necimmerito,
629 3680 662 3710 &
675 3689 842 3718 movemur,

239 3722 329 3753 Vobis
344 3721 424 3760 igitur
438 3718 604 3749 mandamus
618 3740 628 3756 ,
650 3717 719 3747 sicut
733 3719 795 3748 alias
815 3718 1006 3749 mandavimus
1021 3741 1030 3757 ‚
1055 3719 1204 3751 districtius
1217 3724 1261 3753 iri-

197 3761 363 3798 jungentes,
380 3757 457 3798 quod
473 3756 566 3787 eidem
581 3755 717 3786 Consorti
732 3756 854 3796 nostrae,
872 3757 917 3787 vel
937 3758 994 3794 ejus
1015 3758 1169 3789 Attornato
1187 3771 1260 3798 prae-

200 3798 299 3837 dieto,
315 3797 403 3828 dictas
422 3796 601 3834 Quingentas
614 3794 761 3832 Sexaginta
781 3795 815 3825 &
836 3796 968 3834 Qatuor
990 3795 1102 3835 Libras,
1119 3797 1191 3828 Tres
1205 3799 1260 3830 So-

199 3835 286 3874 lidos,
303 3836 336 3867 &
353 3836 483 3874 Qatuor
496 3833 651 3869 Denarios,
666 3833 701 3862 de
716 3833 814 3871 primis
828 3833 957 3864 Denariis
968 3856 978 3872 ,
1002 3834 1038 3863 de
1056 3833 1182 3866 Exitibus
1194 3836 1258 3869 Cu-

201 3873 300 3909 stumae
311 3874 452 3914 praedistae
486 3872 694 3903 rovenientibus
703 3893 713 3908 ,
729 3871 810 3901 omni
822 3872 1039 3902 excusatione&
1054 3873 1186 3905 dilatione
1199 3886 1260 3906 ces-

199 3912 332 3949 santibus,
348 3922 384 3942 ex
400 3922 479 3942 causa
494 3909 629 3950 praediffla
642 3910 767 3947 solvatis3
784 3909 878 3948 aliquo
894 3909 1033 3940 Mandato
1047 3910 1161 3951 nostro,
1177 3915 1259 3946 vobis

200 3952 229 3981 in
245 3951 417 3984 contrarium
433 3951 560 3987 directo,
578 3958 637 3978 non
650 3947 792 3978 obstante:

234 3987 415 4026 Recipientes
427 3989 451 4018 ἐἴ
467 3989 584 4027 praefato
599 3987 750 4018 Attornato
768 3986 872 4017 Literas
892 3985 948 4017 suas
967 3984 1118 4026 Parentes,
1144 3988 1208 4021 Rec
1245 4009 1258 4016 -

196 4026 309 4055 tionem
318 4025 389 4056 illius
407 4026 539 4058 Pecuniae
555 4027 670 4057 summae
685 4024 878 4055 Testificantes
893 4048 902 4062 ‚
927 4034 976 4062 per
997 4035 1062 4063 quas
1080 4027 1162 4059 vobis
1174 4029 1222 4061 ind
1246 4053 1257 4069 ,

194 4064 226 4096 in
231 4062 404 4134 ZComppt}
407 4065 518 4106 vestro,
535 4065 663 4097 debitam
675 4063 872 4096 allocationem
883 4063 986 4096 habere
998 4064 1141 4098 faciemus.

255 4112 302 4132 om.
354 4125 359 4131 .
406 4125 412 4131 ,
427 4106 476 4134 IV.

1318 190 1799 240 PUssLicA.
2329 218 2383 257 35

1356 275 1394 306 Et
1408 276 1466 320 hoc
1481 300 1490 316 ,
1513 279 1582 310 sicut
1598 282 1744 322 nostrum,
1764 284 1797 323 &
1814 283 1955 323 praedietae
1971 282 2119 318 Consortis
2139 285 2261 327 nostrae,
2278 286 2382 317 Hono-
2395 284 2470 319 Ann.
2483 289 2526 320 D,

1315 322 1376 343 rem
1390 320 1566 356 coniervare,
1585 320 1618 349 ὃ(
1637 331 1751 357 gravem
1766 322 1992 361 indignationem
2013 325 2139 356 nostram
2159 327 2245 357 vitare
2261 327 2381 356 volueri·
2418 329 2500 367 1338.

1317 352 1367 389 tis,
1385 353 1463 383 nullo
1478 355 1568 386 modo
1581 360 1727 390 omittatis.
2395 367 2461 394 Eilv.
2482 377 2507 403 3³

1353 427 1441 459 Teste
1456 429 1584 462 Custode
1598 433 1711 472 Angliae
1725 436 1796 474 apud
1808 437 2002 478 Wync1esore,
2017 439 2123 470 οᾶανο
2136 440 2182 471 die
2196 440 2378 481 Septembris.

2065 518 2117 546 Per
2133 516 2284 547 Concilium;

1334 631 1492 663 Innovatio
1508 637 1543 673 ὠ·
1563 634 1745 681 Approbatio
1763 640 1996 687 Privilegiorum
2005 652 2061 688 pro
2080 643 2205 676 Civibus
2222 644 2350 678 Coloniae.

1313 715 1363 769 R
1374 713 1440 783 E}
1459 716 1517 746 &c.
1589 758 1593 763 '
1714 760 1718 765 Ι
1857 765 1863 772 ,
2389 732 2466 764 Anni
2483 728 2523 766 D.

1441 762 1523 784 otum
1540 755 1658 787 facimus
1672 761 1802 790 universis
1814 761 1909 802 quod,
2412 781 2425 801 1
2472 774 2487 803 8

1335 788 1468 834 ,Propter
1488 802 1562 838 grata
1584 796 1616 825 ἃ
1636 806 1748 842 accepta
1771 799 1910 842 Obsequia
1926 824 1935 839 ,
1961 811 2024 839 quae
2046 803 2185 841 Sapientes
2198 804 2231 834 &
2253 802 2374 837 Discreti
2388 782 2506 839 Anxia.

1312 837 1365 870 viri
1379 847 1391 852 -
1405 848 1417 853 -
1431 848 1444 853 -
1456 831 1585 875 judices,
1603 833 1716 877 Scabini
1729 861 1738 874 ,
1765 836 1901 880 Coniules
1916 862 1925 876 ,
1949 841 1983 870 &
2001 842 2116 872 universi
2139 842 2267 873 Civitatis
2281 843 2372 875 Colo·
2388 853 2418 876 E.
2439 860 2465 886 3.-

1310 868 1410 898 niensis
1425 869 1528 909 Cives,
1546 872 1627 916 nobis
1642 874 1675 917 Sc
1689 874 1789 905 nostris
1804 877 1998 916 impenderunt
2013 879 2192 920 hominibus,
2212 883 2244 912 ὃς
2261 883 2373 920 inipen—
2389 888 2527 924 Pat.apud

1312 904 1378 935 dere
1392 916 1524 945 poterunt
1538 911 1637 940 utiliter
1653 922 1681 941 iii
1697 912 1839 953 futurum,
2386 930 2523 953 Ant-ann.

1347 943 1412 981 Ipsis
1431 947 1527 977 omnia
1543 958 1642 978 eorum
1663 949 1811 991 Privilegi'a
1823 976 1832 990 ,
1854 952 1920 990 Jura
1935 976 1945 987 ‚
1971 953 2004 984 &
2025 955 2113 985 bonas
2132 956 2370 998 Consuetudines,
2385 967 2414 990 Ε.
2432 974 2458 1001 3.

1311 990 1392 1027 quae,
1412 984 1445 1013 δε
1464 995 1553 1030 quas,
1575 988 1590 1016 *a
1608 988 1707 1018 nostris
1728 992 1908 1027 optinuerunt
1926 992 1958 1021 ὃς
1976 993 2102 1031 optinent
2122 993 2371 1029 Praedecefforibus
2392 1012 2427 1029 m.
2445 1001 2472 1031 8.

1312 1019 1439 1064 Regibus
1452 1023 1579 1063 Angiiae,
1596 1024 1786 1067 Innovamus,
1803 1030 2017 1069 Approbamus,
2033 1032 2066 1061 &
2079 1031 2289 1065 confirmamus
2303 1037 2374 1067 libe-

1311 1058 1401 1089 raliter
1415 1070 1463 1098 per
1478 1063 1639 1102 praesentes,

1347 1096 1515 1143 Mandantes
1539 1102 1671 1144 universis
1694 1102 1788 1143 Regni
1808 1104 1897 1135 nostri
1920 1106 1953 1136 ὃς
1976 1106 2108 1138 Dominii
2131 1108 2373 1151 Archiepiscoois,

1311 1134 1473 1181 Episcopis,
1493 1138 1666 1183 Abbatibus,
1686 1140 1828 1172 Prioribus
1842 1166 1850 1181 ‚
1876 1142 2039 1176 Comitibus
2052 1170 2062 1185 ,
2088 1146 2241 1178 Batonibus
2254 1172 2264 1187 ,
2285 1147 2373 1188 Justi-

1311 1184 1417 1218 ciariis,
1437 1175 1679 1219 vicecomitibus,
1696 1178 1867 1219 Praepoiitis,
1888 1182 2043 1222 Ministris,
2061 1185 2094 1215 Sc
2116 1184 2248 1216 omnibus
2264 1187 2374 1220 Ballivis

1314 1212 1349 1242 ὃ(
1362 1213 1502 1257 Fidelibus
1516 1215 1633 1259 nostris,
1649 1218 1726 1255 quod
1748 1219 1797 1256 ipsi
1814 1229 1861 1256 per
1876 1219 1916 1257 se,
1935 1222 1967 1251 ὃς
1989 1223 2048 1252 suos
2064 1224 2255 1264 quoscumque
2271 1227 2375 1258 Subdi-

1311 1259 1372 1289 tos,
1390 1251 1489 1282 eisdem
1506 1253 1641 1293 Civibus,
1658 1256 1691 1286 ὅ(
1704 1266 1803 1286 eorum
1819 1258 1948 1296 cuilibet,
1966 1261 2098 1297 praedieta
2112 1260 2276 1303 privilegia,
2289 1265 2374 1305 Jura,

1311 1289 1398 1319 bonas
1412 1289 1650 1334 Confiietudines,
1670 1296 1703 1325 ὃς
1718 1294 1813 1325 Carras
1827 1296 2033 1336 quascumque,
2049 1298 2123 1330 Rata
2138 1302 2171 1330 &
2187 1301 2272 1333 Ratas
2286 1303 2375 1334 firmi-

1310 1329 1399 1396 terI&
1414 1330 1607 1400 mymlagfiaer
1621 1333 1786 1364 conservent
1799 1335 1926 1373 quolibet
1942 1336 2042 1376 absque
2056 1337 2133 1367 dolo.

1364 1378 1382 1396 n
1398 1377 1493 1406 cujus,
1545 1380 1571 1400 c.

1347 1442 1418 1475 Dat.
1432 1445 1506 1485 apud
1521 1445 1707 1478 Machilinam
1716 1471 1725 1487 ,
1743 1447 1857 1480 decimo
1869 1450 1975 1481 oetavo
1987 1450 2032 1481 die
2044 1450 2228 1490 Septembris.

1967 1530 2022 1557 Per
2035 1527 2116 1567 ipsimi
2130 1533 2233 1568 Regem.

1325 1599 1371 1607 ιμ-

1358 1647 1385 1674 ²K=
1406 1650 1452 1680 De
1472 1647 1574 1693 Officio
1592 1649 1797 1694 Maresc'nlciae
1817 1650 1931 1696 Angliae
1945 1652 2061 1697 conceffa
2076 1655 2184 1687 Comiti
2197 1657 2323 1690 Sarum.
2392 1658 2407 1673 ⁸*
2425 1660 2459 1684 V-
2476 1658 2519 1694 33⁷

1313 1732 1368 1787 R
1380 1732 1404 1762 E
1414 1731 1444 1762 X
1462 1732 1624 1771 Omnibus,
1639 1733 1672 1763 ad
1686 1743 1757 1772 quos
1772 1733 1831 1764 &c.
2387 1741 2463 1771 Ann.
2479 1744 2518 1774 D,

1409 1771 1508 1801 Sciatis
1523 1772 1601 1809 quod
1611 1794 1620 1809 ,
2415 1790 2446 1819 13
2455 1783 2499 1820 38.

1346 1808 1529 1840 Attendentes
1552 1809 1729 1840 Probitatem
1750 1808 1888 1840 strenuam
1910 1811 1943 1841 &
1965 1810 2258 1851 circumspectionem
2275 1819 2370 1858 provi·
2386 1823 2436 1847 An.
2457 1831 2498 1848 12.

1308 1843 1394 1885 dam,
1414 1847 1519 1878 Dileeti
1537 1849 1569 1878 ὃς
1588 1849 1686 1879 Fidelis
1703 1848 1809 1887 nostri,
1827 1849 1974 1880 Willielmi
1990 1851 2025 1880 de
2048 1851 2154 1882 Monte
2175 1854 2287 1894 Aemo,
2306 1857 2370 1887 Co·
2386 1862 2414 1884 E.
2442 1868 2465 1894 3.

1308 1886 1384 1916 mitis
1398 1886 1515 1925 Sarum,
1533 1896 1649 1916 necnon
1668 1887 1789 1924 impensa
1804 1887 1886 1917 nobis
1910 1898 1957 1925 per
1977 1899 2060 1928 eum,
2079 1891 2136 1920 tam
2155 1890 2235 1922 Pacis
2247 1916 2257 1931 ,
2285 1897 2369 1932 quam
2388 1898 2523 1934 Pat.apud

1309 1923 1427 1954 Guerrae
1442 1926 1618 1965 temporibus
1633 1949 1642 1963 ,
1663 1925 1805 1964 Obsequia
1820 1925 1960 1956 fructuosa
1973 1949 1982 1964 ‚
2008 1928 2042 1958 ὃς
2062 1938 2125 1966 quae
2147 1931 2231 1961 nobis
2247 1931 2371 1965 fimiliter
2386 1937 2521 1964 Anima<

1306 1963 1469 2002 impendere
1483 1965 1583 2003 poterit
1598 1965 1626 1993 in
1645 1963 1787 1999 futurum,
2385 1976 2416 1999 Ε.
2437 1983 2462 2009 3.

1345 2001 1391 2031 Ac
1406 2002 1525 2039 proinde
1538 2002 1662 2033 volentes
1676 2003 1755 2039 ipiius
1770 2001 1924 2033 Honorem
1940 2003 1973 2033 &
1987 2002 2154 2036 Commoda
2168 2007 2295 2048 dilatare,
2385 2021 2421 2038 m.
2439 2021 2466 2047 71

1346 2037 1542 2071 Danuvius
1559 2041 1592 2071 ὃς
1611 2040 1906 2071 (ΣοΝεΕςςιΜυς
1921 2042 2015 2072 eidem
2029 2041 2363 2080 ComitiOfficiumMa-

1307 2077 1444 2109 rescalciae
1463 2079 1590 2118 Angliae,

1345 2117 1435 2155 Quod
1450 2117 1483 2148 ad
1499 2127 1595 2148 manus
1610 2117 1719 2148 nostras
1732 2141 1741 2156 ‚
1767 2127 1816 2158 per
1829 2127 1954 2148 mortem
1969 2118 2113 2158 Thomae,
2131 2131 2218 2159 nuper
2240 2122 2367 2156 Comitis

1308 2154 1501 2194 Norffolciae,
1516 2156 1549 2186 δε
1564 2156 1721 2186 Marescalli
1739 2155 1865 2196 Angliae,
1881 2157 2025 2188 Avunculi
2044 2159 2150 2198 nostri,
2167 2161 2298 2199 devenit,

1346 2192 1416 2224 Una
1433 2204 1501 2225 cum
1520 2194 1621 2225 Feodis
1641 2195 1674 2226 &
1695 2195 1823 2226 Exitibus
1838 2218 1848 2234 ,
1872 2195 1938 2226 inde
1954 2196 1969 2226 a
1984 2204 2113 2234 ternpore
2129 2201 2228 2230 mortis
2247 2201 2369 2238 ejusdem

1308 2230 1437 2263 Thomae
1451 2234 1604 2272 perceptis,

1343 2270 1375 2301 H
1385 2282 1405 2301 A
1415 2282 1434 2302 B
1444 2281 1461 2302 Ε
1472 2280 1494 2301 N
1504 2280 1552 2302 Du
1563 2280 1590 2301 M
1604 2273 1637 2303 ὃς
1650 2272 1680 2302 Τ
1690 2282 1707 2302 E
1719 2280 1741 2302 N
1752 2281 1769 2302 r.
1780 2280 1803 2302 N
1813 2280 1862 2302 nu
1872 2280 1899 2302 M
1913 2272 2057 2304 Officium
2069 2274 2239 2311 praedictum
2252 2277 2370 2316 praefato

1308 2308 1422 2341 Comiti
1442 2310 1475 2340 ad
1496 2318 1588 2339 totam
1608 2313 1695 2341 vitam
1715 2311 1807 2349 suam,
1823 2320 1891 2341 cum
1905 2310 2021 2350 Terris,
2040 2312 2141 2343 Feodis
2153 2336 2163 2352 ,
2188 2315 2222 2345 δε
2235 2317 2370 2348 omnibus

1307 2349 1382 2386 aliis,
1401 2349 1434 2379 ad
1454 2347 1598 2378 Officium
1619 2349 1687 2379 illud
1707 2349 1910 2388 spectantibus,
1927 2350 1998 2380 adeo
2020 2350 2108 2380 libere
2123 2352 2157 2382 &
2177 2354 2283 2393 integre
2300 2356 2370 2386 sicut

1308 2387 1436 2426 praefatus
1449 2387 1594 2427 Thomas,
1610 2389 1704 2428 aliquo
1723 2396 1853 2426 tempore
1865 2388 1936 2418 dum
1956 2389 2040 2428 vixit,
2055 2388 2199 2422 Officium
2213 2393 2308 2424 habuit
2321 2401 2371 2425 an-

1307 2425 1455 2456 tedictuin.

1345 2464 1378 2495 In
1392 2465 1487 2503 cujus,
1505 2464 1566 2494 &c.

1340 2538 1412 2572 Dat.
1428 2541 1501 2581 apud
1517 2541 1694 2582 Andewerp,
1709 2541 1842 2572 vicesimo
1857 2540 1902 2572 die
1917 2541 2097 2580 Septembris.

1970 2622 2024 2649 Per
2039 2619 2119 2659 ipsam
2133 2623 2237 2659 Regem.

1364 2743 1524 2789 Commiffio
1549 2742 1586 2778 de
1612 2746 1727 2778 Mutuo
1748 2742 1950 2825 ContrahZido
1976 2747 2013 2782 ὠ*
2035 2756 2055 2777 a
2079 2742 2313 2792 quibuscumque

1745 2796 1880 2839 Recipien
1903 2805 1928 2826 0.

2383 2880 2459 2913 Ann.
2474 2882 2519 2914 D>

1304 2882 1358 2937 R
1366 2878 1391 2908 E
1403 2877 1433 2908 X
1450 2867 1597 2909 U⁸niversis
1606 2901 1615 2916 ,
1629 2877 1775 2917 praesentes
1789 2878 1888 2908 litteras
1903 2877 2077 2917 inspecturis,
2095 2875 2226 2910 Salutem.
2404 2923 2477 2961 13⁸8

2443 2944 2454 2962 ,
2481 2947 2486 2952 .

1396 2917 1493 2947 Sciatis
1505 2917 1583 2957 quod
1597 2916 1680 2954 Nos,
1766 2952 1770 2960 ί
1935 2952 1941 2960 ⁴

1341 2956 1390 2986 De
1410 2955 1537 2986 fidelitate
1577 2954 1673 2985 robata
1690 2954 1723 2985 &
1745 2952 2000 2992 circumspectione
2021 2955 2139 2993 provida
2153 2980 2162 2992 ,
2180 2955 2364 2987 Dilectorum
2382 2963 2432 2988 An.
2455 2970 2497 2989 12.

1303 2995 1335 3026 &
1354 2993 1493 3024 Fidelium
1507 2965 1686 3031 nosffrorum,
1700 2992 1838 3030 Johannis
1857 2993 1893 3023 de
1909 2993 1992 3024 Roos
2006 3016 2016 3032 ,
2037 2995 2070 3024 ὃς
2085 2994 2234 3034 Reginaldi
2249 2995 2285 3025 de
2298 2995 2364 3025 Do-
2381 3002 2411 3025 E.
2432 3009 2457 3035 3.

1301 3041 1429 3074 nyngton
1443 3032 1567 3071 Clerici,
1584 3032 1666 3072 plene
1680 3030 1868 3068 confidentes,
2378 3040 2437 3064 Pas,
2446 3034 2520 3074 apua

1337 3072 1383 3103 Ad
1398 3070 1631 3104 Contrahendum
1648 3070 1680 3100 &
1701 3069 1909 3109 Recipiendum
1924 3093 1934 3108 ‚
1958 3078 2012 3110 pro
2026 3071 2123 3109 nobis,
2142 3071 2175 3101 ὃς
2193 3070 2292 3101 nostro
2307 3083 2361 3103 no-
2378 3078 2519 3103 Antunn-ff

1301 3112 1380 3141 mine
1394 3135 1403 3150 ,
1426 3112 1440 3141 a
1459 3110 1682 3148 quibuscumque
1704 3107 1829 3139 Pei-sonis
1844 3131 1854 3147 ‚
1876 3118 1946 3139 cum
1969 3107 2069 3146 quibus
2090 3109 2188 3138 melius
2207 3112 2360 3141 convenire
2379 3118 2409 3140 E.
2431 3123 2456 3149 3.

1299 3158 1433 3187 poterunt
1444 3172 1454 3187 ,
1479 3147 1619 3178 Mutuum
1635 3147 1718 3184 usque
1737 3147 1771 3176 ad
1789 3147 1927 3177 summam
1949 3146 2074 3177 Centum
2091 3147 2208 3177 Milium
2222 3147 2360 3180 Floreno-
2378 3161 2414 3179 m.
2430 3161 2461 3187 5«

1300 3198 1364 3219 rurn
1380 3188 1542 3219 Aureorum
1556 3186 1592 3216 de
1609 3184 1766 3224 Florentia,
1784 3186 1927 3215 bonorum
1942 3185 1975 3216 ὃ(
1992 3185 2140 3223 legalium,

1338 3227 1494 3258 Terininos
1509 3226 1542 3256 δε
1560 3225 1639 3254 Loca
1654 3223 1809 3254 Solutionis
1827 3224 1955 3261 pecuniae
1977 3223 2152 3263 hujusmodi,
2169 3222 2365 3258 Creditoribus

1299 3265 1452 3303 faciendae,
1470 3263 1666 3299 statuendum,

1341 3304 1376 3334 Et
1391 3303 1459 3334 Nos
1472 3326 1481 3339 ,
1504 3303 1537 3333 &
1559 3301 1696 3332 Haeredes
1716 3299 1826 3331 nostros
1839 3323 1848 3338 ,
1871 3307 1904 3330 ac
1923 3300 2019 3343 omnia
2039 3298 2119 3330 Bona
2139 3298 2238 3338 Regni
2258 3302 2365 3341 nostri,

1302 3342 1423 3373 Mobilia
1446 3342 1478 3372 &
1500 3340 1664 3371 Imrnobilia
1677 3363 1687 3376 ,
1714 3339 1748 3369 ad
1767 3339 1944 3369 Solutionem
1968 3338 2052 3368 dictae
2071 3337 2203 3369 Pecuniae
2219 3362 2229 3377 ,
2256 3339 2362 3371 statutis

1301 3381 1410 3412 Diebus
1425 3381 1458 3411 &
1472 3380 1576 3417 Locis,
1591 3378 1707 3408 fideliter
1722 3377 1756 3407 &
1769 3377 1852 3414 plene
1868 3376 2047 3415 faciendum,
2065 3377 2264 3416 obligandum,
2372 3392 2375 3393 ⁷

1338 3420 1376 3450 Et
1390 3430 1438 3457 ea,
1475 3428 1520 3449 uae
1540 3418 1577 3448 sic
1599 3426 1652 3456 pro
1670 3416 1753 3446 nobis
1773 3415 1891 3445 dixerint
1910 3415 1954 3445 vel
1969 3415 2164 3453 promiserint,
2180 3422 2361 3457 quacumque·

1298 3458 1445 3494 firmitate,
1463 3456 1640 3494 vallandum,
2131 3493 2136 3498 .

1336 3496 1418 3535 Ipsis,
1436 3496 1469 3526 &
1483 3503 1584 3525 eorum
1598 3494 1721 3530 utrique,
1736 3490 1871 3530 Plenam,
1890 3498 1986 3522 tenore
2007 3490 2204 3530 Praesennum,
2221 3494 2362 3524 commit--v

1299 3536 1384 3567 timus
1400 3536 1433 3565 &
1447 3533 1632 3565 concedimus
1649 3530 1838 3569 Potestatem3

1337 3573 1555 3609 Promittentes,
1573 3580 1626 3610 pro
1648 3569 1747 3606 nobis,
1764 3567 1937 3598 Haeredibus
1950 3590 1960 3606 ,
1983 3575 2016 3598 ac
2036 3567 2158 3598 Subditis
2181 3568 2283 3600 nostris
2300 3569 2364 3610 qui·

1299 3613 1491 3650 buscumque,
1507 3609 1575 3640 Nos
1590 3606 1699 3638 Rarum
1714 3607 1747 3636 &
1769 3606 1892 3637 Gratum
1906 3605 2047 3636 habituros
2065 3607 2198 3645 quicquid
2219 3617 2269 3644 per
2286 3619 2361 3646 prae.

1299 3651 1384 3687 fatos,
1398 3649 1562 3688 Johannem
1579 3647 1613 3677 &
1628 3644 1818 3684 Reginaldum
1831 3668 1841 3683 ,
1864 3644 1898 3674 &
1911 3653 2010 3674 eorum
2028 3644 2163 3684 alterurn,
2182 3644 2292 3677 Actum
2311 3645 2359 3679 vel

1300 3689 1422 3722 Gestum
1438 3688 1520 3718 fuerit
1531 3688 1559 3716 in
1573 3684 1731 3724 praeiiiiffis2
1748 3683 1780 3713 δε
1794 3683 1919 3723 quolibet
1932 3682 2148 3721 praemissorum-

1334 3727 1369 3758 In
1384 3726 1479 3765 cujus,
1497 3726 1556 3756 &e-

1336 3803 1402 3834 Dat.
1415 3802 1487 3841 apud
1508 3799 1667 3838 Andewerp
1682 3820 1692 3836 ‚
1716 3797 1851 3830 vicesimo
1865 3796 1965 3837 quinto
1983 3797 2028 3828 die
2046 3797 2220 3839 Septembris
2234 3825 2244 3840 ‚
2271 3799 2362 3834 Anno

1297 3842 1392 3882 Regni
1407 3841 1494 3872 nostri
1509 3839 1702 3870 Duodecimo.
