2562 4279
67 292 143 329 Arm.
157 296 198 328 D.

92 344 175 375 1312.

67 375 133 403 Edv.
154 385 181 403 2.

766 198 878 243 ET
961 201 1231 243 ACTA

219 291 290 322 dum
304 290 442 330 fidelitati,
456 290 573 321 -celebn's
588 288 752 326 memoriae,
765 286 889 318 Domini
904 287 937 317 E.
953 287 1099 332 quondam
1111 287 1200 326 Regis
1212 286 1274 331 An-

219 331 283 369 gliae
302 329 389 360 Patris
408 329 496 360 nostri
512 328 671 364 adhaerens,
688 327 718 355 in
739 325 875 364 obsequio
896 326 945 356 suo
964 336 993 356 in
1015 327 1137 364 partibus
1152 327 1276 368 Scor-ise,

218 376 333 406 propter
350 368 484 398 fidelitatis
506 366 561 396 suae
581 364 786 401 constantiam,
803 365 893 395 eirtitit
906 365 1070 395 interfectus
1086 373 1092 393 ι
1132 363 1177 394 Ac
1189 371 1275 394 etiarn

214 407 293 446 quod
310 407 452 445 johannes
499 403 569 434 filius
587 404 660 441 ejus,
684 401 870 441 postmodum
895 411 958 441 erga
977 403 1070 439 ipsum
1091 401 1203 431 Patrem
1222 412 1276 431 no-

216 447 305 476 strum
328 445 442 475 fideliter
465 453 481 472 e
514 441 591 480 effit,
606 442 640 471 &
656 440 742 470 indies
756 446 819 478 erga
834 450 886 470 nos
900 440 927 470 se
939 442 1010 479 gerit
1024 439 1141 470 fideliter
1155 440 1189 470 δε
1204 449 1274 469 con-

216 484 334 522 stanter,
351 483 384 513 &
425 479 482 511 uod
494 451 601 510 gTerrae
616 480 649 510 δε
663 478 842 508 Tenementa
856 478 918 518 sua,
937 481 966 508 in
982 478 1275 522 partibus-praediffis,

215 532 268 561 per
286 522 402 556 Scotos‚
432 519 554 548 nimicos
573 518 606 548 &
627 516 757 547 Rebelles
779 516 906 555 nostros,
925 517 953 547 in
966 517 1089 556 partibus
1103 517 1153 546 illis
1164 515 1275 546 vastan-

217 569 262 591 tur
281 560 314 590 &
329 557 523 592 destruuntur3
1200 592 1205 598 .

252 595 438 632 Volentesque
453 594 573 625 eundem
583 594 746 632 Johannem
760 602 796 622 eo
809 600 946 633 praetextu
961 593 1121 632 prospicere
1139 590 1275 633 gratiose,

254 631 453 665 Conceffimus
474 634 500 663 ei
521 632 650 663 Maneria
667 631 837 671 subscripta,
870 631 1023 669 videlicet,
1055 632 1218 662 Manerium
1239 630 1275 661 de

217 671 395 706 Mannesfeld
416 673 447 702 in
470 670 619 701 Comitatu
640 669 825 708 Notingliam
840 692 850 707 ,
878 680 947 700 curn
968 670 1045 700 Soka
1068 671 1100 701 ὃς
1125 670 1218 700 Firma
1239 669 1275 699 de

212 710 368 751 Lyndeby,
384 711 417 741 &
440 719 507 740 cum
524 708 699 739 Molendinis
713 708 748 738 de
761 707 935 746 Carbelton,
955 710 983 738 in
1000 709 1124 739 valorem
1138 710 1274 748 quinqua-

159 786 168 793 .
212 751 289 790 ginta
304 749 337 779 &
349 756 468 787 quatuor
480 748 612 777 librarum
625 747 658 778 δε
669 746 891 790 quatuordecem
905 747 1056 777 solidorum
1071 757 1077 776 t

68 2232 147 2267 ‘Anu
162 2233 204 2265 D.

88 2283 177 2314 1312.

72 2317 124 2342 An.
140 2314 167 2340 6.

69 2356 101 2379 E.
119 2361 145 2378 2.

66 2389 137 2425 Vasa.
152 2390 180 2416 6.

71 2431 103 2454 E.
119 2436 145 2454 2.

68 2473 106 2494 m.
129 2473 171 2501 15.

69 2906 90 2926 ⁴
110 2909 164 2936 111.

73 2947 136 2983 360.

72 3536 152 3568 ‘Ann.
165 3537 205 3568 D⁴

75 3585 189 3643 ‹131322'

75 3656 107 3680 E.
125 3635 173 3681 ’μ’

72 3694 144 3718 Rom.
158 3691 192 3725 ό-

75 3732 118 3756 Fr.
136 3731 163 3758 6.

77 3770 110 3793 ,Ε-
127 3777 153 3795 2.

78 3813 115 3831 m.
131 3804 175 3834 18.

80 3841 133 3870 aar.

250 786 416 818 Manerium
437 786 473 816 de
496 785 672 826 Geytinton,
689 793 718 814 in
740 783 892 814 Comitatu*
904 785 1090 825 Northampt.
1105 785 1134 815 in
1148 785 1274 816 valorem

211 827 334 866 quinqua
356 826 409 855 inta
423 825 456 854 &
467 823 585 854 duarum
598 824 731 854 librarum
745 832 751 852 t

250 864 288 895 Et
346 863 471 893 anerium
492 862 528 892 de
549 862 691 892 Harewell
714 862 744 891 in
757 859 908 892 Comitatu
923 861 1022 901 Berks,
1044 862 1074 892 in
1085 862 1211 893 valorem
1226 862 1275 892 tri-

214 903 292 943 ginta
304 903 439 932 librarum
452 910 500 940 per
512 911 618 931 annum
633 910 640 929 2

247 941 334 971 TEN
345 949 362 969 E
374 947 394 969 Ν
406 948 454 968 DA
472 941 501 969 in
524 939 672 969 subsidium
692 938 871 975 expensarum
892 938 999 970 suarum
1021 939 1054 970 ὃς
1072 939 1275 971 sustentationis

212 980 284 1018 suae,
300 977 432 1018 quamdiu
444 977 547 1008 nostrae
561 977 693 1017 placuerit
709 977 855 1008 voluntati.

248 1016 284 1048 In
298 1017 392 1055 cujus,
407 1016 468 1047 &c.

247 1093 336 1126 Teste
350 1092 438 1132 Rege
451 1092 524 1132 apud
535 1092 756 1132 Windesoram,
774 1092 909 1124 vicesimo
921 1093 968 1124 die
983 1092 1170 1124 Novembris.

656 1173 710 1200 Per
732 1170 813 1210 ipficm
827 1173 923 1207 Regem
940 1169 979 1204 ὠ·
995 1169 1143 1210 Οονψίἰιινη.

279 1249 310 1280 Τ
329 1248 493 1279 mandatum
512 1246 553 1277 est
574 1246 731 1285 Militibus,
757 1247 848 1277 liberis
868 1246 1032 1277 hominibus
1047 1270 1056 1285 ,
1084 1247 1118 1278 &
1140 1247 1274 1278 omnibus

290 1288 362 1326 aliis,
378 1287 533 1317 tenentibus
546 1286 581 1315 de
595 1285 727 1316 Manerio
738 1284 775 1315 de
791 1285 968 1316 Mannesfeld
977 1309 986 1323 ,
1002 1286 1035 1316 &
1049 1285 1126 1316 Soka
1140 1286 1273 1325 ejusdem,

212 1326 290 1366 quod
311 1326 347 1357 de
367 1325 468 1362 firmis,
486 1324 653 1363 redditibus,
671 1325 704 1355 &
726 1324 783 1353 aliis
802 1323 933 1361 servitiis,
949 1334 1013 1362 quae
1027 1326 1132 1354 ratione
1148 1324 1273 1354 Manerii

213 1367 247 1397 δε
261 1365 347 1395 Sokae
381 1363 559 1394 raedic'torum
570 1363 692 1401 debent,
711 1362 800 1393 eidem
810 1362 936 1400 Johanni
946 1385 955 1400 ,
972 1362 1044 1392 dum
1055 1363 1149 1401 dieta,
1169 1362 1274 1393 Mane-

214 1406 287 1434 rium
307 1404 341 1434 &
381 1402 481 1440 okam,
499 1402 634 1439 tenuerit,
653 1400 828 1431 intendentes
848 1401 900 1432 sint
919 1401 952 1432 ὅ(
966 1401 1180 1441 respondentes,
1196 1402 1273 1440 juxta

214 1451 343 1474 tenorem
355 1440 496 1472 literarum
510 1440 598 1479 Regis
611 1439 818 1478 praedictarum.

250 1517 339 1551 Teste
351 1525 381 1550 ut
394 1518 481 1557 supra.

213 1597 371 1658 EOdem
386 1595 477 1640 modo
491 1596 655 1627 mandatum
670 1594 711 1625 est
728 1592 889 1640 Militibus,
906 1594 998 1639 liberis
1013 1593 1072 1626 ἃς.
1087 1595 1122 1626 de
1138 1593 1274 1649 Memorio

291 1635 328 1665 de
341 1635 515 1674 Gaytinton,
531 1635 610 1672 quod
622 1634 657 1664 de
671 1633 770 1672 firmis,
789 1635 847 1664 &c.
861 1644 925 1673 quae
938 1643 1044 1664 ratione
1062 1633 1186 1665 Manem
1199 1646 1275 1676 prce-

213 1673 284 1705 dieti
296 1673 415 1710 debent,
434 1672 526 1703 eidem
535 1672 674 1711 Johanni,
693 1673 754 1704 ἃς.
767 1672 942 1704 intendentes
953 1673 1022 1711 sint,
1038 1673 1097 1704 &c.

251 1748 342 1781 Teste
354 1757 386 1780 ut
398 1748 483 1788 supra.

272 1826 370 1858 Odem
384 1825 473 1857 modo
490 1827 653 1858 mandatum
666 1826 708 1857 est
723 1825 881 1866 Militibus,
897 1825 1005 1865 liberis,
1017 1826 1077 1858 &c
1093 1827 1128 1857 de
1142 1826 1276 1860 Manerio

235 1904 239 1908 ι
276 1864 326 1908 ’ἀεὶ
349 1864 508 1904 Harewell,
525 1864 602 1904 quod
622 1866 657 1896 de
672 1864 776 1904 firmis,
793 1867 853 1896 &c.
869 1875 933 1910 quae
948 1867 1054 1896 ratione
1066 1865 1188 1909 Manerii
1205 1877 1277 1907 pra:-

210 1902 283 1934 drdh
296 1903 417 1943 debent,
439 1903 532 1935 eidem
539 1904 683 1943 Johanni,
698 1904 785 1943 dum,
800 1905 861 1936 &c.
878 1904 1055 1936 intendentes
1069 1907 1135 1943 lint,
1155 1906 1218 1937 &a

249 1979 340 2011 Teste
355 1988 386 2012 ut
401 1980 486 2020 supra.

238 2105 298 2139 Pro
316 2109 428 2141 Comite
448 2106 485 2141 de
503 2107 681 2157 Audoigne‚
707 2112 738 2142 in
764 2108 1054 2155 recompenfiztionem
1069 2107 1259 2154 perditorum

581 2162 613 2190 in
632 2162 750 2191 Gnerra
769 2159 924 2201 Vasconiae.

220 2238 358 2308 RIZIX
377 2240 599 2272 Constabulario
620 2241 670 2271 suo
690 2239 877 2281 Burdegaliae,
895 2241 940 2273 vel
962 2242 1019 2279 ejus
1040 2241 1139 2272 locum
1159 2242 1283 2281 tenenti,

334 2285 419 2308 utem.

258 2315 356 2354 Cum,
373 2316 492 2347 celebris
514 2317 678 2355 memoriae,
697 2315 844 2348 Dominus
866 2317 902 2347 E.
916 2318 1058 2356 quondam
1076 2318 1141 2348 Rex
1156 2317 1285 2358 Angliae,

221 2355 303 2386 Pater
318 2354 411 2385 noster
446 2365 495 2392 per
506 2354 607 2385 litteras
619 2355 675 2385 suas
688 2363 829 2395 patenteS,
844 2354 952 2386 dudum
966 2353 1144 2386 concessisset

222 2393 333 2423 Comiti
353 2393 388 2423 de
405 2378 555 2433 Audoigne
578 2393 711 2424 ducentas
731 2394 813 2424 libras
833 2393 1069 2434 Chipotensium,
1094 2393 1284 2433 percipiendas

221 2441 271 2470 per
288 2438 412 2470 annum,
430 2440 482 2469 pro
502 2431 696 2463 iustentatione
717 2431 781 2470 sui,
797 2434 825 2462 in
841 2434 1133 2472 recompensationem
1146 2442 1283 2463 terrarum

221 2470 347 2508 suarum,
365 2480 430 2509 quae
453 2471 482 2500 in
502 2479 620 2501 manum
642 2469 730 2509 Regis
750 2470 892 2509 Franciae‚
910 2470 1017 2502 ratione
1041 2471 1163 2502 Guerrae
1178 2470 1284 2501 Vasco-

220 2509 292 2547 niae,
311 2515 401 2549 captae
422 2509 532 2540 fuerunt
566 2509 709 2548 quousque
726 2509 813 2539 diecae
835 2518 916 2548 terrae
934 2510 1027 2540 eidem
1041 2508 1155 2541 Comiti
1169 2509 1282 2541 fuiffent

219 2547 369 2586 restitutae,
388 2546 434 2577 vel
449 2547 526 2578 idem
539 2533 622 2577 Pater
635 2547 730 2577 noster
743 2548 818 2578 aliter
831 2548 898 2578 inde
910 2548 1088 2586 providiffet:

257 2585 307 2616 De
328 2586 428 2626 quibus
449 2586 540 2617 dietus
561 2585 672 2616 Comes
693 2586 823 2616 nondum
843 2588 965 2624 recepit,
983 2587 1032 2617 nifi
1053 2586 1184 2617 ducentas
1203 2587 1283 2618 libras

218 2623 455 2666 Chipotensium,
473 2626 507 2656 &
527 2625 628 2655 decem
651 2624 684 2655 &
703 2634 811 2655 novem
832 2624 929 2662 libras,
950 2634 1005 2656 tres
1026 2625 1144 2664 solidos,
1162 2626 1195 2656 &
1216 2636 1283 2665 qua-

218 2671 285 2694 tuor
304 2663 449 2702 denarios,
465 2664 499 2695 &
519 2671 609 2694 unum
624 2663 746 2693 obolum
762 2663 975 2703 sterlingorum,
992 2665 1040 2702 qui
1055 2665 1084 2693 in
1099 2664 1284 2704 Chipotenli-

217 2699 271 2733 bus
286 2701 457 2740 (videlicet,
489 2702 559 2732 οᾶο
580 2709 634 2739 pro
655 2711 714 2732 uno
733 2701 825 2732 sterlin
845 2712 864 2732 o
886 2702 1071 2741 computatis)
1092 2703 1126 2733 ad
1148 2710 1284 2739 centum,

218 2741 433 2780 quinquaginta,
452 2741 485 2772 ὃς
507 2750 560 2771 tres
579 2740 676 2777 libras,
700 2739 745 2770 sex
766 2711 883 2780 solitfos,
901 2742 934 2772 ὅ(
954 2749 1074 2779 quatuor
1097 2741 1240 2780 denarios,
1257 2742 1284 2771 ie

217 2778 389 2847 exrepidunt,
407 2787 493 2820 prout
512 2779 628 2811 dilectus
644 2778 771 2811 Clericus
784 2779 880 2810 noster
892 2779 1036 2818 Joiiannes
1050 2780 1087 2811 de
1102 2779 1219 2812 Sandale
1231 2790 1284 2810 nos

219 2825 288 2847 certi
311 2825 404 2849 cavn:

257 2854 340 2893 Nos,
357 2856 485 2887 volentes
506 2857 585 2895 quod
603 2856 723 2896 praefato
743 2856 857 2888 Comiti
876 2856 913 2887 de
935 2867 988 2895 eo,
1006 2857 1084 2896 quod
1099 2857 1148 2888 fibi
1162 2856 1198 2888 de
1212 2866 1284 2888 con-

222 2892 345 2922 cessione
363 2894 433 2924 dieti
448 2896 467 2914 *ζ
484 2894 571 2926 Patris
592 2895 700 2934 nostri,
715 2896 745 2926 in
766 2896 819 2926 hac
842 2902 935 2935 parte,
950 2896 1042 2926 adhuc
1056 2907 1070 2927 a
1085 2898 1161 2927 retro
1176 2896 1283 2935 existit,

221 2929 352 2969 satisfiat,
374 2933 456 2962 vobis
474 2934 638 2965 mandamus
659 2934 737 2974 quod
759 2933 805 2972 id,
830 2933 908 2974 quod
930 2935 1012 2964 vobis
1031 2934 1162 2965 constare
1182 2936 1283 2975 poterit:

221 2969 341 3012 prassfiito
497 2971 608 3002 Comiti
628 2972 720 3004 adhuc
732 2982 747 3002 a
759 2975 838 3003 retro
853 2973 909 3003 esse
923 2971 958 3002 de
971 2973 1053 3004 dietis
1067 2973 1194 3004 ducentis
1207 2974 1284 3004 libris

221 3005 459 3046 Chipotenfium,
479 3008 516 3038 fic
536 3011 561 3038 ei
581 3019 631 3046 per
652 3010 763 3042 dietum
784 3012 898 3043 Patrem
911 3010 1041 3041 nostrum
1054 3011 1209 3050 conceffis,
1247 3021 1280 3041 ro

219 3043 415 3076 sustentatione
435 3045 497 3084 sua,
513 3054 543 3077 ut
561 3047 729 3086 praedi&urn
749 3049 808 3088 est,
823 3050 859 3080 de
873 3051 991 3080 exitibus
1009 3049 1140 3080 Ducatus
1155 3059 1213 3088 prae
1233 3051 1283 3080 ieri

218 3083 310 3114 modo
329 3084 425 3115 debito
444 3085 568 3123 solvatis,
585 3093 631 3116 aut
649 3086 675 3115 ei
694 3086 920 3126 assignationem,
938 3087 1014 3118 unde
1035 3088 1086 3118 sibi
1101 3088 1218 3119 satisfieri
1234 3098 1282 3119 va-

219 3120 290 3159 leat,
306 3122 335 3151 in
349 3123 442 3162 aliquo
456 3123 524 3153 loco
536 3126 711 3163 competenti
726 3125 845 3163 faciatis;
865 3127 898 3157 &
915 3136 967 3156 nos
983 3126 1063 3157 vobis
1077 3126 1144 3158 inde
1157 3127 1187 3158 in
1199 3136 1282 3158 com-

217 3167 292 3196 poto
306 3161 398 3192 vestro
409 3161 537 3192 debitam
550 3161 750 3193 allocationem
761 3164 864 3195 habere
877 3164 1018 3196 faciemus.

260 3234 329 3267 Dat.
343 3237 415 3278 apud
428 3237 637 3278 Wyndesoram
644 3263 655 3279 ,
670 3240 806 3273 vicesimo
819 3241 864 3272 die
876 3241 1065 3274 Novembris.

711 3320 765 3348 Per
776 3320 868 3350 Breve
884 3320 916 3350 de
922 3304 1038 3359 privato
1053 3320 1153 3358 Sigillo.

344 3445 403 3479 Ad
416 3448 530 3493 Papam
545 3459 600 3494 pro
617 3449 760 3482 Arnaldo
779 3451 923 3484 Gulielml
941 3450 977 3483 de
994 3451 1157 3496 Marfimo.

223 3530 340 3592 PAP
349 3530 475 3575 AE.Rex
489 3531 590 3576 devota
602 3534 707 3571 pedum
723 3535 816 3567 oscula
828 3537 986 3568 beatorum.

261 3610 267 3616 ”
329 3569 482 3607 Cupientes
495 3570 630 3615 dilee‘cum
644 3572 677 3603 ὅτ.
691 3573 804 3604 fidelem
816 3574 963 3615 nostrum,
983 3575 1141 3607 Arnaldum
1153 3576 1283 3608 Guilliel-

227 3620 269 3640 mi
290 3608 325 3652 de
346 3608 479 3639 Mariano
504 3609 596 3647 (cu1us
615 3611 795 3649 profeffifflum
823 3614 1014 3653 incrementa,
1036 3615 1087 3645 suis
1104 3617 1283 3653 exigentibus

226 3656 348 3685 meritis,
366 3647 472 3691 sincero
492 3647 614 3691 zelamus
634 3647 757 3687 affeetu)
777 3652 807 3681 in
826 3654 962 3692 negotiis,
978 3663 1042 3691 quae
1063 3663 1146 3693 penes
1162 3655 1281 3685 vestram

228 3685 421 3732 Clementiam
446 3685 572 3716 habuerit
596 3686 785 3726 prosequenda
803 3712 813 3728 ,
840 3690 935 3723 favore
958 3691 1130 3730 Apostolico
1149 3702 1284 3724 commu-

227 3735 279 3756 niri
294 3736 304 3763 ς

264 3762 374 3794 Vestrae
393 3762 560 3794 Beatitudini
580 3763 681 3807 votiyis
702 3766 832 3801 precibus
851 3766 1053 3807 supplicamus,
1072 3771 1201 3808 quatinus
1215 3781 1284 3801 eun-

227 3802 294 3832 dem
315 3801 488 3840 Arnaldum,
505 3803 539 3832 &
559 3801 727 3845 negotiatsua
739 3804 890 3840 supradicta
902 3807 1053 3846 habentes,
1068 3808 1088 3837 si
1104 3808 1209 3846 placet,
1227 3819 1283 3839 no-

228 3840 276 3871 stri
299 3841 555 3880 contemplatione,
570 3840 720 3878 specialiter
740 3843 957 3883 commendata,
983 3845 1021 3875 fic
1040 3846 1089 3884 ei,
1111 3847 1139 3876 in
1160 3847 1282 3887 ipsorum

228 3878 408 3909 exauditione
422 3878 552 3917 prospera
574 3880 608 3910 ὃς
629 3878 743 3917 votiva,
761 3889 811 3910 vos
828 3881 955 3912 exhibere
974 3882 1132 3922 dignemini
1144 3885 1174 3915 in
1187 3886 1283 3916 favore

229 3916 394 3954 benivolos,
411 3917 445 3948 ὃς
461 3918 490 3947 111
505 3917 590 3956 gratia
610 3917 749 3954 libertum,
769 3919 847 3955 quod
867 3920 875 3948 i
897 3920 922 3950 se
942 3922 1104 3952 intentionis
1121 3923 1176 3954 suae
1189 3924 1284 3955 effica-

230 3955 372 4022 ξίαἴιὲῧὲἓκ
391 3955 444 3987 hac
465 3957 560 3987 nostra
579 3954 790 3994 interceffione,
805 3965 843 3987 co
874 3960 940 3996 equi
960 3959 1048 3991 valeat
1065 3959 1144 3999 super
1165 3964 1286 4002 negotiis

248 4002 267 4021 n
315 4003 323 4022 l
355 4003 385 4023 ls-

266 4028 422 4062 Conservet
429 4054 439 4070 ,
456 4032 516 4064 &c.

276 4082 664 4155 Βαῖτὲἱῗυᾶγῖῗηὲεΐοηω,
680 4087 816 4120 vicesimo
829 4087 875 4121 die
887 4086 1072 4122 Novembris.

1311 197 1789 246 PUBLICA.
2315 217 2364 254 Ῑ9

1361 374 1576 407 Procuratoria
1599 374 1637 408 de
1668 379 1825 412 tractando
1841 381 1933 428 [ἔφαν
1948 379 2085 427 dampnis
2101 380 2255 414 flandriis
2263 381 2321 426 fa-

1712 428 1765 459 {ris
1778 439 1832 473 per
1846 430 1972 477 Anglos.

1312 503 1402 565 LE
1418 504 1479 536 Roi
1495 517 1510 537 a
1527 515 1595 539 touz
1610 519 1699 550 ceux,
1717 511 1744 555 qi
1761 512 1848 544 cestes
1862 514 1951 545 lettres
1966 522 2142 553 verront,ou
2159 518 2210 584 Q

1420 543 1528 589 Sachcz
1548 558 1600 577 nos
1620 559 1684 578 aver
1705 550 1768 587 fait,
1786 552 1908 590 ordene,
1924 555 1956 584 ὃ(
1971 555 2075 592 depute
2089 563 2167 584 nouz
2180 554 2196 584 s
2212 554 2258 584 ials
2270 555 2303 590 ἃς
2316 556 2368 585 loi-

1312 587 1382 618 aux,
1397 581 1541 614 Williamc
1553 586 1589 615 de
1604 586 1689 616 Dene
1703 587 1892 627 Chivaler,&
1907 591 2032 623 Richard
2048 592 2085 623 de
2096 592 2179 632 Stury
2191 592 2284 623 nostre
2298 593 2367 623 Bur-

1313 625 1377 656 geys
1397 619 1434 650 de
1455 621 1629 662 Salopesbir,
1652 635 1704 655 nos
1731 627 1847 656 cerreins
1878 627 2036 660 Attournez
2055 632 2089 662 &
2111 630 2299 670 Procurours,
2315 642 2368 670 pur

1312 664 1384 686 nous
1403 659 1437 689 ὃς
1451 669 1503 699 pur
1518 671 1577 691 noz
1594 663 1712 702 suzmis,
1731 674 1758 694 as
1773 674 1863 702 queux
1877 665 1901 695 la
1917 665 2050 706 bosoigne
2063 670 2167 701 touche
2184 679 2190 699 :

1349 694 1444 739 Etrles
1466 709 1564 729 avoms
1583 700 1693 739 donez,
1713 703 1746 732 δε
1767 703 1891 733 donoms
1910 704 1983 741 plein
2005 717 2088 746 poer,
2113 709 2147 740 ὃς
2170 706 2369 739 maundement

1311 731 1441 779 especial,
1460 737 1495 767 de
1516 740 1608 769 treiter
1631 741 1673 770 sur
1687 740 1724 770 les
1739 750 1854 779 proces,
1873 742 2010 781 n'adgeres
2024 748 2122 776 acorde
2136 759 2151 778 a
2166 746 2368 777 Westmostier

1311 779 1360 838 gar
1375 772 1538 813 lendenture
1551 786 1628 808 entre
1641 788 1712 808 ceux
1726 779 1762 808 de
1774 779 1869 809 nostre
1883 779 1996 811 Consail
2011 783 2094 814 d‘une
2106 793 2180 824 part,
2197 786 2230 817 ὃ(
2246 786 2283 816 les
2297 786 2368 816 No-

1333 809 1370 839 les
1382 810 1525 843 Homines
1534 814 1661 846 Monfire
1671 817 1764 855 johan
1781 818 1896 856 seignur
1910 819 1945 848 de
1952 818 2031 851 Fiens
2039 823 2087 859 ,Sc
2096 823 2222 854 Monsire
2228 825 2366 860 Guilliam

1312 847 1349 894 df
1362 849 1489 890 Nyve11‚
1508 852 1588 883 Clers
1601 855 1635 885 ὃς
1650 854 1788 894 IN‘Ieli'ages
1801 857 1826 886 le
1840 856 1875 885 N
1878 856 1956 886 oblcs
1968 857 2102 890 Homme
2117 862 2241 895 Monsire
2255 865 2368 899 Robert

1312 885 1408 917 Conte
1422 889 1458 919 de
1473 891 1742 930 Flaundres,d'autre
1756 902 1826 932 part,
1835 894 1876 924 sur
1891 894 1917 925 le
1929 896 2018 926 faitde
2025 898 2256 938 Crasdun,&sur
2263 915 2312 937 tuz
2320 917 2369 938 au-

1311 931 1364 955 tres
1379 928 1477 965 trespas
1491 930 1556 960 faitz
1569 941 1595 960 as
1609 930 1723 971 Engleis
1731 942 1778 971 par
1788 932 1947 973 Flemengs,
1956 937 2022 966 &as
2029 937 2050 966 F
2053 939 2175 968 lemenks
2183 943 2366 985 pai-Enuleys-

1311 963 1344 993 &
1358 964 1394 995 de
1410 974 1481 997 tutes
1495 977 1582 999 autres
1598 969 1747 1000 demandes
1760 972 1793 1001 δε
1807 972 1929 1010 quei-eles
1937 974 2037 1011 ,d'une
2050 985 2126 1015 part,
2135 978 2167 1006 &
2180 969 2293 1011 ci’autie3
2302 968 2369 1024 puy}

1311 1003 1337 1033 le
1351 1013 1438 1043 temps
1453 1017 1508 1044 que
1522 1017 1593 1038 nous
1607 1019 1750 1040 receumes
1767 1010 1792 1040 le
1806 1019 2009 1048 governement
2024 1014 2060 1044 de
2073 1015 2169 1044 nostre
2184 1006 2325 1051 Roiaur’ne
2341 1033 2347 1052 :

1350 1043 1389 1074 Et
1404 1043 1439 1074 de
1451 1045 1563 1088 affentir
1579 1057 1633 1085 que
1649 1048 1686 1077 les
1699 1048 1793 1077 choses
1807 1049 1960 1080 avantdites
1972 1052 1998 1081 se
2012 1055 2156 1091 preignent
2171 1064 2206 1084 en
2221 1058 2305 1088 effe&
2341 1071 2368 1092 as

1312 1090 1438 1123 certeyns
1451 1093 1524 1120 lours
1538 1086 1571 1116 ὃς
1585 1086 1668 1124 lieus,
1682 1085 1773 1116 solom
1787 1086 1813 1116 la
1826 1087 1936 1118 sourme
1950 1089 1994 1120 del
2009 1091 2169 1123 Endenture
2179 1083 2323 1127 avantdite',

1350 1120 1388 1151 Et
1411 1130 1615 1163 promettoms,
1634 1134 1669 1154 en
1688 1125 1764 1154 bone
1785 1125 1839 1162 foi,
1855 1136 1870 1155 a
1884 1128 1973 1165 tenir,
1989 1130 2022 1158 ὃς
2039 1140 2053 1159 a
2074 1131 2132 1160 fere
2152 1134 2223 1162 tenir
2246 1134 2315 1164 ferm
2336 1137 2369 1167 ἃς

1312 1160 1430 1201 estable,
1450 1171 1537 1206 quan-t
1558 1172 1612 1231 que
1631 1173 1679 1200 pai·
1700 1172 1758 1207 noz
1778 1163 1837 1193 ditz
1856 1163 2029 1197 Procurours
2041 1168 2110 1198 serra
2124 1171 2220 1208 treite,
2236 1172 2352 1204 ordeine

1311 1201 1417 1230 assentu
1437 1202 1470 1231 ὃς
1493 1202 1542 1231 fait
1575 1212 1607 1231 ur
1627 1201 1664 1231 les
1682 1201 1751 1231 dites
1774 1201 1885 1240 choses,
1904 1204 1937 1233 &
1959 1214 1994 1234 en
2009 1206 2033 1236 la
2048 1207 2157 1238 fourme
2172 1211 2324 1242 avantdi'te·
2341 1200 2371 1251 j}

1308 1239 1361 1268 soit
1376 1248 1409 1268 ce
1424 1250 1479 1277 que
1492 1240 1546 1269 eles
1561 1249 1730 1278 requergent
1744 1240 1859 1278 especial
1875 1241 2066 1274 mandement.
2317 1235 2326 1251 ³

1307 1316 1316 1346 l
1347 1276 1393 1307 En
1406 1280 1624 1317 temoignaunce
1637 1278 1672 1308 de
1685 1289 1760 1317 queu
1775 1279 1876 1319 chose,
1893 1290 1964 1311 nous
1977 1292 2063 1313 avons
2074 1283 2122 1317 fait
2135 1284 2199 1316 faire
2211 1287 2298 1319 cestes
2308 1298 2368 1320 noz

1318 1324 1398 1347 ettres
1411 1327 1529 1348 overteS.

1349 1393 1432 1424 Don.
1448 1405 1463 1425 a
1478 1392 1613 1434 Wyndes-
1629 1395 1656 1425 le
1670 1395 1717 1425 26.
1726 1397 1792 1434 jour
1806 1395 1842 1427 de
1858 1396 2039 1429 Novembrei

1533 1521 1591 1555 Ad
1605 1524 1748 1556 Comitem
1765 1523 1911 1558 Flmzdriae
1930 1522 1966 1558 de
1988 1526 2155 1563 Credentia.

1385 1606 1447 1639 EX
1469 1607 1575 1638 Nobili
1596 1606 1669 1638 Viro
1692 1609 1724 1639 ὅ(
1744 1611 1840 1640 amico
1861 1611 1910 1641 suo
1930 1611 2089 1652 kariffimo,
2110 1613 2243 1646 Domino
2257 1616 2296 1647 R.
2311 1617 2374 1649 Co·

1394 1648 1456 1677 miti
1471 1647 1494 1676 F
1495 1647 1624 1684 landriae,
1641 1645 1773 1685 salutem,
1792 1658 1859 1679 cum
1875 1650 2026 1680 dilefflone
2041 1652 2153 1684 sincerii.

1349 1688 1407 1724 Ea,
1425 1696 1489 1725 quae
1506 1685 1679 1715 willielmus
1693 1685 1809 1717 Poisson
1825 1687 1911 1718 Miles
1917 1690 1968 1726 ,&
1984 1689 2100 1728 Egidius
2112 1692 2148 1722 de
2162 1692 2371 1734 Hertzberghes

1312 1727 1446 1758 Vallettus
1461 1725 1552 1755 vester
1568 1726 1674 1762 <nuper
1689 1735 1738 1762 per
1754 1736 1804 1755 vos
1817 1726 1850 1755 ad
1862 1727 1986 1757 nostram
2000 1729 2173 1768 praesentiam
2187 1732 2315 1764 destinati
2329 1735 2374 1764 su-

1313 1776 1362 1806 per
1373 1764 1451 1797 facto
1466 1763 1502 1793 de
1513 1762 1675 1799 Crasdune,
1695 1764 1727 1793 δε
1741 1764 1906 1802 quibusdam
1919 1766 1976 1796 aliis
1985 1767 2137 1799 exceffibus
2150 1770 2183 1800 δε
2197 1771 2314 1810 injuriis,
2330 1774 2374 1803 iri⁴

1313 1813 1354 1836 ter
1376 1801 1485 1835 nostros
1500 1804 1533 1846 βε
1547 1800 1653 1844 vestros
1667 1801 1807 1846 subditos,
1826 1814 1841 1834 a
1855 1812 1985 1845 tempore
1996 1816 2055 1845 quo
2070 1806 2166 1846 Regni
2178 1809 2268 1839 nostri
2284 1810 2374 1850 Regi-

1313 1854 1381 1874 men
1405 1840 1588 1880 suscepimus,
1607 1839 1674 1869 hinc
1692 1839 1760 1870 inde
1781 1843 1875 1880 illatis,
1893 1843 2082 1883 pacificandis,
2109 1848 2141 1877 ὅ(
2163 1848 2254 1878 modo
2275 1849 2373 1880 debito

1312 1879 1500 1920 corrigendis)
1522 1888 1620 1909 coram
1640 1879 1720 1922 nobis
1737 1880 1770 1909 ὃς
1791 1880 1920 1911 Conlilio
1942 1881 2042 1913 nostro
2057 1893 2195 1924 exponere
2209 1887 2374 1927 voluerunt,

1315 1922 1333 1941 2¹¹
1347 1920 1504 1952 audivimus
1516 1920 1548 1950 <St
1563 1917 1748 1948 intelleximus
1761 1917 1915 1958 diligenter.

1354 1960 1390 1990 Et
1404 1960 1470 1989 licet
1483 1958 1592 1995 aliqua,
1609 1966 1672 1994 quae
1686 1957 1756 1986 inter
1769 1957 1830 1988 illos
1843 1958 1878 1987 cle
1892 1956 2027 1989 Concilio
2048 1961 2145 1992 nostro
2180 1963 2214 1994 δε
2229 1960 2372 1995 Nobilem

1315 1999 1419 2030 Virum
1437 1996 1599 2034 johannem
1620 1995 1782 2025 Dominum
1803 1996 1838 2028 de
1857 1997 1979 2035 Fienles,
1997 1999 2031 2029 &
2050 1985 2243 2032 &Villielmum
2259 2003 2294 2032 de
2310 2004 2379 2042 Ny-

1315 2036 1386 2073 vell,
1406 2035 1531 2072 Milites,
1550 2033 1686 2064 Nuncios
1707 2033 1828 2077 vestros,
1843 2035 1952 2066 dudum
1973 2037 2005 2066 ad
2021 2047 2073 2067 nos
2087 2039 2200 2077 miffos,
2218 2041 2295 2079 snper
2310 2051 2380 2080 prae-

1317 2075 1418 2112 missis,
1446 2083 1493 2110 per
1516 2072 1691 2114 indenturam
1709 2095 1718 2108 ‚
1743 2080 1817 2101 inter
1838 2083 1885 2102 eos
1904 2075 2008 2104 fac'tam
2025 2099 2034 2112 ,
2058 2078 2229 2108 concordata
2249 2079 2381 2118 fuerunt3

1315 2120 1429 2151 propter
1451 2110 1554 2142 diversa
1569 2110 1785 2149 impedimenta,
1804 2111 1834 2140 in
1848 2110 1957 2149 Regno
1974 2114 2071 2144 nostro
2086 2117 2297 2155 contingentia,
2315 2127 2380 2156 quse

1316 2152 1429 2182 forlitan
1449 2159 1501 2180 vos
1521 2159 1581 2179 non
1603 2149 1782 2186 latent2'non
1803 2158 1958 2187 potuerunt
1971 2151 2076 2183 statutis
2090 2156 2214 2185 terminis
2227 2164 2325 2195 optato
2340 2158 2382 2187 ei..

1317 2190 1404 2220 feetui
1419 2188 1580 2228 mancipari.

1356 2228 1426 2259 Nos
1447 2235 1559 2265 tamen,
1578 2233 1693 2256 mutuos
1713 2235 1838 2256 amorem
1861 2227 1894 2258 &
1913 2229 2100 2260 concordiam
2113 2232 2184 2260 inter
2199 2241 2251 2262 nos
2265 2232 2299 2263 ὃς
2314 2242 2382 2271 VOS,

1319 2266 1485 2303 nostrosque
1497 2266 1530 2296 &
1545 2263 1652 2295 vestros
1665 2264 1802 2302 subditos,
1818 2266 1968 2296 confoveri
1983 2268 2107 2298 corditer
2120 2269 2300 2310 affeChintes,
2317 2274 2383 2301 mit«

1321 2308 1405 2335 timus
1424 2305 1458 2334 ad
1478 2314 1528 2334 vos
1541 2302 1660 2332 dilectos
1673 2303 1707 2332 ὃς
1722 2302 1815 2331 fideles
1830 2303 1955 2341 nostros,
1975 2304 2156 2336 Williemum
2171 2307 2206 2337 de
2222 2307 2306 2340 Dene
2321 2310 2383 2339 Mi*

1319 2344 1416 2380 litem,
1432 2343 1465 2372 &
1488 2339 1667 2371 Richardum
1687 2339 1723 2369 de
1737 2340 1820 2380 Stury
1836 2340 2007 2380 Burgensem
2023 2343 2152 2374 nostrum
2165 2345 2286 2383 Salopiae
2296 2370 2305 2385 ,
2320 2349 2383 2388 qui⁴

1320 2382 1371 2412 bus
1384 2381 1411 2411 su
1434 2390 1462 2410 er
1474 2380 1592 2420 negotiis
1604 2377 1745 2420 praedictis
1757 2380 1789 2409 ad
1805 2378 1919 2416 plenum
1933 2382 2089 2418 aperuimus
2105 2383 2176 2413 velle
2191 2384 2335 2416 nostruin:

1357 2420 1402 2450 Vc
1428 2428 1486 2449 ram
1502 2418 1656 2448 amicitiam
1668 2417 1818 2447 affeetuose
1830 2427 1971 2458 rogantes,
1991 2428 2124 2457 quatenus
2138 2423 2290 2462 praedietis,
2306 2423 2383 2455 Wil-

1320 2459 1418 2490 lielmo
1433 2459 1466 2488 δε
1480 2455 1644 2493 Richardo,
1663 2456 1697 2485 δε
1711 2455 1787 2486 alteri
1803 2456 1925 2495 ipsorum
1941 2459 1970 2487 in
1985 2456 2053 2497 hiis,
2072 2469 2136 2498 quae
2151 2462 2198 2500 ipsi
2208 2463 2269 2499 ,vel
2283 2471 2382 2493 eorum

1321 2499 1387 2528 alter
1406 2496 1504 2533 vobis,
1522 2504 1556 2524 ex
1579 2503 1654 2532 parte
1675 2493 1788 2532 nostra,
1806 2496 1997 2534 exposuerint,
2016 2498 2060 2528 vel
2072 2500 2243 2539 exposuerit,
2267 2502 2296 2531 in
2312 2510 2384 2541 prae-

1321 2535 1424 2573 missis,
1443 2534 1560 2564 oraculo
1576 2534 1650 2564 vivae
1666 2534 1761 2571 vocis,
1779 2534 1868 2564 velitis
1883 2534 1967 2565 fidem
1982 2537 2125 2567 credulam
2139 2538 2279 2570 adhibere.

1359 2612 1427 2643 Dat.
1444 2612 1516 2651 apud
1533 2610 1757 2650 Wyndesoram,
1775 2610 1910 2642 vicesimo
1921 2611 1996 2643 sexto
2011 2613 2057 2644 die
2071 2614 2260 2646 Novembris.

1533 2738 1591 2772 Ad
1612 2742 1728 2786 Papam
1746 2749 1802 2785 pro
1822 2738 2023 2784 Lichfeldeaegsi
2033 2742 2182 2789 Episcopo.

1322 2825 1488 2887 PAPAE
1509 2826 1573 2856 Rex
1593 2824 1695 2856 devora
1718 2824 1822 2862 pedum
1837 2825 1930 2856 oscula
1943 2827 2100 2859 beatorum.

1427 2865 1506 2895 Ctim
1528 2864 1691 2896 venerabilis
1714 2863 1811 2901 Pater,
1829 2864 1970 2895 Walterus
1991 2865 2193 2897 Coventrensis
2210 2868 2244 2898 ὅ(
2258 2864 2382 2898 Lichfel-

1322 2905 1410 2935 densis
1432 2903 1599 2944 Episcopus,
1618 2902 1747 2942 quasdam
1767 2902 1921 2934 Petitiones
1941 2903 2089 2937 Sanctitati
2108 2905 2208 2937 vestrae
2222 2907 2336 2945 habeat,
2351 2915 2381 2939 ut

1320 2944 1505 2974 intelleximus
1513 2964 1522 2981 ,
1534 2940 1728 2981 porrigendas;
2355 2979 2358 2981 v

1359 2982 1443 3020 Nos,
1460 2991 1555 3012 earum
1579 2980 1786 3024 expeditionem
1808 2982 1967 3021 prosperam
1989 2982 2023 3014 δε
2044 2984 2156 3014 felicem
2179 2985 2301 3015 corditer
2316 2982 2382 3013 affe-

1322 3021 1445 3057 &anteS,
1461 3017 1746 3062 Beatitudinrvestrae
1769 3018 1879 3050 devotis
1898 3021 2028 3060 precibus
2041 3022 2240 3060 supplicamus,
2258 3024 2382 3062 quatinus

1322 3061 1471 3097 petitiones
1493 3059 1549 3089 illas
1572 3059 1694 3101 benigne
1715 3057 1824 3095 audire,
1841 3058 1891 3098 δε,
1911 3061 1940 3089 111
1961 3070 2056 3090 earum
2070 3060 2244 3091 exauditione
2256 3060 2381 3101 prospera

1320 3099 1354 3129 &
1375 3099 1490 3136 votiva,
1505 3097 1542 3127 sic
1561 3106 1612 3126 vos
1630 3094 1763 3139 exhibere
1784 3097 1873 3127 velitis
1895 3099 2042 3129 benivolos
2065 3100 2094 3128 in
2109 3100 2219 3135 favore,
2238 3099 2314 3136 quod
2327 3098 2382 3136 ipse

1321 3137 1370 3168 has
1393 3146 1490 3174 preces
1509 3133 1616 3165 nostras
1638 3134 1706 3173 irbi,
1725 3144 1810 3174 penes
1824 3136 1945 3167 uestram
1959 3136 2166 3175 Clementiam,
2184 3137 2283 3168 sentire
2297 3137 2384 3169 valeat

1321 3175 1486 3213 profuturas.

1359 3213 1532 3250 Conservet,
1551 3212 1612 3242 &c.

1359 3251 1428 3283 Dat.
1442 3251 1516 3289 apud
1530 3249 1756 3290 Wyndesoram,
1774 3248 1917 3282 tricefimo
1930 3248 1974 3281 die
1988 3250 2174 3283 Novembris.

1571 3376 1631 3410 Ad
1646 3380 1762 3423 Papam
1775 3387 1830 3423 pro
1843 3377 1967 3423 praefato
1983 3377 2131 3423 Epifiopo.

1320 3461 1485 3523 PAPAE
1504 3461 1569 3492 Rex
1583 3461 1685 3492 devota
1700 3461 1803 3501 pedum
1817 3461 1908 3492 oscula
1923 3463 2079 3492 bearorum.

1422 3500 1616 3531 Deliderantes
1634 3501 1766 3539 negotia,
1785 3510 1838 3537 pro
1861 3502 1960 3538 quibus
1980 3498 2143 3539 venerabilis
2154 3496 2251 3541 Pater,
2269 3495 2367 3529 Walte

1321 3549 1366 3569 rus
1384 3539 1593 3573 Coventriensis
1606 3539 1640 3569 &
1658 3539 1859 3568 Liclifelclensis
1874 3538 2043 3576 Episcopus,
2062 3536 2254 3566 Tlieiaurarius
2269 3536 2380 3575 noster,

1321 3578 1350 3607 in
1368 3577 1468 3608 vestrae
1487 3577 1646 3608 sanctitatis
1666 3576 1756 3607 Curi&
1775 3586 1887 3607 moram
1910 3576 2013 3613 trahit,
2036 3573 2132 3605 favore
2153 3575 2277 3612 propitio
2297 3583 2382 3614 expe-

1320 3617 1373 3648 diri
1390 3629 1396 3634 ·

1355 3641 1464 3686 Vestrae
1484 3653 1654 3685 Clementiae
1674 3653 1774 3690 pluries
1795 3650 1921 3681 direxisse
1941 3659 1992 3678 nos
2016 3651 2196 3681 meminimus
2215 3659 2312 3690 preces
2328 3661 2380 3682 no·

1320 3693 1402 3732 stras,
1419 3702 1450 3723 ut
1465 3694 1587 3723 eundem
1603 3692 1789 3731 Episcopum,
1807 3690 1840 3719 ἃ
1855 3690 1912 3725 ejus
1924 3689 2036 3726 negotia
2049 3688 2206 3726 praelibata,
2221 3690 2324 3720 habere
2337 3690 2380 3720 di-

1318 3732 1492 3771 gnaremini,
1509 3731 1599 3761 nostri
1610 3730 1709 3759 intuitu
1719 3752 1728 3766 ‚
1745 3726 1893 3766 specialiter
1905 3727 2161 3765 commendata‚&
2174 3726 2264 3767 ipsum
2279 3728 2314 3759 ad
2327 3739 2379 3759 nos

1320 3771 1464 3802 remittere
1474 3770 1589 3799 feliciter
1601 3767 1770 3804 expeditum.

1357 3808 1485 3845 Verum,
1503 3815 1534 3837 ut
1549 3805 1652 3836 nostrae
1666 3802 1829 3833 intentionis
1842 3803 2032 3842 propositum,
2049 3803 2231 3844 multiplicata
2246 3805 2378 3836 interces-

1322 3848 1416 3885 fione,
1434 3845 1539 3883 plenius
1560 3843 1714 3879 attestetur,
1732 3840 1832 3871 vestrae
1856 3840 2020 3871 Beatitudini
2039 3843 2139 3873 iteratis
2160 3843 2286 3880 precibus
2298 3843 2378 3874 duxi-

1321 3896 1383 3916 mus
1409 3886 1456 3921 sup
1477 3883 1618 3913 licandum
1632 3903 1642 3919 ,
1673 3881 1801 3920 quatinus
1821 3880 1851 3909 in
1869 3880 2047 3918 expeditione
2067 3883 2245 3919 negotiorum
2265 3891 2377 3912 eorum-

1321 3924 1405 3962 dem,
1424 3932 1457 3952 ce
1468 3922 1506 3951 eri
1524 3921 1557 3951 &
1577 3917 1691 3957 votiva,
1708 3919 1745 3948 sic
1766 3927 1817 3949 vos
1829 3917 1958 3948 exhibere
1971 3918 2060 3948 velitis
2073 3919 2221 3951 benivolos
2236 3921 2265 3949 in
2272 3920 2375 3958 justitia

1313 3963 1356 3994 δε
1377 3962 1488 3998 favore,
1505 3957 1585 3998 quod
1599 3957 1676 3988 idem
1691 3956 1847 3995 Episcopus
1861 3956 2018 3987 nostrarum
2032 3956 2262 3988 interceffionum
2274 3957 2376 3989 instans

1322 4002 1406 4037 tiam,
1425 4000 1452 4029 in
1466 3995 1626 4038 praemiffis,
1642 3996 1694 4026 fibi
1708 3994 1882 4033 profuturam
1896 3994 1994 4027 sentire
2008 3996 2094 4027 valeat
2106 3997 2136 4026 in
2151 3996 2265 4028 effectui

1361 4037 1534 4074 Conservet,
1550 4036 1611 4066 δίε.

1361 4087 1428 4119 Dat.
1447 4084 1522 4124 apud
1534 4082 1742 4124 Wyndesoram
1751 4107 1761 4122 ‚
1778 4082 1920 4151 tgcifimo
1933 4082 1979 4115 die
1994 4081 2184 4115 Novembris,
2334 4119 2377 4145 De

2391 294 2468 326 Ann.
2484 294 2522 328 D.

2413 343 2496 373 1312.

2389 376 2458 402 Edv.
2471 385 2495 401 2·

2181 523 2273 554 rront,
2286 513 2367 547 salnz.
2387 519 2440 544 An.
2455 520 2482 546 6„

2388 558 2416 581 Ε.
2438 566 2463 584 2.

2388 596 2479 620 Pate.

2388 635 2464 658 1:12.

2389 680 2427 697 m·
2443 679 2471 703 9⁵*

2385 715 2444 746 p.1

2394 1617 2466 1649 Ann.
2481 1619 2522 1650 D.

2422 1667 2504 1695 1312.

2394 1700 2445 1724 Ari.
2465 1700 2493 1725 6.

2396 1739 2423 1761 E.
2444 1746 2467 1763 7..

2395 1773 2480 1810 Claus.
2494 1773 2521 1801 6.

2395 1815 2423 1838 E.
2441 1822 2466 1838 2.

2397 1859 2487 1878 m.21.
2502 1849 2529 1878 Δ,

2395 1926 2413 1946 *
2433 1927 2486 1953 111.

2402 1967 2465 2003 361.

2403 2831 2479 2864 ΑΠΓΙ.
2494 2831 2536 2864 Do

2422 2881 2507 2911 1312.

2402 2918 2454 2940 An.
2471 2915 2500 2939 ό.

2403 2955 2432 2978 Ε.
2455 2959 2483 2976 2·

2400 2994 2469 3016 Rom.
2484 2985 2518 3019 d!

2401 3031 2442 3054 Fr.
2464 3026 2491 3053 6.

2404 3069 2432 3092 E.
2453 3073 2479 3090 2.

2406 3113 2441 3129 m.
2456 3100 2497 3131 18.

2404 3141 2456 3168 dor,

2433 3567 2452 3583 ι.
2466 3559 2494 3583 6.

2401 3631 2512 3667 Καφηρέα

2402 3675 2441 3699 Fr.
2463 3674 2489 3700 6.

2401 3713 2429 3735 E.
2449 3719 2474 3735 2.

2398 3757 2433 3774 m.
2451 3746 2493 3774 13.
