2562 4279
23 220 30 233 ,
46 207 76 229 n.
89 195 132 228 D.
182 196 263 237 Qiid
279 203 374 228 autem
395 194 553 227 faciendum
573 194 700 226 duxeritis
714 195 744 224 in
762 194 815 224 hac
827 200 904 233 parte
917 215 927 231 ‚
952 194 1035 224 nobis
1046 203 1095 232 per
1109 192 1205 224 Porti·
1242 194 1302 226 liter
1317 196 1431 228 Rumor
1444 199 1603 238 hujusmodi
1616 205 1765 236 emanasset

21 241 107 319 itt.

64 662 107 689 ις.

18 701 66 722 ,2-

22 775 64 807 μ..

45 814 88 843 ¹3·

2 2524 57 2554 111.

0 2564 32 2592 16.

0 3439 41 3463 nn.
55 3431 98 3466 D.

5 3478 68 3510 321.

0 3517 19 3536 Φ.
37 3518 79 3547 15.

14 3555 40 3576 2.

0 3585 97 3623 aus.15.

15 3631 40 3651 ι.

0 3662 93 3698 .27.d.

75 623 99 647 ,j
143 568 192 629 P

19 550 28 612 ,Ι
36 586 70 609 in.
85 575 127 607 D.

36 623 70 654 32

17 736 62 760 Lm.
82 738 123 765 ¹5·

733 108 844 150 ΕΤ
926 109 1196 150 ACTA

145 243 238 267 torem
252 235 447 276 praesentium,
464 234 484 264 si
497 234 621 272 placeat,
634 232 795 263 rescribatis.

179 310 248 343 Dat.
262 312 337 351 apud
351 309 637 343 Westmonasterium
646 331 656 348 ‚
673 308 808 339 vicesimo
823 308 924 347 quinto
937 306 984 338 die
999 305 1128 347 Augusti.

165 437 230 470 Pro
252 436 344 470 Eccle
352 448 383 469 ta
414 432 641 477 Enachduneaefi
652 459 662 476 ‚
695 442 797 466 contra
816 430 1074 478 Archiepifiopum
1092 433 1177 465 Tna-

594 481 734 527 menfim.

201 568 307 601 APAE
326 568 391 600 Rex
403 567 506 599 devota
520 565 623 606 pedum
637 564 730 596 oscula
743 564 900 596 beatorum.

228 607 275 638 Ut
288 631 299 646 ,
324 606 487 638 constitutae
504 615 552 644 per
571 605 671 634 orbem
690 614 706 634 a
721 603 829 633 Sanffls
843 603 969 634 Patribus
986 601 1120 633 Ecclefiae
1142 600 1200 632 Ca-

144 644 293 684 thedrales,
311 643 484 675 inconcuffae
498 649 677 681 permaneant
690 663 701 679 ‚
725 643 758 672 &
774 651 948 680 unaquaeque
963 641 1013 672 suo
1029 641 1200 681 gubernetur

145 684 288 721 Antistite,
307 692 360 713 nec
374 682 535 726 cujusquam
548 680 944 724 praesumptione-dampnabili
957 687 1114 723 occupetur
1125 687 1199 722 con-

143 730 185 754 tra
198 721 357 756 Canonicas
369 719 546 756 San6tmnes,
563 719 601 748 eo
617 717 698 761 decet
709 717 787 748 Sedis
800 717 977 786 Affstolicae
991 717 1197 755 providentiam

142 761 219 799 (quae
240 759 285 789 dis
328 758 417 789 itione
436 756 663 787 incommutabili
679 757 810 786 omnium
856 756 1018 787 eclesiarum
1041 754 1136 798 Mater
1157 754 1198 798 est.

139 799 174 830 &
195 796 276 835 Magi
302 797 347 833 ra)
369 795 523 836 vigilantius
543 803 701 832 praecavere
714 816 725 832 ,
749 795 783 826 ὅτ.
805 794 1017 832 praesumptores
1037 793 1198 837 hujusmodi

138 835 255 867 severius
268 833 400 866 cohibere
413 856 423 872 ,
448 842 507 871 quo
530 833 617 872 magis
637 830 699 863 talia
716 833 746 862 in
766 833 887 874 exempli
901 832 1019 864 tendunt
1031 840 1197 870 pernitiem,

136 875 300 914 pariuntque
313 872 432 910 pericula
444 871 578 911 graviora.
1046 909 1051 915 .
1160 908 1166 914 ·

172 910 294 943 Dudum
307 909 439 947 fiqiiidem
473 907 596 939 Ecclesia
611 907 826 940 Enachdunensi
845 909 926 949 (quae
945 909 981 939 ab
995 916 1111 948 antiquo
1127 907 1196 952 fuit,

135 950 170 982 &
182 948 375 984 adhucexistit
388 931 570 986 Catfiedralis)
592 946 707 992 Paflgore
725 955 837 992 carente
847 970 858 986 ,
882 947 1015 978 Decanus
1029 947 1062 978 &
1077 946 1196 988 Capitu-

134 988 194 1019 lum
214 986 334 1026 ejusdem
352 979 486 1016 Ecclesiae
499 1009 508 1024 ‚
534 994 734 1017 convenientes
751 996 779 1016 in
801 996 908 1024 unum,
925 985 1123 1016 Venerabilem
1141 984 1195 1015 Pa-

133 1033 221 1063 trem,
235 1024 358 1056 Fratrem
380 1023 545 1055 Gilbertum
559 1047 569 1063 ,
591 1023 626 1054 de
645 1023 755 1055 Ordine
770 1024 898 1054 Fratrum
915 1023 1067 1054 Minorum
1081 1046 1091 1061 ,
1113 1033 1191 1054 nunc

132 1063 305 1104 Episcopum
319 1062 374 1092 loci
387 1062 474 1101 illius,
492 1063 522 1093 in
533 1062 612 1093 suum
627 1061 798 1093 Pontificem
816 1063 968 1101 elegerunt.

169 1102 230 1139 Ac,
249 1111 301 1138 pro
315 1110 351 1131 eo
361 1101 440 1140 quod
450 1124 460 1140 ,
479 1100 652 1131 Venerabilis
667 1101 748 1131 Pater
760 1124 770 1139 ,
793 1100 1028 1140 Archiepiscopus
1042 1099 1191 1130 Tuamen-

132 1138 180 1179 fis,
198 1139 252 1169 loci
268 1139 502 1177 Metropolitanus
535 1138 712 1169 Eledtionem
725 1138 804 1183 illam
818 1140 908 1169 renuit
922 1137 1091 1169 confirmare
1104 1138 1188 1175 (falso

153 1176 306 1209 raetendens
321 1177 428 1208 dinitam
443 1163 597 1209 Ecclesiam
612 1176 811 1220 Parochialem·
825 1177 947 1220 effe,·&
961 1186 1020 1206 non
1036 1175 1190 1206 Cathedra-

158 1226 204 1254 m,
221 1226 255 1246 ac
268 1215 373 1247 Archie
383 1216 524 1254 ³iscopatui
541 1216 590 1246 suo
604 1215 757 1252 annexam)
773 1215 826 1245 fuit
838 1225 888 1256 per
902 1214 971 1259 ipsos
986 1214 1139 1245 Decanum
1155 1215 1188 1245 &

129 1253 295 1293 Capitulum
310 1253 344 1284 ad
365 1227 500 1292 Curiam,
516 1253 687 1284 Venerabilis
702 1253 788 1283 Patris
801 1276 811 1292 ,
838 1252 1048 1293 Archiepiscopi
1070 1253 1190 1283 Ardma-

128 1293 229 1331 ebant,
249 1293 331 1324 totius
344 1292 493 1323 Hiberniae
507 1291 651 1329 Primatis‚
670 1292 845 1334 appellatum.
954 1331 959 1335 ¹
1062 1330 1067 1335 .
1168 1330 1174 1335 .

167 1331 229 1370 Qii
241 1331 355 1369 quidem
373 1330 604 1371 Archiepiscopus
618 1353 628 1368 ,
651 1332 727 1360 caula
742 1329 895 1360 Elefflonis
912 1329 1068 1367 hujusmodi
1086 1338 1190 1359 exami-

128 1377 208 1407 nata,
222 1369 306 1406 ipsam
300 1377 475 1438 &tanquam
485 1369 628 1413 ‘canonice
648 1369 749 1412 faetam
766 1391 776 1406 ,
800 1367 998 1399 confirmavit:
1024 1369 1056 1399 &
1074 1368 1188 1398 tandem

129 1409 307 1477 {gffssffiizt
320 1407 473 1485 3¹33&
484 1406 1191 1489 ’3ξὲῗῖἳὲΞὲἻυῖἑῒῗιξῖζῗάἕῶῖῖῗῗῃξὲξΫὲῗξῗ

128 1484 270 1553 rquliiifivit
284 1491 315 1514 ut
329 1483 419 1514 eidem
434 1483 577 1524 Episcopo
590 1483 772 1524 Temporalia
785 1482 966 1522 Episcopatus
984 1483 1052 1514 illius
1065 1482 1190 1513 restitue-

129 1532 160 1554 re
225 1531 362 1553 naremur.

166 1532 224 1599 Et?
242 1561 308 1591 licet
322 1559 410 1598 did’ti,
428 1560 561 1591 Decanus
572 1561 604 1592 &
620 1559 784 1598 Capitulum
797 1583 806 1598 ,
829 1570 844 1590 a
865 1560 947 1590 nobis
965 1559 1083 1599 eligendi
1101 1559 1189 1589 licen-

128 1600 214 1638 tiam,
233 1607 263 1630 ut
278 1600 443 1629 consuetum
457 1599 498 1629 est
512 1598 587 1637 fieri,
602 1599 755 1629 nullatenus
770 1597 949 1636 postulassent
960 1620 970 1636 ,
987 1607 1040 1627 nec
1053 1596 1186 1628 Eleelmm

127 1638 208 1669 suurn
227 1638 310 1668 nobis
328 1636 529 1676 praesentassent
549 1647 601 1675 pro
623 1637 728 1668 afiensu
754 1636 849 1676 Regio
871 1635 1053 1674 optinendo,
1076 1645 1129 1666 nos
1145 1644 1186 1667 ta-

126 1685 214 1746 mfflld
230 1715 365 1747 diutinam
386 1715 563 1746 vacationem
584 1713 704 1752 ejusdem
725 1713 860 1745 Ecclefiae
879 1714 913 1745 &
932 1713 1095 1744 tenuitatem
1115 1713 1186 1759 ejus-

123 1752 191 1784 dem
205 1752 463 1784 Considerationem
485 1753 636 1796 habentes-2
663 1762 695 1782 ac
710 1775 720 1789 ,
745 1763 798 1790 pro
817 1762 871 1789 eo,
889 1752 967 1796 quod
989 1762 1037 1793 per
1053 1751 1183 1797 Registra

126 1791 341 1823 Antecefforurn
353 1790 513 1822 nostrorum
548 1791 582 1822 &
595 1790 657 1821 alias
669 1791 760 1829 plenas
773 1789 1004 1828 Informationes,
1019 1790 1101 1821 nobis
1111 1801 1184 1822 con-

123 1829 211 1861 stabat
227 1829 370 1861 evidenter
388 1829 464 1869 quod
478 1813 552 1860 di<5²ta
567 1829 691 1860 Ecclesia
709 1830 745 1860 ab
764 1830 879 1874 antiquo
894 1829 981 1873 fuerat
996 1828 1182 1873 Cathedralis:

120 1867 157 1899 &
171 1868 229 1899 tarn
242 1867 360 1908 eligendi
374 1867 502 1906 licentia,
520 1868 604 1906 quam
619 1867 734 1898 assensus
747 1866 855 1907 Regius
870 1867 969 1906 pluries
981 1868 1017 1898 ab
1032 1868 1094 1906 ipsis
1110 1867 1182 1899 Pro—

120 1907 293 1946 genitoribus
307 1906 407 1937 nostris
417 1906 569 1937 succeffive
584 1907 663 1944 petiti
677 1906 803 1944 fuerant,
820 1907 853 1937 ὅ(
868 1907 991 1944 optenti:
1010 1915 1044 1936 ac
1060 1906 1181 1944 praestita

119 1945 206 1975 etiam
219 1945 255 1975 ab
273 1945 335 1983 ipsis
348 1945 455 1976 Electis
475 1944 613 1976 fidelitatis
630 1945 807 1976 Sacramenta
822 1967 832 1984 ,
854 1954 906 1984 pro
926 1945 1125 1984 temporalibus
1141 1943 1182 1976 E-

121 1983 283 2024 piscopatus
296 1982 434 2022 ejusdem3

157 2020 293 2059 Cepimus
305 2022 463 2052 fidelitatem
477 2021 596 2060 ejusdem
611 2021 759 2062 Episcopi,
775 2021 809 2053 &
827 2021 1010 2061 Temporalia
1030 2020 1182 2061 Episcopa-

121 2057 167 2092 tiis
177 2059 246 2090 illius
260 2059 427 2090 restituimus
438 2060 529 2090 cidem
540 2070 546 2090 :

119 2134 139 2166 s
159 2097 222 2136 Qi
232 2097 443 2142 subsequenter,
457 2108 524 2142 cum
532 2098 630 2129 Literis
642 2099 761 2138 nostris,
772 2099 805 2130 ad
819 2097 1179 2168 distamleqcgegilaimOfflam

118 2136 484 2219 Ῑξυὲἓὲᾗξξὲξηέἶὲᾟῗέςᾟ,
505 2146 565 2219 ⁸iam
579 2146 629 2175 per
642 2138 732 2175 plures
744 2147 851 2176 annos,
876 2147 907 2168 in
947 2147 961 2167 a
1008 2147 1049 2221 ru
1132 2147 1179 2169 cio

157 2212 284 2251 Veram,
300 2223 431 2253 quiajam
448 2213 530 2244 nobis
545 2213 660 2245 relatum
674 2213 715 2245 est
729 2237 739 2252 ,
763 2214 841 2255 quod
857 2237 867 2254 ,
891 2214 1063 2245 Venerabilis
1080 2213 1179 2253 Pater,

118 2248 288 2294 Malachias,
302 2261 380 2295 nunc
394 2251 576 2289 Archiepisco
598 2263 629 2283 us
643 2253 810 2283 Tuamensis
824 2252 976 2291 (cujusdam
988 2252 1180 2284 Praedeceffo-

116 2297 153 2318 ns
165 2289 204 2319 sui
218 2313 228 2328 ,
251 2291 299 2329 qui
319 2289 424 2321 dietam
439 2289 579 2320 Cathedra
590 2301 637 2321 em
656 2291 810 2322 Ecclesiam
823 2314 833 2329 ,
858 2300 907 2330 per
927 2291 1016 2332 aliqua
1035 2299 1093 2322 tem
1136 2302 1181 2331 ra,

115 2326 217 2365 absque
228 2328 392 2359 auctoritate
410 2328 540 2366 legitima
553 2351 563 2367 ,
587 2329 638 2360 sibi
659 2329 720 2360 usur
740 2329 797 2360 avit
810 2351 821 2367 ‚
846 2338 878 2360 ut
891 2328 1006 2373 dicitur,
1025 2339 1082 2369 prae
1094 2339 1180 2374 ump-

116 2365 196 2396 tuosa
209 2366 377 2405 cupiditate,
393 2366 553 2404 succedens)
572 2366 701 2406 quasdam
747 2368 825 2398 iteras
837 2366 1014 2406 Apostolicas
1060 2377 1177 2399 veritate

113 2402 218 2448 tacita,⁷
232 2414 265 2448 ac
279 2404 390 2435 faliitate
405 2404 545 2449 suggesta,
563 2406 596 2437 ad
610 2405 745 2445 quosdam
763 2405 876 2444 Judices
890 2429 900 2444 ,
921 2405 958 2450 cle
971 2390 1119 2450 Asi-{nitate
1133 2407 1180 2437 seu

116 2440 314 2474 Familiaritate
330 2443 393 2482 sua,
411 2452 442 2474 ut
455 2444 596 2484 asseritur,
614 2444 778 2484 existentes,
794 2445 968 2483 impetravit,
986 2455 1034 2484 qui
1074 2452 1177 2476 uietem

115 2480 224 2526 praefati
237 2480 367 2521 Episcopi
389 2482 578 2520 multipliciter
599 2483 750 2520 inquietare
765 2506 775 2522 ,
799 2493 832 2514 ac
850 2483 951 2514 statum
972 2483 1042 2514 Eccl
1070 2494 1105 2514 iae
1123 2484 1178 2514 suae

116 2526 283 2558 immutare,
302 2520 321 2540 '¹‘
335 2520 468 2559 Bonaque
483 2521 605 2558 ejusdem
618 2521 752 2553 Ecclesia:
765 2522 856 2552 usibus
870 2521 950 2562 ipsius
964 2521 1178 2561 Archiepiscopi

116 2558 253 2596 applicare
267 2558 405 2598 satagunt,
422 2569 471 2596 per
483 2559 627 2599 processus
641 2570 772 2591 erroneos
783 2561 818 2592 δι
831 2559 960 2590 in'ustos:

153 2596 223 2627 Nos
237 2619 248 2636 ‚
268 2597 443 2628 advertentes
458 2598 541 2628 nobis
560 2598 594 2629 &
614 2598 712 2636 Regio
726 2598 789 2637 Juri
810 2608 850 2629 no
876 2608 908 2629 ro
930 2608 963 2629 ex
978 2598 1143 2639 praemiffis,
1158 2599 1178 2630 si

116 2635 319 2674 procederent,
337 2636 416 2674 posse
431 2636 624 2674 praejudicium
637 2638 779 2677 generari,

153 2673 297 2704 Sanetitati
313 2673 412 2704 vestrae
429 2676 487 2712 (cui
500 2676 641 2706 incumbit
660 2676 801 2716 praecipue
813 2699 824 2714 ,
848 2683 946 2706 contra
967 2684 1073 2707 tantam
1087 2685 1177 2708 teme-

114 2711 199 2743 ritatis
218 2711 361 2743 audaciam
378 2734 388 2750 ,
409 2713 565 2744 remedium
586 2724 727 2754 apponere
741 2715 933 2752 oportunum)
952 2716 1056 2746 votivis
1069 2715 1177 2746 affecti-

113 2749 166 2780 bus
181 2751 382 2790 supplicamus,
408 2752 535 2789 quatinus
553 2761 604 2791 pro
624 2753 835 2784 conservatione
849 2751 934 2783 statiis
955 2754 1041 2784 dietae
1060 2753 1175 2786 Enach-

114 2787 243 2831 dunenfis
254 2788 386 2819 Ecclesiae
403 2789 480 2833 (quae
495 2791 579 2820 etiam
595 2791 623 2820 in
638 2790 775 2830 Registris
789 2791 933 2822 Romanae
949 2792 1062 2832 Curiae,
1080 2801 1111 2824 ut
1127 2803 1176 2824 ac-

113 2825 447 2909 {Sssffsstsszsstssisstlss
453 2827 710 2908 zffissiffssaffffi
724 2829 1175 2908 P'Eesscffiffffipffizffgssgssfflffit

113 2901 228 2933 &orum
239 2901 377 2946 judicum
390 2903 475 2941 nihil,
492 2906 522 2934 in
535 2904 637 2944 nostri,
657 2914 704 2936 aut
723 2906 804 2946 ipsius
824 2906 973 2946 Episcopi,
991 2908 1024 2938 &
1039 2908 1174 2939 Ecclesiae

113 2940 170 2971 suae
183 2950 242 2985 prae
254 2941 395 2980 udmrum,
412 2949 607 2986 attempteturz,
620 2945 658 2974 set
678 2946 770 2982 potius
783 2946 1067 2984 praesumptuosorum
1082 2947 1175 2985 hujus-

113 2978 193 3009 modi
205 2951 344 3010 efliaenata
356 2979 493 3023 cupiditas
515 2980 580 3019 (qui
593 2981 730 3012 Ecclesias
749 2983 835 3013 taliter
849 2983 980 3023 surripere
995 2995 1054 3014 non
1074 2995 1173 3016 veren-

114 3017 170 3054 tur)
184 3017 223 3048 fic
234 3017 409 3056 Apostolicae
425 3018 622 3062 indignationis
640 3022 731 3059 rigore
751 3021 941 3058 compescatur
956 3045 966 3060 ‚
989 3023 1068 3062 quod
1085 3031 1174 3054 teme-

114 3064 185 3099 raria
195 3065 293 3086 eorum
308 3056 487 3100 praesumptio
499 3067 535 3087 eo
550 3057 641 3088 minus
654 3060 776 3089 inveniat
798 3059 1009 3100 Succefforem,
1024 3071 1082 3101 quo
1096 3062 1173 3094 seve-

114 3103 194 3125 noris
208 3095 363 3124 coercionis
376 3104 525 3126 accumine
539 3096 620 3128 fucrit
635 3095 805 3137 reprehensa.

150 3130 324 3171 conservet,
342 3133 401 3163 &c-

149 3206 218 3239 Dat.
229 3208 301 3249 apud
315 3208 619 3251 westmonasterium,
640 3212 776 3244 vicesimo
789 3212 866 3244 sexto
878 3213 923 3245 die
937 3214 1118 3253 Septembris.

167 3336 218 3368 De
234 3332 457 3369 Narratoribus
471 3346 525 3369 aut
542 3335 756 3372 Inventoribus
770 3342 939 3373 Rumorum
957 3342 1114 3388 capiendis.

111 3418 236 3477 REX
255 3418 361 3458 Majori
374 3420 408 3451 &
422 3419 647 3453 Vicecomitibus
660 3422 820 3454 Londoniae
856 3425 978 3456 salutem.

204 3457 300 3497 Cum,
317 3458 434 3489 celebris
455 3461 602 3490 memoriae
614 3484 623 3499 ,
648 3460 792 3492 Dominus
812 3447 846 3493 E.
860 3465 1003 3502 quondam
1023 3465 1089 3496 Rex
1106 3466 1169 3498 An-

143 3496 179 3527 iae
212 3495 294 3527 Pater
312 3495 408 3527 noster
422 3520 431 3536 ‚
455 3498 528 3528 inter
547 3506 667 3537 caetera,
691 3510 755 3538 quae
775 3501 804 3530 in
822 3500 1007 3533 Parliamento
1026 3504 1076 3535 suo
1094 3507 1167 3546 apud

156 3519 413 3573 effmonasterium,
433 3534 520 3565 Anno
534 3534 630 3575 Regni
641 3537 681 3568 sui
695 3539 795 3577 tertio,
810 3538 919 3579 statuit,
937 3550 1051 3582 propter
1068 3543 1169 3584 damp-

113 3582 148 3604 na
161 3596 172 3613 ,
195 3583 258 3613 quae
279 3584 313 3605 ex
333 3575 477 3604 contrariis
499 3574 532 3605 &
554 3574 662 3605 sinistris
680 3576 895 3608 Narrationibus
913 3578 1078 3611 Rumorum
1094 3584 1169 3621 prius

111 3612 286 3652 contigerant
299 3613 330 3642 in
344 3611 450 3652 Regno
463 3612 512 3642 suo
525 3635 535 3651 ,
560 3613 593 3644 &
616 3623 680 3652 quae
692 3624 794 3646 extunc
816 3616 999 3654 imposterum
1015 3619 1089 3659 sequi
1103 3631 1170 3658 pos-

111 3649 168 3681 sent
176 3673 186 3688 ,
202 3650 238 3681 de
247 3652 398 3681 communi
413 3650 549 3682 Concilio
567 3652 687 3690 ejusdem
709 3652 805 3693 Regni
827 3654 846 3685 S
855 3663 877 3685 T
886 3665 906 3685 A
915 3664 937 3686 T
945 3664 968 3685 υ
978 3666 990 3687 1
998 3665 1011 3687 s
1020 3666 1033 3687 s
1043 3667 1062 3688 E
1071 3666 1094 3688 Τ
1113 3668 1132 3690 E
1143 3668 1166 3690 ’r

110 3696 401 3728 1NH113U1ssnT‚

146 3725 199 3757 Ne
211 3736 313 3758 extunc
328 3727 421 3767 aliquis
432 3728 518 3759 audax
533 3727 601 3759 effet
616 3728 730 3759 dicendi
743 3729 787 3760 seu
807 3732 934 3763 narrandi
979 3743 1012 3763 ac
1027 3734 1109 3765 etiam
1124 3736 1168 3766 in—

109 3765 242 3796 veniendi
259 3766 381 3804 aliquem
401 3766 425 3796 F
433 3777 453 3797 A
461 3776 483 3797 L
491 3776 503 3798 s
512 3775 534 3797 υ
542 3775 568 3796 M
590 3776 612 3797 R
620 3775 643 3797 υ
651 3775 678 3796 Μ
688 3777 708 3797 o
717 3778 740 3798 R
749 3777 767 3798 Ε
775 3776 803 3798 Μ
810 3792 820 3808 ‚
839 3770 914 3800 unde
934 3755 1083 3802 biscordia
1093 3795 1103 3811 ,
1119 3774 1165 3805 seu

110 3803 224 3846 materia
238 3802 394 3835 Distordiae
408 3827 418 3843 ,
440 3806 512 3836 inter
525 3805 636 3844 Regem
656 3805 690 3836 &
703 3807 839 3846 populum
859 3808 957 3847 suurn,
973 3819 1020 3840 aut
1033 3808 1166 3844 Proceres

109 3838 182 3871 dieti
194 3841 306 3880 Regni,
321 3843 451 3881 suscitari,
470 3843 515 3874 seu
528 3843 696 3874 Scandalum
711 3846 811 3875 exoriri
825 3846 928 3884 posset:
1021 3850 1022 3853 ’

133 3877 302 3922 ‚Etinsuper
314 3881 485 3922 praecepiffet
498 3881 576 3920 quod
590 3883 723 3920 quilibet,
739 3884 785 3921 qui
800 3893 899 3914 contra
914 3885 1053 3917 Statutum
1066 3888 1100 3919 &
1115 3888 1164 3920 In-

108 3914 275 3947 hibitionetn
294 3918 452 3956 hujusmodi
465 3920 633 3959 deliquisset,
651 3930 792 3959 caperetur
806 3944 816 3959 ,
838 3922 871 3952 &
885 3923 913 3952 in
928 3922 1045 3955 Prisona
1057 3926 1164 3958 detine-

92 3960 200 3991 retur,
215 3955 356 3996 quousque
370 3959 500 3991 inventus
512 3959 603 3991 fuisset
619 3959 683 3998 ille,
702 3958 739 3990 de
753 3969 812 3999 quo
829 3961 956 3999 primitiis
970 3962 1004 3994 &
1023 3964 1163 4006 principa-

165 3994 237 4023 Tom.
252 3995 294 4024 11.
312 3996 346 4026 P.
362 3998 406 4027 ΙΙ.

1278 111 1755 161 PUBLICA.
2259 140 2310 180 25

1264 234 1286 242 ..
1390 238 1393 242 Ι
1777 216 1787 244 3
1809 213 1896 244 prout
1907 207 1938 238 in
1957 205 2068 239 Statuto
2081 209 2220 249 praedicto
2234 212 2294 250 ple-
2309 210 2384 240 Arm.
2399 210 2441 242 D.

1240 243 1301 263 nius
1316 245 1493 268 contuietur:
2332 258 2360 278 Γ
2368 258 2415 278 21-

1276 272 1343 303 Nos
1358 296 1368 312 ,
1393 276 1456 312 quia
1477 276 1634 322 hujusmodi
1657 280 1755 311 sinistri
1775 281 1917 313 Rumores
1936 292 1952 313 a
1972 285 2113 317 nonnullis
2134 285 2170 317 de
2187 285 2295 328 Regno
2308 270 2375 316 Edss.
2392 298 2420 316 2·

1239 310 1338 354 nostro
1351 312 1524 357 referuntur,
1542 324 1572 346 ut
1587 318 1772 349 intelleximus
1785 342 1795 358 ,
1820 320 1879 358 plus
1898 321 1981 352 solito
2002 323 2054 354 hiis
2075 324 2173 355 diebus
2185 347 2196 363 ‚
2221 327 2297 357 unde

1239 348 1630 394 plurimumconturbamur,
1648 355 1883 388 STATUTUM
1901 368 1952 390 Ετ
1976 370 2298 395 INHIBITIONEM

1239 386 1399 431 hujusmodi
1412 390 1611 422 inviolabiliter
1625 393 1766 424 observari
1783 395 1926 436 volentes,
1943 399 2026 430 vobis
2037 402 2235 448 praecipimus,
2253 403 2300 433 fir-

1238 433 1321 455 miter
1334 435 1506 466 injungentes
1529 429 1606 468 quod
1619 440 1718 462 omnes
1731 433 1807 471 illm,
1820 444 1889 473 quos
1899 436 2054 474 hujusmooi
2068 439 2091 468 F
2096 449 2116 469 A
2124 448 2144 469 L
2153 449 2166 470 s
2176 449 2196 470 ο
2206 449 2227 471 R
2237 448 2260 470 U
2267 448 2296 471 M

1240 470 1459 508 RUMhoan
1493 505 1497 510 .
1520 476 1650 511 arratores
1671 478 1718 500 aut
1740 469 1901 502 Inventores
1916 495 1926 511 ‚
1949 475 2025 506 unde
2052 476 2202 509 Discordia
2215 501 2225 516 ,
2248 480 2296 510 seu

1238 508 1352 546 materia
1367 502 1541 547 Discordiae,
1558 515 1630 537 inter
1645 507 1712 537 Nos
1726 508 1760 539 &
1777 507 1920 549 Populum
1936 511 2082 553 nostrum,
2099 516 2143 547 ieu
2160 515 2295 548 Proceroe

1237 537 1337 576 Regni
1350 540 1456 584 nostri,
1475 542 1592 574 suscitari
1606 567 1616 583 ,
1640 545 1684 575 seu
1699 546 1782 576 etiam
1801 546 1967 579 Scandalum
1982 554 2047 582 oriri
2062 556 2167 591 poterit
2202 556 2295 586 uovis-

1236 578 1351 622 modo,
1376 578 1445 623 infra
1463 579 1598 611 Ballivam
1617 583 1739 613 vestram
1755 585 1874 615 inveniri
1889 589 2036 626 contigerit
2051 613 2061 629 ,
2086 592 2143 622 sine
2162 592 2190 623 di
2202 595 2296 626 atione

1234 623 1359 655 capiatis,
1377 617 1410 648 &
1423 627 1453 647 in
1467 617 1584 649 Prisona
1603 621 1700 652 nostra
1721 621 1795 653 salvo
1808 623 1843 653 &
1861 623 1955 655 secure
1970 627 2129 661 custodiatis
2140 631 2215 669 juxta
2234 631 2295 663 for-

1238 662 1315 684 mam
1330 655 1432 686 Statuti
1448 656 1585 696 praediciti.

1272 728 1360 762 Teste
1375 730 1461 771 Rege
1473 732 1546 772 apud
1560 733 1680 764 Turrim
1693 733 1856 766 Londoniae
1864 759 1873 776 ‚
1893 738 1988 775 primo
2000 740 2047 772 die
2061 741 2205 776 Octobris.

1868 815 1922 843 Per
1934 815 2015 854 tpficm
2027 819 2130 855 Regem.

1482 935 1541 968 Ad
1553 938 1669 983 Papam
1681 948 1737 984 pro
1755 937 1873 971 licentia
1892 939 2038 985 loquendi.

1228 1012 1395 1084 PACPAE
1412 1017 1478 1064 Rex
1491 1018 1593 1051 devota
1608 1021 1712 1066 pedum
1725 1022 1818 1067 oscula
1832 1024 1986 1055 beatorum.
2304 1034 2380 1066 Αῃῃ,
2396 1035 2436 1069 D„

1346 1065 1412 1094 um,
1429 1057 1546 1088 dile-<stus
1559 1059 1643 1089 nobis
1657 1070 1687 1090 in
1701 1059 1836 1100 Christo,
1854 1061 2008 1106 Confeffor
2020 1073 2053 1108 ac
2068 1064 2222 1098 Familiaris
2235 1078 2288 1099 no·
2325 1082 2410 1112 1321.

1230 1089 1284 1121 ster
1318 1091 1415 1123 Frater
1427 1094 1572 1139 Robertus
1585 1097 1621 1127 de
1635 1097 1772 1137 Duffeld,
1790 1099 1943 1131 deOrdine
1950 1101 2188 1143 Praedicatorum,
2223 1116 2289 1145 rop-
2303 1114 2355 1141 An.
2374 1122 2383 1139 i
2409 1134 2417 1142 .

1226 1114 1545 1176 tetCornmunionem,
1564 1145 1648 1174 quam
1664 1136 1749 1181 habet
1763 1147 1836 1181 cum.
1845 1138 1900 1168 aliis
1949 1139 2017 1169 dum
2033 1141 2131 1172 nostro
2145 1115 2239 1175 asfflsst
2250 1145 2288 1175 la-
2303 1153 2336 1179 Ε.
2356 1121 2408 1178 2.5

1225 1168 1467 1240 tekpegthlgffiixffiie
1474 1172 1667 1214 usquequaque
1681 1198 1692 1213 ,
1710 1183 1788 1214 Juxta
1810 1175 1879 1207 disti
1901 1161 2018 1209 (⁷)rdinis
2036 1181 2218 1222 exigentiam,
2236 1193 2287 1215 ne·
2302 1191 2372 1216 Rom.
2393 1197 2434 1225 ¹5-

1226 1215 1245 1243 q
1260 1243 1433 1291 Clementiae
1446 1234 1546 1280 ve’strae
1558 1248 1760 1295 supplicamus,
1778 1253 1904 1297 quatinus
1916 1252 2010 1297 eidem
2026 1253 2173 1292 indulgere
2187 1259 2284 1300 digne-
2299 1230 2336 1293 ξ,
2350 1235 2395 1303 ῖς
2411 1265 2435 1295 a,

1224 1291 1314 1352 {²235
1322 1287 1513 1364 Χὲὲίᾏὲἶὲῗὲῗ
1526 1288 1712 1366 Ῑιὲἓὲἒηῖἒῗξ
1721 1291 2006 1368 ἂιέξεέῗιςυὶἳῗωῖο
2005 1293 2065 1361 35³
2057 1294 2154 1362 35:1¹5
2164 1299 2288 1367 ὀἔὲἕὲἶ

1225 1358 1376 1429 gognngffiqr
1388 1364 1504 1400 praesens
1518 1374 1569 1396 erit
1582 1388 1593 1405 ,
1617 1367 1762 1398 licentiam
1775 1368 1877 1399 tribuat
1890 1380 1900 1407 3
1926 1368 1965 1399 sui
2012 1368 2097 1400 rdinis
2110 1371 2286 1408 observantia

1367 1410 1439 1432 ante.

1264 1434 1438 1479 Conservet,
1456 1441 1516 1473 &c.

1262 1510 1330 1544 Dat.
1347 1515 1420 1556 apud
1434 1515 1623 1549 Porcestriam
1632 1542 1642 1558 ,
1656 1519 1761 1552 ostavo
1775 1519 1822 1552 die
1835 1520 1981 1554 octobris.

1253 1635 1280 1662 Ἄρ
1299 1640 1348 1672 De
1365 1641 1508 1675 veniendo
1527 1642 1573 1676 ad
1589 1647 1696 1691 Regem
1707 1672 1717 1688 ‚
1738 1657 1794 1692 pro
1811 1657 1977 1694 contemptu
1994 1647 2197 1686 Bartholomaei
2215 1653 2253 1688 de
2305 1657 2320 1675 ⁴*
2337 1659 2392 1687 111.

1578 1692 1765 1739 Badlesmere
1775 1694 1934 1742 puniendo,
2304 1695 2370 1736 897·

1218 1772 1343 1830 REX
1363 1774 1538 1808 Vicecorniti
1554 1777 1693 1818 Effexiae,
1710 1780 1834 1811 salutem.

1308 1813 1386 1845 Cum
1402 1824 1454 1854 pro
1466 1815 1660 1848 Inobedientia
1674 1819 1708 1849 &
1722 1818 1900 1857 Contemptu

1235 1850 1340 1893 *Qos
1362 1853 1449 1898 aliqui
1468 1854 1622 1886 Familiares
1641 1856 1832 1888 Bartholomei
1852 1857 1887 1887 de
1907 1842 2082 1890 l3ad1esmere
2094 1884 2104 1899 ‚
2130 1861 2165 1893 &
2183 1861 2228 1893 alii
2245 1873 2279 1894 ex
2295 1868 2347 1895 Aa.
2369 1877 2412 1905 ¹5·

1216 1896 1272 1925 elus
1285 1900 1429 1958 praecepto
1442 1902 1472 1922 iri
1486 1892 1588 1924 Castro
1601 1894 1637 1925 de
1653 1894 1762 1933 Ledes,
1778 1896 1808 1925 in
1825 1894 1973 1926 Comitatu
1989 1895 2121 1937 Kantiae,
2138 1900 2165 1929 se
2180 1908 2279 1933 tenen·
2297 1909 2326 1932 Ε.
2347 1915 2374 1933 2.

1215 1932 1271 1971 tes,
1302 1930 1409 1974 fabellae
1424 1930 1546 1970 Reginae
1564 1932 1675 1971 Angliae
1689 1933 1826 1964 Consorti
1844 1933 1948 1964 nostrae
1969 1936 2117 1967 cariffimae
2132 1937 2277 1979 fecerunt,
2295 1944 2432 1981 Clauſsif.

1214 1975 1244 2010 in
1265 1967 1368 1998 reffurn
1379 1968 1501 2008 ejusdem
1516 1968 1610 2001 Castri
1633 1972 1775 2010 praediitae
1789 1971 1922 2003 Consotti
1939 1972 2045 2004 nostrae
2067 1977 2198 2013 negando
2211 2001 2221 2016 ,
2242 1979 2277 2010 &
2292 1984 2322 2008 Ε.
2341 1991 2367 2011 2,

1215 2014 1244 2042 ip
1255 2015 1318 2049 am,
1333 2016 1392 2046 quo
1405 2009 1497 2051 minus
1510 2008 1622 2039 didrum
1637 2008 1770 2040 Castrum
1786 2011 1895 2049 ingredi
1913 2012 2003 2050 potuit
2015 2034 2026 2049 ,
2049 2013 2080 2043 vi
2098 2015 2202 2046 armata
2219 2017 2277 2046 im-
2295 2029 2331 2048 m.
2352 2019 2430 2048 261.

1216 2043 1377 2082 pedrendo,
1395 2046 1473 2084 quod
1486 2045 1563 2077 idem
1574 2046 1801 2086 Bartholomeus,
1855 2058 1868 2077 r
1877 2048 1983 2079 Literas
1993 2049 2050 2080 suas
2084 2051 2185 2083 raefatae
2194 2053 2277 2084 Con-

1215 2081 1399 2150 sopistnostrae
1412 2083 1600 2152 pss'astmOdum
1613 2084 1746 2126 dimetas,
1765 2095 1800 2117 ex
1826 2086 1863 2117 ua
1873 2086 1989 2118 scientia
2001 2088 2042 2119 fui
2066 2099 2082 2120 e
2096 2089 2204 2123 facturn
2218 2101 2280 2124 ma-

1216 2129 1247 2150 ni
1261 2130 1277 2151 e
1302 2131 1318 2151 e
1333 2132 1348 2152 a
1389 2131 1422 2151 ro
1459 2130 1515 2153 Vit:

1249 2159 1316 2203 'QJi
1336 2130 1450 2198 qzidem
1472 2160 1630 2193 Familiares
1647 2161 1715 2194 dieti
1734 2161 1924 2193 Bartholomei
1946 2162 2043 2203 postea
2062 2166 2196 2205 quosdam
2214 2168 2281 2201 Ho-

1215 2206 1305 2227 mines
1320 2220 1334 2242 ,'
1355 2198 1392 2229 de
1414 2198 1529 2230 Familia
1549 2200 1669 2238 ejusdem
1695 2201 1843 2232 Consortis
1863 2201 1968 2232 nostrae
1980 2225 1990 2241 ‚
2019 2206 2149 2242 nequiter
2168 2208 2283 2239 interfe-

1216 2245 1318 2267 cerunt
1328 2236 1434 2267 ibidem
1472 2238 1506 2268 &
1526 2238 1576 2269 alia
1626 2240 1656 2269 in
1673 2239 1808 2270 nostri&
1825 2239 1912 2270 didiae
1924 2239 2071 2273 Consortis
2085 2243 2192 2276 nostrae
2208 2256 2281 2279 con.

1216 2282 1357 2321 temptum
1365 2299 1375 2314 ,
1391 2276 1424 2307 &
1448 2276 1580 2308 aesionem
1590 2264 1674 2309 ’Pacis
1687 2278 1792 2309 nostrae
1803 2277 1977 2310 manifestam
1985 2303 1996 2318 ,
2013 2280 2206 2320 multipliciter
2217 2295 2282 2323 per-

1216 2321 1372 2350 petrarunt·

1251 2338 1433 2390 Corrige⁷ndis
1444 2377 1453 2391 ,
1473 2361 1556 2391 prout
1569 2352 1652 2384 decet
1666 2377 1676 2390 ,
1697 2355 1731 2387 &
1752 2354 1898 2393 puniendis
1911 2378 1922 2394 ,
1947 2355 1982 2387 ad
1996 2355 2131 2389 Castrum
2144 2360 2211 2391 illud
2228 2371 2283 2394 noe

1215 2388 1407 2429 personaliter,
1423 2392 1480 2421 una
1492 2401 1561 2422 cum
1597 2392 1708 2423 dileffis
1723 2392 1946 2433 Consanguineis
1963 2395 1997 2425 &
2010 2394 2150 2428 Fidelibus
2163 2398 2264 2431 nostris

1217 2427 1363 2459 Adomaro
1378 2429 1414 2460 de
1426 2429 1556 2460 Valentia
1569 2414 1769 2462 i'embrochiae
1782 2454 1793 2470 ,
1816 2434 1850 2463 ὃς
1866 2432 1998 2470 Johanne
2018 2433 2055 2464 de
2070 2434 2212 2468 Britannia
2227 2423 2282 2469 Ri:

1214 2465 1410 2506 chemundiae,
1428 2467 1612 2506 Comitibus,
1626 2478 1660 2499 ac
1674 2470 1797 2508 pluribus
1816 2469 1997 2509 Comitibus‚
2014 2472 2049 2503 &
2062 2473 2120 2504 aliis
2136 2474 2283 2516 Magnati-

1213 2504 1266 2534 bus
1282 2505 1375 2546 Regni
1390 2506 1477 2536 nostri
1491 2506 1636 2537 transferre
1651 2517 1856 2546 proponamus:

1250 2543 1320 2574 Tibi
1335 2546 1533 2585 praecipimus,
1552 2544 1669 2576 firmiter
1684 2547 1858 2586 injungentes
1873 2570 1884 2586 ‚
1906 2547 1986 2586 quod
2000 2547 2112 2589 statim,
2130 2551 2192 2582 vifis
2207 2557 2283 2591 prae-i

1213 2581 1337 2613 sentibus
1352 2606 1362 2622 ,
1385 2584 1467 2613 omni
1487 2583 1662 2614 excusatione
1684 2585 1795 2616 remota
1808 2609 1819 2625 ,
1841 2588 2005 2624 praemuniri
2025 2589 2108 2619 facias
2126 2599 2228 2622 omnes
2242 2594 2278 2624 &

1214 2620 1351 2660 singulos,
1369 2624 1427 2652 tarn
1442 2620 1566 2659 Milites,
1582 2623 1670 2660 quam
1685 2623 1865 2663 Armigeros‚
1880 2624 1916 2654 de
1930 2624 2034 2657 Balliva
2047 2626 2111 2665 tufi,
2131 2629 2190 2658 tam
2205 2630 2278 2662 infra

1215 2658 1386 2699 Libertates‚
1425 2661 1490 2690 uam
1504 2668 1595 2699 extra,
1613 2660 1694 2698 quod
1710 2661 1760 2692 sint
1773 2663 1808 2693 ad
1824 2673 1876 2693 nos
1888 2662 1960 2702 apud
1971 2663 2080 2695 dietum
2094 2664 2227 2698 Castrum
2239 2668 2277 2700 de

1214 2696 1306 2729 Ledes
1318 2721 1329 2737 ,
1351 2698 1398 2729 die
1442 2700 1530 2728 eneris
1551 2700 1686 2739 proximo
1741 2699 1765 2729 st
1782 2700 1898 2731 Festum
1919 2700 2017 2732 Sancti
2036 2702 2126 2734 Lucae
2144 2704 2279 2744 Evange-

1211 2736 1281 2766 listae
1296 2738 1431 2774 proximo
1443 2737 1586 2776 futurum,
1603 2748 1672 2768 curn
1715 2738 1773 2776 quis
1787 2740 1821 2770 &
1836 2738 1949 2778 Armis,
1965 2749 2071 2777 quanto
2086 2743 2228 2780 potentius
2241 2745 2277 2776 δε

1211 2774 1356 2806 decentius
1370 2783 1521 2815 poterunt,
1538 2776 1573 2807 ad
1593 2776 1756 2807 faciendum
1777 2778 1855 2817 quod
1871 2786 1940 2809 tunc
1961 2788 2011 2816 per
2025 2789 2078 2810 nos
2091 2781 2131 2810 eis
2145 2781 2277 2823 injunge-

1212 2821 1271 2844 tur·

1250 2837 1330 2882 §cire
1344 2852 1447 2884 faciens
1459 2853 1563 2884 eisdem
1577 2876 1587 2892 ,
1610 2852 1690 2893 quod
1710 2863 1763 2884 nos
1782 2854 1940 2894 quemlibet
1959 2854 2102 2896 iptorum,
2119 2855 2276 2892 secundum

1212 2889 1307 2921 Statsis
1322 2890 1361 2922 sui
1374 2893 1563 2931 exigentiam,
1580 2892 1640 2922 tam
1655 2893 1774 2932 gratiose
1789 2893 1966 2931 respiciemus
1975 2915 1988 2932 0
2010 2894 2087 2932 quod
2109 2897 2214 2928 merito
2229 2907 2276 2930 re-

1211 2930 1349 2968 putabunt
1364 2930 1389 2960 se
1403 2939 1562 2961 contentos.

1248 2967 1287 2998 Et
1299 2968 1334 2998 de
1348 2969 1512 2999 nominibus
1525 2979 1645 3009 eorum,
1666 2979 1738 3009 quos
1752 2969 1791 3000 fic
1811 2970 1975 3007 praemuniri
1995 2969 2113 3011 feceris,
2136 2974 2220 3004 nobis
2231 2974 2274 3006 di-

1210 3004 1313 3036 stindte
1324 3006 1358 3037 ὃς
1370 3009 1464 3046 aperte
1479 3008 1606 3039 constare
1621 3009 1704 3040 facies
1718 3017 1787 3039 tunc
1802 3007 1919 3039 ibidem.

1244 3043 1430 3084 Praecipimus
1441 3046 1525 3076 etiarn
1538 3047 1604 3086 tibi,
1622 3046 1698 3087 quod
1718 3046 1788 3077 infra
1806 3046 1923 3077 eandem
1938 3047 2074 3078 Ballivam
2090 3055 2167 3080 tuam
2178 3072 2189 3088 ‚
2212 3050 2271 3082 tam

1208 3083 1279 3114 infra
1293 3083 1444 3123 libertam,
1462 3085 1547 3122 quam
1562 3093 1655 3124 extra,
1669 3086 1735 3125 eligi
1749 3085 1831 3116 facias
1851 3086 1928 3116 mille
1942 3086 2072 3116 homines
2088 3087 2208 3126 pedites,
2226 3098 2270 3118 ar-

1211 3123 1264 3151 mis
1279 3131 1347 3152 com
1395 3122 1506 3153 entibus
1518 3123 1592 3155 bene
1607 3126 1730 3155 munitos
1742 3146 1752 3162 ,
1774 3122 1810 3153 de
1826 3124 2002 3154 validioribus
2017 3125 2050 3154 &
2065 3126 2271 3162 potentioribus

1209 3160 1328 3198 ejusdem
1394 3160 1526 3199 mitatfis,
1546 3163 1579 3193 &
1593 3172 1640 3193 eos
1653 3162 1688 3193 ad
1705 3172 1756 3192 nos
1768 3184 1778 3201 ,
1803 3163 1830 3192 in
1844 3161 1956 3201 propria
1970 3162 2085 3198 persona
2100 3163 2166 3201 tua,
2184 3163 2270 3203 usque

1208 3199 1242 3228 ad
1256 3198 1364 3229 dic'tum
1381 3198 1533 3238 Castrum,
1552 3200 1587 3231 ad
1601 3201 1679 3232 vadia
1693 3199 1789 3231 nostra
1838 3208 1934 3230 tecum
1949 3200 2034 3230 ducas
2054 3211 2064 3237 3
2083 3201 2120 3230 ita
2141 3202 2218 3239 quod
2237 3211 2269 3234 tu

1208 3237 1242 3267 &
1256 3237 1304 3276 ipsi
1321 3236 1413 3268 modis
1424 3239 1558 3269 omnibus
1572 3238 1626 3269 sitis
1638 3238 1747 3269 ibidem
1760 3223 1834 3270 digta
1846 3239 1892 3269 die
1906 3237 2021 3269 Veneris
2030 3261 2040 3277 ,
2056 3238 2092 3269 ad
2106 3239 2268 3273 faciendum

1208 3275 1288 3313 quod
1303 3283 1371 3307 tunc
1387 3276 1547 3307 duxerimus
1559 3277 1755 3308 ordinandum.

1246 3313 1339 3344 Facias
1352 3314 1479 3354 insuper,
1498 3324 1532 3345 ex
1582 3324 1623 3346 rte
1639 3314 1735 3346 nostr&
1749 3338 1759 3354 ,
1782 3324 1831 3352 per
1846 3321 1936 3344 totam
1957 3313 2089 3346 Ballivam
2109 3323 2186 3347 tuam
2201 3340 2211 3355 ,
2234 3318 2266 3347 in

1208 3351 1278 3382 locis
1291 3354 1339 3384 ubi
1354 3353 1454 3384 videris
1469 3363 1539 3393 expe
1559 3355 1612 3393 ire,
1630 3355 1744 3392 publice
1757 3352 1920 3391 proclamari
1931 3352 2008 3390 quod
2020 3363 2073 3384 nos
2082 3376 2092 3392 ,
2109 3365 2168 3384 non
2185 3355 2266 3387 causa

1207 3390 1328 3421 Guerrae
1338 3414 1347 3430 ,
1364 3391 1409 3422 seu
1423 3392 1589 3423 turbationis
1603 3394 1632 3422 in
1648 3392 1753 3432 Regno
1775 3390 1873 3421 nostro
1889 3391 2040 3422 movendae
2050 3414 2060 3429 ,
2077 3392 2116 3421 set
2128 3402 2180 3431 pro
2192 3402 2266 3429 prae-

1206 3429 1288 3460 dietis
1301 3429 1511 3468 Inobedientiii,
1530 3429 1707 3471 Contemptu
1743 3430 1776 3461 &
1797 3430 1854 3460 aliis
1869 3428 2031 3459 Exceffibus
2044 3430 2215 3472 corrigendis
2228 3431 2263 3462 &

1206 3469 1368 3536 puffiendis,
1383 3476 1469 3507 prout
1482 3468 1580 3508 decet,
1597 3470 1686 3500 versus
1725 3469 1815 3500 istum
1834 3467 1967 3498 Castrum
1986 3467 2127 3506 dirigimus
2145 3467 2264 3500 Greffus

1205 3516 1245 3536 no
1285 3517 1332 3537 os·

1243 3531 1405 3576 Inhib’endo
1417 3544 1560 3583 dimitte,
1586 3555 1621 3576 ex
1634 3553 1712 3585 parte
1724 3543 1820 3575 nostrii
1834 3567 1844 3583 ,
1869 3553 1906 3573 ne
1925 3545 2002 3585 quiS,
2017 3542 2067 3573 sub
2085 3543 2262 3587 forisfa&urfi

1205 3584 1336 3614 omnium
1346 3607 1354 3622 ,
1372 3594 1436 3623 qua:
1449 3585 1529 3614 nobis
1540 3584 1699 3615 forisfacere
1714 3584 1814 3621 poterit
1822 3583 1877 3624 ,βο
1890 3581 2031 3624 laeiionem
2046 3580 2126 3625 Pacis
2141 3582 2262 3622 nostrae,

1206 3630 1253 3651 aut
1271 3630 1406 3652 terrorem
1422 3622 1466 3652 seu
1489 3624 1717 3653 commotionem
1740 3620 1842 3662 Populi
1862 3619 1957 3657 Regni
1974 3619 2062 3663 nostri
2075 3642 2084 3657 ,
2110 3622 2263 3661 quicquam

1205 3667 1368 3699 attemptare
1382 3660 1528 3699 praesumit
1548 3669 1666 3698 quoquo
1680 3658 1787 3696 modo,
1806 3661 1841 3686 let
1855 3656 1937 3701 'quod
1952 3657 2086 3695 quilibet,
2103 3659 2263 3703 cujuscum-

1206 3707 1261 3735 que
1274 3697 1365 3729 Status
1378 3697 1490 3736 existat,
1509 3707 1560 3737 pro
1573 3699 1780 3729 conservatione
1799 3705 1873 3733 pacis
1888 3694 2010 3733 iiostrae,
2027 3706 2059 3726 ac
2075 3698 2262 3739 tranquilitate

1204 3737 1238 3767 ὃς
1258 3737 1353 3776 quiete
1372 3736 1467 3775 Regni
1492 3737 1524 3766 &
1547 3735 1648 3775 Populi
1670 3734 1869 3773 praedi&oi·um
1886 3756 1896 3772 ,
1919 3743 2037 3763 omnem
2061 3733 2234 3772 diligentiam
2250 3760 2262 3775 ‚

1203 3783 1286 3814 quam
1301 3776 1423 3812 poterit,
1438 3782 1577 3812 apponat,
1594 3775 1631 3816 &e
1642 3773 1749 3803 eafflem
1762 3795 1772 3811 ,
1795 3781 1895 3810 pacem
1909 3772 1943 3802 ὃς
1958 3772 2187 3813 tranquilitatem,
2206 3784 2261 3814 pro

1202 3812 1307 3844 viribus
1321 3821 1497 3843 manuteneat
1510 3814 1544 3842 &
1557 3816 1707 3842 conservet..

1237 3850 1377 3881 Volumus
1390 3851 1498 3889 insuper
1519 3849 1597 3886 quod
1618 3850 1782 3889 proclamati
1801 3848 1884 3879 facias
1903 3849 2016 3886 publice
2030 3872 2041 3888 ,
2065 3859 2100 3880 ex
2113 3859 2192 3889 parte
2204 3861 2259 3884 no-

1203 3888 1278 3926 strii,
1295 3889 1370 3926 quod
1385 3898 1484 3919 ornnes
1496 3888 1534 3917 illi
1545 3887 1690 3919 deBalliva
1703 3887 1765 3925 tui,
1784 3887 1842 3916 tam
1856 3887 1926 3916 infra
1940 3887 2094 3927 libertates,
2113 3891 2195 3927 quam
2209 3900 2258 3920 ex-

1202 3936 1260 3964 tra,
1278 3928 1326 3966 qui
1346 3927 1407 3957 sunt
1423 3928 1493 3957 inter
1513 3934 1606 3956 aetates
1625 3925 1763 3956 sexdecim
1785 3925 1819 3956 ὃ(
1833 3925 1970 3963 sexaginta
1987 3936 2126 3958 annorum
2140 3951 2150 3967 ,
2173 3930 2258 3959 armis

1202 3965 1429 4004 competentibus
1437 3987 1449 4004 ,
1464 3964 1617 3997 secundum
1630 3963 1892 4034 statuchuiussibet
1905 3973 2006 3997 eorum
2013 3988 2025 4005 ,
2042 3965 2099 3998 sine
2111 3966 2261 4036 dilaftaionz

2184 4013 2259 4036 ciant

2297 1789 2375 1820 Ann.
2392 1790 2434 1822 D.

2323 1837 2408 1869 1321.
