<?xml version="1.0" encoding="UTF-8"?>
<!DOCTYPE html PUBLIC "-//W3C//DTD XHTML 1.0 Transitional//EN"
    "http://www.w3.org/TR/xhtml1/DTD/xhtml1-transitional.dtd">
<html xmlns="http://www.w3.org/1999/xhtml" xml:lang="en" lang="en">
 <head>
  <title>
</title>
<meta http-equiv="Content-Type" content="text/html;charset=utf-8" />
  <meta name='ocr-system' content='tesseract 3.04.00' />
  <meta name='ocr-capabilities' content='ocr_page ocr_carea ocr_par ocr_line ocrx_word'/>
</head>
<body>
  <div class='ocr_page' id='page_1' title='image "./fderaconventione02ryme_0420.png"; bbox 0 0 2562 4279; ppageno 0'>
   <div class='ocr_carea' id='block_1_1' title="bbox 0 100 1210 296">
    <p class='ocr_par' dir='ltr' id='par_1_1' title="bbox 0 100 1210 296">
     <span class='ocr_line' id='line_1_1' title="bbox 150 100 229 149; baseline -0.013 -12"><span class='ocrx_word' id='word_1_1' title='bbox 150 110 167 137; x_wconf 90' lang='lat'>1</span> <span class='ocrx_word' id='word_1_2' title='bbox 176 100 229 149; x_wconf 89' lang='lat'>76</span> 
     </span>
     <span class='ocr_line' id='line_1_2' title="bbox 0 170 1210 219; baseline -0.012 -6"><span class='ocrx_word' id='word_1_3' title='bbox 0 181 69 213; x_wconf 70' lang='lat' dir='ltr'>Anii.</span> <span class='ocrx_word' id='word_1_4' title='bbox 84 180 126 212; x_wconf 93' lang='lat' dir='ltr'>D.</span> <span class='ocrx_word' id='word_1_5' title='bbox 181 181 271 214; x_wconf 86' lang='lat' dir='ltr'>Teste</span> <span class='ocrx_word' id='word_1_6' title='bbox 284 180 366 219; x_wconf 86' lang='lat' dir='ltr'>Rege</span> <span class='ocrx_word' id='word_1_7' title='bbox 379 177 452 219; x_wconf 88' lang='lat' dir='ltr'>apud</span> <span class='ocrx_word' id='word_1_8' title='bbox 465 174 752 207; x_wconf 87' lang='lat' dir='ltr'>Westmonasterium</span> <span class='ocrx_word' id='word_1_9' title='bbox 760 170 895 211; x_wconf 84' lang='lat' dir='ltr'>‚decimo</span> <span class='ocrx_word' id='word_1_10' title='bbox 906 172 989 205; x_wconf 87' lang='lat' dir='ltr'>tertio</span> <span class='ocrx_word' id='word_1_11' title='bbox 1000 173 1048 205; x_wconf 83' lang='lat' dir='ltr'>die</span> <span class='ocrx_word' id='word_1_12' title='bbox 1060 172 1210 204; x_wconf 76' lang='lat' dir='ltr'>Februarii.</span> 
     </span>
     <span class='ocr_line' id='line_1_3' title="bbox 0 229 1069 296; baseline -0.006 -9"><span class='ocrx_word' id='word_1_13' title='bbox 0 229 67 289; x_wconf 49' lang='grc' dir='ltr'>ΕιῙίΞῗ</span> <span class='ocrx_word' id='word_1_14' title='bbox 73 230 110 296; x_wconf 53' lang='grc' dir='ltr'>7ἑ.</span> <span class='ocrx_word' id='word_1_15' title='bbox 611 253 665 281; x_wconf 85' lang='lat' dir='ltr'>Per</span> <span class='ocrx_word' id='word_1_16' title='bbox 683 254 777 282; x_wconf 86' lang='lat' dir='ltr'><em>Breve</em></span> <span class='ocrx_word' id='word_1_17' title='bbox 791 252 823 281; x_wconf 86' lang='lat' dir='ltr'>de</span> <span class='ocrx_word' id='word_1_18' title='bbox 835 252 957 281; x_wconf 87' lang='lat' dir='ltr'>Privato</span> <span class='ocrx_word' id='word_1_19' title='bbox 969 249 1069 288; x_wconf 73' lang='lat' dir='ltr'>sigillo.</span> 
     </span>
    </p>
   </div>
   <div class='ocr_carea' id='block_1_2' title="bbox 327 374 1020 425">
    <p class='ocr_par' dir='ltr' id='par_1_2' title="bbox 327 374 1020 425">
     <span class='ocr_line' id='line_1_4' title="bbox 327 374 1020 425; baseline -0.006 -13"><span class='ocrx_word' id='word_1_20' title='bbox 327 381 387 412; x_wconf 88' lang='lat' dir='ltr'>Pro</span> <span class='ocrx_word' id='word_1_21' title='bbox 405 379 539 423; x_wconf 64' lang='lat' dir='ltr'>Heprico</span> <span class='ocrx_word' id='word_1_22' title='bbox 557 375 593 408; x_wconf 85' lang='lat' dir='ltr'>de</span> <span class='ocrx_word' id='word_1_23' title='bbox 608 379 699 425; x_wconf 76' lang='lat' dir='ltr'>Pcrcy</span> <span class='ocrx_word' id='word_1_24' title='bbox 717 374 840 418; x_wconf 85' lang='lat' dir='ltr'>Custode</span> <span class='ocrx_word' id='word_1_25' title='bbox 859 374 1020 410; x_wconf 75' lang='lat' dir='ltr'>Marchiae.</span> 
     </span>
    </p>
   </div>
   <div class='ocr_carea' id='block_1_3' title="bbox 0 461 1212 542">
    <p class='ocr_par' dir='ltr' id='par_1_3' title="bbox 0 461 1212 542">
     <span class='ocr_line' id='line_1_5' title="bbox 0 461 1118 520; baseline -0.004 -25"><span class='ocrx_word' id='word_1_26' title='bbox 0 476 66 507; x_wconf 44' lang='lat' dir='ltr'>run·</span> <span class='ocrx_word' id='word_1_27' title='bbox 80 475 122 506; x_wconf 54' lang='lat' dir='ltr'>D·</span> <span class='ocrx_word' id='word_1_28' title='bbox 142 464 227 520; x_wconf 79' lang='lat' dir='ltr'>RE</span> <span class='ocrx_word' id='word_1_29' title='bbox 237 463 267 494; x_wconf 89' lang='lat' dir='ltr'>X</span> <span class='ocrx_word' id='word_1_30' title='bbox 282 463 469 509; x_wconf 58' lang='lat' dir='ltr'>Thesaurario</span> <span class='ocrx_word' id='word_1_31' title='bbox 482 463 515 493; x_wconf 70' lang='grc' dir='ltr'>δε</span> <span class='ocrx_word' id='word_1_32' title='bbox 530 461 698 507; x_wconf 77' lang='lat' dir='ltr'>Camerariis</span> <span class='ocrx_word' id='word_1_33' title='bbox 712 461 778 500; x_wconf 85' lang='lat' dir='ltr'>suis,</span> <span class='ocrx_word' id='word_1_34' title='bbox 797 461 933 507; x_wconf 83' lang='lat' dir='ltr'>Salutem.</span> <span class='ocrx_word' id='word_1_35' title='bbox 1113 499 1118 504; x_wconf 32' lang='grc' dir='ltr'>ι</span> 
     </span>
     <span class='ocr_line' id='line_1_6' title="bbox 254 497 1212 542; baseline -0.005 -10"><span class='ocrx_word' id='word_1_36' title='bbox 254 503 349 542; x_wconf 80' lang='lat' dir='ltr'>Qua,</span> <span class='ocrx_word' id='word_1_37' title='bbox 367 501 486 532; x_wconf 71' lang='lat' dir='ltr'>dileetus</span> <span class='ocrx_word' id='word_1_38' title='bbox 501 500 734 541; x_wconf 82' lang='lat' dir='ltr'>Consangumeus</span> <span class='ocrx_word' id='word_1_39' title='bbox 747 502 781 532; x_wconf 87' lang='lat'>&amp;</span> <span class='ocrx_word' id='word_1_40' title='bbox 796 501 896 531; x_wconf 85' lang='lat' dir='ltr'>Fidelis</span> <span class='ocrx_word' id='word_1_41' title='bbox 908 498 1170 539; x_wconf 84' lang='lat' dir='ltr'>noster,Henticus</span> <span class='ocrx_word' id='word_1_42' title='bbox 1177 497 1212 528; x_wconf 93' lang='lat' dir='ltr'>de</span> 
     </span>
    </p>
   </div>
   <div class='ocr_carea' id='block_1_4' title="bbox 0 523 1211 662">
    <p class='ocr_par' dir='ltr' id='par_1_4' title="bbox 0 523 1211 662">
     <span class='ocr_line' id='line_1_7' title="bbox 0 523 1211 582; baseline -0.003 -12"><span class='ocrx_word' id='word_1_43' title='bbox 0 523 91 580; x_wconf 40' lang='lat'><em>213²?</em></span> <span class='ocrx_word' id='word_1_44' title='bbox 139 539 247 581; x_wconf 89' lang='lat' dir='ltr'>Percy,</span> <span class='ocrx_word' id='word_1_45' title='bbox 262 542 350 571; x_wconf 77' lang='lat' dir='ltr'>alium</span> <span class='ocrx_word' id='word_1_46' title='bbox 373 541 420 579; x_wconf 84' lang='lat' dir='ltr'>sit,</span> <span class='ocrx_word' id='word_1_47' title='bbox 440 549 538 571; x_wconf 86' lang='lat' dir='ltr'>coram</span> <span class='ocrx_word' id='word_1_48' title='bbox 553 540 652 571; x_wconf 89' lang='lat' dir='ltr'>Nobis</span> <span class='ocrx_word' id='word_1_49' title='bbox 675 541 708 571; x_wconf 89' lang='lat'>&amp;</span> <span class='ocrx_word' id='word_1_50' title='bbox 730 539 867 570; x_wconf 88' lang='lat' dir='ltr'><strong>Concilio</strong></span> <span class='ocrx_word' id='word_1_51' title='bbox 890 538 991 570; x_wconf 90' lang='lat' dir='ltr'>nostro</span> <span class='ocrx_word' id='word_1_52' title='bbox 1038 537 1211 582; x_wconf 82' lang='lat' dir='ltr'>Custodiam</span> 
     </span>
     <span class='ocr_line' id='line_1_8' title="bbox 0 562 1209 618; baseline -0.003 -9"><span class='ocrx_word' id='word_1_53' title='bbox 0 595 14 617; x_wconf 52' lang='grc' dir='ltr'>ς,</span> <span class='ocrx_word' id='word_1_54' title='bbox 52 611 59 618; x_wconf 64' lang='lat'>‚</span> <span class='ocrx_word' id='word_1_55' title='bbox 142 578 282 610; x_wconf 83' lang='lat' dir='ltr'>Marchiae</span> <span class='ocrx_word' id='word_1_56' title='bbox 298 590 337 610; x_wconf 92' lang='lat' dir='ltr'>no</span> <span class='ocrx_word' id='word_1_57' title='bbox 363 589 401 609; x_wconf 86' lang='lat' dir='ltr'>rae</span> <span class='ocrx_word' id='word_1_58' title='bbox 415 580 506 610; x_wconf 85' lang='lat' dir='ltr'>versus</span> <span class='ocrx_word' id='word_1_59' title='bbox 517 588 607 617; x_wconf 83' lang='lat' dir='ltr'>partes</span> <span class='ocrx_word' id='word_1_60' title='bbox 614 578 766 617; x_wconf 78' lang='lat' dir='ltr'>Boreales,</span> <span class='ocrx_word' id='word_1_61' title='bbox 783 588 852 609; x_wconf 91' lang='lat' dir='ltr'>curn</span> <span class='ocrx_word' id='word_1_62' title='bbox 865 589 981 610; x_wconf 90' lang='lat' dir='ltr'>centurn</span> <span class='ocrx_word' id='word_1_63' title='bbox 996 562 1209 614; x_wconf 62' lang='lat' dir='ltr'>siobelarns,&amp;</span> 
     </span>
     <span class='ocr_line' id='line_1_9' title="bbox 0 615 1208 662; baseline -0.002 -15"><span class='ocrx_word' id='word_1_64' title='bbox 0 629 111 657; x_wconf 65' lang='lat' dir='ltr'>,iberam</span> <span class='ocrx_word' id='word_1_65' title='bbox 142 627 208 648; x_wconf 86' lang='lat' dir='ltr'>cum</span> <span class='ocrx_word' id='word_1_66' title='bbox 223 617 400 648; x_wconf 82' lang='lat' dir='ltr'>Hominibus</span> <span class='ocrx_word' id='word_1_67' title='bbox 415 618 465 649; x_wconf 88' lang='lat' dir='ltr'>suis</span> <span class='ocrx_word' id='word_1_68' title='bbox 480 619 598 662; x_wconf 72' lang='lat' dir='ltr'>propriis</span> <span class='ocrx_word' id='word_1_69' title='bbox 610 625 683 655; x_wconf 89' lang='lat' dir='ltr'>quot</span> <span class='ocrx_word' id='word_1_70' title='bbox 699 617 767 648; x_wconf 85' lang='lat' dir='ltr'>ultra</span> <span class='ocrx_word' id='word_1_71' title='bbox 783 618 917 656; x_wconf 84' lang='lat' dir='ltr'>voluerit,</span> <span class='ocrx_word' id='word_1_72' title='bbox 937 617 1020 657; x_wconf 85' lang='lat' dir='ltr'>usque</span> <span class='ocrx_word' id='word_1_73' title='bbox 1035 616 1071 646; x_wconf 88' lang='lat' dir='ltr'>ad</span> <span class='ocrx_word' id='word_1_74' title='bbox 1093 615 1208 646; x_wconf 88' lang='lat' dir='ltr'>Festum</span> 
     </span>
    </p>
   </div>
   <div class='ocr_carea' id='block_1_5' title="bbox 0 655 1209 892">
    <p class='ocr_par' dir='ltr' id='par_1_5' title="bbox 0 655 1209 892">
     <span class='ocr_line' id='line_1_10' title="bbox 0 655 629 702; baseline 0.002 -17"><span class='ocrx_word' id='word_1_75' title='bbox 0 687 14 694; x_wconf 41' lang='grc' dir='ltr'>η</span> <span class='ocrx_word' id='word_1_76' title='bbox 37 675 63 702; x_wconf 65' lang='lat'>3⁴</span> <span class='ocrx_word' id='word_1_77' title='bbox 140 655 322 687; x_wconf 83' lang='lat' dir='ltr'>Pentecostes</span> <span class='ocrx_word' id='word_1_78' title='bbox 337 657 472 695; x_wconf 75' lang='lat' dir='ltr'>proximo</span> <span class='ocrx_word' id='word_1_79' title='bbox 486 662 629 688; x_wconf 69' lang='lat' dir='ltr'>futurum:</span> 
     </span>
     <span class='ocr_line' id='line_1_11' title="bbox 0 692 1209 735; baseline -0.002 -10"><span class='ocrx_word' id='word_1_80' title='bbox 0 714 19 731; x_wconf 69' lang='lat' dir='ltr'>a.</span> <span class='ocrx_word' id='word_1_81' title='bbox 37 714 79 733; x_wconf 66' lang='grc' dir='ltr'>η,</span> <span class='ocrx_word' id='word_1_82' title='bbox 177 693 236 726; x_wconf 86' lang='lat' dir='ltr'>Pro</span> <span class='ocrx_word' id='word_1_83' title='bbox 250 695 304 735; x_wconf 73' lang='lat' dir='ltr'>qua</span> <span class='ocrx_word' id='word_1_84' title='bbox 319 695 458 727; x_wconf 69' lang='lat' dir='ltr'>Custodia</span> <span class='ocrx_word' id='word_1_85' title='bbox 472 697 564 735; x_wconf 85' lang='lat' dir='ltr'>capiet</span> <span class='ocrx_word' id='word_1_86' title='bbox 577 695 612 726; x_wconf 89' lang='lat' dir='ltr'>de</span> <span class='ocrx_word' id='word_1_87' title='bbox 627 695 726 733; x_wconf 82' lang='lat' dir='ltr'>nobis,</span> <span class='ocrx_word' id='word_1_88' title='bbox 746 704 801 733; x_wconf 89' lang='lat' dir='ltr'>pro</span> <span class='ocrx_word' id='word_1_89' title='bbox 816 693 929 733; x_wconf 89' lang='lat' dir='ltr'>Vadiis,</span> <span class='ocrx_word' id='word_1_90' title='bbox 952 693 1092 724; x_wconf 89' lang='lat' dir='ltr'>Restauro</span> <span class='ocrx_word' id='word_1_91' title='bbox 1110 692 1209 730; x_wconf 81' lang='lat' dir='ltr'>Equo-</span> 
     </span>
     <span class='ocr_line' id='line_1_12' title="bbox 137 734 862 774; baseline 0.003 -13"><span class='ocrx_word' id='word_1_92' title='bbox 137 742 201 762; x_wconf 88' lang='lat' dir='ltr'>rum</span> <span class='ocrx_word' id='word_1_93' title='bbox 215 734 247 764; x_wconf 88' lang='lat'>&amp;</span> <span class='ocrx_word' id='word_1_94' title='bbox 261 736 395 765; x_wconf 87' lang='lat' dir='ltr'>omnibus</span> <span class='ocrx_word' id='word_1_95' title='bbox 409 735 484 774; x_wconf 87' lang='lat' dir='ltr'>aliis,</span> <span class='ocrx_word' id='word_1_96' title='bbox 504 735 580 765; x_wconf 86' lang='lat' dir='ltr'>mille</span> <span class='ocrx_word' id='word_1_97' title='bbox 594 734 710 765; x_wconf 88' lang='lat' dir='ltr'>Marcas</span> <span class='ocrx_word' id='word_1_98' title='bbox 722 734 751 763; x_wconf 91' lang='lat' dir='ltr'>in</span> <span class='ocrx_word' id='word_1_99' title='bbox 766 742 862 771; x_wconf 72' lang='lat' dir='ltr'>certo,</span> 
     </span>
     <span class='ocr_line' id='line_1_13' title="bbox 182 767 1209 813; baseline -0.003 -11"><span class='ocrx_word' id='word_1_100' title='bbox 182 771 272 803; x_wconf 86' lang='lat' dir='ltr'>Vobis</span> <span class='ocrx_word' id='word_1_101' title='bbox 290 774 454 805; x_wconf 85' lang='lat' dir='ltr'><strong>mandamus</strong></span> <span class='ocrx_word' id='word_1_102' title='bbox 469 775 549 813; x_wconf 81' lang='lat' dir='ltr'>quod</span> <span class='ocrx_word' id='word_1_103' title='bbox 563 773 657 804; x_wconf 87' lang='lat' dir='ltr'>eidem</span> <span class='ocrx_word' id='word_1_104' title='bbox 673 771 805 802; x_wconf 86' lang='lat' dir='ltr'>Henrico</span> <span class='ocrx_word' id='word_1_105' title='bbox 818 772 908 803; x_wconf 63' lang='lat' dir='ltr'>diditas</span> <span class='ocrx_word' id='word_1_106' title='bbox 924 771 1000 802; x_wconf 89' lang='lat' dir='ltr'>mille</span> <span class='ocrx_word' id='word_1_107' title='bbox 1021 769 1154 807; x_wconf 81' lang='lat' dir='ltr'>Marcas,</span> <span class='ocrx_word' id='word_1_108' title='bbox 1172 767 1209 799; x_wconf 87' lang='lat' dir='ltr'>de</span> 
     </span>
     <span class='ocr_line' id='line_1_14' title="bbox 136 809 1194 851; baseline 0 -12"><span class='ocrx_word' id='word_1_109' title='bbox 136 809 284 842; x_wconf 82' lang='lat' dir='ltr'>Thesauro</span> <span class='ocrx_word' id='word_1_110' title='bbox 299 812 414 851; x_wconf 79' lang='lat' dir='ltr'>nostro,</span> <span class='ocrx_word' id='word_1_111' title='bbox 434 823 488 851; x_wconf 87' lang='lat' dir='ltr'>pro</span> <span class='ocrx_word' id='word_1_112' title='bbox 502 811 643 843; x_wconf 72' lang='lat' dir='ltr'>Custodia</span> <span class='ocrx_word' id='word_1_113' title='bbox 655 809 806 851; x_wconf 62' lang='lat' dir='ltr'>praediffi,</span> <span class='ocrx_word' id='word_1_114' title='bbox 825 811 955 841; x_wconf 88' lang='lat' dir='ltr'>liberetis.</span> <span class='ocrx_word' id='word_1_115' title='bbox 1180 846 1194 851; x_wconf 91' lang='lat'>..</span> 
     </span>
     <span class='ocr_line' id='line_1_15' title="bbox 172 847 1206 892; baseline -0.005 -12"><span class='ocrx_word' id='word_1_116' title='bbox 172 849 260 881; x_wconf 87' lang='lat' dir='ltr'>Teste</span> <span class='ocrx_word' id='word_1_117' title='bbox 276 850 363 891; x_wconf 82' lang='lat' dir='ltr'>Rege</span> <span class='ocrx_word' id='word_1_118' title='bbox 376 852 451 892; x_wconf 89' lang='lat' dir='ltr'>apud</span> <span class='ocrx_word' id='word_1_119' title='bbox 465 851 507 883; x_wconf 89' lang='lat' dir='ltr'>W</span> <span class='ocrx_word' id='word_1_120' title='bbox 509 850 754 883; x_wconf 83' lang='lat' dir='ltr'>estmonasterium</span> <span class='ocrx_word' id='word_1_121' title='bbox 766 849 883 880; x_wconf 90' lang='lat' dir='ltr'>decimo</span> <span class='ocrx_word' id='word_1_122' title='bbox 895 857 994 888; x_wconf 87' lang='lat' dir='ltr'>quarto</span> <span class='ocrx_word' id='word_1_123' title='bbox 1001 847 1048 879; x_wconf 92' lang='lat' dir='ltr'>die</span> <span class='ocrx_word' id='word_1_124' title='bbox 1054 847 1206 878; x_wconf 83' lang='lat' dir='ltr'>Februarii.</span> 
     </span>
    </p>
   </div>
   <div class='ocr_carea' id='block_1_6' title="bbox 611 923 1071 962">
    <p class='ocr_par' dir='ltr' id='par_1_6' title="bbox 611 923 1071 962">
     <span class='ocr_line' id='line_1_16' title="bbox 611 923 1071 962; baseline -0.011 -4"><span class='ocrx_word' id='word_1_125' title='bbox 611 930 666 958; x_wconf 86' lang='lat' dir='ltr'>Per</span> <span class='ocrx_word' id='word_1_126' title='bbox 682 929 775 957; x_wconf 78' lang='lat' dir='ltr'>Breve</span> <span class='ocrx_word' id='word_1_127' title='bbox 791 927 823 956; x_wconf 83' lang='lat' dir='ltr'>de</span> <span class='ocrx_word' id='word_1_128' title='bbox 838 928 959 956; x_wconf 75' lang='lat' dir='ltr'>Privato</span> <span class='ocrx_word' id='word_1_129' title='bbox 972 923 1071 962; x_wconf 79' lang='lat' dir='ltr'>Sigillo.</span> 
     </span>
    </p>
   </div>
   <div class='ocr_carea' id='block_1_7' title="bbox 130 1054 1200 1154">
    <p class='ocr_par' dir='ltr' id='par_1_7' title="bbox 130 1054 1200 1154">
     <span class='ocr_line' id='line_1_17' title="bbox 130 1054 1200 1104; baseline -0.006 -11"><span class='ocrx_word' id='word_1_130' title='bbox 130 1061 236 1093; x_wconf 81' lang='lat' dir='ltr'>Literae</span> <span class='ocrx_word' id='word_1_131' title='bbox 256 1058 462 1092; x_wconf 68' lang='lat' dir='ltr'>Adandatoriae</span> <span class='ocrx_word' id='word_1_132' title='bbox 483 1054 686 1104; x_wconf 78' lang='lat' dir='ltr'>Magnatibus</span> <span class='ocrx_word' id='word_1_133' title='bbox 706 1056 742 1089; x_wconf 85' lang='lat' dir='ltr'>de</span> <span class='ocrx_word' id='word_1_134' title='bbox 763 1054 911 1090; x_wconf 83' lang='lat' dir='ltr'><em>Hibernia</em></span> <span class='ocrx_word' id='word_1_135' title='bbox 930 1082 940 1098; x_wconf 89' lang='lat'>,</span> <span class='ocrx_word' id='word_1_136' title='bbox 967 1056 1059 1102; x_wconf 77' lang='lat' dir='ltr'>fhper</span> <span class='ocrx_word' id='word_1_137' title='bbox 1078 1054 1200 1102; x_wconf 74' lang='lat' dir='ltr'>suſsep-</span> 
     </span>
     <span class='ocr_line' id='line_1_18' title="bbox 301 1102 1030 1154; baseline -0.004 -14"><span class='ocrx_word' id='word_1_138' title='bbox 301 1111 378 1140; x_wconf 82' lang='lat' dir='ltr'>tione</span> <span class='ocrx_word' id='word_1_139' title='bbox 397 1110 577 1154; x_wconf 78' lang='lat' dir='ltr'>Regiminis‚</span> <span class='ocrx_word' id='word_1_140' title='bbox 604 1110 640 1146; x_wconf 62' lang='grc' dir='ltr'>ώ-</span> <span class='ocrx_word' id='word_1_141' title='bbox 658 1103 841 1153; x_wconf 76' lang='lat' dir='ltr'>Jnsticiario</span> <span class='ocrx_word' id='word_1_142' title='bbox 866 1102 1030 1148; x_wconf 78' lang='lat' dir='ltr'>constituto.</span> 
     </span>
    </p>
   </div>
   <div class='ocr_carea' id='block_1_8' title="bbox 89 1190 1198 2422">
    <p class='ocr_par' dir='ltr' id='par_1_8' title="bbox 204 1190 1198 1270">
     <span class='ocr_line' id='line_1_19' title="bbox 204 1190 1198 1231; baseline -0.003 -7"><span class='ocrx_word' id='word_1_143' title='bbox 204 1193 286 1230; x_wconf 82' lang='lat' dir='ltr'>EX,</span> <span class='ocrx_word' id='word_1_144' title='bbox 303 1192 411 1224; x_wconf 56' lang='lat' dir='ltr'>diles‘co</span> <span class='ocrx_word' id='word_1_145' title='bbox 427 1194 460 1223; x_wconf 89' lang='lat'>&amp;</span> <span class='ocrx_word' id='word_1_146' title='bbox 475 1192 548 1224; x_wconf 85' lang='lat' dir='ltr'>fideli</span> <span class='ocrx_word' id='word_1_147' title='bbox 563 1192 628 1231; x_wconf 88' lang='lat' dir='ltr'>suo,</span> <span class='ocrx_word' id='word_1_148' title='bbox 644 1191 785 1222; x_wconf 85' lang='lat' dir='ltr'>Mauritio</span> <span class='ocrx_word' id='word_1_149' title='bbox 807 1190 880 1221; x_wconf 91' lang='lat' dir='ltr'>Filio</span> <span class='ocrx_word' id='word_1_150' title='bbox 901 1190 1046 1227; x_wconf 78' lang='lat' dir='ltr'>Thomae,</span> <span class='ocrx_word' id='word_1_151' title='bbox 1062 1190 1198 1222; x_wconf 81' lang='lat' dir='ltr'><strong>Salutem.</strong></span> 
     </span>
     <span class='ocr_line' id='line_1_20' title="bbox 254 1229 1194 1270; baseline -0.004 -8"><span class='ocrx_word' id='word_1_152' title='bbox 254 1231 352 1270; x_wconf 80' lang='lat' dir='ltr'>Cum,</span> <span class='ocrx_word' id='word_1_153' title='bbox 366 1232 402 1262; x_wconf 91' lang='lat' dir='ltr'>de</span> <span class='ocrx_word' id='word_1_154' title='bbox 415 1232 561 1263; x_wconf 90' lang='lat' dir='ltr'>voluntate</span> <span class='ocrx_word' id='word_1_155' title='bbox 573 1232 607 1262; x_wconf 87' lang='lat'>&amp;</span> <span class='ocrx_word' id='word_1_156' title='bbox 620 1230 721 1261; x_wconf 78' lang='lat' dir='ltr'>assensu</span> <span class='ocrx_word' id='word_1_157' title='bbox 739 1229 863 1259; x_wconf 81' lang='lat' dir='ltr'><strong>Domini</strong></span> <span class='ocrx_word' id='word_1_158' title='bbox 876 1229 911 1258; x_wconf 82' lang='lat' dir='ltr'>E.</span> <span class='ocrx_word' id='word_1_159' title='bbox 925 1239 1014 1267; x_wconf 85' lang='lat' dir='ltr'>nuper</span> <span class='ocrx_word' id='word_1_160' title='bbox 1029 1229 1116 1268; x_wconf 79' lang='lat' dir='ltr'>Regis</span> <span class='ocrx_word' id='word_1_161' title='bbox 1133 1230 1194 1259; x_wconf 75' lang='lat' dir='ltr'>An-</span> 
     </span>
    </p>

    <p class='ocr_par' dir='ltr' id='par_1_9' title="bbox 130 1267 1196 1385">
     <span class='ocr_line' id='line_1_21' title="bbox 130 1267 1196 1311; baseline -0.005 -9"><span class='ocrx_word' id='word_1_162' title='bbox 130 1272 213 1311; x_wconf 80' lang='lat' dir='ltr'>gliae,</span> <span class='ocrx_word' id='word_1_163' title='bbox 230 1270 318 1302; x_wconf 81' lang='lat' dir='ltr'>Patris</span> <span class='ocrx_word' id='word_1_164' title='bbox 335 1270 440 1309; x_wconf 87' lang='lat' dir='ltr'>nostri,</span> <span class='ocrx_word' id='word_1_165' title='bbox 456 1271 490 1300; x_wconf 88' lang='lat' dir='ltr'>ad</span> <span class='ocrx_word' id='word_1_166' title='bbox 509 1271 659 1300; x_wconf 85' lang='lat' dir='ltr'>instantem</span> <span class='ocrx_word' id='word_1_167' title='bbox 682 1268 893 1306; x_wconf 83' lang='lat' dir='ltr'>requisitionem</span> <span class='ocrx_word' id='word_1_168' title='bbox 911 1267 1113 1305; x_wconf 66' lang='lat' dir='ltr'>Pnelamrum,</span> <span class='ocrx_word' id='word_1_169' title='bbox 1132 1268 1196 1298; x_wconf 94' lang='lat' dir='ltr'>Co-</span> 
     </span>
     <span class='ocr_line' id='line_1_22' title="bbox 132 1306 1195 1349; baseline -0.003 -9"><span class='ocrx_word' id='word_1_170' title='bbox 132 1311 250 1349; x_wconf 89' lang='lat' dir='ltr'>mitum,</span> <span class='ocrx_word' id='word_1_171' title='bbox 269 1310 302 1340; x_wconf 87' lang='lat'>&amp;</span> <span class='ocrx_word' id='word_1_172' title='bbox 316 1308 461 1340; x_wconf 67' lang='lat' dir='ltr'>Beronum</span> <span class='ocrx_word' id='word_1_173' title='bbox 482 1332 491 1347; x_wconf 87' lang='lat'>,</span> <span class='ocrx_word' id='word_1_174' title='bbox 515 1319 548 1340; x_wconf 79' lang='lat' dir='ltr'>ac</span> <span class='ocrx_word' id='word_1_175' title='bbox 570 1309 652 1338; x_wconf 87' lang='lat' dir='ltr'>totius</span> <span class='ocrx_word' id='word_1_176' title='bbox 674 1306 898 1337; x_wconf 87' lang='lat' dir='ltr'>Conimunitatis</span> <span class='ocrx_word' id='word_1_177' title='bbox 926 1306 1022 1345; x_wconf 83' lang='lat' dir='ltr'>Regni</span> <span class='ocrx_word' id='word_1_178' title='bbox 1044 1306 1148 1344; x_wconf 86' lang='lat' dir='ltr'>nostri,</span> <span class='ocrx_word' id='word_1_179' title='bbox 1167 1308 1195 1337; x_wconf 89' lang='lat' dir='ltr'>in</span> 
     </span>
     <span class='ocr_line' id='line_1_23' title="bbox 133 1343 1195 1385; baseline -0.004 -6"><span class='ocrx_word' id='word_1_180' title='bbox 133 1347 323 1379; x_wconf 85' lang='lat' dir='ltr'>Parliamento</span> <span class='ocrx_word' id='word_1_181' title='bbox 338 1347 435 1378; x_wconf 84' lang='lat' dir='ltr'>nostro</span> <span class='ocrx_word' id='word_1_182' title='bbox 453 1348 526 1385; x_wconf 88' lang='lat' dir='ltr'>apud</span> <span class='ocrx_word' id='word_1_183' title='bbox 542 1345 843 1383; x_wconf 82' lang='lat' dir='ltr'>Westmonasterium,</span> <span class='ocrx_word' id='word_1_184' title='bbox 862 1346 891 1374; x_wconf 91' lang='lat' dir='ltr'>in</span> <span class='ocrx_word' id='word_1_185' title='bbox 904 1343 1039 1376; x_wconf 77' lang='lat' dir='ltr'>Crastino</span> <span class='ocrx_word' id='word_1_186' title='bbox 1061 1345 1195 1375; x_wconf 79' lang='lat' dir='ltr'>Purifica-</span> 
     </span>
    </p>

    <p class='ocr_par' dir='ltr' id='par_1_10' title="bbox 89 1382 1194 1423">
     <span class='ocr_line' id='line_1_24' title="bbox 89 1382 1194 1423; baseline -0.003 -5"><span class='ocrx_word' id='word_1_187' title='bbox 89 1382 98 1390; x_wconf 79' lang='grc'><strong>’</strong></span> <span class='ocrx_word' id='word_1_188' title='bbox 131 1388 215 1418; x_wconf 87' lang='lat' dir='ltr'>tionis</span> <span class='ocrx_word' id='word_1_189' title='bbox 231 1387 323 1418; x_wconf 80' lang='lat' dir='ltr'>Beatae</span> <span class='ocrx_word' id='word_1_190' title='bbox 342 1386 442 1416; x_wconf 78' lang='lat' dir='ltr'>Mari-:e</span> <span class='ocrx_word' id='word_1_191' title='bbox 456 1386 585 1423; x_wconf 84' lang='lat' dir='ltr'>Virginis</span> <span class='ocrx_word' id='word_1_192' title='bbox 604 1385 737 1422; x_wconf 77' lang='lat' dir='ltr'>proximo</span> <span class='ocrx_word' id='word_1_193' title='bbox 760 1385 904 1423; x_wconf 73' lang='lat' dir='ltr'>praeteiito</span> <span class='ocrx_word' id='word_1_194' title='bbox 916 1407 926 1421; x_wconf 95' lang='lat'>,</span> <span class='ocrx_word' id='word_1_195' title='bbox 949 1392 1029 1414; x_wconf 92' lang='lat' dir='ltr'>tento</span> <span class='ocrx_word' id='word_1_196' title='bbox 1043 1407 1053 1422; x_wconf 85' lang='lat'>‚</span> <span class='ocrx_word' id='word_1_197' title='bbox 1071 1384 1194 1421; x_wconf 88' lang='lat' dir='ltr'>ejusdem</span> 
     </span>
    </p>

    <p class='ocr_par' dir='ltr' id='par_1_11' title="bbox 130 1421 1080 1463">
     <span class='ocr_line' id='line_1_25' title="bbox 130 1421 1080 1463; baseline -0.004 -6"><span class='ocrx_word' id='word_1_198' title='bbox 130 1425 159 1457; x_wconf 93' lang='lat' dir='ltr'>R</span> <span class='ocrx_word' id='word_1_199' title='bbox 179 1427 227 1457; x_wconf 68' lang='lat' dir='ltr'>tyni</span> <span class='ocrx_word' id='word_1_200' title='bbox 240 1427 382 1463; x_wconf 62' lang='lat' dir='ltr'>Regimen</span> <span class='ocrx_word' id='word_1_201' title='bbox 395 1425 591 1462; x_wconf 73' lang='lat' dir='ltr'>susceperimus</span> <span class='ocrx_word' id='word_1_202' title='bbox 605 1422 715 1454; x_wconf 56' lang='lat' dir='ltr'>Divina</span> <span class='ocrx_word' id='word_1_203' title='bbox 726 1421 888 1453; x_wconf 59' lang='lat' dir='ltr'>Clementi&amp;</span> <span class='ocrx_word' id='word_1_204' title='bbox 902 1423 1080 1460; x_wconf 84' lang='lat' dir='ltr'>providente:</span> 
     </span>
    </p>

    <p class='ocr_par' dir='ltr' id='par_1_12' title="bbox 97 1458 1193 1542">
     <span class='ocr_line' id='line_1_26' title="bbox 191 1458 1193 1504; baseline -0.003 -8"><span class='ocrx_word' id='word_1_205' title='bbox 191 1474 202 1496; x_wconf 86' lang='lat' dir='ltr'>t</span> <span class='ocrx_word' id='word_1_206' title='bbox 215 1458 315 1495; x_wconf 74' lang='lat' dir='ltr'>nostris</span> <span class='ocrx_word' id='word_1_207' title='bbox 330 1463 441 1494; x_wconf 82' lang='lat' dir='ltr'>inlideat</span> <span class='ocrx_word' id='word_1_208' title='bbox 457 1462 619 1504; x_wconf 80' lang='lat' dir='ltr'>praecordiis</span> <span class='ocrx_word' id='word_1_209' title='bbox 634 1461 795 1502; x_wconf 71' lang='lat' dir='ltr'>potissime,</span> <span class='ocrx_word' id='word_1_210' title='bbox 811 1471 842 1492; x_wconf 88' lang='lat' dir='ltr'>ut</span> <span class='ocrx_word' id='word_1_211' title='bbox 859 1460 976 1504; x_wconf 82' lang='lat' dir='ltr'>Populi,</span> <span class='ocrx_word' id='word_1_212' title='bbox 994 1463 1076 1492; x_wconf 84' lang='lat' dir='ltr'>nobis</span> <span class='ocrx_word' id='word_1_213' title='bbox 1088 1461 1193 1493; x_wconf 85' lang='lat' dir='ltr'>Subdi-</span> 
     </span>
     <span class='ocr_line' id='line_1_27' title="bbox 97 1499 1192 1542; baseline -0.003 -8"><span class='ocrx_word' id='word_1_214' title='bbox 97 1499 105 1506; x_wconf 75' lang='lat'>‘</span> <span class='ocrx_word' id='word_1_215' title='bbox 124 1504 155 1542; x_wconf 84' lang='lat' dir='ltr'>ti,</span> <span class='ocrx_word' id='word_1_216' title='bbox 163 1504 238 1542; x_wconf 86' lang='lat' dir='ltr'>pacis</span> <span class='ocrx_word' id='word_1_217' title='bbox 253 1503 399 1533; x_wconf 73' lang='lat' dir='ltr'>stabilitate</span> <span class='ocrx_word' id='word_1_218' title='bbox 414 1501 548 1539; x_wconf 78' lang='lat' dir='ltr'>fruantur,</span> <span class='ocrx_word' id='word_1_219' title='bbox 559 1501 636 1532; x_wconf 85' lang='lat' dir='ltr'>&amp;ab</span> <span class='ocrx_word' id='word_1_220' title='bbox 656 1499 796 1531; x_wconf 84' lang='lat' dir='ltr'>Hostium</span> <span class='ocrx_word' id='word_1_221' title='bbox 810 1499 968 1531; x_wconf 81' lang='lat' dir='ltr'>Incurlibus</span> <span class='ocrx_word' id='word_1_222' title='bbox 989 1510 1192 1539; x_wconf 74' lang='lat' dir='ltr'>protegantur3</span> 
     </span>
    </p>

    <p class='ocr_par' dir='ltr' id='par_1_13' title="bbox 123 1537 1194 1650">
     <span class='ocr_line' id='line_1_28' title="bbox 163 1537 1192 1580; baseline -0.003 -7"><span class='ocrx_word' id='word_1_223' title='bbox 163 1542 227 1580; x_wconf 90' lang='lat' dir='ltr'>Ac,</span> <span class='ocrx_word' id='word_1_224' title='bbox 243 1542 278 1572; x_wconf 85' lang='lat' dir='ltr'>de</span> <span class='ocrx_word' id='word_1_225' title='bbox 294 1541 424 1571; x_wconf 78' lang='lat' dir='ltr'>fidelitate</span> <span class='ocrx_word' id='word_1_226' title='bbox 438 1540 574 1579; x_wconf 67' lang='lat' dir='ltr'>probata,</span> <span class='ocrx_word' id='word_1_227' title='bbox 591 1541 625 1571; x_wconf 92' lang='lat'>&amp;</span> <span class='ocrx_word' id='word_1_228' title='bbox 643 1539 801 1570; x_wconf 86' lang='lat' dir='ltr'>maturitate</span> <span class='ocrx_word' id='word_1_229' title='bbox 824 1537 944 1570; x_wconf 78' lang='lat' dir='ltr'>Consilii</span> <span class='ocrx_word' id='word_1_230' title='bbox 961 1562 970 1577; x_wconf 90' lang='lat'>,</span> <span class='ocrx_word' id='word_1_231' title='bbox 995 1539 1089 1570; x_wconf 70' lang='lat' dir='ltr'>dilecti</span> <span class='ocrx_word' id='word_1_232' title='bbox 1106 1540 1140 1571; x_wconf 88' lang='lat'>&amp;</span> <span class='ocrx_word' id='word_1_233' title='bbox 1159 1540 1192 1570; x_wconf 80' lang='lat' dir='ltr'>fi—</span> 
     </span>
     <span class='ocr_line' id='line_1_29' title="bbox 123 1576 1194 1649; baseline -0.001 -38"><span class='ocrx_word' id='word_1_234' title='bbox 123 1579 201 1649; x_wconf 60' lang='grc' dir='ltr'>(161Ῐῖἱ</span> <span class='ocrx_word' id='word_1_235' title='bbox 203 1580 310 1649; x_wconf 53' lang='grc' dir='ltr'>ἓοίὶῑί,</span> <span class='ocrx_word' id='word_1_236' title='bbox 328 1579 460 1610; x_wconf 63' lang='lat' dir='ltr'>Thomas</span> <span class='ocrx_word' id='word_1_237' title='bbox 477 1579 504 1609; x_wconf 92' lang='lat' dir='ltr'>le</span> <span class='ocrx_word' id='word_1_238' title='bbox 521 1579 586 1610; x_wconf 87' lang='lat' dir='ltr'>Fitz</span> <span class='ocrx_word' id='word_1_239' title='bbox 601 1578 681 1619; x_wconf 83' lang='lat' dir='ltr'>John</span> <span class='ocrx_word' id='word_1_240' title='bbox 692 1602 702 1618; x_wconf 86' lang='lat'>,</span> <span class='ocrx_word' id='word_1_241' title='bbox 728 1577 852 1609; x_wconf 90' lang='lat' dir='ltr'>Comitis</span> <span class='ocrx_word' id='word_1_242' title='bbox 878 1577 914 1608; x_wconf 89' lang='lat' dir='ltr'>de</span> <span class='ocrx_word' id='word_1_243' title='bbox 934 1576 1066 1616; x_wconf 84' lang='lat' dir='ltr'>Kildare,</span> <span class='ocrx_word' id='word_1_244' title='bbox 1084 1579 1194 1617; x_wconf 77' lang='lat' dir='ltr'>plenius</span> 
     </span>
     <span class='ocr_line' id='line_1_30' title="bbox 123 1628 310 1650; baseline -0.005 0"><span class='ocrx_word' id='word_1_245' title='bbox 123 1629 181 1650; x_wconf 90' lang='lat' dir='ltr'>con</span> <span class='ocrx_word' id='word_1_246' title='bbox 222 1628 310 1649; x_wconf 88' lang='lat' dir='ltr'>entes·</span> 
     </span>
    </p>

    <p class='ocr_par' dir='ltr' id='par_1_14' title="bbox 122 1644 1194 1773">
     <span class='ocr_line' id='line_1_31' title="bbox 160 1644 1194 1695; baseline 0 -7"><span class='ocrx_word' id='word_1_247' title='bbox 160 1644 400 1689; x_wconf 65' lang='lat' dir='ltr'>Constitue⁷rimus</span> <span class='ocrx_word' id='word_1_248' title='bbox 414 1656 505 1695; x_wconf 89' lang='lat' dir='ltr'>ipsum</span> <span class='ocrx_word' id='word_1_249' title='bbox 521 1656 671 1688; x_wconf 86' lang='lat' dir='ltr'>Comitem</span> <span class='ocrx_word' id='word_1_250' title='bbox 684 1653 875 1695; x_wconf 80' lang='lat' dir='ltr'>justiciarium</span> <span class='ocrx_word' id='word_1_251' title='bbox 890 1655 993 1686; x_wconf 85' lang='lat' dir='ltr'>Terrae</span> <span class='ocrx_word' id='word_1_252' title='bbox 1007 1656 1112 1688; x_wconf 83' lang='lat' dir='ltr'>nostrae</span> <span class='ocrx_word' id='word_1_253' title='bbox 1136 1656 1194 1688; x_wconf 90' lang='lat' dir='ltr'>Hi-</span> 
     </span>
     <span class='ocr_line' id='line_1_32' title="bbox 123 1695 1194 1737; baseline 0 -10"><span class='ocrx_word' id='word_1_254' title='bbox 123 1697 244 1734; x_wconf 81' lang='lat' dir='ltr'>berniae,</span> <span class='ocrx_word' id='word_1_255' title='bbox 262 1695 397 1737; x_wconf 80' lang='lat' dir='ltr'>quamdiu</span> <span class='ocrx_word' id='word_1_256' title='bbox 410 1695 517 1726; x_wconf 78' lang='lat' dir='ltr'>nostrae</span> <span class='ocrx_word' id='word_1_257' title='bbox 533 1696 667 1734; x_wconf 82' lang='lat' dir='ltr'>placuerit</span> <span class='ocrx_word' id='word_1_258' title='bbox 679 1695 834 1733; x_wconf 83' lang='lat' dir='ltr'>voluntati,</span> <span class='ocrx_word' id='word_1_259' title='bbox 859 1704 943 1732; x_wconf 91' lang='lat' dir='ltr'>prout</span> <span class='ocrx_word' id='word_1_260' title='bbox 967 1696 996 1725; x_wconf 92' lang='lat' dir='ltr'>in</span> <span class='ocrx_word' id='word_1_261' title='bbox 1016 1696 1118 1727; x_wconf 84' lang='lat' dir='ltr'>Literis</span> <span class='ocrx_word' id='word_1_262' title='bbox 1138 1707 1194 1727; x_wconf 89' lang='lat' dir='ltr'>no-</span> 
     </span>
     <span class='ocr_line' id='line_1_33' title="bbox 122 1733 943 1773; baseline -0.004 -7"><span class='ocrx_word' id='word_1_263' title='bbox 122 1736 183 1766; x_wconf 85' lang='lat' dir='ltr'>stris</span> <span class='ocrx_word' id='word_1_264' title='bbox 198 1734 377 1773; x_wconf 67' lang='lat' dir='ltr'>Parentibus,</span> <span class='ocrx_word' id='word_1_265' title='bbox 395 1735 462 1765; x_wconf 85' lang='lat' dir='ltr'>inde</span> <span class='ocrx_word' id='word_1_266' title='bbox 476 1734 631 1772; x_wconf 48' lang='lat' dir='ltr'>conferitis,</span> <span class='ocrx_word' id='word_1_267' title='bbox 646 1733 755 1772; x_wconf 76' lang='lat' dir='ltr'>plenius</span> <span class='ocrx_word' id='word_1_268' title='bbox 769 1734 943 1764; x_wconf 84' lang='lat' dir='ltr'>continetur:</span> 
     </span>
    </p>

    <p class='ocr_par' dir='ltr' id='par_1_15' title="bbox 120 1770 1195 1967">
     <span class='ocr_line' id='line_1_34' title="bbox 162 1770 1194 1812; baseline 0.002 -9"><span class='ocrx_word' id='word_1_269' title='bbox 162 1773 212 1804; x_wconf 88' lang='lat' dir='ltr'>De</span> <span class='ocrx_word' id='word_1_270' title='bbox 233 1773 335 1806; x_wconf 85' lang='lat' dir='ltr'>vestrae</span> <span class='ocrx_word' id='word_1_271' title='bbox 354 1775 363 1803; x_wconf 87' lang='lat' dir='ltr'>i</span> <span class='ocrx_word' id='word_1_272' title='bbox 385 1774 436 1803; x_wconf 86' lang='lat' dir='ltr'>itur</span> <span class='ocrx_word' id='word_1_273' title='bbox 455 1772 590 1804; x_wconf 85' lang='lat' dir='ltr'>fidelitatis</span> <span class='ocrx_word' id='word_1_274' title='bbox 609 1770 765 1803; x_wconf 65' lang='lat' dir='ltr'>constantii</span> <span class='ocrx_word' id='word_1_275' title='bbox 787 1795 796 1809; x_wconf 91' lang='lat'>,</span> <span class='ocrx_word' id='word_1_276' title='bbox 813 1772 847 1802; x_wconf 90' lang='lat'>&amp;</span> <span class='ocrx_word' id='word_1_277' title='bbox 877 1772 1048 1804; x_wconf 65' lang='lat' dir='ltr'>Affeetionis</span> <span class='ocrx_word' id='word_1_278' title='bbox 1075 1774 1194 1812; x_wconf 87' lang='lat' dir='ltr'>puritate</span> 
     </span>
     <span class='ocr_line' id='line_1_35' title="bbox 125 1809 1195 1851; baseline 0.002 -9"><span class='ocrx_word' id='word_1_279' title='bbox 125 1813 210 1851; x_wconf 88' lang='lat' dir='ltr'>(quas</span> <span class='ocrx_word' id='word_1_280' title='bbox 223 1822 290 1850; x_wconf 89' lang='lat' dir='ltr'>vos,</span> <span class='ocrx_word' id='word_1_281' title='bbox 309 1813 343 1843; x_wconf 91' lang='lat'>&amp;</span> <span class='ocrx_word' id='word_1_282' title='bbox 385 1812 557 1851; x_wconf 84' lang='lat' dir='ltr'>rogenitores</span> <span class='ocrx_word' id='word_1_283' title='bbox 578 1810 686 1841; x_wconf 83' lang='lat' dir='ltr'>vestros</span> <span class='ocrx_word' id='word_1_284' title='bbox 700 1834 710 1849; x_wconf 94' lang='lat'>,</span> <span class='ocrx_word' id='word_1_285' title='bbox 735 1819 802 1849; x_wconf 88' lang='lat' dir='ltr'>erga</span> <span class='ocrx_word' id='word_1_286' title='bbox 826 1809 960 1842; x_wconf 88' lang='lat' dir='ltr'>Domum</span> <span class='ocrx_word' id='word_1_287' title='bbox 983 1811 1110 1843; x_wconf 91' lang='lat' dir='ltr'>nostram</span> <span class='ocrx_word' id='word_1_288' title='bbox 1132 1813 1195 1844; x_wconf 85' lang='lat' dir='ltr'>Re-</span> 
     </span>
     <span class='ocr_line' id='line_1_36' title="bbox 124 1849 1193 1889; baseline 0.002 -8"><span class='ocrx_word' id='word_1_289' title='bbox 124 1851 219 1889; x_wconf 82' lang='lat' dir='ltr'>giam,</span> <span class='ocrx_word' id='word_1_290' title='bbox 236 1852 301 1881; x_wconf 90' lang='lat' dir='ltr'>totis</span> <span class='ocrx_word' id='word_1_291' title='bbox 315 1851 536 1889; x_wconf 75' lang='lat' dir='ltr'>Progenitoium</span> <span class='ocrx_word' id='word_1_292' title='bbox 549 1849 714 1880; x_wconf 89' lang='lat' dir='ltr'>nostrorum</span> <span class='ocrx_word' id='word_1_293' title='bbox 728 1850 922 1888; x_wconf 81' lang='lat' dir='ltr'>temporibus,</span> <span class='ocrx_word' id='word_1_294' title='bbox 937 1852 1070 1881; x_wconf 89' lang='lat' dir='ltr'>novimus</span> <span class='ocrx_word' id='word_1_295' title='bbox 1084 1851 1193 1883; x_wconf 78' lang='lat' dir='ltr'>habui(-</span> 
     </span>
     <span class='ocr_line' id='line_1_37' title="bbox 120 1887 1193 1929; baseline 0.002 -9"><span class='ocrx_word' id='word_1_296' title='bbox 120 1890 164 1927; x_wconf 82' lang='lat' dir='ltr'>se‚</span> <span class='ocrx_word' id='word_1_297' title='bbox 183 1890 217 1920; x_wconf 90' lang='lat'>&amp;</span> <span class='ocrx_word' id='word_1_298' title='bbox 233 1898 298 1929; x_wconf 79' lang='lat' dir='ltr'>erga</span> <span class='ocrx_word' id='word_1_299' title='bbox 309 1888 377 1920; x_wconf 71' lang='lat' dir='ltr'>Nos</span> <span class='ocrx_word' id='word_1_300' title='bbox 389 1889 491 1919; x_wconf 73' lang='lat' dir='ltr'>habere</span> <span class='ocrx_word' id='word_1_301' title='bbox 506 1888 676 1920; x_wconf 82' lang='lat' dir='ltr'>confidimus</span> <span class='ocrx_word' id='word_1_302' title='bbox 700 1889 732 1918; x_wconf 92' lang='lat' dir='ltr'>in</span> <span class='ocrx_word' id='word_1_303' title='bbox 753 1887 898 1926; x_wconf 69' lang='lat' dir='ltr'>praesenti)</span> <span class='ocrx_word' id='word_1_304' title='bbox 923 1887 1034 1920; x_wconf 89' lang='lat' dir='ltr'>firmam</span> <span class='ocrx_word' id='word_1_305' title='bbox 1058 1889 1193 1922; x_wconf 89' lang='lat' dir='ltr'>fiduciam</span> 
     </span>
     <span class='ocr_line' id='line_1_38' title="bbox 121 1935 304 1967; baseline 0 -9"><span class='ocrx_word' id='word_1_306' title='bbox 121 1935 304 1967; x_wconf 74' lang='lat' dir='ltr'>reportanteS,</span> 
     </span>
    </p>

    <p class='ocr_par' dir='ltr' id='par_1_16' title="bbox 118 1965 1195 2352">
     <span class='ocr_line' id='line_1_39' title="bbox 162 1965 1195 2010; baseline 0.001 -14"><span class='ocrx_word' id='word_1_307' title='bbox 162 1965 220 1996; x_wconf 87' lang='lat' dir='ltr'>Vos</span> <span class='ocrx_word' id='word_1_308' title='bbox 235 1975 368 2003; x_wconf 82' lang='lat' dir='ltr'>rogamus</span> <span class='ocrx_word' id='word_1_309' title='bbox 380 1966 502 2005; x_wconf 79' lang='lat' dir='ltr'>obnixe,</span> <span class='ocrx_word' id='word_1_310' title='bbox 520 1967 603 1997; x_wconf 83' lang='lat' dir='ltr'>vobis</span> <span class='ocrx_word' id='word_1_311' title='bbox 617 1966 833 2004; x_wconf 83' lang='lat' dir='ltr'>nichilominus,</span> <span class='ocrx_word' id='word_1_312' title='bbox 852 1967 880 1996; x_wconf 91' lang='lat' dir='ltr'>in</span> <span class='ocrx_word' id='word_1_313' title='bbox 898 1966 967 1997; x_wconf 85' lang='lat' dir='ltr'>Fide</span> <span class='ocrx_word' id='word_1_314' title='bbox 979 1968 1013 1998; x_wconf 91' lang='lat'>&amp;</span> <span class='ocrx_word' id='word_1_315' title='bbox 1034 1966 1195 2010; x_wconf 61' lang='lat' dir='ltr'>Ligeantifi,</span> 
     </span>
     <span class='ocr_line' id='line_1_40' title="bbox 119 2004 1192 2045; baseline 0.004 -10"><span class='ocrx_word' id='word_1_316' title='bbox 119 2005 221 2043; x_wconf 78' lang='lat' dir='ltr'>qulbus</span> <span class='ocrx_word' id='word_1_317' title='bbox 235 2006 316 2035; x_wconf 84' lang='lat' dir='ltr'>nobis</span> <span class='ocrx_word' id='word_1_318' title='bbox 332 2006 482 2044; x_wconf 86' lang='lat' dir='ltr'>tenemini,</span> <span class='ocrx_word' id='word_1_319' title='bbox 501 2005 619 2037; x_wconf 86' lang='lat' dir='ltr'>firmiter</span> <span class='ocrx_word' id='word_1_320' title='bbox 631 2004 802 2044; x_wconf 86' lang='lat' dir='ltr'>injungendo</span> <span class='ocrx_word' id='word_1_321' title='bbox 816 2029 825 2043; x_wconf 79' lang='lat'>‚</span> <span class='ocrx_word' id='word_1_322' title='bbox 851 2005 1014 2036; x_wconf 84' lang='lat' dir='ltr'>mandantes</span> <span class='ocrx_word' id='word_1_323' title='bbox 1027 2029 1037 2044; x_wconf 91' lang='lat'>,</span> <span class='ocrx_word' id='word_1_324' title='bbox 1053 2010 1192 2045; x_wconf 75' lang='lat' dir='ltr'>quatenus</span> 
     </span>
     <span class='ocr_line' id='line_1_41' title="bbox 121 2042 1193 2083; baseline 0.004 -10"><span class='ocrx_word' id='word_1_325' title='bbox 121 2043 286 2074; x_wconf 85' lang='lat' dir='ltr'>laudabilem</span> <span class='ocrx_word' id='word_1_326' title='bbox 298 2043 424 2074; x_wconf 87' lang='lat' dir='ltr'>Gestum</span> <span class='ocrx_word' id='word_1_327' title='bbox 439 2045 580 2083; x_wconf 82' lang='lat' dir='ltr'>vestrum,</span> <span class='ocrx_word' id='word_1_328' title='bbox 599 2045 636 2074; x_wconf 79' lang='lat' dir='ltr'>iic</span> <span class='ocrx_word' id='word_1_329' title='bbox 658 2053 721 2083; x_wconf 84' lang='lat' dir='ltr'>erga</span> <span class='ocrx_word' id='word_1_330' title='bbox 742 2043 811 2074; x_wconf 86' lang='lat' dir='ltr'>Nos</span> <span class='ocrx_word' id='word_1_331' title='bbox 830 2042 946 2074; x_wconf 86' lang='lat' dir='ltr'>strenuis</span> <span class='ocrx_word' id='word_1_332' title='bbox 966 2045 1076 2076; x_wconf 55' lang='lat' dir='ltr'>affitibus</span> <span class='ocrx_word' id='word_1_333' title='bbox 1098 2049 1193 2078; x_wconf 90' lang='lat' dir='ltr'>conti-</span> 
     </span>
     <span class='ocr_line' id='line_1_42' title="bbox 119 2082 1191 2126; baseline 0.005 -14"><span class='ocrx_word' id='word_1_334' title='bbox 119 2092 222 2121; x_wconf 81' lang='lat' dir='ltr'>nuare,</span> <span class='ocrx_word' id='word_1_335' title='bbox 241 2084 274 2112; x_wconf 71' lang='grc' dir='ltr'>δε</span> <span class='ocrx_word' id='word_1_336' title='bbox 291 2082 408 2121; x_wconf 68' lang='lat' dir='ltr'>praefato</span> <span class='ocrx_word' id='word_1_337' title='bbox 419 2082 581 2121; x_wconf 84' lang='lat' dir='ltr'>Justiciario</span> <span class='ocrx_word' id='word_1_338' title='bbox 596 2082 695 2114; x_wconf 88' lang='lat' dir='ltr'>nostro</span> <span class='ocrx_word' id='word_1_339' title='bbox 711 2083 739 2113; x_wconf 88' lang='lat' dir='ltr'>in</span> <span class='ocrx_word' id='word_1_340' title='bbox 755 2083 821 2120; x_wconf 87' lang='lat' dir='ltr'>hiis,</span> <span class='ocrx_word' id='word_1_341' title='bbox 837 2092 900 2121; x_wconf 66' lang='lat' dir='ltr'>quae</span> <span class='ocrx_word' id='word_1_342' title='bbox 912 2083 946 2113; x_wconf 88' lang='lat' dir='ltr'>ad</span> <span class='ocrx_word' id='word_1_343' title='bbox 965 2084 1078 2115; x_wconf 89' lang='lat' dir='ltr'>bonum</span> <span class='ocrx_word' id='word_1_344' title='bbox 1100 2085 1191 2126; x_wconf 81' lang='lat' dir='ltr'>Regi-</span> 
     </span>
     <span class='ocr_line' id='line_1_43' title="bbox 122 2120 1190 2160; baseline 0.005 -10"><span class='ocrx_word' id='word_1_345' title='bbox 122 2130 191 2151; x_wconf 86' lang='lat' dir='ltr'>men</span> <span class='ocrx_word' id='word_1_346' title='bbox 205 2121 292 2152; x_wconf 70' lang='lat' dir='ltr'>diehe</span> <span class='ocrx_word' id='word_1_347' title='bbox 307 2121 408 2151; x_wconf 76' lang='lat' dir='ltr'>Terrae</span> <span class='ocrx_word' id='word_1_348' title='bbox 422 2121 537 2159; x_wconf 77' lang='lat' dir='ltr'>nostrae,</span> <span class='ocrx_word' id='word_1_349' title='bbox 553 2123 585 2153; x_wconf 88' lang='lat'>&amp;</span> <span class='ocrx_word' id='word_1_350' title='bbox 603 2121 807 2160; x_wconf 87' lang='lat' dir='ltr'>Repulsionem</span> <span class='ocrx_word' id='word_1_351' title='bbox 820 2120 1010 2153; x_wconf 85' lang='lat' dir='ltr'>Inimicotum</span> <span class='ocrx_word' id='word_1_352' title='bbox 1024 2123 1190 2155; x_wconf 91' lang='lat' dir='ltr'>nostrorum</span> 
     </span>
     <span class='ocr_line' id='line_1_44' title="bbox 122 2160 1192 2198; baseline 0.005 -8"><span class='ocrx_word' id='word_1_353' title='bbox 122 2160 248 2198; x_wconf 80' lang='lat' dir='ltr'>ibidem,</span> <span class='ocrx_word' id='word_1_354' title='bbox 264 2161 402 2198; x_wconf 87' lang='lat' dir='ltr'>pertinere</span> <span class='ocrx_word' id='word_1_355' title='bbox 417 2161 556 2198; x_wconf 78' lang='lat' dir='ltr'>videritis,</span> <span class='ocrx_word' id='word_1_356' title='bbox 574 2161 661 2191; x_wconf 90' lang='lat' dir='ltr'>taliter</span> <span class='ocrx_word' id='word_1_357' title='bbox 682 2160 815 2191; x_wconf 81' lang='lat' dir='ltr'>Consiliis</span> <span class='ocrx_word' id='word_1_358' title='bbox 836 2160 870 2190; x_wconf 89' lang='lat'>&amp;</span> <span class='ocrx_word' id='word_1_359' title='bbox 890 2160 1006 2191; x_wconf 84' lang='lat' dir='ltr'>Auxiliis</span> <span class='ocrx_word' id='word_1_360' title='bbox 1028 2162 1192 2195; x_wconf 83' lang='lat' dir='ltr'>efficacibus</span> 
     </span>
     <span class='ocr_line' id='line_1_45' title="bbox 118 2198 1190 2240; baseline 0.006 -12"><span class='ocrx_word' id='word_1_361' title='bbox 118 2198 239 2229; x_wconf 84' lang='lat' dir='ltr'>assistere</span> <span class='ocrx_word' id='word_1_362' title='bbox 254 2199 398 2237; x_wconf 80' lang='lat' dir='ltr'>studeatis,</span> <span class='ocrx_word' id='word_1_363' title='bbox 417 2199 497 2237; x_wconf 83' lang='lat' dir='ltr'>quod</span> <span class='ocrx_word' id='word_1_364' title='bbox 516 2199 573 2229; x_wconf 77' lang='lat' dir='ltr'>Pax</span> <span class='ocrx_word' id='word_1_365' title='bbox 590 2199 686 2230; x_wconf 85' lang='lat' dir='ltr'>nostra</span> <span class='ocrx_word' id='word_1_366' title='bbox 699 2199 804 2229; x_wconf 87' lang='lat' dir='ltr'>ibidem</span> <span class='ocrx_word' id='word_1_367' title='bbox 828 2198 924 2229; x_wconf 84' lang='lat' dir='ltr'>vestro</span> <span class='ocrx_word' id='word_1_368' title='bbox 943 2201 1070 2240; x_wconf 81' lang='lat' dir='ltr'>praesidio</span> <span class='ocrx_word' id='word_1_369' title='bbox 1089 2202 1190 2234; x_wconf 86' lang='lat' dir='ltr'>illibata</span> 
     </span>
     <span class='ocr_line' id='line_1_46' title="bbox 118 2237 1191 2278; baseline 0.005 -12"><span class='ocrx_word' id='word_1_370' title='bbox 118 2246 294 2277; x_wconf 83' lang='lat' dir='ltr'>permaneat,</span> <span class='ocrx_word' id='word_1_371' title='bbox 314 2239 346 2268; x_wconf 84' lang='lat'>&amp;</span> <span class='ocrx_word' id='word_1_372' title='bbox 361 2237 462 2269; x_wconf 77' lang='lat' dir='ltr'>vestrae</span> <span class='ocrx_word' id='word_1_373' title='bbox 480 2237 632 2268; x_wconf 85' lang='lat' dir='ltr'>Probitatis</span> <span class='ocrx_word' id='word_1_374' title='bbox 646 2237 880 2278; x_wconf 80' lang='lat' dir='ltr'>Magnitudinem</span> <span class='ocrx_word' id='word_1_375' title='bbox 900 2237 990 2278; x_wconf 83' lang='lat' dir='ltr'>dignis</span> <span class='ocrx_word' id='word_1_376' title='bbox 1011 2240 1111 2271; x_wconf 86' lang='lat' dir='ltr'>efferre</span> <span class='ocrx_word' id='word_1_377' title='bbox 1131 2241 1191 2272; x_wconf 83' lang='lat' dir='ltr'>lau-</span> 
     </span>
     <span class='ocr_line' id='line_1_47' title="bbox 119 2275 1191 2319; baseline 0.005 -15"><span class='ocrx_word' id='word_1_378' title='bbox 119 2276 200 2306; x_wconf 90' lang='lat' dir='ltr'>dibus</span> <span class='ocrx_word' id='word_1_379' title='bbox 214 2277 369 2315; x_wconf 64' lang='lat' dir='ltr'>valeamus,</span> <span class='ocrx_word' id='word_1_380' title='bbox 387 2275 598 2316; x_wconf 86' lang='lat' dir='ltr'>efficiamurque</span> <span class='ocrx_word' id='word_1_381' title='bbox 610 2277 712 2308; x_wconf 78' lang='lat' dir='ltr'>exinde</span> <span class='ocrx_word' id='word_1_382' title='bbox 726 2277 904 2315; x_wconf 86' lang='lat' dir='ltr'>obligatiores</span> <span class='ocrx_word' id='word_1_383' title='bbox 920 2278 949 2307; x_wconf 92' lang='lat' dir='ltr'>in</span> <span class='ocrx_word' id='word_1_384' title='bbox 963 2277 1015 2308; x_wconf 88' lang='lat' dir='ltr'>hiis</span> <span class='ocrx_word' id='word_1_385' title='bbox 1024 2302 1034 2317; x_wconf 94' lang='lat'>,</span> <span class='ocrx_word' id='word_1_386' title='bbox 1052 2289 1116 2319; x_wconf 76' lang='lat' dir='ltr'>quae</span> <span class='ocrx_word' id='word_1_387' title='bbox 1140 2289 1191 2311; x_wconf 92' lang='lat' dir='ltr'>ve-</span> 
     </span>
     <span class='ocr_line' id='line_1_48' title="bbox 119 2313 718 2352; baseline 0.005 -9"><span class='ocrx_word' id='word_1_388' title='bbox 119 2313 181 2343; x_wconf 83' lang='lat' dir='ltr'>stris</span> <span class='ocrx_word' id='word_1_389' title='bbox 194 2315 368 2352; x_wconf 57' lang='lat' dir='ltr'>profestibus</span> <span class='ocrx_word' id='word_1_390' title='bbox 382 2316 541 2345; x_wconf 88' lang='lat' dir='ltr'>videbimus</span> <span class='ocrx_word' id='word_1_391' title='bbox 557 2317 718 2346; x_wconf 89' lang='lat' dir='ltr'>convenire.</span> 
     </span>
    </p>

    <p class='ocr_par' dir='ltr' id='par_1_17' title="bbox 121 2351 1190 2422">
     <span class='ocr_line' id='line_1_49' title="bbox 121 2351 1190 2421; baseline 0.006 -39"><span class='ocrx_word' id='word_1_392' title='bbox 121 2392 142 2421; x_wconf 77' lang='lat' dir='ltr'>b</span> <span class='ocrx_word' id='word_1_393' title='bbox 158 2351 249 2396; x_wconf 71' lang='lat' dir='ltr'>Teste</span> <span class='ocrx_word' id='word_1_394' title='bbox 269 2351 351 2391; x_wconf 86' lang='lat' dir='ltr'>Rege</span> <span class='ocrx_word' id='word_1_395' title='bbox 369 2353 441 2393; x_wconf 90' lang='lat' dir='ltr'>apud</span> <span class='ocrx_word' id='word_1_396' title='bbox 462 2353 754 2386; x_wconf 74' lang='lat' dir='ltr'>westmonasterium</span> <span class='ocrx_word' id='word_1_397' title='bbox 772 2376 782 2392; x_wconf 81' lang='grc'>,</span> <span class='ocrx_word' id='word_1_398' title='bbox 808 2353 925 2385; x_wconf 86' lang='lat' dir='ltr'>decimo</span> <span class='ocrx_word' id='word_1_399' title='bbox 943 2363 1043 2393; x_wconf 88' lang='lat' dir='ltr'>quarto</span> <span class='ocrx_word' id='word_1_400' title='bbox 1065 2356 1111 2387; x_wconf 92' lang='lat' dir='ltr'>die</span> <span class='ocrx_word' id='word_1_401' title='bbox 1135 2357 1190 2388; x_wconf 57' lang='lat' dir='ltr'>Fe</span> 
     </span>
     <span class='ocr_line' id='line_1_50' title="bbox 144 2401 237 2422; baseline 0.011 -2"><span class='ocrx_word' id='word_1_402' title='bbox 144 2401 237 2422; x_wconf 83' lang='lat' dir='ltr'>ruam.</span> 
     </span>
    </p>
   </div>
   <div class='ocr_carea' id='block_1_9' title="bbox 743 3118 829 3127">
    <p class='ocr_par' dir='ltr' id='par_1_18' title="bbox 743 3118 829 3127">
     <span class='ocr_line' id='line_1_51' title="bbox 743 3118 829 3127; baseline 0 0"><span class='ocrx_word' id='word_1_403' title='bbox 743 3118 829 3127; x_wconf 95' lang='lat' dir='ltr'> </span> 
     </span>
    </p>
   </div>
   <div class='ocr_carea' id='block_1_10' title="bbox 0 2468 1189 3181">
    <p class='ocr_par' dir='ltr' id='par_1_19' title="bbox 0 2468 1189 3181">
     <span class='ocr_line' id='line_1_52' title="bbox 0 2468 1076 2510; baseline 0.004 -12"><span class='ocrx_word' id='word_1_404' title='bbox 0 2474 53 2502; x_wconf 79' lang='lat' dir='ltr'>IV,</span> <span class='ocrx_word' id='word_1_405' title='bbox 233 2469 249 2486; x_wconf 67' lang='lat'>0</span> <span class='ocrx_word' id='word_1_406' title='bbox 271 2468 383 2498; x_wconf 90' lang='lat' dir='ltr'>Eodem</span> <span class='ocrx_word' id='word_1_407' title='bbox 398 2468 487 2499; x_wconf 89' lang='lat' dir='ltr'>modo</span> <span class='ocrx_word' id='word_1_408' title='bbox 503 2468 666 2500; x_wconf 81' lang='lat' dir='ltr'>mandatum</span> <span class='ocrx_word' id='word_1_409' title='bbox 680 2468 720 2499; x_wconf 88' lang='lat' dir='ltr'>est</span> <span class='ocrx_word' id='word_1_410' title='bbox 735 2468 909 2507; x_wconf 70' lang='lat' dir='ltr'>subscriptis,</span> <span class='ocrx_word' id='word_1_411' title='bbox 927 2469 1076 2510; x_wconf 80' lang='lat' dir='ltr'>videlicet,</span> 
     </span>
     <span class='ocr_line' id='line_1_53' title="bbox 6 2522 1186 2584; baseline 0.007 -12"><span class='ocrx_word' id='word_1_412' title='bbox 6 2522 31 2545; x_wconf 42' lang='grc' dir='ltr'>ἶ-</span> <span class='ocrx_word' id='word_1_413' title='bbox 154 2544 258 2582; x_wconf 69' lang='lat' dir='ltr'>Jacobo</span> <span class='ocrx_word' id='word_1_414' title='bbox 275 2545 298 2574; x_wconf 84' lang='lat' dir='ltr'>le</span> <span class='ocrx_word' id='word_1_415' title='bbox 314 2544 432 2574; x_wconf 78' lang='lat' dir='ltr'>Butiller</span> <span class='ocrx_word' id='word_1_416' title='bbox 446 2568 456 2582; x_wconf 70' lang='lat'>,</span> <span class='ocrx_word' id='word_1_417' title='bbox 713 2545 842 2584; x_wconf 85' lang='lat' dir='ltr'>Johanni</span> <span class='ocrx_word' id='word_1_418' title='bbox 856 2547 923 2575; x_wconf 83' lang='lat' dir='ltr'>Poer</span> <span class='ocrx_word' id='word_1_419' title='bbox 945 2551 1052 2578; x_wconf 85' lang='lat' dir='ltr'>Baroni</span> <span class='ocrx_word' id='word_1_420' title='bbox 1073 2551 1104 2579; x_wconf 83' lang='lat' dir='ltr'>de</span> <span class='ocrx_word' id='word_1_421' title='bbox 1126 2553 1186 2579; x_wconf 86' lang='lat' dir='ltr'>Do-</span> 
     </span>
     <span class='ocr_line' id='line_1_54' title="bbox 155 2583 858 2623; baseline 0 -11"><span class='ocrx_word' id='word_1_422' title='bbox 155 2583 286 2623; x_wconf 67' lang='lat' dir='ltr'>Johanni</span> <span class='ocrx_word' id='word_1_423' title='bbox 303 2584 334 2612; x_wconf 81' lang='lat' dir='ltr'>de</span> <span class='ocrx_word' id='word_1_424' title='bbox 349 2583 567 2622; x_wconf 73' lang='lat' dir='ltr'>Bermingeham,</span> <span class='ocrx_word' id='word_1_425' title='bbox 577 2587 627 2613; x_wconf 88' lang='lat' dir='ltr'>Co·</span> <span class='ocrx_word' id='word_1_426' title='bbox 779 2583 858 2623; x_wconf 76' lang='lat' dir='ltr'>noyll.</span> 
     </span>
     <span class='ocr_line' id='line_1_55' title="bbox 195 2621 1027 2664; baseline 0.002 -14"><span class='ocrx_word' id='word_1_427' title='bbox 195 2626 256 2651; x_wconf 84' lang='lat' dir='ltr'>miti</span> <span class='ocrx_word' id='word_1_428' title='bbox 268 2623 299 2651; x_wconf 80' lang='lat' dir='ltr'>de</span> <span class='ocrx_word' id='word_1_429' title='bbox 315 2621 418 2651; x_wconf 80' lang='lat' dir='ltr'>Looth.</span> <span class='ocrx_word' id='word_1_430' title='bbox 710 2625 820 2658; x_wconf 73' lang='lat' dir='ltr'>Georgia</span> <span class='ocrx_word' id='word_1_431' title='bbox 836 2623 867 2651; x_wconf 82' lang='lat' dir='ltr'>de</span> <span class='ocrx_word' id='word_1_432' title='bbox 883 2622 912 2651; x_wconf 81' lang='lat' dir='ltr'>la</span> <span class='ocrx_word' id='word_1_433' title='bbox 925 2624 1027 2664; x_wconf 70' lang='lat' dir='ltr'>Roche,</span> 
     </span>
     <span class='ocr_line' id='line_1_56' title="bbox 157 2659 1010 2701; baseline 0.004 -12"><span class='ocrx_word' id='word_1_434' title='bbox 157 2662 190 2690; x_wconf 88' lang='lat' dir='ltr'>N</span> <span class='ocrx_word' id='word_1_435' title='bbox 191 2659 292 2690; x_wconf 66' lang='lat' dir='ltr'>icholao</span> <span class='ocrx_word' id='word_1_436' title='bbox 306 2661 338 2690; x_wconf 90' lang='lat' dir='ltr'>de</span> <span class='ocrx_word' id='word_1_437' title='bbox 350 2661 470 2690; x_wconf 44' lang='lat' dir='ltr'>lxiv-doun</span> <span class='ocrx_word' id='word_1_438' title='bbox 479 2684 489 2698; x_wconf 83' lang='lat'>,</span> <span class='ocrx_word' id='word_1_439' title='bbox 709 2661 815 2690; x_wconf 62' lang='lat' dir='ltr'>David</span> <span class='ocrx_word' id='word_1_440' title='bbox 826 2661 858 2689; x_wconf 81' lang='lat' dir='ltr'>de</span> <span class='ocrx_word' id='word_1_441' title='bbox 872 2659 901 2689; x_wconf 83' lang='lat' dir='ltr'>la</span> <span class='ocrx_word' id='word_1_442' title='bbox 915 2662 1010 2701; x_wconf 79' lang='lat' dir='ltr'>Roche,</span> 
     </span>
     <span class='ocr_line' id='line_1_57' title="bbox 155 2699 1007 2740; baseline 0.004 -13"><span class='ocrx_word' id='word_1_443' title='bbox 155 2699 290 2728; x_wconf 73' lang='lat' dir='ltr'>Richardo</span> <span class='ocrx_word' id='word_1_444' title='bbox 307 2700 338 2728; x_wconf 75' lang='lat' dir='ltr'>de</span> <span class='ocrx_word' id='word_1_445' title='bbox 352 2701 488 2738; x_wconf 74' lang='lat' dir='ltr'>Verdoun,</span> <span class='ocrx_word' id='word_1_446' title='bbox 711 2699 840 2737; x_wconf 73' lang='lat' dir='ltr'>Johanm‘</span> <span class='ocrx_word' id='word_1_447' title='bbox 853 2700 885 2729; x_wconf 83' lang='lat' dir='ltr'>de</span> <span class='ocrx_word' id='word_1_448' title='bbox 899 2703 1007 2740; x_wconf 67' lang='lat' dir='ltr'>ery,</span> 
     </span>
     <span class='ocr_line' id='line_1_58' title="bbox 155 2737 1006 2777; baseline 0.004 -12"><span class='ocrx_word' id='word_1_449' title='bbox 155 2738 289 2767; x_wconf 71' lang='lat' dir='ltr'>Richardo</span> <span class='ocrx_word' id='word_1_450' title='bbox 302 2741 387 2775; x_wconf 69' lang='lat' dir='ltr'>Tuyt,</span> <span class='ocrx_word' id='word_1_451' title='bbox 713 2740 757 2766; x_wconf 87' lang='lat' dir='ltr'><em>W</em></span> <span class='ocrx_word' id='word_1_452' title='bbox 756 2737 841 2766; x_wconf 81' lang='lat' dir='ltr'>altero</span> <span class='ocrx_word' id='word_1_453' title='bbox 853 2739 885 2768; x_wconf 87' lang='lat' dir='ltr'>de</span> <span class='ocrx_word' id='word_1_454' title='bbox 900 2740 988 2776; x_wconf 79' lang='lat' dir='ltr'>Burgo</span> <span class='ocrx_word' id='word_1_455' title='bbox 997 2762 1006 2777; x_wconf 84' lang='lat'>,</span> 
     </span>
     <span class='ocr_line' id='line_1_59' title="bbox 156 2775 1104 2819; baseline 0.002 -14"><span class='ocrx_word' id='word_1_456' title='bbox 156 2779 258 2805; x_wconf 84' lang='lat' dir='ltr'>Simoni</span> <span class='ocrx_word' id='word_1_457' title='bbox 270 2778 301 2805; x_wconf 82' lang='lat' dir='ltr'>de</span> <span class='ocrx_word' id='word_1_458' title='bbox 316 2775 465 2815; x_wconf 54' lang='lat' dir='ltr'>Generifll,</span> <span class='ocrx_word' id='word_1_459' title='bbox 711 2776 846 2805; x_wconf 71' lang='lat' dir='ltr'>Richardo</span> <span class='ocrx_word' id='word_1_460' title='bbox 859 2777 890 2806; x_wconf 82' lang='lat' dir='ltr'>de</span> <span class='ocrx_word' id='word_1_461' title='bbox 904 2778 1104 2819; x_wconf 71' lang='lat' dir='ltr'>Maundevyll,</span> 
     </span>
     <span class='ocr_line' id='line_1_60' title="bbox 158 2814 1095 2856; baseline 0.005 -14"><span class='ocrx_word' id='word_1_462' title='bbox 158 2814 303 2843; x_wconf 70' lang='lat' dir='ltr'>Willielmo</span> <span class='ocrx_word' id='word_1_463' title='bbox 320 2815 350 2843; x_wconf 77' lang='lat' dir='ltr'>de</span> <span class='ocrx_word' id='word_1_464' title='bbox 365 2815 589 2853; x_wconf 63' lang='lat' dir='ltr'>Rev-mingebant,</span> <span class='ocrx_word' id='word_1_465' title='bbox 709 2817 825 2844; x_wconf 73' lang='lat' dir='ltr'>Henrico</span> <span class='ocrx_word' id='word_1_466' title='bbox 841 2815 874 2844; x_wconf 81' lang='lat' dir='ltr'>de</span> <span class='ocrx_word' id='word_1_467' title='bbox 890 2815 1076 2856; x_wconf 79' lang='lat' dir='ltr'>Maundevy&#39;ll</span> <span class='ocrx_word' id='word_1_468' title='bbox 1085 2840 1095 2856; x_wconf 80' lang='lat'>‚</span> 
     </span>
     <span class='ocr_line' id='line_1_61' title="bbox 154 2852 970 2893; baseline 0.002 -12"><span class='ocrx_word' id='word_1_469' title='bbox 154 2852 262 2882; x_wconf 67' lang='lat' dir='ltr'>Thomae</span> <span class='ocrx_word' id='word_1_470' title='bbox 275 2852 299 2881; x_wconf 81' lang='lat' dir='ltr'>le</span> <span class='ocrx_word' id='word_1_471' title='bbox 315 2853 448 2891; x_wconf 77' lang='lat' dir='ltr'>Eutiller,</span> <span class='ocrx_word' id='word_1_472' title='bbox 710 2852 817 2882; x_wconf 81' lang='lat' dir='ltr'>Thomae</span> <span class='ocrx_word' id='word_1_473' title='bbox 832 2853 864 2882; x_wconf 83' lang='lat' dir='ltr'>de</span> <span class='ocrx_word' id='word_1_474' title='bbox 878 2856 970 2893; x_wconf 77' lang='lat' dir='ltr'>Deen,</span> 
     </span>
     <span class='ocr_line' id='line_1_62' title="bbox 157 2891 958 2930; baseline 0.001 -10"><span class='ocrx_word' id='word_1_475' title='bbox 157 2891 287 2921; x_wconf 81' lang='lat' dir='ltr'>Arnaldo</span> <span class='ocrx_word' id='word_1_476' title='bbox 303 2894 369 2921; x_wconf 78' lang='lat' dir='ltr'>Poer</span> <span class='ocrx_word' id='word_1_477' title='bbox 378 2914 387 2930; x_wconf 77' lang='lat'>,</span> <span class='ocrx_word' id='word_1_478' title='bbox 713 2893 795 2920; x_wconf 82' lang='lat' dir='ltr'>Petro</span> <span class='ocrx_word' id='word_1_479' title='bbox 810 2892 842 2920; x_wconf 71' lang='lat' dir='ltr'>de</span> <span class='ocrx_word' id='word_1_480' title='bbox 856 2895 958 2930; x_wconf 79' lang='lat' dir='ltr'>Cogan.</span> 
     </span>
     <span class='ocr_line' id='line_1_63' title="bbox 284 3017 1013 3064; baseline 0.004 -13"><span class='ocrx_word' id='word_1_481' title='bbox 284 3018 449 3061; x_wconf 67' lang='lat' dir='ltr'>Corfimiles</span> <span class='ocrx_word' id='word_1_482' title='bbox 470 3019 574 3051; x_wconf 81' lang='lat' dir='ltr'>Literae</span> <span class='ocrx_word' id='word_1_483' title='bbox 591 3017 736 3063; x_wconf 82' lang='lat' dir='ltr'>Episcopis</span> <span class='ocrx_word' id='word_1_484' title='bbox 747 3017 889 3064; x_wconf 68' lang='lat' dir='ltr'>praediHae</span> <span class='ocrx_word' id='word_1_485' title='bbox 906 3021 1013 3054; x_wconf 53' lang='lat' dir='ltr'>Terras.</span> 
     </span>
     <span class='ocr_line' id='line_1_64' title="bbox 0 3094 1189 3147; baseline 0.004 -14"><span class='ocrx_word' id='word_1_486' title='bbox 0 3105 45 3125; x_wconf 69' lang='lat'>¹¹⁰·</span> <span class='ocrx_word' id='word_1_487' title='bbox 61 3094 102 3127; x_wconf 85' lang='lat' dir='ltr'>D·</span> <span class='ocrx_word' id='word_1_488' title='bbox 195 3103 219 3134; x_wconf 89' lang='lat' dir='ltr'>E</span> <span class='ocrx_word' id='word_1_489' title='bbox 230 3102 278 3139; x_wconf 73' lang='lat' dir='ltr'>X,</span> <span class='ocrx_word' id='word_1_490' title='bbox 297 3102 461 3134; x_wconf 86' lang='lat' dir='ltr'>Venerabili</span> <span class='ocrx_word' id='word_1_491' title='bbox 476 3104 506 3133; x_wconf 91' lang='lat' dir='ltr'>in</span> <span class='ocrx_word' id='word_1_492' title='bbox 519 3101 638 3134; x_wconf 91' lang='lat' dir='ltr'>Christo</span> <span class='ocrx_word' id='word_1_493' title='bbox 652 3102 727 3133; x_wconf 89' lang='lat' dir='ltr'>Patri</span> <span class='ocrx_word' id='word_1_494' title='bbox 845 3103 943 3135; x_wconf 65' lang='lat' dir='ltr'>eidem</span> <span class='ocrx_word' id='word_1_495' title='bbox 956 3106 1060 3145; x_wconf 70' lang='lat' dir='ltr'>gratia,</span> <span class='ocrx_word' id='word_1_496' title='bbox 1073 3107 1189 3147; x_wconf 84' lang='lat' dir='ltr'>Episco-</span> 
     </span>
     <span class='ocr_line' id='line_1_65' title="bbox 0 3140 437 3181; baseline 0.002 -10"><span class='ocrx_word' id='word_1_497' title='bbox 0 3143 77 3172; x_wconf 77' lang='lat'>[327·</span> <span class='ocrx_word' id='word_1_498' title='bbox 208 3152 247 3181; x_wconf 92' lang='lat' dir='ltr'>po</span> <span class='ocrx_word' id='word_1_499' title='bbox 263 3140 437 3180; x_wconf 81' lang='lat' dir='ltr'>Offorienfi,</span> 
     </span>
    </p>
   </div>
   <div class='ocr_carea' id='block_1_11' title="bbox 3 3177 1191 3452">
    <p class='ocr_par' dir='ltr' id='par_1_20' title="bbox 3 3177 1191 3452">
     <span class='ocr_line' id='line_1_66' title="bbox 163 3177 1177 3223; baseline 0.006 -12"><span class='ocrx_word' id='word_1_500' title='bbox 163 3178 263 3219; x_wconf 76' lang='lat' dir='ltr'>Cum,</span> <span class='ocrx_word' id='word_1_501' title='bbox 281 3179 316 3210; x_wconf 89' lang='lat' dir='ltr'>de</span> <span class='ocrx_word' id='word_1_502' title='bbox 329 3181 474 3211; x_wconf 89' lang='lat' dir='ltr'>voluntate</span> <span class='ocrx_word' id='word_1_503' title='bbox 489 3179 522 3209; x_wconf 91' lang='lat'>&amp;</span> <span class='ocrx_word' id='word_1_504' title='bbox 536 3178 639 3210; x_wconf 83' lang='lat' dir='ltr'>affensu</span> <span class='ocrx_word' id='word_1_505' title='bbox 656 3177 779 3210; x_wconf 89' lang='lat' dir='ltr'>Domini</span> <span class='ocrx_word' id='word_1_506' title='bbox 794 3180 828 3210; x_wconf 92' lang='lat' dir='ltr'>E.</span> <span class='ocrx_word' id='word_1_507' title='bbox 846 3191 934 3219; x_wconf 81' lang='lat' dir='ltr'>nuper</span> <span class='ocrx_word' id='word_1_508' title='bbox 954 3182 1043 3213; x_wconf 74' lang='lat' dir='ltr'>Reois</span> <span class='ocrx_word' id='word_1_509' title='bbox 1062 3184 1177 3223; x_wconf 73' lang='lat' dir='ltr'>Angli-ae</span> 
     </span>
     <span class='ocr_line' id='line_1_67' title="bbox 20 3208 1189 3264; baseline -0.011 -8"><span class='ocrx_word' id='word_1_510' title='bbox 20 3219 44 3257; x_wconf 65' lang='lat'>35</span> <span class='ocrx_word' id='word_1_511' title='bbox 123 3219 215 3252; x_wconf 84' lang='lat' dir='ltr'>Patris</span> <span class='ocrx_word' id='word_1_512' title='bbox 229 3218 319 3249; x_wconf 88' lang='lat' dir='ltr'>nostri</span> <span class='ocrx_word' id='word_1_513' title='bbox 334 3217 395 3253; x_wconf 64' lang='lat' dir='ltr'>&amp;a</span> <span class='ocrx_word' id='word_1_514' title='bbox 414 3226 446 3264; x_wconf 48' lang='lat' dir='ltr'>uf</span> <span class='ocrx_word' id='word_1_515' title='bbox 453 3219 537 3258; x_wconf 78' lang='lat' dir='ltr'>supra</span> <span class='ocrx_word' id='word_1_516' title='bbox 551 3217 629 3259; x_wconf 79' lang='lat' dir='ltr'>usque</span> <span class='ocrx_word' id='word_1_517' title='bbox 643 3218 688 3247; x_wconf 78' lang='lat' dir='ltr'>ihi.</span> <span class='ocrx_word' id='word_1_518' title='bbox 708 3257 713 3262; x_wconf 89' lang='lat'>.</span> <span class='ocrx_word' id='word_1_519' title='bbox 909 3259 914 3264; x_wconf 42' lang='grc'><em>.</em></span> <span class='ocrx_word' id='word_1_520' title='bbox 1003 3208 1021 3222; x_wconf 70' lang='lat'>³²</span> <span class='ocrx_word' id='word_1_521' title='bbox 1179 3211 1189 3226; x_wconf 79' lang='lat'>²</span> 
     </span>
     <span class='ocr_line' id='line_1_68' title="bbox 3 3250 1190 3297; baseline 0.013 -19"><span class='ocrx_word' id='word_1_522' title='bbox 3 3250 69 3279; x_wconf 69' lang='lat'><em>1011!-</em></span> <span class='ocrx_word' id='word_1_523' title='bbox 161 3256 224 3289; x_wconf 85' lang='lat' dir='ltr'>Vos</span> <span class='ocrx_word' id='word_1_524' title='bbox 236 3267 366 3297; x_wconf 84' lang='lat' dir='ltr'>rogamus</span> <span class='ocrx_word' id='word_1_525' title='bbox 378 3258 484 3288; x_wconf 77' lang='lat' dir='ltr'>obnixe</span> <span class='ocrx_word' id='word_1_526' title='bbox 500 3264 575 3297; x_wconf 81' lang='lat' dir='ltr'>tunc,</span> <span class='ocrx_word' id='word_1_527' title='bbox 598 3267 631 3295; x_wconf 78' lang='lat' dir='ltr'>rc,</span> <span class='ocrx_word' id='word_1_528' title='bbox 646 3257 727 3286; x_wconf 88' lang='lat' dir='ltr'>vobis</span> <span class='ocrx_word' id='word_1_529' title='bbox 736 3256 936 3288; x_wconf 88' lang='lat' dir='ltr'>mandamusm</span> <span class='ocrx_word' id='word_1_530' title='bbox 946 3258 1001 3289; x_wconf 85' lang='lat' dir='ltr'>fide</span> <span class='ocrx_word' id='word_1_531' title='bbox 1013 3261 1046 3290; x_wconf 85' lang='lat'>&amp;</span> <span class='ocrx_word' id='word_1_532' title='bbox 1062 3260 1190 3293; x_wconf 69' lang='lat' dir='ltr'>dileffio-</span> 
     </span>
     <span class='ocr_line' id='line_1_69' title="bbox 122 3295 1190 3339; baseline 0.004 -12"><span class='ocrx_word' id='word_1_533' title='bbox 122 3307 175 3335; x_wconf 92' lang='lat' dir='ltr'>ne,</span> <span class='ocrx_word' id='word_1_534' title='bbox 191 3297 293 3337; x_wconf 87' lang='lat' dir='ltr'>quibus</span> <span class='ocrx_word' id='word_1_535' title='bbox 307 3296 389 3326; x_wconf 90' lang='lat' dir='ltr'>nobis</span> <span class='ocrx_word' id='word_1_536' title='bbox 402 3297 560 3334; x_wconf 84' lang='lat' dir='ltr'>tenemini,</span> <span class='ocrx_word' id='word_1_537' title='bbox 599 3296 694 3325; x_wconf 88' lang='lat' dir='ltr'>rmiter</span> <span class='ocrx_word' id='word_1_538' title='bbox 707 3295 899 3338; x_wconf 77' lang='lat' dir='ltr'>injungendO,</span> <span class='ocrx_word' id='word_1_539' title='bbox 926 3298 1104 3338; x_wconf 81' lang='lat' dir='ltr'>mandantes,</span> <span class='ocrx_word' id='word_1_540' title='bbox 1122 3311 1190 3339; x_wconf 83' lang='lat' dir='ltr'>qua-</span> 
     </span>
     <span class='ocr_line' id='line_1_70' title="bbox 124 3333 1191 3413; baseline 0.003 -47"><span class='ocrx_word' id='word_1_541' title='bbox 124 3336 205 3408; x_wconf 55' lang='grc' dir='ltr'>ἓηιὶε</span> <span class='ocrx_word' id='word_1_542' title='bbox 219 3334 386 3413; x_wconf 74' lang='lat' dir='ltr'>lausdabilem</span> <span class='ocrx_word' id='word_1_543' title='bbox 409 3334 535 3366; x_wconf 82' lang='lat' dir='ltr'>Gestum</span> <span class='ocrx_word' id='word_1_544' title='bbox 553 3333 681 3366; x_wconf 85' lang='lat' dir='ltr'>vestrum</span> <span class='ocrx_word' id='word_1_545' title='bbox 701 3336 738 3364; x_wconf 76' lang='lat' dir='ltr'>iic</span> <span class='ocrx_word' id='word_1_546' title='bbox 758 3343 820 3373; x_wconf 81' lang='lat' dir='ltr'>erga</span> <span class='ocrx_word' id='word_1_547' title='bbox 840 3334 909 3365; x_wconf 88' lang='lat' dir='ltr'>Nos</span> <span class='ocrx_word' id='word_1_548' title='bbox 932 3335 1048 3367; x_wconf 86' lang='lat' dir='ltr'>strenuis</span> <span class='ocrx_word' id='word_1_549' title='bbox 1068 3339 1191 3371; x_wconf 68' lang='lat' dir='ltr'>Afflbus</span> 
     </span>
     <span class='ocr_line' id='line_1_71' title="bbox 160 3381 340 3403; baseline 0 0"><span class='ocrx_word' id='word_1_550' title='bbox 160 3385 185 3403; x_wconf 64' lang='grc' dir='ltr'>τ.</span> <span class='ocrx_word' id='word_1_551' title='bbox 208 3381 239 3403; x_wconf 70' lang='lat' dir='ltr'>ut</span> <span class='ocrx_word' id='word_1_552' title='bbox 264 3385 281 3403; x_wconf 66' lang='lat' dir='ltr'><em>u</em></span> <span class='ocrx_word' id='word_1_553' title='bbox 299 3384 340 3403; x_wconf 71' lang='lat' dir='ltr'>ra.</span> 
     </span>
     <span class='ocr_line' id='line_1_72' title="bbox 163 3382 400 3452; baseline 0 -9"><span class='ocrx_word' id='word_1_554' title='bbox 163 3411 255 3444; x_wconf 87' lang='lat' dir='ltr'>Teste</span> <span class='ocrx_word' id='word_1_555' title='bbox 268 3382 298 3444; x_wconf 68' lang='lat' dir='ltr'>tii</span> <span class='ocrx_word' id='word_1_556' title='bbox 312 3413 400 3452; x_wconf 87' lang='lat' dir='ltr'>supra.</span> 
     </span>
    </p>
   </div>
   <div class='ocr_carea' id='block_1_12' title="bbox 220 3486 1100 3531">
    <p class='ocr_par' dir='ltr' id='par_1_21' title="bbox 220 3486 1100 3531">
     <span class='ocr_line' id='line_1_73' title="bbox 220 3486 1100 3531; baseline 0.001 -10"><span class='ocrx_word' id='word_1_557' title='bbox 220 3488 334 3521; x_wconf 83' lang='lat' dir='ltr'>Eodem</span> <span class='ocrx_word' id='word_1_558' title='bbox 347 3487 439 3520; x_wconf 89' lang='lat' dir='ltr'>modo</span> <span class='ocrx_word' id='word_1_559' title='bbox 452 3489 581 3521; x_wconf 85' lang='lat' dir='ltr'>scribitur</span> <span class='ocrx_word' id='word_1_560' title='bbox 602 3487 748 3528; x_wconf 88' lang='lat' dir='ltr'>Episcopis</span> <span class='ocrx_word' id='word_1_561' title='bbox 761 3486 934 3527; x_wconf 77' lang='lat' dir='ltr'>subscriptis3</span> <span class='ocrx_word' id='word_1_562' title='bbox 951 3489 1100 3531; x_wconf 80' lang='lat' dir='ltr'>videlicet,</span> 
     </span>
    </p>
   </div>
   <div class='ocr_carea' id='block_1_13' title="bbox 720 3563 1020 3722">
    <p class='ocr_par' dir='ltr' id='par_1_22' title="bbox 720 3563 1020 3722">
     <span class='ocr_line' id='line_1_74' title="bbox 720 3563 1018 3605; baseline 0.003 -11"><span class='ocrx_word' id='word_1_563' title='bbox 720 3563 845 3604; x_wconf 80' lang='lat' dir='ltr'>Episcopo</span> <span class='ocrx_word' id='word_1_564' title='bbox 863 3565 1018 3605; x_wconf 73' lang='lat' dir='ltr'>Imelacenfi</span> 
     </span>
     <span class='ocr_line' id='line_1_75' title="bbox 722 3603 1020 3644; baseline 0 -11"><span class='ocrx_word' id='word_1_565' title='bbox 722 3603 846 3643; x_wconf 72' lang='lat' dir='ltr'>Eptstopo</span> <span class='ocrx_word' id='word_1_566' title='bbox 858 3603 1020 3644; x_wconf 75' lang='lat' dir='ltr'>Lifinorenfi</span> 
     </span>
     <span class='ocr_line' id='line_1_76' title="bbox 721 3641 985 3682; baseline 0.008 -11"><span class='ocrx_word' id='word_1_567' title='bbox 721 3643 845 3682; x_wconf 84' lang='lat' dir='ltr'>Episcopo</span> <span class='ocrx_word' id='word_1_568' title='bbox 865 3641 985 3682; x_wconf 66' lang='lat' dir='ltr'>Midens]</span> 
     </span>
     <span class='ocr_line' id='line_1_77' title="bbox 721 3681 930 3722; baseline 0.005 -12"><span class='ocrx_word' id='word_1_569' title='bbox 721 3681 845 3722; x_wconf 83' lang='lat' dir='ltr'>Episcopo</span> <span class='ocrx_word' id='word_1_570' title='bbox 863 3684 930 3711; x_wconf 72' lang='lat' dir='ltr'>Ker.</span> 
     </span>
    </p>
   </div>
   <div class='ocr_carea' id='block_1_14' title="bbox 168 3565 483 3720">
    <p class='ocr_par' dir='ltr' id='par_1_23' title="bbox 168 3565 483 3720">
     <span class='ocr_line' id='line_1_78' title="bbox 170 3565 483 3607; baseline 0.003 -12"><span class='ocrx_word' id='word_1_571' title='bbox 170 3565 293 3604; x_wconf 72' lang='lat' dir='ltr'>Ept‘fi‘opo</span> <span class='ocrx_word' id='word_1_572' title='bbox 311 3565 483 3607; x_wconf 76' lang='lat' dir='ltr'>Leghlinenfi</span> 
     </span>
     <span class='ocr_line' id='line_1_79' title="bbox 168 3603 429 3644; baseline 0.011 -13"><span class='ocrx_word' id='word_1_573' title='bbox 168 3603 293 3642; x_wconf 79' lang='lat' dir='ltr'>Epistopo</span> <span class='ocrx_word' id='word_1_574' title='bbox 308 3605 429 3644; x_wconf 71' lang='lat' dir='ltr'>Darens</span> 
     </span>
     <span class='ocr_line' id='line_1_80' title="bbox 170 3642 476 3683; baseline 0.016 -15"><span class='ocrx_word' id='word_1_575' title='bbox 170 3642 293 3680; x_wconf 78' lang='lat' dir='ltr'>Epifiopo</span> <span class='ocrx_word' id='word_1_576' title='bbox 309 3643 476 3683; x_wconf 62' lang='lat' dir='ltr'>lsVaterfhrd,</span> 
     </span>
     <span class='ocr_line' id='line_1_81' title="bbox 169 3679 419 3720; baseline 0.024 -15"><span class='ocrx_word' id='word_1_577' title='bbox 169 3679 291 3718; x_wconf 82' lang='lat' dir='ltr'>Episcopo</span> <span class='ocrx_word' id='word_1_578' title='bbox 304 3683 419 3720; x_wconf 80' lang='lat' dir='ltr'>Lymer,</span> 
     </span>
    </p>
   </div>
   <div class='ocr_carea' id='block_1_15' title="bbox 0 3806 1196 3991">
    <p class='ocr_par' dir='ltr' id='par_1_24' title="bbox 0 3806 1196 3991">
     <span class='ocr_line' id='line_1_82' title="bbox 0 3806 997 3888; baseline 0.009 -47"><span class='ocrx_word' id='word_1_579' title='bbox 0 3806 115 3888; x_wconf 53' lang='lat' dir='ltr'>311}qu</span> <span class='ocrx_word' id='word_1_580' title='bbox 331 3814 491 3858; x_wconf 75' lang='lat' dir='ltr'>Ejusmodi</span> <span class='ocrx_word' id='word_1_581' title='bbox 508 3818 613 3849; x_wconf 81' lang='lat' dir='ltr'>Literae</span> <span class='ocrx_word' id='word_1_582' title='bbox 631 3813 746 3849; x_wconf 68' lang='lat' dir='ltr'>Thomae</span> <span class='ocrx_word' id='word_1_583' title='bbox 762 3815 787 3848; x_wconf 85' lang='lat' dir='ltr'>le</span> <span class='ocrx_word' id='word_1_584' title='bbox 805 3818 882 3849; x_wconf 72' lang='lat' dir='ltr'>Fitz,</span> <span class='ocrx_word' id='word_1_585' title='bbox 899 3815 997 3864; x_wconf 82' lang='lat' dir='ltr'>John.</span> 
     </span>
     <span class='ocr_line' id='line_1_83' title="bbox 0 3871 1196 3963; baseline 0.018 -49"><span class='ocrx_word' id='word_1_586' title='bbox 0 3871 75 3943; x_wconf 60' lang='lat'>2¹‘¹·.¹‘·</span> <span class='ocrx_word' id='word_1_587' title='bbox 204 3894 230 3926; x_wconf 82' lang='lat' dir='ltr'>E</span> <span class='ocrx_word' id='word_1_588' title='bbox 240 3894 410 3963; x_wconf 52' lang='lat' dir='ltr'>xsadsseao</span> <span class='ocrx_word' id='word_1_589' title='bbox 425 3897 458 3928; x_wconf 76' lang='lat' dir='ltr'>sc</span> <span class='ocrx_word' id='word_1_590' title='bbox 472 3899 544 3931; x_wconf 81' lang='lat' dir='ltr'>fideli</span> <span class='ocrx_word' id='word_1_591' title='bbox 557 3901 623 3939; x_wconf 75' lang='lat' dir='ltr'>suo,</span> <span class='ocrx_word' id='word_1_592' title='bbox 646 3900 777 3932; x_wconf 71' lang='lat' dir='ltr'>‘rhomae</span> <span class='ocrx_word' id='word_1_593' title='bbox 793 3901 819 3933; x_wconf 83' lang='lat' dir='ltr'>1e</span> <span class='ocrx_word' id='word_1_594' title='bbox 838 3901 902 3934; x_wconf 69' lang='lat' dir='ltr'>Fitz</span> <span class='ocrx_word' id='word_1_595' title='bbox 917 3901 1015 3942; x_wconf 82' lang='lat' dir='ltr'>john,</span> <span class='ocrx_word' id='word_1_596' title='bbox 1030 3901 1141 3934; x_wconf 85' lang='lat' dir='ltr'>Comiti</span> <span class='ocrx_word' id='word_1_597' title='bbox 1159 3902 1196 3934; x_wconf 84' lang='lat' dir='ltr'>de</span> 
     </span>
     <span class='ocr_line' id='line_1_84' title="bbox 0 3932 493 3991; baseline 0.012 -31"><span class='ocrx_word' id='word_1_598' title='bbox 0 3946 86 3991; x_wconf 22' lang='lat' dir='ltr'>gisla·</span> <span class='ocrx_word' id='word_1_599' title='bbox 216 3932 264 3963; x_wconf 86' lang='lat' dir='ltr'>Kil</span> <span class='ocrx_word' id='word_1_600' title='bbox 301 3943 345 3971; x_wconf 89' lang='lat' dir='ltr'>re,</span> <span class='ocrx_word' id='word_1_601' title='bbox 362 3933 493 3966; x_wconf 80' lang='lat' dir='ltr'>Salutem.</span> 
     </span>
    </p>
   </div>
   <div class='ocr_carea' id='block_1_16' title="bbox 171 3970 1196 4020">
    <p class='ocr_par' dir='ltr' id='par_1_25' title="bbox 171 3970 1196 4020">
     <span class='ocr_line' id='line_1_85' title="bbox 171 3970 1196 4020; baseline 0.012 -18"><span class='ocrx_word' id='word_1_602' title='bbox 171 3970 271 4019; x_wconf 65' lang='lat' dir='ltr'>Crini,</span> <span class='ocrx_word' id='word_1_603' title='bbox 287 3972 322 4004; x_wconf 83' lang='lat' dir='ltr'>de</span> <span class='ocrx_word' id='word_1_604' title='bbox 339 3972 482 4006; x_wconf 81' lang='lat' dir='ltr'>voluntate</span> <span class='ocrx_word' id='word_1_605' title='bbox 497 3976 530 4008; x_wconf 72' lang='grc' dir='ltr'>δε</span> <span class='ocrx_word' id='word_1_606' title='bbox 545 3976 650 4010; x_wconf 73' lang='lat' dir='ltr'>assensu</span> <span class='ocrx_word' id='word_1_607' title='bbox 663 3977 788 4011; x_wconf 86' lang='lat' dir='ltr'>Domini</span> <span class='ocrx_word' id='word_1_608' title='bbox 805 3978 843 4012; x_wconf 86' lang='lat' dir='ltr'>E.</span> <span class='ocrx_word' id='word_1_609' title='bbox 863 3989 953 4020; x_wconf 83' lang='lat' dir='ltr'>nuper</span> <span class='ocrx_word' id='word_1_610' title='bbox 965 3980 1057 4020; x_wconf 87' lang='lat' dir='ltr'>Regis</span> <span class='ocrx_word' id='word_1_611' title='bbox 1068 3980 1196 4020; x_wconf 81' lang='lat' dir='ltr'>Angliae,</span> 
     </span>
    </p>
   </div>
   <div class='ocr_carea' id='block_1_17' title="bbox 622 83 1407 135">
    <p class='ocr_par' dir='ltr' id='par_1_26' title="bbox 622 83 1407 135">
     <span class='ocr_line' id='line_1_86' title="bbox 622 83 1407 135; baseline -0.004 -6"><span class='ocrx_word' id='word_1_612' title='bbox 622 83 1407 135; x_wconf 82' lang='lat' dir='ltr'>CONVENTIONES,</span> 
     </span>
    </p>
   </div>
   <div class='ocr_carea' id='block_1_18' title="bbox 1468 82 1859 126">
    <p class='ocr_par' dir='ltr' id='par_1_27' title="bbox 1468 82 1859 126">
     <span class='ocr_line' id='line_1_87' title="bbox 1468 82 1859 126; baseline -0.01 -2"><span class='ocrx_word' id='word_1_613' title='bbox 1468 82 1859 126; x_wconf 83' lang='lat' dir='ltr'>LITERAE‚</span> 
     </span>
    </p>
   </div>
   <div class='ocr_carea' id='block_1_19' title="bbox 1250 164 2472 364">
    <p class='ocr_par' dir='ltr' id='par_1_28' title="bbox 1250 164 2472 326">
     <span class='ocr_line' id='line_1_88' title="bbox 1250 164 2472 211; baseline -0.006 -9"><span class='ocrx_word' id='word_1_614' title='bbox 1250 170 1338 203; x_wconf 86' lang='lat' dir='ltr'>Patris</span> <span class='ocrx_word' id='word_1_615' title='bbox 1351 170 1458 209; x_wconf 87' lang='lat' dir='ltr'>nostri,</span> <span class='ocrx_word' id='word_1_616' title='bbox 1474 170 1509 201; x_wconf 85' lang='lat' dir='ltr'>ad</span> <span class='ocrx_word' id='word_1_617' title='bbox 1524 167 1675 200; x_wconf 84' lang='lat' dir='ltr'>instantem</span> <span class='ocrx_word' id='word_1_618' title='bbox 1689 168 1899 206; x_wconf 71' lang='lat' dir='ltr'>requisitionem</span> <span class='ocrx_word' id='word_1_619' title='bbox 1912 164 2122 211; x_wconf 42' lang='lat' dir='ltr'>Praelato‘m&#39;m)</span> <span class='ocrx_word' id='word_1_620' title='bbox 2145 166 2318 207; x_wconf 81' lang='lat' dir='ltr'>Comitum,</span> <span class='ocrx_word' id='word_1_621' title='bbox 2334 164 2410 196; x_wconf 88' lang='lat' dir='ltr'>Arin.</span> <span class='ocrx_word' id='word_1_622' title='bbox 2427 165 2472 203; x_wconf 64' lang='lat' dir='ltr'>D,</span> 
     </span>
     <span class='ocr_line' id='line_1_89' title="bbox 1252 204 2444 248; baseline -0.006 -7"><span class='ocrx_word' id='word_1_623' title='bbox 1252 211 1286 241; x_wconf 76' lang='grc' dir='ltr'>δε</span> <span class='ocrx_word' id='word_1_624' title='bbox 1300 209 1461 248; x_wconf 89' lang='lat' dir='ltr'>Baronum,</span> <span class='ocrx_word' id='word_1_625' title='bbox 1479 219 1513 240; x_wconf 92' lang='lat' dir='ltr'>ac</span> <span class='ocrx_word' id='word_1_626' title='bbox 1527 209 1613 239; x_wconf 89' lang='lat' dir='ltr'>totius</span> <span class='ocrx_word' id='word_1_627' title='bbox 1626 207 1852 238; x_wconf 81' lang='lat' dir='ltr'>Communitatis</span> <span class='ocrx_word' id='word_1_628' title='bbox 1866 205 1965 245; x_wconf 81' lang='lat' dir='ltr'>Regni</span> <span class='ocrx_word' id='word_1_629' title='bbox 1979 204 2082 243; x_wconf 82' lang='lat' dir='ltr'>nostri,</span> <span class='ocrx_word' id='word_1_630' title='bbox 2098 214 2128 235; x_wconf 82' lang='lat' dir='ltr'>in</span> <span class='ocrx_word' id='word_1_631' title='bbox 2147 204 2319 238; x_wconf 85' lang='lat' dir='ltr'>Parliamen-</span> <span class='ocrx_word' id='word_1_632' title='bbox 2356 213 2444 243; x_wconf 89' lang='lat'>1327.</span> 
     </span>
     <span class='ocr_line' id='line_1_90' title="bbox 1252 242 2451 284; baseline -0.007 -5"><span class='ocrx_word' id='word_1_633' title='bbox 1252 257 1284 279; x_wconf 86' lang='lat' dir='ltr'>to</span> <span class='ocrx_word' id='word_1_634' title='bbox 1297 248 1397 279; x_wconf 86' lang='lat' dir='ltr'>nostro</span> <span class='ocrx_word' id='word_1_635' title='bbox 1412 259 1427 279; x_wconf 91' lang='lat' dir='ltr'>a</span> <span class='ocrx_word' id='word_1_636' title='bbox 1449 248 1486 279; x_wconf 89' lang='lat' dir='ltr'>ud</span> <span class='ocrx_word' id='word_1_637' title='bbox 1500 245 1804 284; x_wconf 86' lang='lat' dir='ltr'>Westmonasterium,</span> <span class='ocrx_word' id='word_1_638' title='bbox 1821 246 1854 275; x_wconf 91' lang='lat' dir='ltr'>in</span> <span class='ocrx_word' id='word_1_639' title='bbox 1869 243 2005 274; x_wconf 86' lang='lat' dir='ltr'>Crastino</span> <span class='ocrx_word' id='word_1_640' title='bbox 2024 242 2229 275; x_wconf 85' lang='lat' dir='ltr'>Purificationis</span> <span class='ocrx_word' id='word_1_641' title='bbox 2251 245 2322 276; x_wconf 87' lang='lat' dir='ltr'>Bea-</span> <span class='ocrx_word' id='word_1_642' title='bbox 2337 245 2405 273; x_wconf 80' lang='lat' dir='ltr'>Edv.</span> <span class='ocrx_word' id='word_1_643' title='bbox 2426 253 2451 280; x_wconf 86' lang='lat'>3.</span> 
     </span>
     <span class='ocr_line' id='line_1_91' title="bbox 1252 281 2322 326; baseline -0.004 -8"><span class='ocrx_word' id='word_1_644' title='bbox 1252 296 1289 318; x_wconf 90' lang='lat' dir='ltr'>tae</span> <span class='ocrx_word' id='word_1_645' title='bbox 1305 287 1410 318; x_wconf 87' lang='lat' dir='ltr'>Mariae</span> <span class='ocrx_word' id='word_1_646' title='bbox 1454 287 1548 326; x_wconf 83' lang='lat' dir='ltr'>irginis</span> <span class='ocrx_word' id='word_1_647' title='bbox 1560 286 1696 324; x_wconf 82' lang='lat' dir='ltr'>proximo</span> <span class='ocrx_word' id='word_1_648' title='bbox 1707 284 1853 324; x_wconf 81' lang='lat' dir='ltr'>praeterito</span> <span class='ocrx_word' id='word_1_649' title='bbox 1867 306 1878 322; x_wconf 94' lang='lat'>,</span> <span class='ocrx_word' id='word_1_650' title='bbox 1894 291 1993 321; x_wconf 90' lang='lat' dir='ltr'>tento,</span> <span class='ocrx_word' id='word_1_651' title='bbox 2011 281 2133 320; x_wconf 79' lang='lat' dir='ltr'>ejusdem</span> <span class='ocrx_word' id='word_1_652' title='bbox 2146 281 2178 312; x_wconf 95' lang='lat' dir='ltr'>R</span> <span class='ocrx_word' id='word_1_653' title='bbox 2234 285 2244 314; x_wconf 88' lang='lat' dir='ltr'>i</span> <span class='ocrx_word' id='word_1_654' title='bbox 2257 283 2322 315; x_wconf 82' lang='lat' dir='ltr'>Re-</span> 
     </span>
    </p>

    <p class='ocr_par' dir='ltr' id='par_1_29' title="bbox 1253 320 2322 364">
     <span class='ocr_line' id='line_1_92' title="bbox 1253 320 2322 364; baseline -0.002 -8"><span class='ocrx_word' id='word_1_655' title='bbox 1253 327 1355 364; x_wconf 86' lang='lat' dir='ltr'>gimen</span> <span class='ocrx_word' id='word_1_656' title='bbox 1366 324 1585 364; x_wconf 79' lang='lat' dir='ltr'>susceperimus,</span> <span class='ocrx_word' id='word_1_657' title='bbox 1601 322 1698 354; x_wconf 69' lang='lat' dir='ltr'>divina</span> <span class='ocrx_word' id='word_1_658' title='bbox 1713 321 1874 353; x_wconf 71' lang='lat' dir='ltr'>Clementia</span> <span class='ocrx_word' id='word_1_659' title='bbox 1887 321 2069 363; x_wconf 85' lang='lat' dir='ltr'>providente:</span> <span class='ocrx_word' id='word_1_660' title='bbox 2088 320 2122 351; x_wconf 89' lang='lat'>&amp;</span> <span class='ocrx_word' id='word_1_661' title='bbox 2143 330 2184 352; x_wconf 89' lang='lat' dir='ltr'>no</span> <span class='ocrx_word' id='word_1_662' title='bbox 2208 323 2243 352; x_wconf 90' lang='lat' dir='ltr'>ris</span> <span class='ocrx_word' id='word_1_663' title='bbox 2256 323 2322 354; x_wconf 86' lang='lat' dir='ltr'>infi-</span> 
     </span>
    </p>
   </div>
   <div class='ocr_carea' id='block_1_20' title="bbox 1218 359 2322 404">
    <p class='ocr_par' dir='ltr' id='par_1_30' title="bbox 1218 359 2322 404">
     <span class='ocr_line' id='line_1_93' title="bbox 1218 359 2322 404; baseline -0.004 -9"><span class='ocrx_word' id='word_1_664' title='bbox 1218 378 1221 379; x_wconf 43' lang='lat'><em>⁷</em></span> <span class='ocrx_word' id='word_1_665' title='bbox 1253 365 1317 395; x_wconf 91' lang='lat' dir='ltr'>deat</span> <span class='ocrx_word' id='word_1_666' title='bbox 1329 365 1492 404; x_wconf 81' lang='lat' dir='ltr'>praecordiis</span> <span class='ocrx_word' id='word_1_667' title='bbox 1503 363 1665 403; x_wconf 82' lang='lat' dir='ltr'>potiffime‚</span> <span class='ocrx_word' id='word_1_668' title='bbox 1684 370 1716 392; x_wconf 89' lang='lat' dir='ltr'>ut</span> <span class='ocrx_word' id='word_1_669' title='bbox 1729 361 1845 400; x_wconf 83' lang='lat' dir='ltr'>populi,</span> <span class='ocrx_word' id='word_1_670' title='bbox 1861 362 1947 391; x_wconf 87' lang='lat' dir='ltr'>nobis</span> <span class='ocrx_word' id='word_1_671' title='bbox 1960 359 2075 398; x_wconf 88' lang='lat' dir='ltr'>subditi,</span> <span class='ocrx_word' id='word_1_672' title='bbox 2095 360 2170 397; x_wconf 84' lang='lat' dir='ltr'>pacis</span> <span class='ocrx_word' id='word_1_673' title='bbox 2190 359 2322 392; x_wconf 83' lang='lat' dir='ltr'>stabilita-</span> 
     </span>
    </p>
   </div>
   <div class='ocr_carea' id='block_1_21' title="bbox 1245 397 2336 1050">
    <p class='ocr_par' dir='ltr' id='par_1_31' title="bbox 1245 397 2336 1050">
     <span class='ocr_line' id='line_1_94' title="bbox 1253 397 2320 441; baseline -0.003 -8"><span class='ocrx_word' id='word_1_674' title='bbox 1253 411 1282 433; x_wconf 92' lang='lat' dir='ltr'>te</span> <span class='ocrx_word' id='word_1_675' title='bbox 1296 403 1439 441; x_wconf 83' lang='lat' dir='ltr'>fruantur,</span> <span class='ocrx_word' id='word_1_676' title='bbox 1457 403 1491 433; x_wconf 92' lang='lat'>&amp;</span> <span class='ocrx_word' id='word_1_677' title='bbox 1504 403 1541 432; x_wconf 87' lang='lat' dir='ltr'>ab</span> <span class='ocrx_word' id='word_1_678' title='bbox 1556 400 1682 432; x_wconf 89' lang='lat' dir='ltr'>hostium</span> <span class='ocrx_word' id='word_1_679' title='bbox 1696 400 1855 431; x_wconf 80' lang='lat' dir='ltr'>incursibus</span> <span class='ocrx_word' id='word_1_680' title='bbox 1867 407 2065 439; x_wconf 84' lang='lat' dir='ltr'>protegantur;</span> <span class='ocrx_word' id='word_1_681' title='bbox 2081 407 2115 428; x_wconf 88' lang='lat' dir='ltr'>ac</span> <span class='ocrx_word' id='word_1_682' title='bbox 2134 397 2171 428; x_wconf 90' lang='lat' dir='ltr'>de</span> <span class='ocrx_word' id='word_1_683' title='bbox 2188 398 2320 431; x_wconf 83' lang='lat' dir='ltr'>fidelitate</span> 
     </span>
     <span class='ocr_line' id='line_1_95' title="bbox 1252 436 2336 479; baseline -0.005 -7"><span class='ocrx_word' id='word_1_684' title='bbox 1252 441 1345 472; x_wconf 65' lang='lat' dir='ltr'>vestra</span> <span class='ocrx_word' id='word_1_685' title='bbox 1357 440 1490 479; x_wconf 72' lang='lat' dir='ltr'>probata,</span> <span class='ocrx_word' id='word_1_686' title='bbox 1509 441 1542 472; x_wconf 71' lang='grc' dir='ltr'>ὃς</span> <span class='ocrx_word' id='word_1_687' title='bbox 1556 440 1677 471; x_wconf 81' lang='lat' dir='ltr'>Consilii</span> <span class='ocrx_word' id='word_1_688' title='bbox 1692 439 1865 476; x_wconf 89' lang='lat' dir='ltr'>maturitate,</span> <span class='ocrx_word' id='word_1_689' title='bbox 1879 438 2002 476; x_wconf 82' lang='lat' dir='ltr'>plenarie</span> <span class='ocrx_word' id='word_1_690' title='bbox 2019 436 2205 475; x_wconf 83' lang='lat' dir='ltr'>confidentes,</span> <span class='ocrx_word' id='word_1_691' title='bbox 2333 454 2336 458; x_wconf 42' lang='grc' dir='ltr'><em>ι</em></span> 
     </span>
     <span class='ocr_line' id='line_1_96' title="bbox 1291 475 2318 518; baseline -0.005 -7"><span class='ocrx_word' id='word_1_692' title='bbox 1291 479 1533 510; x_wconf 81' lang='lat' dir='ltr'>constituerimus</span> <span class='ocrx_word' id='word_1_693' title='bbox 1545 489 1596 510; x_wconf 89' lang='lat' dir='ltr'>vos</span> <span class='ocrx_word' id='word_1_694' title='bbox 1602 478 1792 518; x_wconf 74' lang='lat' dir='ltr'>justiciarium</span> <span class='ocrx_word' id='word_1_695' title='bbox 1807 476 1909 506; x_wconf 75' lang='lat' dir='ltr'>Terrae</span> <span class='ocrx_word' id='word_1_696' title='bbox 1923 475 2027 506; x_wconf 86' lang='lat' dir='ltr'>nostrae</span> <span class='ocrx_word' id='word_1_697' title='bbox 2041 475 2191 506; x_wconf 81' lang='lat' dir='ltr'>Hiberniae</span> <span class='ocrx_word' id='word_1_698' title='bbox 2199 485 2318 515; x_wconf 87' lang='lat' dir='ltr'>,quam-</span> 
     </span>
     <span class='ocr_line' id='line_1_97' title="bbox 1252 513 2320 558; baseline -0.003 -10"><span class='ocrx_word' id='word_1_699' title='bbox 1252 518 1302 549; x_wconf 81' lang='lat' dir='ltr'>diu</span> <span class='ocrx_word' id='word_1_700' title='bbox 1316 518 1421 548; x_wconf 88' lang='lat' dir='ltr'>nostrae</span> <span class='ocrx_word' id='word_1_701' title='bbox 1434 519 1573 558; x_wconf 85' lang='lat' dir='ltr'>placuerit</span> <span class='ocrx_word' id='word_1_702' title='bbox 1584 517 1737 554; x_wconf 86' lang='lat' dir='ltr'>voluntati,</span> <span class='ocrx_word' id='word_1_703' title='bbox 1750 524 1835 556; x_wconf 89' lang='lat' dir='ltr'>prout</span> <span class='ocrx_word' id='word_1_704' title='bbox 1850 516 1880 545; x_wconf 90' lang='lat' dir='ltr'>in</span> <span class='ocrx_word' id='word_1_705' title='bbox 1897 515 1998 546; x_wconf 88' lang='lat' dir='ltr'>Literis</span> <span class='ocrx_word' id='word_1_706' title='bbox 2019 513 2119 545; x_wconf 90' lang='lat' dir='ltr'>nostris</span> <span class='ocrx_word' id='word_1_707' title='bbox 2140 513 2320 554; x_wconf 86' lang='lat' dir='ltr'>Patentibus,</span> 
     </span>
     <span class='ocr_line' id='line_1_98' title="bbox 1253 555 1897 594; baseline -0.006 -7"><span class='ocrx_word' id='word_1_708' title='bbox 1253 558 1335 588; x_wconf 88' lang='lat' dir='ltr'>vobis</span> <span class='ocrx_word' id='word_1_709' title='bbox 1347 557 1413 587; x_wconf 79' lang='lat' dir='ltr'>inde</span> <span class='ocrx_word' id='word_1_710' title='bbox 1427 556 1583 594; x_wconf 72' lang='lat' dir='ltr'>confeffis,</span> <span class='ocrx_word' id='word_1_711' title='bbox 1601 555 1709 594; x_wconf 77' lang='lat' dir='ltr'>plenius</span> <span class='ocrx_word' id='word_1_712' title='bbox 1722 555 1897 585; x_wconf 86' lang='lat' dir='ltr'>continetur:</span> 
     </span>
     <span class='ocr_line' id='line_1_99' title="bbox 1291 592 1898 634; baseline -0.007 -8"><span class='ocrx_word' id='word_1_713' title='bbox 1291 594 1383 626; x_wconf 91' lang='lat' dir='ltr'>Vobis</span> <span class='ocrx_word' id='word_1_714' title='bbox 1396 596 1480 634; x_wconf 85' lang='lat' dir='ltr'>igitur</span> <span class='ocrx_word' id='word_1_715' title='bbox 1492 605 1628 632; x_wconf 86' lang='lat' dir='ltr'>rogamus</span> <span class='ocrx_word' id='word_1_716' title='bbox 1640 595 1765 632; x_wconf 82' lang='lat' dir='ltr'>obnixe,</span> <span class='ocrx_word' id='word_1_717' title='bbox 1785 594 1814 623; x_wconf 89' lang='lat' dir='ltr'>in</span> <span class='ocrx_word' id='word_1_718' title='bbox 1828 592 1898 622; x_wconf 90' lang='lat' dir='ltr'>Fide</span> 
     </span>
     <span class='ocr_line' id='line_1_100' title="bbox 1253 632 2320 671; baseline -0.004 -7"><span class='ocrx_word' id='word_1_719' title='bbox 1253 634 1294 664; x_wconf 88' lang='lat' dir='ltr'>bis</span> <span class='ocrx_word' id='word_1_720' title='bbox 1309 635 1462 671; x_wconf 88' lang='lat' dir='ltr'>tenemini,</span> <span class='ocrx_word' id='word_1_721' title='bbox 1479 633 1593 663; x_wconf 86' lang='lat' dir='ltr'>firmiter</span> <span class='ocrx_word' id='word_1_722' title='bbox 1604 633 1799 671; x_wconf 82' lang='lat' dir='ltr'>injungendo,</span> <span class='ocrx_word' id='word_1_723' title='bbox 1819 632 1981 662; x_wconf 87' lang='lat' dir='ltr'>mandantes</span> <span class='ocrx_word' id='word_1_724' title='bbox 1993 654 2004 670; x_wconf 90' lang='lat'>,</span> <span class='ocrx_word' id='word_1_725' title='bbox 2029 639 2173 669; x_wconf 78' lang='lat' dir='ltr'>quatinuS,</span> <span class='ocrx_word' id='word_1_726' title='bbox 2201 632 2320 670; x_wconf 87' lang='lat' dir='ltr'>receptis</span> 
     </span>
     <span class='ocr_line' id='line_1_101' title="bbox 1252 669 2317 710; baseline -0.002 -8"><span class='ocrx_word' id='word_1_727' title='bbox 1252 671 1354 702; x_wconf 87' lang='lat' dir='ltr'>Literis</span> <span class='ocrx_word' id='word_1_728' title='bbox 1367 671 1469 702; x_wconf 91' lang='lat' dir='ltr'>nostris</span> <span class='ocrx_word' id='word_1_729' title='bbox 1483 671 1642 710; x_wconf 58' lang='lat' dir='ltr'>praedietis,</span> <span class='ocrx_word' id='word_1_730' title='bbox 1659 672 1734 702; x_wconf 86' lang='lat' dir='ltr'>circa</span> <span class='ocrx_word' id='word_1_731' title='bbox 1748 671 1946 702; x_wconf 89' lang='lat' dir='ltr'>executionem</span> <span class='ocrx_word' id='word_1_732' title='bbox 1961 669 2064 700; x_wconf 89' lang='lat' dir='ltr'>Officii</span> <span class='ocrx_word' id='word_1_733' title='bbox 2077 669 2148 699; x_wconf 87' lang='lat' dir='ltr'>illius</span> <span class='ocrx_word' id='word_1_734' title='bbox 2163 692 2173 708; x_wconf 85' lang='lat'>,</span> <span class='ocrx_word' id='word_1_735' title='bbox 2191 669 2317 700; x_wconf 84' lang='lat' dir='ltr'>talem&amp;</span> 
     </span>
     <span class='ocr_line' id='line_1_102' title="bbox 1251 707 2317 748; baseline -0.003 -8"><span class='ocrx_word' id='word_1_736' title='bbox 1251 719 1357 741; x_wconf 90' lang='lat' dir='ltr'>tantam</span> <span class='ocrx_word' id='word_1_737' title='bbox 1372 709 1588 740; x_wconf 88' lang='lat' dir='ltr'>sollicitudinem</span> <span class='ocrx_word' id='word_1_738' title='bbox 1601 718 1744 748; x_wconf 87' lang='lat' dir='ltr'>apponere</span> <span class='ocrx_word' id='word_1_739' title='bbox 1755 709 1898 748; x_wconf 83' lang='lat' dir='ltr'>studeatis,</span> <span class='ocrx_word' id='word_1_740' title='bbox 1917 709 1994 747; x_wconf 84' lang='lat' dir='ltr'>quod</span> <span class='ocrx_word' id='word_1_741' title='bbox 2014 709 2071 739; x_wconf 82' lang='lat' dir='ltr'>Pax</span> <span class='ocrx_word' id='word_1_742' title='bbox 2093 707 2188 738; x_wconf 90' lang='lat' dir='ltr'>nostra</span> <span class='ocrx_word' id='word_1_743' title='bbox 2208 707 2317 738; x_wconf 88' lang='lat' dir='ltr'>ibidem</span> 
     </span>
     <span class='ocr_line' id='line_1_103' title="bbox 1252 745 2317 787; baseline -0.001 -9"><span class='ocrx_word' id='word_1_744' title='bbox 1252 749 1358 779; x_wconf 86' lang='lat' dir='ltr'>illibata</span> <span class='ocrx_word' id='word_1_745' title='bbox 1372 757 1548 786; x_wconf 87' lang='lat' dir='ltr'>permaneat,</span> <span class='ocrx_word' id='word_1_746' title='bbox 1565 748 1600 778; x_wconf 85' lang='lat'>&amp;</span> <span class='ocrx_word' id='word_1_747' title='bbox 1614 747 1741 786; x_wconf 90' lang='lat' dir='ltr'>Populus</span> <span class='ocrx_word' id='word_1_748' title='bbox 1754 771 1765 787; x_wconf 94' lang='lat'>,</span> <span class='ocrx_word' id='word_1_749' title='bbox 1790 749 1870 784; x_wconf 83' lang='lat' dir='ltr'>nobis</span> <span class='ocrx_word' id='word_1_750' title='bbox 1890 747 2014 778; x_wconf 88' lang='lat' dir='ltr'>subditus</span> <span class='ocrx_word' id='word_1_751' title='bbox 2027 770 2037 785; x_wconf 79' lang='lat'>‚</span> <span class='ocrx_word' id='word_1_752' title='bbox 2051 747 2089 777; x_wconf 85' lang='lat' dir='ltr'>ab</span> <span class='ocrx_word' id='word_1_753' title='bbox 2109 745 2248 777; x_wconf 90' lang='lat' dir='ltr'>Hostium</span> <span class='ocrx_word' id='word_1_754' title='bbox 2267 745 2317 777; x_wconf 89' lang='lat' dir='ltr'>In-</span> 
     </span>
     <span class='ocr_line' id='line_1_104' title="bbox 1251 785 2180 825; baseline -0.004 -6"><span class='ocrx_word' id='word_1_755' title='bbox 1251 788 1389 824; x_wconf 83' lang='lat' dir='ltr'>curfibus,</span> <span class='ocrx_word' id='word_1_756' title='bbox 1407 787 1550 817; x_wconf 89' lang='lat' dir='ltr'>mediante</span> <span class='ocrx_word' id='word_1_757' title='bbox 1561 785 1663 816; x_wconf 82' lang='lat' dir='ltr'>vestrae</span> <span class='ocrx_word' id='word_1_758' title='bbox 1677 786 1825 817; x_wconf 86' lang='lat' dir='ltr'>Probitatis</span> <span class='ocrx_word' id='word_1_759' title='bbox 1837 786 1991 825; x_wconf 67' lang='lat' dir='ltr'>industria,</span> <span class='ocrx_word' id='word_1_760' title='bbox 2009 794 2180 824; x_wconf 86' lang='lat' dir='ltr'>protegatur.</span> 
     </span>
     <span class='ocr_line' id='line_1_105' title="bbox 1289 824 2316 863; baseline -0.002 -7"><span class='ocrx_word' id='word_1_761' title='bbox 1289 825 1493 856; x_wconf 86' lang='lat' dir='ltr'>Mandavimus</span> <span class='ocrx_word' id='word_1_762' title='bbox 1505 834 1602 856; x_wconf 91' lang='lat' dir='ltr'>autem</span> <span class='ocrx_word' id='word_1_763' title='bbox 1618 825 1799 863; x_wconf 84' lang='lat' dir='ltr'>Magnatibus</span> <span class='ocrx_word' id='word_1_764' title='bbox 1810 824 1897 855; x_wconf 66' lang='lat' dir='ltr'>dictae</span> <span class='ocrx_word' id='word_1_765' title='bbox 1911 834 1992 855; x_wconf 79' lang='lat' dir='ltr'>terrae</span> <span class='ocrx_word' id='word_1_766' title='bbox 2005 824 2108 855; x_wconf 83' lang='lat' dir='ltr'>nostrae</span> <span class='ocrx_word' id='word_1_767' title='bbox 2117 847 2126 862; x_wconf 86' lang='lat'>,</span> <span class='ocrx_word' id='word_1_768' title='bbox 2144 834 2194 862; x_wconf 91' lang='lat' dir='ltr'>per</span> <span class='ocrx_word' id='word_1_769' title='bbox 2205 824 2268 854; x_wconf 89' lang='lat' dir='ltr'>alias</span> <span class='ocrx_word' id='word_1_770' title='bbox 2281 824 2316 854; x_wconf 90' lang='lat' dir='ltr'>li-</span> 
     </span>
     <span class='ocr_line' id='line_1_106' title="bbox 1249 862 2318 902; baseline -0.002 -8"><span class='ocrx_word' id='word_1_771' title='bbox 1249 872 1320 895; x_wconf 88' lang='lat' dir='ltr'>teras</span> <span class='ocrx_word' id='word_1_772' title='bbox 1335 863 1441 894; x_wconf 84' lang='lat' dir='ltr'>nostras</span> <span class='ocrx_word' id='word_1_773' title='bbox 1455 864 1602 902; x_wconf 77' lang='lat' dir='ltr'>speciales,</span> <span class='ocrx_word' id='word_1_774' title='bbox 1616 864 1696 902; x_wconf 80' lang='lat' dir='ltr'>quod</span> <span class='ocrx_word' id='word_1_775' title='bbox 1712 863 1795 893; x_wconf 89' lang='lat' dir='ltr'>vobis</span> <span class='ocrx_word' id='word_1_776' title='bbox 1808 864 1838 893; x_wconf 92' lang='lat' dir='ltr'>in</span> <span class='ocrx_word' id='word_1_777' title='bbox 1851 864 1920 902; x_wconf 89' lang='lat' dir='ltr'>hiis,</span> <span class='ocrx_word' id='word_1_778' title='bbox 1938 873 2003 902; x_wconf 85' lang='lat' dir='ltr'>quae</span> <span class='ocrx_word' id='word_1_779' title='bbox 2024 863 2059 894; x_wconf 88' lang='lat' dir='ltr'>ad</span> <span class='ocrx_word' id='word_1_780' title='bbox 2083 864 2195 893; x_wconf 90' lang='lat' dir='ltr'>bonum</span> <span class='ocrx_word' id='word_1_781' title='bbox 2226 862 2318 902; x_wconf 85' lang='lat' dir='ltr'>Regi-</span> 
     </span>
     <span class='ocr_line' id='line_1_107' title="bbox 1251 901 2318 941; baseline -0.003 -8"><span class='ocrx_word' id='word_1_782' title='bbox 1251 913 1317 934; x_wconf 89' lang='lat' dir='ltr'>rnen</span> <span class='ocrx_word' id='word_1_783' title='bbox 1334 903 1436 933; x_wconf 86' lang='lat' dir='ltr'>Terrae</span> <span class='ocrx_word' id='word_1_784' title='bbox 1447 903 1533 940; x_wconf 84' lang='lat' dir='ltr'>illius,</span> <span class='ocrx_word' id='word_1_785' title='bbox 1558 903 1592 933; x_wconf 89' lang='lat'>&amp;</span> <span class='ocrx_word' id='word_1_786' title='bbox 1611 901 1798 941; x_wconf 82' lang='lat' dir='ltr'>repulsionem</span> <span class='ocrx_word' id='word_1_787' title='bbox 1816 901 2004 933; x_wconf 87' lang='lat' dir='ltr'>Inimicorum</span> <span class='ocrx_word' id='word_1_788' title='bbox 2025 901 2191 933; x_wconf 88' lang='lat' dir='ltr'>nostrorum</span> <span class='ocrx_word' id='word_1_789' title='bbox 2203 924 2213 940; x_wconf 95' lang='lat'>,</span> <span class='ocrx_word' id='word_1_790' title='bbox 2233 901 2318 941; x_wconf 88' lang='lat' dir='ltr'>perti-</span> 
     </span>
     <span class='ocr_line' id='line_1_108' title="bbox 1249 939 2167 981; baseline -0.002 -9"><span class='ocrx_word' id='word_1_791' title='bbox 1249 950 1336 980; x_wconf 90' lang='lat' dir='ltr'>nent,</span> <span class='ocrx_word' id='word_1_792' title='bbox 1355 950 1485 980; x_wconf 85' lang='lat' dir='ltr'>pareant,</span> <span class='ocrx_word' id='word_1_793' title='bbox 1500 941 1534 971; x_wconf 70' lang='grc' dir='ltr'>ὅτ,</span> <span class='ocrx_word' id='word_1_794' title='bbox 1547 940 1669 971; x_wconf 86' lang='lat' dir='ltr'>affistant</span> <span class='ocrx_word' id='word_1_795' title='bbox 1684 939 1817 970; x_wconf 81' lang='lat' dir='ltr'>Consiliis</span> <span class='ocrx_word' id='word_1_796' title='bbox 1832 940 1866 970; x_wconf 90' lang='lat'>&amp;</span> <span class='ocrx_word' id='word_1_797' title='bbox 1881 940 1996 970; x_wconf 87' lang='lat' dir='ltr'>Auxiliis</span> <span class='ocrx_word' id='word_1_798' title='bbox 2011 941 2167 981; x_wconf 86' lang='lat' dir='ltr'>oportunis.</span> 
     </span>
     <span class='ocr_line' id='line_1_109' title="bbox 1245 977 2314 1050; baseline -0.002 -40"><span class='ocrx_word' id='word_1_799' title='bbox 1245 1019 1265 1050; x_wconf 79' lang='lat' dir='ltr'>b</span> <span class='ocrx_word' id='word_1_800' title='bbox 1282 979 1372 1024; x_wconf 73' lang='lat' dir='ltr'>Teste</span> <span class='ocrx_word' id='word_1_801' title='bbox 1398 980 1480 1020; x_wconf 87' lang='lat' dir='ltr'>Rege</span> <span class='ocrx_word' id='word_1_802' title='bbox 1505 978 1578 1018; x_wconf 88' lang='lat' dir='ltr'>apud</span> <span class='ocrx_word' id='word_1_803' title='bbox 1602 977 1895 1009; x_wconf 87' lang='lat' dir='ltr'>Westmonasterium</span> <span class='ocrx_word' id='word_1_804' title='bbox 1917 1001 1928 1017; x_wconf 83' lang='lat'>‚</span> <span class='ocrx_word' id='word_1_805' title='bbox 1960 978 2077 1010; x_wconf 90' lang='lat' dir='ltr'>decimo</span> <span class='ocrx_word' id='word_1_806' title='bbox 2102 980 2177 1010; x_wconf 81' lang='lat' dir='ltr'>sexto</span> <span class='ocrx_word' id='word_1_807' title='bbox 2195 977 2241 1009; x_wconf 90' lang='lat' dir='ltr'>die</span> <span class='ocrx_word' id='word_1_808' title='bbox 2259 977 2314 1008; x_wconf 88' lang='lat' dir='ltr'>Fe·</span> 
     </span>
     <span class='ocr_line' id='line_1_110' title="bbox 1266 1029 1357 1049; baseline -0.011 0"><span class='ocrx_word' id='word_1_809' title='bbox 1266 1029 1357 1049; x_wconf 86' lang='lat' dir='ltr'>ruarii.</span> 
     </span>
    </p>
   </div>
   <div class='ocr_carea' id='block_1_22' title="bbox 1912 578 2318 636">
    <p class='ocr_par' dir='ltr' id='par_1_32' title="bbox 1912 578 2318 636">
     <span class='ocr_line' id='line_1_111' title="bbox 1912 578 2318 636; baseline -0.002 -13"><span class='ocrx_word' id='word_1_810' title='bbox 1912 593 1945 623; x_wconf 88' lang='lat'>&amp;</span> <span class='ocrx_word' id='word_1_811' title='bbox 1960 590 2108 636; x_wconf 60' lang='lat' dir='ltr'>Ligeantiafi</span> <span class='ocrx_word' id='word_1_812' title='bbox 2115 615 2124 630; x_wconf 92' lang='lat'>,</span> <span class='ocrx_word' id='word_1_813' title='bbox 2141 592 2243 631; x_wconf 87' lang='lat' dir='ltr'>quibus</span> <span class='ocrx_word' id='word_1_814' title='bbox 2257 578 2318 622; x_wconf 25' lang='lat' dir='ltr'>*no-</span> 
     </span>
    </p>
   </div>
   <div class='ocr_carea' id='block_1_23' title="bbox 1244 1144 2313 1243">
    <p class='ocr_par' dir='ltr' id='par_1_33' title="bbox 1244 1144 2313 1243">
     <span class='ocr_line' id='line_1_112' title="bbox 1244 1144 2313 1194; baseline 0.001 -15"><span class='ocrx_word' id='word_1_815' title='bbox 1244 1147 1272 1173; x_wconf 62' lang='lat'><em>*</em></span> <span class='ocrx_word' id='word_1_816' title='bbox 1299 1149 1357 1180; x_wconf 87' lang='lat' dir='ltr'>Pro</span> <span class='ocrx_word' id='word_1_817' title='bbox 1375 1147 1453 1189; x_wconf 88' lang='lat' dir='ltr'>illis,</span> <span class='ocrx_word' id='word_1_818' title='bbox 1479 1151 1532 1194; x_wconf 82' lang='lat' dir='ltr'>qui</span> <span class='ocrx_word' id='word_1_819' title='bbox 1540 1146 1672 1192; x_wconf 72' lang='lat' dir='ltr'>fuerunt</span> <span class='ocrx_word' id='word_1_820' title='bbox 1689 1145 1725 1179; x_wconf 86' lang='lat' dir='ltr'>dc</span> <span class='ocrx_word' id='word_1_821' title='bbox 1748 1146 1886 1194; x_wconf 63' lang='lat' dir='ltr'>Querela</span> <span class='ocrx_word' id='word_1_822' title='bbox 1904 1149 2029 1180; x_wconf 87' lang='lat' dir='ltr'>Comitis</span> <span class='ocrx_word' id='word_1_823' title='bbox 2045 1145 2235 1190; x_wconf 81' lang='lat' dir='ltr'>Lancastriae‚</span> <span class='ocrx_word' id='word_1_824' title='bbox 2254 1144 2313 1193; x_wconf 77' lang='lat' dir='ltr'>fh-</span> 
     </span>
     <span class='ocr_line' id='line_1_113' title="bbox 1342 1193 2216 1243; baseline 0.002 -15"><span class='ocrx_word' id='word_1_825' title='bbox 1342 1205 1398 1243; x_wconf 86' lang='lat' dir='ltr'>per</span> <span class='ocrx_word' id='word_1_826' title='bbox 1421 1193 1563 1239; x_wconf 72' lang='lat' dir='ltr'>Finibus,</span> <span class='ocrx_word' id='word_1_827' title='bbox 1589 1195 1625 1228; x_wconf 88' lang='lat' dir='ltr'>de</span> <span class='ocrx_word' id='word_1_828' title='bbox 1640 1195 1765 1242; x_wconf 71' lang='lat' dir='ltr'>Affinsu</span> <span class='ocrx_word' id='word_1_829' title='bbox 1784 1196 2002 1238; x_wconf 73' lang='lat' dir='ltr'>Parliamenti,</span> <span class='ocrx_word' id='word_1_830' title='bbox 2029 1194 2216 1230; x_wconf 86' lang='lat' dir='ltr'>relaxandis.</span> 
     </span>
    </p>
   </div>
   <div class='ocr_carea' id='block_1_24' title="bbox 1230 1279 2468 2559">
    <p class='ocr_par' dir='ltr' id='par_1_34' title="bbox 1230 1279 2468 2559">
     <span class='ocr_line' id='line_1_114' title="bbox 1313 1279 2463 1320; baseline 0.001 -8"><span class='ocrx_word' id='word_1_831' title='bbox 1313 1280 1338 1311; x_wconf 90' lang='lat' dir='ltr'><strong>E</strong></span> <span class='ocrx_word' id='word_1_832' title='bbox 1347 1281 1377 1312; x_wconf 91' lang='lat' dir='ltr'>X</span> <span class='ocrx_word' id='word_1_833' title='bbox 1392 1282 1580 1312; x_wconf 86' lang='lat' dir='ltr'>Thesaurario</span> <span class='ocrx_word' id='word_1_834' title='bbox 1594 1282 1627 1313; x_wconf 90' lang='lat'>&amp;</span> <span class='ocrx_word' id='word_1_835' title='bbox 1644 1280 1801 1312; x_wconf 81' lang='lat' dir='ltr'>Baronibus</span> <span class='ocrx_word' id='word_1_836' title='bbox 1814 1281 1864 1312; x_wconf 89' lang='lat' dir='ltr'>suis</span> <span class='ocrx_word' id='word_1_837' title='bbox 1879 1279 1916 1311; x_wconf 89' lang='lat' dir='ltr'>de</span> <span class='ocrx_word' id='word_1_838' title='bbox 1930 1280 2081 1312; x_wconf 83' lang='lat' dir='ltr'>Scaccario</span> <span class='ocrx_word' id='word_1_839' title='bbox 2125 1279 2257 1313; x_wconf 88' lang='lat' dir='ltr'>Salutem.</span> <span class='ocrx_word' id='word_1_840' title='bbox 2329 1287 2407 1319; x_wconf 74' lang='grc' dir='ltr'>Αῃῃ,</span> <span class='ocrx_word' id='word_1_841' title='bbox 2422 1288 2463 1320; x_wconf 73' lang='lat' dir='ltr'>D,</span> 
     </span>
     <span class='ocr_line' id='line_1_115' title="bbox 1317 1303 2438 1368; baseline 0.002 -18"><span class='ocrx_word' id='word_1_842' title='bbox 1317 1359 1321 1363; x_wconf 36' lang='grc' dir='ltr'>Ι</span> <span class='ocrx_word' id='word_1_843' title='bbox 1357 1320 1533 1364; x_wconf 31' lang='lat' dir='ltr'>Supplicavit·</span> <span class='ocrx_word' id='word_1_844' title='bbox 1543 1321 1641 1358; x_wconf 82' lang='lat' dir='ltr'>nobis,</span> <span class='ocrx_word' id='word_1_845' title='bbox 1660 1320 1776 1350; x_wconf 66' lang='lat' dir='ltr'>dilectus</span> <span class='ocrx_word' id='word_1_846' title='bbox 1789 1321 1822 1351; x_wconf 68' lang='grc' dir='ltr'>ὃς</span> <span class='ocrx_word' id='word_1_847' title='bbox 1846 1319 1932 1350; x_wconf 85' lang='lat' dir='ltr'>fidelis</span> <span class='ocrx_word' id='word_1_848' title='bbox 1953 1319 2049 1364; x_wconf 79' lang='lat' dir='ltr'>noster</span> <span class='ocrx_word' id='word_1_849' title='bbox 2061 1343 2071 1357; x_wconf 86' lang='lat'>,</span> <span class='ocrx_word' id='word_1_850' title='bbox 2089 1303 2257 1364; x_wconf 47' lang='lat' dir='ltr'>&amp;dmundus</span> <span class='ocrx_word' id='word_1_851' title='bbox 2274 1321 2311 1352; x_wconf 90' lang='lat' dir='ltr'>de</span> <span class='ocrx_word' id='word_1_852' title='bbox 2354 1336 2438 1368; x_wconf 74' lang='lat'>1327,</span> 
     </span>
     <span class='ocr_line' id='line_1_116' title="bbox 1240 1357 2423 1427; baseline 0.006 -39"><span class='ocrx_word' id='word_1_853' title='bbox 1240 1357 1361 1427; x_wconf 54' lang='lat' dir='ltr'>Nfiyssu’</span> <span class='ocrx_word' id='word_1_854' title='bbox 1381 1369 1430 1397; x_wconf 89' lang='lat' dir='ltr'>per</span> <span class='ocrx_word' id='word_1_855' title='bbox 1453 1358 1623 1389; x_wconf 86' lang='lat' dir='ltr'>Petitionem</span> <span class='ocrx_word' id='word_1_856' title='bbox 1647 1359 1740 1397; x_wconf 89' lang='lat' dir='ltr'>suam,</span> <span class='ocrx_word' id='word_1_857' title='bbox 1766 1368 1867 1390; x_wconf 87' lang='lat' dir='ltr'>coram</span> <span class='ocrx_word' id='word_1_858' title='bbox 1885 1358 1985 1389; x_wconf 84' lang='lat' dir='ltr'>Nobis</span> <span class='ocrx_word' id='word_1_859' title='bbox 2004 1359 2038 1390; x_wconf 90' lang='lat'>&amp;</span> <span class='ocrx_word' id='word_1_860' title='bbox 2061 1357 2191 1389; x_wconf 85' lang='lat' dir='ltr'>Consilio</span> <span class='ocrx_word' id='word_1_861' title='bbox 2212 1359 2311 1391; x_wconf 89' lang='lat' dir='ltr'>nostro</span> <span class='ocrx_word' id='word_1_862' title='bbox 2326 1369 2378 1394; x_wconf 84' lang='lat' dir='ltr'>An.</span> <span class='ocrx_word' id='word_1_863' title='bbox 2400 1377 2423 1394; x_wconf 87' lang='lat'>1.</span> 
     </span>
     <span class='ocr_line' id='line_1_117' title="bbox 1237 1405 2400 1436; baseline 0.003 -9"><span class='ocrx_word' id='word_1_864' title='bbox 1237 1405 1272 1427; x_wconf 86' lang='lat' dir='ltr'>ex</span> <span class='ocrx_word' id='word_1_865' title='bbox 1294 1407 1302 1426; x_wconf 89' lang='lat'><em>1</em></span> <span class='ocrx_word' id='word_1_866' title='bbox 1327 1406 1407 1436; x_wconf 86' lang='lat' dir='ltr'>itam,</span> <span class='ocrx_word' id='word_1_867' title='bbox 2327 1408 2357 1432; x_wconf 78' lang='grc' dir='ltr'>Ε.</span> <span class='ocrx_word' id='word_1_868' title='bbox 2394 1425 2400 1431; x_wconf 94' lang='grc'><strong><em>.</em></strong></span> 
     </span>
     <span class='ocr_line' id='line_1_118' title="bbox 1276 1414 2468 1480; baseline 0.004 -14"><span class='ocrx_word' id='word_1_869' title='bbox 1276 1435 1341 1475; x_wconf 82' lang='lat' dir='ltr'>Ut,</span> <span class='ocrx_word' id='word_1_870' title='bbox 2326 1414 2415 1480; x_wconf 49' lang='lat' dir='ltr'>Clarias.</span> <span class='ocrx_word' id='word_1_871' title='bbox 2439 1452 2468 1472; x_wconf 86' lang='lat'>1.</span> 
     </span>
     <span class='ocr_line' id='line_1_119' title="bbox 1276 1473 2404 1518; baseline 0.005 -14"><span class='ocrx_word' id='word_1_872' title='bbox 1276 1473 1358 1505; x_wconf 77' lang='lat' dir='ltr'>Cum</span> <span class='ocrx_word' id='word_1_873' title='bbox 1372 1473 1427 1515; x_wconf 92' lang='lat' dir='ltr'>ipse</span> <span class='ocrx_word' id='word_1_874' title='bbox 1439 1485 1530 1514; x_wconf 82' lang='lat' dir='ltr'>nuper</span> <span class='ocrx_word' id='word_1_875' title='bbox 2326 1485 2359 1509; x_wconf 80' lang='grc' dir='ltr'>Ε.</span> <span class='ocrx_word' id='word_1_876' title='bbox 2378 1491 2404 1518; x_wconf 84' lang='lat'>3.</span> 
     </span>
     <span class='ocr_line' id='line_1_120' title="bbox 1276 1511 2399 1557; baseline 0.004 -15"><span class='ocrx_word' id='word_1_877' title='bbox 1276 1511 1327 1543; x_wconf 86' lang='lat' dir='ltr'>De</span> <span class='ocrx_word' id='word_1_878' title='bbox 1340 1523 1376 1543; x_wconf 88' lang='lat' dir='ltr'>eo</span> <span class='ocrx_word' id='word_1_879' title='bbox 1390 1514 1488 1553; x_wconf 85' lang='lat' dir='ltr'>quod,</span> <span class='ocrx_word' id='word_1_880' title='bbox 1507 1514 1541 1545; x_wconf 89' lang='lat' dir='ltr'>ad</span> <span class='ocrx_word' id='word_1_881' title='bbox 1558 1514 1723 1545; x_wconf 87' lang='lat' dir='ltr'>mandatum</span> <span class='ocrx_word' id='word_1_882' title='bbox 1737 1512 1882 1552; x_wconf 82' lang='lat' dir='ltr'>Thomae,</span> <span class='ocrx_word' id='word_1_883' title='bbox 1899 1521 1970 1545; x_wconf 87' lang='lat' dir='ltr'>tunc</span> <span class='ocrx_word' id='word_1_884' title='bbox 1984 1513 2111 1544; x_wconf 88' lang='lat' dir='ltr'>Comitis</span> <span class='ocrx_word' id='word_1_885' title='bbox 2126 1512 2300 1545; x_wconf 83' lang='lat' dir='ltr'>Lancastriae</span> <span class='ocrx_word' id='word_1_886' title='bbox 2328 1525 2353 1557; x_wconf 83' lang='lat' dir='ltr'>p.</span> <span class='ocrx_word' id='word_1_887' title='bbox 2376 1529 2399 1547; x_wconf 79' lang='grc' dir='ltr'>ι.</span> 
     </span>
     <span class='ocr_line' id='line_1_121' title="bbox 1240 1537 2428 1598; baseline 0.003 -16"><span class='ocrx_word' id='word_1_888' title='bbox 1240 1551 1337 1594; x_wconf 77' lang='lat' dir='ltr'>(cujus</span> <span class='ocrx_word' id='word_1_889' title='bbox 1351 1551 1374 1581; x_wconf 89' lang='lat' dir='ltr'>F</span> <span class='ocrx_word' id='word_1_890' title='bbox 1375 1553 1503 1583; x_wconf 86' lang='lat' dir='ltr'>amiliaris</span> <span class='ocrx_word' id='word_1_891' title='bbox 1517 1554 1527 1589; x_wconf 93' lang='lat'><em>)</em></span> <span class='ocrx_word' id='word_1_892' title='bbox 1543 1553 1679 1598; x_wconf 82' lang='lat' dir='ltr'>quosdam</span> <span class='ocrx_word' id='word_1_893' title='bbox 1693 1551 1854 1591; x_wconf 76' lang='lat' dir='ltr'>Homines,</span> <span class='ocrx_word' id='word_1_894' title='bbox 1874 1553 1910 1583; x_wconf 90' lang='lat' dir='ltr'>de</span> <span class='ocrx_word' id='word_1_895' title='bbox 1923 1537 2312 1596; x_wconf 55' lang='lat' dir='ltr'>ComitatuLancastriaestd</span> <span class='ocrx_word' id='word_1_896' title='bbox 2328 1567 2365 1586; x_wconf 87' lang='lat' dir='ltr'>m.</span> <span class='ocrx_word' id='word_1_897' title='bbox 2381 1566 2428 1588; x_wconf 78' lang='lat'>21,</span> 
     </span>
     <span class='ocr_line' id='line_1_122' title="bbox 1238 1590 2315 1631; baseline 0.003 -12"><span class='ocrx_word' id='word_1_898' title='bbox 1238 1590 1422 1620; x_wconf 75' lang='lat' dir='ltr'>resistendum</span> <span class='ocrx_word' id='word_1_899' title='bbox 1437 1591 1559 1631; x_wconf 84' lang='lat' dir='ltr'>Hugoni</span> <span class='ocrx_word' id='word_1_900' title='bbox 1574 1592 1600 1622; x_wconf 91' lang='lat' dir='ltr'>le</span> <span class='ocrx_word' id='word_1_901' title='bbox 1614 1591 1788 1631; x_wconf 87' lang='lat' dir='ltr'>Despenser,</span> <span class='ocrx_word' id='word_1_902' title='bbox 1804 1592 1838 1622; x_wconf 92' lang='lat'>&amp;</span> <span class='ocrx_word' id='word_1_903' title='bbox 1855 1591 2021 1628; x_wconf 88' lang='lat' dir='ltr'>quibusdam</span> <span class='ocrx_word' id='word_1_904' title='bbox 2037 1590 2094 1620; x_wconf 86' lang='lat' dir='ltr'>alns</span> <span class='ocrx_word' id='word_1_905' title='bbox 2110 1614 2120 1629; x_wconf 88' lang='lat'>,</span> <span class='ocrx_word' id='word_1_906' title='bbox 2143 1590 2315 1622; x_wconf 84' lang='lat' dir='ltr'>Consiliariis</span> 
     </span>
     <span class='ocr_line' id='line_1_123' title="bbox 1239 1627 2318 1675; baseline 0.003 -17"><span class='ocrx_word' id='word_1_907' title='bbox 1239 1627 1364 1659; x_wconf 88' lang='lat' dir='ltr'>Domini</span> <span class='ocrx_word' id='word_1_908' title='bbox 1380 1629 1412 1659; x_wconf 81' lang='lat' dir='ltr'>E.</span> <span class='ocrx_word' id='word_1_909' title='bbox 1429 1640 1516 1674; x_wconf 80' lang='lat' dir='ltr'>nuper</span> <span class='ocrx_word' id='word_1_910' title='bbox 1533 1630 1622 1670; x_wconf 86' lang='lat' dir='ltr'>Regis</span> <span class='ocrx_word' id='word_1_911' title='bbox 1635 1630 1753 1675; x_wconf 74' lang='lat' dir='ltr'>Angliae</span> <span class='ocrx_word' id='word_1_912' title='bbox 1766 1653 1776 1669; x_wconf 84' lang='lat'>‚</span> <span class='ocrx_word' id='word_1_913' title='bbox 1788 1629 1890 1674; x_wconf 31' lang='lat' dir='ltr'>‘Patris</span> <span class='ocrx_word' id='word_1_914' title='bbox 1910 1630 2000 1661; x_wconf 88' lang='lat' dir='ltr'>nostri</span> <span class='ocrx_word' id='word_1_915' title='bbox 2015 1653 2025 1669; x_wconf 81' lang='lat'>,</span> <span class='ocrx_word' id='word_1_916' title='bbox 2052 1629 2144 1668; x_wconf 89' lang='lat' dir='ltr'>ipsum</span> <span class='ocrx_word' id='word_1_917' title='bbox 2165 1629 2318 1662; x_wconf 90' lang='lat' dir='ltr'>Comitem</span> 
     </span>
     <span class='ocr_line' id='line_1_124' title="bbox 1237 1667 2318 1751; baseline 0.002 -15"><span class='ocrx_word' id='word_1_918' title='bbox 1237 1668 1399 1751; x_wconf 51' lang='grc' dir='ltr'>ωῖὲρξξιΐῑξε</span> <span class='ocrx_word' id='word_1_919' title='bbox 1420 1667 1931 1751; x_wconf 37' lang='lat' dir='ltr'>ugrrxiltiipgs&amp;agrtgitzligitgpugcsegocfis</span> <span class='ocrx_word' id='word_1_920' title='bbox 1949 1705 2000 1737; x_wconf 89' lang='lat' dir='ltr'>suis</span> <span class='ocrx_word' id='word_1_921' title='bbox 2013 1729 2023 1745; x_wconf 89' lang='lat'>,</span> <span class='ocrx_word' id='word_1_922' title='bbox 2044 1706 2214 1745; x_wconf 89' lang='lat' dir='ltr'>Justiciariis</span> <span class='ocrx_word' id='word_1_923' title='bbox 2234 1707 2318 1748; x_wconf 85' lang='lat' dir='ltr'>ipsius</span> 
     </span>
     <span class='ocr_line' id='line_1_125' title="bbox 1237 1743 2319 1786; baseline 0.004 -12"><span class='ocrx_word' id='word_1_924' title='bbox 1237 1743 1325 1775; x_wconf 88' lang='lat' dir='ltr'>Patris</span> <span class='ocrx_word' id='word_1_925' title='bbox 1340 1744 1446 1784; x_wconf 85' lang='lat' dir='ltr'>nostri,</span> <span class='ocrx_word' id='word_1_926' title='bbox 1464 1745 1498 1776; x_wconf 92' lang='lat' dir='ltr'>ad</span> <span class='ocrx_word' id='word_1_927' title='bbox 1513 1744 1634 1785; x_wconf 89' lang='lat' dir='ltr'>Placita,</span> <span class='ocrx_word' id='word_1_928' title='bbox 1652 1756 1752 1777; x_wconf 86' lang='lat' dir='ltr'>coram</span> <span class='ocrx_word' id='word_1_929' title='bbox 1766 1743 1871 1776; x_wconf 91' lang='lat' dir='ltr'>eodem</span> <span class='ocrx_word' id='word_1_930' title='bbox 1886 1743 1969 1775; x_wconf 90' lang='lat' dir='ltr'>Patre</span> <span class='ocrx_word' id='word_1_931' title='bbox 1982 1744 2081 1775; x_wconf 90' lang='lat' dir='ltr'>nostro</span> <span class='ocrx_word' id='word_1_932' title='bbox 2108 1747 2229 1778; x_wconf 89' lang='lat' dir='ltr'>tenenda</span> <span class='ocrx_word' id='word_1_933' title='bbox 2245 1771 2255 1786; x_wconf 92' lang='lat'>,</span> <span class='ocrx_word' id='word_1_934' title='bbox 2277 1746 2319 1778; x_wconf 91' lang='lat' dir='ltr'>as-</span> 
     </span>
     <span class='ocr_line' id='line_1_126' title="bbox 1238 1782 2318 1823; baseline 0.003 -10"><span class='ocrx_word' id='word_1_935' title='bbox 1238 1783 1363 1823; x_wconf 84' lang='lat' dir='ltr'>fignatis,</span> <span class='ocrx_word' id='word_1_936' title='bbox 1382 1785 1411 1813; x_wconf 91' lang='lat' dir='ltr'>in</span> <span class='ocrx_word' id='word_1_937' title='bbox 1426 1784 1508 1814; x_wconf 57' lang='lat' dir='ltr'>disto</span> <span class='ocrx_word' id='word_1_938' title='bbox 1522 1783 1674 1816; x_wconf 85' lang='lat' dir='ltr'>Comitatu</span> <span class='ocrx_word' id='word_1_939' title='bbox 1689 1784 1841 1816; x_wconf 66' lang='lat' dir='ltr'>indictarus</span> <span class='ocrx_word' id='word_1_940' title='bbox 1854 1782 1964 1822; x_wconf 82' lang='lat' dir='ltr'>fuiffet,</span> <span class='ocrx_word' id='word_1_941' title='bbox 1982 1784 2016 1814; x_wconf 88' lang='lat'>&amp;</span> <span class='ocrx_word' id='word_1_942' title='bbox 2039 1783 2074 1814; x_wconf 73' lang='lat' dir='ltr'>ea</span> <span class='ocrx_word' id='word_1_943' title='bbox 2095 1785 2246 1816; x_wconf 86' lang='lat' dir='ltr'>occasione</span> <span class='ocrx_word' id='word_1_944' title='bbox 2269 1785 2318 1816; x_wconf 90' lang='lat' dir='ltr'>Fi-</span> 
     </span>
     <span class='ocr_line' id='line_1_127' title="bbox 1237 1821 2320 1863; baseline 0.003 -12"><span class='ocrx_word' id='word_1_945' title='bbox 1237 1831 1306 1851; x_wconf 89' lang='lat' dir='ltr'>nem</span> <span class='ocrx_word' id='word_1_946' title='bbox 1323 1832 1391 1852; x_wconf 90' lang='lat' dir='ltr'>cum</span> <span class='ocrx_word' id='word_1_947' title='bbox 1408 1822 1512 1853; x_wconf 89' lang='lat' dir='ltr'>eodem</span> <span class='ocrx_word' id='word_1_948' title='bbox 1526 1822 1611 1853; x_wconf 91' lang='lat' dir='ltr'>Patre</span> <span class='ocrx_word' id='word_1_949' title='bbox 1624 1822 1738 1863; x_wconf 85' lang='lat' dir='ltr'>nostro,</span> <span class='ocrx_word' id='word_1_950' title='bbox 1755 1831 1856 1854; x_wconf 88' lang='lat' dir='ltr'>coram</span> <span class='ocrx_word' id='word_1_951' title='bbox 1871 1821 1992 1859; x_wconf 83' lang='lat' dir='ltr'>praefatis</span> <span class='ocrx_word' id='word_1_952' title='bbox 2000 1821 2165 1860; x_wconf 79' lang='lat' dir='ltr'>justiciariis</span> <span class='ocrx_word' id='word_1_953' title='bbox 2183 1824 2252 1862; x_wconf 86' lang='lat' dir='ltr'>suis,</span> <span class='ocrx_word' id='word_1_954' title='bbox 2267 1832 2320 1863; x_wconf 83' lang='lat' dir='ltr'>per</span> 
     </span>
     <span class='ocr_line' id='line_1_128' title="bbox 1236 1859 1623 1898; baseline 0.003 -7"><span class='ocrx_word' id='word_1_955' title='bbox 1236 1859 1363 1891; x_wconf 86' lang='lat' dir='ltr'>Centum</span> <span class='ocrx_word' id='word_1_956' title='bbox 1378 1859 1491 1892; x_wconf 87' lang='lat' dir='ltr'>Marcas</span> <span class='ocrx_word' id='word_1_957' title='bbox 1502 1860 1623 1898; x_wconf 71' lang='lat' dir='ltr'>feciffiet,</span> 
     </span>
     <span class='ocr_line' id='line_1_129' title="bbox 1276 1898 2318 1939; baseline 0.002 -10"><span class='ocrx_word' id='word_1_958' title='bbox 1276 1898 1325 1930; x_wconf 88' lang='lat' dir='ltr'>De</span> <span class='ocrx_word' id='word_1_959' title='bbox 1344 1899 1446 1939; x_wconf 90' lang='lat' dir='ltr'>quibus</span> <span class='ocrx_word' id='word_1_960' title='bbox 1464 1900 1578 1938; x_wconf 84' lang='lat' dir='ltr'>quidem</span> <span class='ocrx_word' id='word_1_961' title='bbox 1602 1899 1732 1931; x_wconf 87' lang='lat' dir='ltr'>Centum</span> <span class='ocrx_word' id='word_1_962' title='bbox 1755 1899 1862 1931; x_wconf 88' lang='lat' dir='ltr'>Marcis</span> <span class='ocrx_word' id='word_1_963' title='bbox 1886 1900 1964 1931; x_wconf 91' lang='lat' dir='ltr'>idem</span> <span class='ocrx_word' id='word_1_964' title='bbox 1986 1899 2156 1931; x_wconf 88' lang='lat' dir='ltr'>Edmundus</span> <span class='ocrx_word' id='word_1_965' title='bbox 2181 1899 2318 1938; x_wconf 83' lang='lat' dir='ltr'>Triginta</span> 
     </span>
     <span class='ocr_line' id='line_1_130' title="bbox 1236 1936 2315 1978; baseline 0.002 -10"><span class='ocrx_word' id='word_1_966' title='bbox 1236 1936 1354 1969; x_wconf 85' lang='lat' dir='ltr'>Marcas</span> <span class='ocrx_word' id='word_1_967' title='bbox 1368 1937 1402 1968; x_wconf 90' lang='lat' dir='ltr'>ad</span> <span class='ocrx_word' id='word_1_968' title='bbox 1417 1938 1600 1969; x_wconf 84' lang='lat' dir='ltr'>Scaccarium</span> <span class='ocrx_word' id='word_1_969' title='bbox 1613 1939 1685 1971; x_wconf 71' lang='lat' dir='ltr'>disti</span> <span class='ocrx_word' id='word_1_970' title='bbox 1699 1938 1788 1970; x_wconf 84' lang='lat' dir='ltr'>Patris</span> <span class='ocrx_word' id='word_1_971' title='bbox 1802 1938 1892 1970; x_wconf 85' lang='lat' dir='ltr'>nostri</span> <span class='ocrx_word' id='word_1_972' title='bbox 1906 1938 1988 1969; x_wconf 89' lang='lat' dir='ltr'>solvit</span> <span class='ocrx_word' id='word_1_973' title='bbox 1997 1962 2007 1978; x_wconf 97' lang='lat'>,</span> <span class='ocrx_word' id='word_1_974' title='bbox 2023 1939 2094 1970; x_wconf 85' lang='lat' dir='ltr'>ficut</span> <span class='ocrx_word' id='word_1_975' title='bbox 2106 1939 2196 1978; x_wconf 85' lang='lat' dir='ltr'>dicit,</span> <span class='ocrx_word' id='word_1_976' title='bbox 2215 1939 2249 1970; x_wconf 89' lang='lat'>&amp;</span> <span class='ocrx_word' id='word_1_977' title='bbox 2269 1949 2315 1970; x_wconf 87' lang='lat' dir='ltr'>re-</span> 
     </span>
     <span class='ocr_line' id='line_1_131' title="bbox 1235 1976 2207 2016; baseline 0 -9"><span class='ocrx_word' id='word_1_978' title='bbox 1235 1976 1321 2007; x_wconf 86' lang='lat' dir='ltr'>siduae</span> <span class='ocrx_word' id='word_1_979' title='bbox 1332 2000 1342 2016; x_wconf 86' lang='lat'>,</span> <span class='ocrx_word' id='word_1_980' title='bbox 1360 1976 1496 2016; x_wconf 85' lang='lat' dir='ltr'>sexaginta</span> <span class='ocrx_word' id='word_1_981' title='bbox 1510 1977 1544 2007; x_wconf 90' lang='lat'>&amp;</span> <span class='ocrx_word' id='word_1_982' title='bbox 1559 1977 1679 2016; x_wconf 92' lang='lat' dir='ltr'>decem,</span> <span class='ocrx_word' id='word_1_983' title='bbox 1699 1976 1813 2010; x_wconf 88' lang='lat' dir='ltr'>Marcae</span> <span class='ocrx_word' id='word_1_984' title='bbox 1826 1977 1919 2008; x_wconf 90' lang='lat' dir='ltr'>adhuc</span> <span class='ocrx_word' id='word_1_985' title='bbox 1936 1976 2040 2008; x_wconf 89' lang='lat' dir='ltr'>restant</span> <span class='ocrx_word' id='word_1_986' title='bbox 2054 1977 2207 2016; x_wconf 85' lang='lat' dir='ltr'>solvendae,</span> 
     </span>
     <span class='ocr_line' id='line_1_132' title="bbox 1276 2014 2317 2084; baseline 0.002 -38"><span class='ocrx_word' id='word_1_987' title='bbox 1276 2014 1407 2084; x_wconf 49' lang='lat' dir='ltr'>gelimus</span> <span class='ocrx_word' id='word_1_988' title='bbox 1418 2016 1445 2046; x_wconf 88' lang='lat' dir='ltr'>ei</span> <span class='ocrx_word' id='word_1_989' title='bbox 1460 2014 1569 2048; x_wconf 87' lang='lat' dir='ltr'>easdem</span> <span class='ocrx_word' id='word_1_990' title='bbox 1580 2038 1590 2055; x_wconf 92' lang='lat'>,</span> <span class='ocrx_word' id='word_1_991' title='bbox 1611 2016 1759 2056; x_wconf 84' lang='lat' dir='ltr'>Sexaginta</span> <span class='ocrx_word' id='word_1_992' title='bbox 1779 2017 1814 2048; x_wconf 76' lang='grc' dir='ltr'>δε</span> <span class='ocrx_word' id='word_1_993' title='bbox 1833 2015 1936 2047; x_wconf 88' lang='lat' dir='ltr'>decem</span> <span class='ocrx_word' id='word_1_994' title='bbox 1947 2038 1958 2054; x_wconf 91' lang='lat'>,</span> <span class='ocrx_word' id='word_1_995' title='bbox 1987 2015 2101 2047; x_wconf 89' lang='lat' dir='ltr'>Marcas</span> <span class='ocrx_word' id='word_1_996' title='bbox 2122 2017 2265 2046; x_wconf 85' lang='lat' dir='ltr'>remittere</span> <span class='ocrx_word' id='word_1_997' title='bbox 2281 2015 2317 2048; x_wconf 87' lang='lat'>&amp;</span> 
     </span>
     <span class='ocr_line' id='line_1_133' title="bbox 1235 2063 1411 2093; baseline 0.011 -10"><span class='ocrx_word' id='word_1_998' title='bbox 1235 2063 1284 2093; x_wconf 89' lang='lat' dir='ltr'>par</span> <span class='ocrx_word' id='word_1_999' title='bbox 1304 2064 1411 2093; x_wconf 67' lang='lat' dir='ltr'>otiare,</span> 
     </span>
     <span class='ocr_line' id='line_1_134' title="bbox 1270 2093 1339 2124; baseline 0.014 -1"><span class='ocrx_word' id='word_1_1000' title='bbox 1270 2093 1339 2124; x_wconf 90' lang='lat' dir='ltr'>Nos</span> 
     </span>
     <span class='ocr_line' id='line_1_135' title="bbox 1271 2117 2315 2172; baseline 0.002 -11"><span class='ocrx_word' id='word_1_1001' title='bbox 1271 2130 1330 2162; x_wconf 90' lang='lat' dir='ltr'>Pro</span> <span class='ocrx_word' id='word_1_1002' title='bbox 1344 2117 1381 2163; x_wconf 68' lang='lat' dir='ltr'>eo</span> <span class='ocrx_word' id='word_1_1003' title='bbox 1395 2133 1474 2172; x_wconf 91' lang='lat' dir='ltr'>quod</span> <span class='ocrx_word' id='word_1_1004' title='bbox 1483 2156 1492 2171; x_wconf 84' lang='lat'>‚</span> <span class='ocrx_word' id='word_1_1005' title='bbox 1509 2131 1546 2163; x_wconf 90' lang='lat' dir='ltr'>de</span> <span class='ocrx_word' id='word_1_1006' title='bbox 1558 2132 1663 2164; x_wconf 85' lang='lat' dir='ltr'>affensu</span> <span class='ocrx_word' id='word_1_1007' title='bbox 1678 2132 1865 2164; x_wconf 86' lang='lat' dir='ltr'>Praelatorum</span> <span class='ocrx_word' id='word_1_1008' title='bbox 1874 2156 1885 2171; x_wconf 87' lang='lat'>,</span> <span class='ocrx_word' id='word_1_1009' title='bbox 1902 2131 2057 2163; x_wconf 89' lang='lat' dir='ltr'>Comitum</span> <span class='ocrx_word' id='word_1_1010' title='bbox 2073 2153 2084 2170; x_wconf 81' lang='lat'>‚</span> <span class='ocrx_word' id='word_1_1011' title='bbox 2098 2129 2243 2163; x_wconf 89' lang='lat' dir='ltr'>Baronum</span> <span class='ocrx_word' id='word_1_1012' title='bbox 2279 2131 2315 2163; x_wconf 89' lang='lat'>&amp;</span> 
     </span>
     <span class='ocr_line' id='line_1_136' title="bbox 1234 2155 2316 2214; baseline 0.001 -14"><span class='ocrx_word' id='word_1_1013' title='bbox 1234 2169 1409 2214; x_wconf 68' lang='lat' dir='ltr'>Procerum,</span> <span class='ocrx_word' id='word_1_1014' title='bbox 1426 2182 1460 2202; x_wconf 91' lang='lat' dir='ltr'>ac</span> <span class='ocrx_word' id='word_1_1015' title='bbox 1476 2172 1562 2202; x_wconf 83' lang='lat' dir='ltr'>totius</span> <span class='ocrx_word' id='word_1_1016' title='bbox 1577 2171 1802 2203; x_wconf 86' lang='lat' dir='ltr'>Communitatis</span> <span class='ocrx_word' id='word_1_1017' title='bbox 1816 2172 1913 2211; x_wconf 90' lang='lat' dir='ltr'>Regni</span> <span class='ocrx_word' id='word_1_1018' title='bbox 1928 2170 2034 2209; x_wconf 77' lang='lat' dir='ltr'>nostri,</span> <span class='ocrx_word' id='word_1_1019' title='bbox 2053 2170 2083 2200; x_wconf 88' lang='lat' dir='ltr'>in</span> <span class='ocrx_word' id='word_1_1020' title='bbox 2096 2170 2225 2209; x_wconf 80' lang='lat' dir='ltr'>praesenti</span> <span class='ocrx_word' id='word_1_1021' title='bbox 2245 2155 2316 2201; x_wconf 66' lang='lat' dir='ltr'>f&#39;ar-</span> 
     </span>
     <span class='ocr_line' id='line_1_137' title="bbox 1232 2207 2314 2250; baseline 0.002 -12"><span class='ocrx_word' id='word_1_1022' title='bbox 1232 2209 1369 2241; x_wconf 82' lang='lat' dir='ltr'>liamento</span> <span class='ocrx_word' id='word_1_1023' title='bbox 1383 2208 1502 2249; x_wconf 89' lang='lat' dir='ltr'>nostro,</span> <span class='ocrx_word' id='word_1_1024' title='bbox 1522 2211 1596 2250; x_wconf 91' lang='lat' dir='ltr'>apud</span> <span class='ocrx_word' id='word_1_1025' title='bbox 1613 2210 1904 2242; x_wconf 86' lang='lat' dir='ltr'>Westmonasterium</span> <span class='ocrx_word' id='word_1_1026' title='bbox 1920 2218 2088 2242; x_wconf 86' lang='lat' dir='ltr'>convocato</span> <span class='ocrx_word' id='word_1_1027' title='bbox 2104 2232 2114 2247; x_wconf 91' lang='lat'>‚</span> <span class='ocrx_word' id='word_1_1028' title='bbox 2138 2207 2314 2241; x_wconf 83' lang='lat' dir='ltr'>Concorda-</span> 
     </span>
     <span class='ocr_line' id='line_1_138' title="bbox 1232 2248 2312 2288; baseline 0.003 -11"><span class='ocrx_word' id='word_1_1029' title='bbox 1232 2256 1296 2278; x_wconf 90' lang='lat' dir='ltr'>tum</span> <span class='ocrx_word' id='word_1_1030' title='bbox 1313 2249 1371 2288; x_wconf 89' lang='lat' dir='ltr'>est,</span> <span class='ocrx_word' id='word_1_1031' title='bbox 1388 2249 1422 2280; x_wconf 86' lang='lat'>&amp;</span> <span class='ocrx_word' id='word_1_1032' title='bbox 1437 2248 1619 2280; x_wconf 85' lang='lat' dir='ltr'>Conceffum</span> <span class='ocrx_word' id='word_1_1033' title='bbox 1653 2249 1712 2280; x_wconf 82' lang='lat' dir='ltr'>uod</span> <span class='ocrx_word' id='word_1_1034' title='bbox 1727 2259 1828 2280; x_wconf 89' lang='lat' dir='ltr'>omnes</span> <span class='ocrx_word' id='word_1_1035' title='bbox 1844 2249 1928 2280; x_wconf 68' lang='lat' dir='ltr'>Fines</span> <span class='ocrx_word' id='word_1_1036' title='bbox 1940 2249 1974 2280; x_wconf 90' lang='lat'>&amp;</span> <span class='ocrx_word' id='word_1_1037' title='bbox 1988 2248 2234 2288; x_wconf 73' lang='lat' dir='ltr'>Redemptiones,</span> <span class='ocrx_word' id='word_1_1038' title='bbox 2257 2258 2312 2280; x_wconf 83' lang='lat' dir='ltr'>oc-</span> 
     </span>
     <span class='ocr_line' id='line_1_139' title="bbox 1232 2286 2311 2354; baseline 0.003 -38"><span class='ocrx_word' id='word_1_1039' title='bbox 1232 2287 1344 2354; x_wconf 52' lang='lat' dir='ltr'>cafiione</span> <span class='ocrx_word' id='word_1_1040' title='bbox 1361 2288 1495 2326; x_wconf 83' lang='lat' dir='ltr'>Qerelae</span> <span class='ocrx_word' id='word_1_1041' title='bbox 1509 2288 1616 2326; x_wconf 84' lang='lat' dir='ltr'>praefati</span> <span class='ocrx_word' id='word_1_1042' title='bbox 1659 2289 1755 2319; x_wconf 87' lang='lat' dir='ltr'>omitis</span> <span class='ocrx_word' id='word_1_1043' title='bbox 1768 2288 1853 2326; x_wconf 71' lang='lat' dir='ltr'>faeti,</span> <span class='ocrx_word' id='word_1_1044' title='bbox 1871 2287 2051 2319; x_wconf 86' lang='lat' dir='ltr'>adnullentur</span> <span class='ocrx_word' id='word_1_1045' title='bbox 2062 2286 2175 2325; x_wconf 77' lang='lat' dir='ltr'>penitus</span> <span class='ocrx_word' id='word_1_1046' title='bbox 2193 2287 2228 2318; x_wconf 90' lang='lat'>&amp;</span> <span class='ocrx_word' id='word_1_1047' title='bbox 2242 2296 2311 2319; x_wconf 89' lang='lat' dir='ltr'>can-</span> 
     </span>
     <span class='ocr_line' id='line_1_140' title="bbox 1232 2334 1368 2356; baseline 0.007 -1"><span class='ocrx_word' id='word_1_1048' title='bbox 1232 2335 1266 2355; x_wconf 89' lang='lat' dir='ltr'>ce</span> <span class='ocrx_word' id='word_1_1049' title='bbox 1286 2334 1368 2356; x_wconf 90' lang='lat' dir='ltr'>entur</span> 
     </span>
     <span class='ocr_line' id='line_1_141' title="bbox 1269 2350 2309 2406; baseline -0.002 -12"><span class='ocrx_word' id='word_1_1050' title='bbox 1269 2350 1405 2396; x_wconf 65' lang='lat' dir='ltr'>Volenies</span> <span class='ocrx_word' id='word_1_1051' title='bbox 1417 2365 1577 2401; x_wconf 82' lang='lat' dir='ltr'>huiusmodi</span> <span class='ocrx_word' id='word_1_1052' title='bbox 1603 2365 1643 2396; x_wconf 93' lang='lat' dir='ltr'>Su</span> <span class='ocrx_word' id='word_1_1053' title='bbox 1665 2365 1809 2403; x_wconf 86' lang='lat' dir='ltr'>plicationi</span> <span class='ocrx_word' id='word_1_1054' title='bbox 1830 2375 1953 2396; x_wconf 89' lang='lat' dir='ltr'>annuere</span> <span class='ocrx_word' id='word_1_1055' title='bbox 1968 2389 1978 2403; x_wconf 84' lang='lat'>,</span> <span class='ocrx_word' id='word_1_1056' title='bbox 2004 2372 2090 2406; x_wconf 90' lang='lat' dir='ltr'>prout</span> <span class='ocrx_word' id='word_1_1057' title='bbox 2110 2363 2209 2402; x_wconf 88' lang='lat' dir='ltr'>decet,</span> <span class='ocrx_word' id='word_1_1058' title='bbox 2226 2363 2309 2394; x_wconf 89' lang='lat' dir='ltr'>vobis</span> 
     </span>
     <span class='ocr_line' id='line_1_142' title="bbox 1232 2401 2307 2443; baseline -0.001 -11"><span class='ocrx_word' id='word_1_1059' title='bbox 1232 2403 1398 2434; x_wconf 89' lang='lat' dir='ltr'>mandamus</span> <span class='ocrx_word' id='word_1_1060' title='bbox 1412 2403 1493 2442; x_wconf 81' lang='lat' dir='ltr'>quod</span> <span class='ocrx_word' id='word_1_1061' title='bbox 1508 2404 1597 2442; x_wconf 88' lang='lat' dir='ltr'>ipsum</span> <span class='ocrx_word' id='word_1_1062' title='bbox 1613 2404 1639 2435; x_wconf 85' lang='lat' dir='ltr'><strong>E</strong></span> <span class='ocrx_word' id='word_1_1063' title='bbox 1661 2404 1803 2435; x_wconf 88' lang='lat' dir='ltr'>mundum</span> <span class='ocrx_word' id='word_1_1064' title='bbox 1835 2405 1871 2435; x_wconf 93' lang='lat' dir='ltr'>de</span> <span class='ocrx_word' id='word_1_1065' title='bbox 1887 2403 2030 2443; x_wconf 67' lang='lat' dir='ltr'>ptaedic&#39;tis</span> <span class='ocrx_word' id='word_1_1066' title='bbox 2042 2403 2111 2434; x_wconf 84' lang='lat' dir='ltr'>Sexa</span> <span class='ocrx_word' id='word_1_1067' title='bbox 2134 2403 2189 2432; x_wconf 87' lang='lat' dir='ltr'>&#39;nta</span> <span class='ocrx_word' id='word_1_1068' title='bbox 2201 2402 2234 2432; x_wconf 90' lang='lat'>&amp;</span> <span class='ocrx_word' id='word_1_1069' title='bbox 2255 2401 2307 2431; x_wconf 89' lang='lat' dir='ltr'>de-</span> 
     </span>
     <span class='ocr_line' id='line_1_143' title="bbox 1232 2428 2307 2483; baseline 0 -12"><span class='ocrx_word' id='word_1_1070' title='bbox 1232 2451 1297 2471; x_wconf 91' lang='lat' dir='ltr'>cem</span> <span class='ocrx_word' id='word_1_1071' title='bbox 1320 2441 1427 2473; x_wconf 84' lang='lat' dir='ltr'>Marcis</span> <span class='ocrx_word' id='word_1_1072' title='bbox 1443 2466 1452 2481; x_wconf 84' lang='lat'>,</span> <span class='ocrx_word' id='word_1_1073' title='bbox 1477 2453 1542 2481; x_wconf 84' lang='lat' dir='ltr'>quae</span> <span class='ocrx_word' id='word_1_1074' title='bbox 1564 2442 1599 2473; x_wconf 90' lang='lat' dir='ltr'>de</span> <span class='ocrx_word' id='word_1_1075' title='bbox 1621 2443 1765 2482; x_wconf 56' lang='lat' dir='ltr'>praedietis</span> <span class='ocrx_word' id='word_1_1076' title='bbox 1785 2428 1917 2474; x_wconf 60' lang='lat' dir='ltr'>C’entum</span> <span class='ocrx_word' id='word_1_1077' title='bbox 1940 2442 2047 2473; x_wconf 89' lang='lat' dir='ltr'>Marcis</span> <span class='ocrx_word' id='word_1_1078' title='bbox 2093 2451 2108 2471; x_wconf 88' lang='lat' dir='ltr'>a</span> <span class='ocrx_word' id='word_1_1079' title='bbox 2130 2440 2186 2470; x_wconf 88' lang='lat' dir='ltr'>huc</span> <span class='ocrx_word' id='word_1_1080' title='bbox 2201 2439 2307 2483; x_wconf 76' lang='lat' dir='ltr'>restant</span> 
     </span>
     <span class='ocr_line' id='line_1_144' title="bbox 1230 2463 2306 2523; baseline -0.001 -14"><span class='ocrx_word' id='word_1_1081' title='bbox 1230 2480 1390 2520; x_wconf 82' lang='lat' dir='ltr'>solvendae,</span> <span class='ocrx_word' id='word_1_1082' title='bbox 1407 2490 1437 2511; x_wconf 92' lang='lat' dir='ltr'>ut</span> <span class='ocrx_word' id='word_1_1083' title='bbox 1453 2481 1494 2511; x_wconf 89' lang='lat' dir='ltr'>est</span> <span class='ocrx_word' id='word_1_1084' title='bbox 1507 2481 1639 2521; x_wconf 68' lang='lat' dir='ltr'>dietum,</span> <span class='ocrx_word' id='word_1_1085' title='bbox 1658 2483 1677 2513; x_wconf 87' lang='lat' dir='ltr'>fi</span> <span class='ocrx_word' id='word_1_1086' title='bbox 1697 2482 1847 2513; x_wconf 86' lang='lat' dir='ltr'>occafione</span> <span class='ocrx_word' id='word_1_1087' title='bbox 1869 2481 2006 2520; x_wconf 71' lang='lat' dir='ltr'>praedicsta</span> <span class='ocrx_word' id='word_1_1088' title='bbox 2022 2463 2248 2523; x_wconf 28' lang='lat' dir='ltr'>debeanturlad</span> <span class='ocrx_word' id='word_1_1089' title='bbox 2261 2477 2306 2509; x_wconf 87' lang='lat' dir='ltr'>di-</span> 
     </span>
     <span class='ocr_line' id='line_1_145' title="bbox 1230 2517 2229 2559; baseline -0.002 -11"><span class='ocrx_word' id='word_1_1090' title='bbox 1230 2518 1313 2549; x_wconf 68' lang='lat' dir='ltr'>‹Stum</span> <span class='ocrx_word' id='word_1_1091' title='bbox 1326 2519 1509 2551; x_wconf 88' lang='lat' dir='ltr'>Scaccarium</span> <span class='ocrx_word' id='word_1_1092' title='bbox 1527 2520 1658 2552; x_wconf 88' lang='lat' dir='ltr'>nostrum</span> <span class='ocrx_word' id='word_1_1093' title='bbox 1681 2522 1841 2559; x_wconf 84' lang='lat' dir='ltr'>exonerari,</span> <span class='ocrx_word' id='word_1_1094' title='bbox 1857 2521 1892 2550; x_wconf 91' lang='lat'>&amp;</span> <span class='ocrx_word' id='word_1_1095' title='bbox 1904 2520 2032 2559; x_wconf 89' lang='lat' dir='ltr'>quietum</span> <span class='ocrx_word' id='word_1_1096' title='bbox 2044 2517 2101 2547; x_wconf 83' lang='lat' dir='ltr'>esie</span> <span class='ocrx_word' id='word_1_1097' title='bbox 2115 2517 2229 2548; x_wconf 81' lang='lat' dir='ltr'>faciatis.</span> 
     </span>
    </p>
   </div>
   <div class='ocr_carea' id='block_1_25' title="bbox 1263 2593 2301 2636">
    <p class='ocr_par' dir='ltr' id='par_1_35' title="bbox 1263 2593 2301 2636">
     <span class='ocr_line' id='line_1_146' title="bbox 1263 2593 2301 2636; baseline -0.003 -11"><span class='ocrx_word' id='word_1_1098' title='bbox 1263 2595 1351 2626; x_wconf 88' lang='lat' dir='ltr'>Teste</span> <span class='ocrx_word' id='word_1_1099' title='bbox 1360 2595 1443 2636; x_wconf 86' lang='lat' dir='ltr'>Rege</span> <span class='ocrx_word' id='word_1_1100' title='bbox 1451 2596 1525 2635; x_wconf 88' lang='lat' dir='ltr'>apud</span> <span class='ocrx_word' id='word_1_1101' title='bbox 1539 2595 1831 2627; x_wconf 87' lang='lat' dir='ltr'>Westmonasterium</span> <span class='ocrx_word' id='word_1_1102' title='bbox 1846 2594 1963 2626; x_wconf 87' lang='lat' dir='ltr'>decimo</span> <span class='ocrx_word' id='word_1_1103' title='bbox 1973 2603 2074 2636; x_wconf 81' lang='lat' dir='ltr'>quarto</span> <span class='ocrx_word' id='word_1_1104' title='bbox 2087 2594 2133 2625; x_wconf 89' lang='lat' dir='ltr'>die</span> <span class='ocrx_word' id='word_1_1105' title='bbox 2146 2593 2301 2625; x_wconf 76' lang='lat' dir='ltr'>Februarii,</span> 
     </span>
    </p>
   </div>
   <div class='ocr_carea' id='block_1_26' title="bbox 1777 2669 2196 2702">
    <p class='ocr_par' dir='ltr' id='par_1_36' title="bbox 1777 2669 2196 2702">
     <span class='ocr_line' id='line_1_147' title="bbox 1777 2669 2196 2702; baseline -0.002 0"><span class='ocrx_word' id='word_1_1106' title='bbox 1777 2675 1830 2702; x_wconf 83' lang='lat' dir='ltr'>Per</span> <span class='ocrx_word' id='word_1_1107' title='bbox 1849 2674 2013 2702; x_wconf 71' lang='lat' dir='ltr'>petitionem</span> <span class='ocrx_word' id='word_1_1108' title='bbox 2027 2672 2059 2701; x_wconf 87' lang='lat' dir='ltr'>de</span> <span class='ocrx_word' id='word_1_1109' title='bbox 2073 2669 2196 2701; x_wconf 82' lang='lat' dir='ltr'>Concilio.</span> 
     </span>
    </p>
   </div>
   <div class='ocr_carea' id='block_1_27' title="bbox 1383 2747 2129 2789">
    <p class='ocr_par' dir='ltr' id='par_1_37' title="bbox 1383 2747 2129 2789">
     <span class='ocr_line' id='line_1_148' title="bbox 1383 2747 2129 2789; baseline 0.001 -10"><span class='ocrx_word' id='word_1_1110' title='bbox 1383 2747 1550 2781; x_wconf 84' lang='lat' dir='ltr'>Confimilia</span> <span class='ocrx_word' id='word_1_1111' title='bbox 1565 2748 1665 2781; x_wconf 88' lang='lat' dir='ltr'>Brevia</span> <span class='ocrx_word' id='word_1_1112' title='bbox 1679 2749 1786 2782; x_wconf 89' lang='lat' dir='ltr'>habent</span> <span class='ocrx_word' id='word_1_1113' title='bbox 1800 2749 1960 2789; x_wconf 73' lang='lat' dir='ltr'>subscripti,</span> <span class='ocrx_word' id='word_1_1114' title='bbox 1980 2748 2129 2789; x_wconf 85' lang='lat' dir='ltr'>videlicet,</span> 
     </span>
    </p>
   </div>
   <div class='ocr_carea' id='block_1_28' title="bbox 1226 2825 1819 2906">
    <p class='ocr_par' dir='ltr' id='par_1_38' title="bbox 1226 2825 1819 2906">
     <span class='ocr_line' id='line_1_149' title="bbox 1226 2825 1755 2866; baseline 0.006 -11"><span class='ocrx_word' id='word_1_1115' title='bbox 1226 2825 1373 2864; x_wconf 80' lang='lat' dir='ltr'>Johannes</span> <span class='ocrx_word' id='word_1_1116' title='bbox 1387 2826 1419 2855; x_wconf 85' lang='lat' dir='ltr'>de</span> <span class='ocrx_word' id='word_1_1117' title='bbox 1437 2828 1464 2855; x_wconf 87' lang='lat' dir='ltr'><em>E</em></span> <span class='ocrx_word' id='word_1_1118' title='bbox 1469 2825 1506 2855; x_wconf 83' lang='lat' dir='ltr'>rle</span> <span class='ocrx_word' id='word_1_1119' title='bbox 1503 2837 1539 2866; x_wconf 87' lang='lat' dir='ltr'>ye</span> <span class='ocrx_word' id='word_1_1120' title='bbox 1550 2834 1598 2864; x_wconf 89' lang='lat' dir='ltr'>pro</span> <span class='ocrx_word' id='word_1_1121' title='bbox 1616 2826 1654 2857; x_wconf 83' lang='lat'>80</span> <span class='ocrx_word' id='word_1_1122' title='bbox 1669 2826 1755 2858; x_wconf 74' lang='lat' dir='ltr'>librir.</span> 
     </span>
     <span class='ocr_line' id='line_1_150' title="bbox 1227 2863 1819 2906; baseline 0.003 -12"><span class='ocrx_word' id='word_1_1123' title='bbox 1227 2864 1372 2902; x_wconf 77' lang='lat' dir='ltr'>Johanner</span> <span class='ocrx_word' id='word_1_1124' title='bbox 1388 2863 1474 2894; x_wconf 86' lang='lat' dir='ltr'>Filius</span> <span class='ocrx_word' id='word_1_1125' title='bbox 1490 2868 1601 2894; x_wconf 77' lang='lat' dir='ltr'>Simonis</span> <span class='ocrx_word' id='word_1_1126' title='bbox 1614 2874 1664 2904; x_wconf 90' lang='lat' dir='ltr'>pro</span> <span class='ocrx_word' id='word_1_1127' title='bbox 1676 2875 1717 2906; x_wconf 85' lang='lat'>40</span> <span class='ocrx_word' id='word_1_1128' title='bbox 1733 2866 1819 2897; x_wconf 82' lang='lat' dir='ltr'>libris.</span> 
     </span>
    </p>
   </div>
   <div class='ocr_carea' id='block_1_29' title="bbox 1228 2903 2087 3174">
    <p class='ocr_par' dir='ltr' id='par_1_39' title="bbox 1229 2903 1776 2942">
     <span class='ocr_line' id='line_1_151' title="bbox 1229 2903 1776 2942; baseline 0.004 -10"><span class='ocrx_word' id='word_1_1129' title='bbox 1229 2903 1344 2933; x_wconf 85' lang='lat' dir='ltr'>Thomas</span> <span class='ocrx_word' id='word_1_1130' title='bbox 1359 2904 1391 2933; x_wconf 84' lang='lat' dir='ltr'>de</span> <span class='ocrx_word' id='word_1_1131' title='bbox 1404 2903 1561 2941; x_wconf 80' lang='lat' dir='ltr'>Herepache</span> <span class='ocrx_word' id='word_1_1132' title='bbox 1568 2912 1619 2942; x_wconf 89' lang='lat' dir='ltr'>pro</span> <span class='ocrx_word' id='word_1_1133' title='bbox 1635 2913 1675 2934; x_wconf 90' lang='lat'>20</span> <span class='ocrx_word' id='word_1_1134' title='bbox 1692 2904 1776 2935; x_wconf 85' lang='lat' dir='ltr'>libris.</span> 
     </span>
    </p>

    <p class='ocr_par' dir='ltr' id='par_1_40' title="bbox 1228 2941 1826 3009">
     <span class='ocr_line' id='line_1_152' title="bbox 1228 2941 1826 3009; baseline 0.005 -39"><span class='ocrx_word' id='word_1_1135' title='bbox 1228 2942 1345 2971; x_wconf 82' lang='lat' dir='ltr'>Thomas</span> <span class='ocrx_word' id='word_1_1136' title='bbox 1359 2943 1389 2972; x_wconf 84' lang='lat' dir='ltr'>de</span> <span class='ocrx_word' id='word_1_1137' title='bbox 1405 2941 1555 3009; x_wconf 50' lang='lat' dir='ltr'>Bradaiston</span> <span class='ocrx_word' id='word_1_1138' title='bbox 1564 2950 1615 2980; x_wconf 91' lang='lat' dir='ltr'>pro</span> <span class='ocrx_word' id='word_1_1139' title='bbox 1633 2952 1690 2973; x_wconf 92' lang='lat'>100</span> <span class='ocrx_word' id='word_1_1140' title='bbox 1708 2947 1826 2973; x_wconf 80' lang='lat' dir='ltr'>Marcis.</span> 
     </span>
    </p>

    <p class='ocr_par' dir='ltr' id='par_1_41' title="bbox 1229 2980 1939 3058">
     <span class='ocr_line' id='line_1_153' title="bbox 1229 2980 1939 3019; baseline 0 -9"><span class='ocrx_word' id='word_1_1141' title='bbox 1229 2980 1374 3019; x_wconf 75' lang='lat' dir='ltr'>Jehannes</span> <span class='ocrx_word' id='word_1_1142' title='bbox 1389 2981 1420 3010; x_wconf 85' lang='lat' dir='ltr'>de</span> <span class='ocrx_word' id='word_1_1143' title='bbox 1436 2983 1487 3018; x_wconf 68' lang='lat' dir='ltr'>W)</span> <span class='ocrx_word' id='word_1_1144' title='bbox 1500 2984 1576 3010; x_wconf 82' lang='lat' dir='ltr'>inton</span> <span class='ocrx_word' id='word_1_1145' title='bbox 1584 2989 1636 3019; x_wconf 90' lang='lat' dir='ltr'>pro</span> <span class='ocrx_word' id='word_1_1146' title='bbox 1652 2981 1740 3011; x_wconf 81' lang='lat' dir='ltr'>tribus</span> <span class='ocrx_word' id='word_1_1147' title='bbox 1756 2981 1832 3012; x_wconf 85' lang='lat' dir='ltr'>Mill.</span> <span class='ocrx_word' id='word_1_1148' title='bbox 1852 2980 1939 3012; x_wconf 71' lang='lat' dir='ltr'>libris,</span> 
     </span>
     <span class='ocr_line' id='line_1_154' title="bbox 1231 3019 1810 3058; baseline 0.005 -10"><span class='ocrx_word' id='word_1_1149' title='bbox 1231 3019 1370 3049; x_wconf 68' lang='lat' dir='ltr'>bl&#39;alterus</span> <span class='ocrx_word' id='word_1_1150' title='bbox 1388 3020 1420 3048; x_wconf 86' lang='lat' dir='ltr'>de</span> <span class='ocrx_word' id='word_1_1151' title='bbox 1437 3019 1543 3058; x_wconf 77' lang='lat' dir='ltr'>Pavely</span> <span class='ocrx_word' id='word_1_1152' title='bbox 1553 3028 1602 3058; x_wconf 85' lang='lat' dir='ltr'>pro</span> <span class='ocrx_word' id='word_1_1153' title='bbox 1616 3029 1677 3050; x_wconf 89' lang='lat'>200</span> <span class='ocrx_word' id='word_1_1154' title='bbox 1693 3025 1810 3051; x_wconf 81' lang='lat' dir='ltr'>Marcis.</span> 
     </span>
    </p>

    <p class='ocr_par' dir='ltr' id='par_1_42' title="bbox 1229 3058 1739 3098">
     <span class='ocr_line' id='line_1_155' title="bbox 1229 3058 1739 3098; baseline 0.006 -11"><span class='ocrx_word' id='word_1_1155' title='bbox 1229 3058 1344 3087; x_wconf 80' lang='lat' dir='ltr'>Thomas</span> <span class='ocrx_word' id='word_1_1156' title='bbox 1355 3058 1386 3087; x_wconf 83' lang='lat' dir='ltr'>de</span> <span class='ocrx_word' id='word_1_1157' title='bbox 1399 3060 1507 3098; x_wconf 83' lang='lat' dir='ltr'>Gurney</span> <span class='ocrx_word' id='word_1_1158' title='bbox 1520 3067 1568 3095; x_wconf 83' lang='lat' dir='ltr'>pro</span> <span class='ocrx_word' id='word_1_1159' title='bbox 1584 3067 1641 3088; x_wconf 91' lang='lat'>100</span> <span class='ocrx_word' id='word_1_1160' title='bbox 1656 3059 1739 3090; x_wconf 77' lang='lat' dir='ltr'>libris.</span> 
     </span>
    </p>

    <p class='ocr_par' dir='ltr' id='par_1_43' title="bbox 1230 3096 1796 3136">
     <span class='ocr_line' id='line_1_156' title="bbox 1230 3096 1796 3136; baseline 0.002 -10"><span class='ocrx_word' id='word_1_1161' title='bbox 1230 3096 1345 3126; x_wconf 85' lang='lat' dir='ltr'>Thomas</span> <span class='ocrx_word' id='word_1_1162' title='bbox 1359 3097 1391 3126; x_wconf 85' lang='lat' dir='ltr'>de</span> <span class='ocrx_word' id='word_1_1163' title='bbox 1408 3096 1548 3135; x_wconf 75' lang='lat' dir='ltr'>Wylinton</span> <span class='ocrx_word' id='word_1_1164' title='bbox 1559 3105 1608 3135; x_wconf 90' lang='lat' dir='ltr'>pro</span> <span class='ocrx_word' id='word_1_1165' title='bbox 1621 3106 1663 3136; x_wconf 92' lang='lat'>40</span> <span class='ocrx_word' id='word_1_1166' title='bbox 1679 3101 1796 3127; x_wconf 79' lang='lat' dir='ltr'>Marcis.</span> 
     </span>
    </p>

    <p class='ocr_par' dir='ltr' id='par_1_44' title="bbox 1230 3130 2087 3174">
     <span class='ocr_line' id='line_1_157' title="bbox 1230 3130 2087 3174; baseline 0.001 -10"><span class='ocrx_word' id='word_1_1167' title='bbox 1230 3135 1374 3174; x_wconf 73' lang='lat' dir='ltr'>Johannes</span> <span class='ocrx_word' id='word_1_1168' title='bbox 1389 3136 1421 3165; x_wconf 77' lang='lat' dir='ltr'>de</span> <span class='ocrx_word' id='word_1_1169' title='bbox 1433 3134 1538 3166; x_wconf 81' lang='lat' dir='ltr'>Nevill</span> <span class='ocrx_word' id='word_1_1170' title='bbox 1555 3136 1587 3165; x_wconf 78' lang='lat' dir='ltr'>de</span> <span class='ocrx_word' id='word_1_1171' title='bbox 1600 3136 1728 3173; x_wconf 76' lang='lat' dir='ltr'>Horneby</span> <span class='ocrx_word' id='word_1_1172' title='bbox 1737 3159 1748 3173; x_wconf 86' lang='lat'><strong>‚</strong></span> <span class='ocrx_word' id='word_1_1173' title='bbox 1760 3144 1812 3174; x_wconf 84' lang='lat' dir='ltr'>pro</span> <span class='ocrx_word' id='word_1_1174' title='bbox 1826 3135 1979 3173; x_wconf 79' lang='lat' dir='ltr'>qm&#39;ngentis</span> <span class='ocrx_word' id='word_1_1175' title='bbox 2002 3130 2087 3162; x_wconf 70' lang='lat' dir='ltr'>libris-</span> 
     </span>
    </p>
   </div>
   <div class='ocr_carea' id='block_1_30' title="bbox 2244 3225 2294 3233">
    <p class='ocr_par' dir='ltr' id='par_1_45' title="bbox 2244 3225 2294 3233">
     <span class='ocr_line' id='line_1_158' title="bbox 2244 3225 2294 3233; baseline 0 0"><span class='ocrx_word' id='word_1_1176' title='bbox 2244 3230 2248 3233; x_wconf 79' lang='grc'>.</span> <span class='ocrx_word' id='word_1_1177' title='bbox 2278 3225 2294 3233; x_wconf 75' lang='grc' dir='ltr'>-ι</span> 
     </span>
    </p>
   </div>
   <div class='ocr_carea' id='block_1_31' title="bbox 1254 3276 2279 3326">
    <p class='ocr_par' dir='ltr' id='par_1_46' title="bbox 1254 3276 2279 3326">
     <span class='ocr_line' id='line_1_159' title="bbox 1254 3276 2279 3326; baseline -0.001 -13"><span class='ocrx_word' id='word_1_1178' title='bbox 1254 3281 1305 3313; x_wconf 87' lang='lat' dir='ltr'>De</span> <span class='ocrx_word' id='word_1_1179' title='bbox 1319 3282 1459 3326; x_wconf 80' lang='lat' dir='ltr'>Treuga,</span> <span class='ocrx_word' id='word_1_1180' title='bbox 1483 3291 1552 3312; x_wconf 81' lang='lat' dir='ltr'>cum</span> <span class='ocrx_word' id='word_1_1181' title='bbox 1573 3276 1698 3312; x_wconf 86' lang='lat' dir='ltr'>Roberto</span> <span class='ocrx_word' id='word_1_1182' title='bbox 1717 3278 1754 3312; x_wconf 85' lang='lat' dir='ltr'>de</span> <span class='ocrx_word' id='word_1_1183' title='bbox 1772 3281 1864 3312; x_wconf 87' lang='lat' dir='ltr'>Bruis</span> <span class='ocrx_word' id='word_1_1184' title='bbox 1877 3282 1915 3319; x_wconf 57' lang='grc' dir='ltr'>ὅ*</span> <span class='ocrx_word' id='word_1_1185' title='bbox 1933 3281 2029 3312; x_wconf 84' lang='lat' dir='ltr'>Scotis</span> <span class='ocrx_word' id='word_1_1186' title='bbox 2040 3305 2050 3322; x_wconf 88' lang='lat'>‚</span> <span class='ocrx_word' id='word_1_1187' title='bbox 2077 3277 2279 3325; x_wconf 62' lang='lat' dir='ltr'>observanda.</span> 
     </span>
    </p>
   </div>
   <div class='ocr_carea' id='block_1_32' title="bbox 1233 3351 2452 4054">
    <p class='ocr_par' dir='ltr' id='par_1_47' title="bbox 1233 3351 2452 4054">
     <span class='ocr_line' id='line_1_160' title="bbox 1233 3351 2452 3425; baseline 0 -32"><span class='ocrx_word' id='word_1_1188' title='bbox 1233 3363 1386 3425; x_wconf 76' lang='lat' dir='ltr'>REX,</span> <span class='ocrx_word' id='word_1_1189' title='bbox 1403 3363 1512 3395; x_wconf 67' lang='lat' dir='ltr'>duetus</span> <span class='ocrx_word' id='word_1_1190' title='bbox 1525 3364 1559 3395; x_wconf 87' lang='lat'>&amp;</span> <span class='ocrx_word' id='word_1_1191' title='bbox 1571 3364 1699 3395; x_wconf 67' lang='lat' dir='ltr'>fidelibus</span> <span class='ocrx_word' id='word_1_1192' title='bbox 1711 3365 1783 3405; x_wconf 70' lang='lat' dir='ltr'>suis,</span> <span class='ocrx_word' id='word_1_1193' title='bbox 1801 3364 1933 3396; x_wconf 69' lang='lat' dir='ltr'>Hemico</span> <span class='ocrx_word' id='word_1_1194' title='bbox 1954 3364 1990 3396; x_wconf 82' lang='lat' dir='ltr'>de</span> <span class='ocrx_word' id='word_1_1195' title='bbox 2009 3364 2102 3406; x_wconf 70' lang='lat' dir='ltr'>percy</span> <span class='ocrx_word' id='word_1_1196' title='bbox 2116 3389 2126 3403; x_wconf 83' lang='lat'>‚</span> <span class='ocrx_word' id='word_1_1197' title='bbox 2144 3363 2299 3404; x_wconf 80' lang='lat' dir='ltr'>Radulpho</span> <span class='ocrx_word' id='word_1_1198' title='bbox 2316 3351 2393 3383; x_wconf 86' lang='lat' dir='ltr'>Ann.</span> <span class='ocrx_word' id='word_1_1199' title='bbox 2409 3353 2452 3385; x_wconf 88' lang='lat' dir='ltr'>D·</span> 
     </span>
     <span class='ocr_line' id='line_1_161' title="bbox 1315 3400 2426 3444; baseline -0.001 -12"><span class='ocrx_word' id='word_1_1200' title='bbox 1315 3404 1351 3433; x_wconf 90' lang='lat' dir='ltr'>de</span> <span class='ocrx_word' id='word_1_1201' title='bbox 1366 3402 1494 3442; x_wconf 78' lang='lat' dir='ltr'>Nevyn,</span> <span class='ocrx_word' id='word_1_1202' title='bbox 1513 3402 1631 3443; x_wconf 82' lang='lat' dir='ltr'>Rogero</span> <span class='ocrx_word' id='word_1_1203' title='bbox 1643 3403 1763 3443; x_wconf 79' lang='lat' dir='ltr'>Heron,</span> <span class='ocrx_word' id='word_1_1204' title='bbox 1782 3404 1941 3435; x_wconf 83' lang='lat' dir='ltr'>Wissielmo</span> <span class='ocrx_word' id='word_1_1205' title='bbox 1961 3404 2066 3444; x_wconf 88' lang='lat' dir='ltr'>Rydell</span> <span class='ocrx_word' id='word_1_1206' title='bbox 2082 3427 2092 3443; x_wconf 91' lang='lat'>,</span> <span class='ocrx_word' id='word_1_1207' title='bbox 2108 3406 2143 3437; x_wconf 71' lang='grc' dir='ltr'>ὃς</span> <span class='ocrx_word' id='word_1_1208' title='bbox 2165 3403 2299 3434; x_wconf 86' lang='lat' dir='ltr'>Gilbetto</span> <span class='ocrx_word' id='word_1_1209' title='bbox 2339 3400 2426 3431; x_wconf 85' lang='lat'>1327-</span> 
     </span>
     <span class='ocr_line' id='line_1_162' title="bbox 1233 3434 2414 3480; baseline 0.001 -8"><span class='ocrx_word' id='word_1_1210' title='bbox 1233 3441 1269 3472; x_wconf 92' lang='lat' dir='ltr'>de</span> <span class='ocrx_word' id='word_1_1211' title='bbox 1282 3440 1493 3480; x_wconf 85' lang='lat' dir='ltr'>Boroughdon,</span> <span class='ocrx_word' id='word_1_1212' title='bbox 1510 3442 1643 3473; x_wconf 88' lang='lat' dir='ltr'>Salutem.</span> <span class='ocrx_word' id='word_1_1213' title='bbox 2315 3434 2369 3458; x_wconf 82' lang='lat' dir='ltr'>An.</span> <span class='ocrx_word' id='word_1_1214' title='bbox 2390 3441 2414 3461; x_wconf 88' lang='lat'>¹·</span> 
     </span>
     <span class='ocr_line' id='line_1_163' title="bbox 1272 3473 2396 3551; baseline -0.002 -41"><span class='ocrx_word' id='word_1_1215' title='bbox 1272 3479 1410 3510; x_wconf 90' lang='lat' dir='ltr'>Volentes</span> <span class='ocrx_word' id='word_1_1216' title='bbox 1421 3480 1609 3526; x_wconf 79' lang='lat' dir='ltr'>sufferentiam</span> <span class='ocrx_word' id='word_1_1217' title='bbox 1621 3491 1746 3522; x_wconf 78' lang='lat' dir='ltr'>guerrae,</span> <span class='ocrx_word' id='word_1_1218' title='bbox 1761 3482 1795 3513; x_wconf 92' lang='lat'>&amp;</span> <span class='ocrx_word' id='word_1_1219' title='bbox 1809 3482 1953 3522; x_wconf 84' lang='lat' dir='ltr'>Treugam</span> <span class='ocrx_word' id='word_1_1220' title='bbox 1960 3482 2062 3551; x_wconf 62' lang='lat' dir='ltr'>kinter</span> <span class='ocrx_word' id='word_1_1221' title='bbox 2082 3479 2248 3510; x_wconf 89' lang='lat' dir='ltr'>Dominum</span> <span class='ocrx_word' id='word_1_1222' title='bbox 2263 3478 2298 3509; x_wconf 89' lang='lat' dir='ltr'>E.</span> <span class='ocrx_word' id='word_1_1223' title='bbox 2315 3473 2396 3535; x_wconf 33' lang='lat'>{3232</span> 
     </span>
     <span class='ocr_line' id='line_1_164' title="bbox 1234 3517 2411 3598; baseline -0.001 -11"><span class='ocrx_word' id='word_1_1224' title='bbox 1234 3519 1368 3597; x_wconf 52' lang='lat' dir='ltr'>RQ}</span> <span class='ocrx_word' id='word_1_1225' title='bbox 1363 3520 1580 3597; x_wconf 50' lang='grc' dir='ltr'>ἕῗὲῗριὲῒέἓῗ</span> <span class='ocrx_word' id='word_1_1226' title='bbox 1587 3520 1729 3590; x_wconf 63' lang='grc' dir='ltr'>Ῥἷέἔὲῗὲἓ</span> <span class='ocrx_word' id='word_1_1227' title='bbox 1731 3520 1877 3598; x_wconf 54' lang='grc' dir='ltr'>,Πέἷὲῗῗ</span> <span class='ocrx_word' id='word_1_1228' title='bbox 1880 3522 1946 3591; x_wconf 64' lang='grc' dir='ltr'>ἧέῖ</span> <span class='ocrx_word' id='word_1_1229' title='bbox 1952 3521 2124 3589; x_wconf 49' lang='grc' dir='ltr'>(16οὲῗὲῗέ</span> <span class='ocrx_word' id='word_1_1230' title='bbox 2136 3517 2300 3595; x_wconf 58' lang='grc' dir='ltr'>ἒὲἶὲἓῖξζ</span> <span class='ocrx_word' id='word_1_1231' title='bbox 2315 3550 2344 3574; x_wconf 67' lang='grc' dir='ltr'>Ε-</span> <span class='ocrx_word' id='word_1_1232' title='bbox 2362 3555 2387 3582; x_wconf 77' lang='lat'>³-</span> <span class='ocrx_word' id='word_1_1233' title='bbox 2404 3529 2411 3536; x_wconf 80' lang='grc'><em>“</em></span> 
     </span>
     <span class='ocr_line' id='line_1_165' title="bbox 1237 3590 2411 3639; baseline 0.003 -13"><span class='ocrx_word' id='word_1_1234' title='bbox 1237 3607 1325 3633; x_wconf 90' lang='lat' dir='ltr'>nuper</span> <span class='ocrx_word' id='word_1_1235' title='bbox 1337 3598 1414 3627; x_wconf 86' lang='lat' dir='ltr'>initas</span> <span class='ocrx_word' id='word_1_1236' title='bbox 1430 3597 1463 3627; x_wconf 89' lang='lat'>&amp;</span> <span class='ocrx_word' id='word_1_1237' title='bbox 1477 3596 1611 3636; x_wconf 84' lang='lat' dir='ltr'>firmatas,</span> <span class='ocrx_word' id='word_1_1238' title='bbox 1629 3598 1716 3636; x_wconf 88' lang='lat' dir='ltr'>usque</span> <span class='ocrx_word' id='word_1_1239' title='bbox 1727 3598 1761 3628; x_wconf 89' lang='lat' dir='ltr'>ad</span> <span class='ocrx_word' id='word_1_1240' title='bbox 1773 3607 1885 3629; x_wconf 88' lang='lat' dir='ltr'>certum</span> <span class='ocrx_word' id='word_1_1241' title='bbox 1899 3606 2026 3639; x_wconf 64' lang='lat' dir='ltr'>tempus?</span> <span class='ocrx_word' id='word_1_1242' title='bbox 2048 3594 2179 3638; x_wconf 83' lang='lat' dir='ltr'>nondum</span> <span class='ocrx_word' id='word_1_1243' title='bbox 2198 3602 2297 3634; x_wconf 79' lang='lat' dir='ltr'>praete-</span> <span class='ocrx_word' id='word_1_1244' title='bbox 2313 3590 2338 3620; x_wconf 77' lang='grc' dir='ltr'>Ρ·</span> <span class='ocrx_word' id='word_1_1245' title='bbox 2356 3594 2381 3611; x_wconf 85' lang='lat'>¹·</span> <span class='ocrx_word' id='word_1_1246' title='bbox 2408 3625 2411 3630; x_wconf 78' lang='grc'>,</span> 
     </span>
     <span class='ocr_line' id='line_1_166' title="bbox 1237 3632 2412 3677; baseline 0 -13"><span class='ocrx_word' id='word_1_1247' title='bbox 1237 3636 1337 3673; x_wconf 86' lang='lat' dir='ltr'>ritum,</span> <span class='ocrx_word' id='word_1_1248' title='bbox 1357 3635 1512 3674; x_wconf 88' lang='lat' dir='ltr'>duraturas,</span> <span class='ocrx_word' id='word_1_1249' title='bbox 1530 3636 1558 3666; x_wconf 93' lang='lat' dir='ltr'>in</span> <span class='ocrx_word' id='word_1_1250' title='bbox 1571 3637 1707 3667; x_wconf 90' lang='lat' dir='ltr'>omnibus</span> <span class='ocrx_word' id='word_1_1251' title='bbox 1721 3637 1754 3667; x_wconf 91' lang='lat'>&amp;</span> <span class='ocrx_word' id='word_1_1252' title='bbox 1769 3638 1882 3675; x_wconf 89' lang='lat' dir='ltr'>fingulis</span> <span class='ocrx_word' id='word_1_1253' title='bbox 1896 3637 1948 3667; x_wconf 87' lang='lat' dir='ltr'>suis</span> <span class='ocrx_word' id='word_1_1254' title='bbox 1961 3633 2104 3672; x_wconf 81' lang='lat' dir='ltr'>Articulis,</span> <span class='ocrx_word' id='word_1_1255' title='bbox 2121 3641 2255 3677; x_wconf 77' lang='lat' dir='ltr'>quatenus</span> <span class='ocrx_word' id='word_1_1256' title='bbox 2262 3633 2297 3665; x_wconf 90' lang='lat' dir='ltr'>ad</span> <span class='ocrx_word' id='word_1_1257' title='bbox 2315 3632 2352 3650; x_wconf 78' lang='lat' dir='ltr'>m·</span> <span class='ocrx_word' id='word_1_1258' title='bbox 2366 3632 2412 3660; x_wconf 76' lang='lat'>3¹·</span> 
     </span>
     <span class='ocr_line' id='line_1_167' title="bbox 1237 3671 2299 3713; baseline 0.001 -11"><span class='ocrx_word' id='word_1_1259' title='bbox 1237 3683 1289 3703; x_wconf 88' lang='lat' dir='ltr'>nos</span> <span class='ocrx_word' id='word_1_1260' title='bbox 1311 3674 1344 3703; x_wconf 71' lang='grc' dir='ltr'>ὅ(</span> <span class='ocrx_word' id='word_1_1261' title='bbox 1365 3673 1498 3704; x_wconf 80' lang='lat' dir='ltr'>Subditos</span> <span class='ocrx_word' id='word_1_1262' title='bbox 1515 3674 1626 3705; x_wconf 89' lang='lat' dir='ltr'>nostros</span> <span class='ocrx_word' id='word_1_1263' title='bbox 1640 3676 1739 3706; x_wconf 83' lang='lat' dir='ltr'>attinet</span> <span class='ocrx_word' id='word_1_1264' title='bbox 1752 3700 1761 3713; x_wconf 90' lang='lat'>,</span> <span class='ocrx_word' id='word_1_1265' title='bbox 1782 3675 1981 3706; x_wconf 88' lang='lat' dir='ltr'>inviolabiliter</span> <span class='ocrx_word' id='word_1_1266' title='bbox 2001 3671 2165 3708; x_wconf 66' lang='lat' dir='ltr'>observatu,</span> <span class='ocrx_word' id='word_1_1267' title='bbox 2190 3681 2224 3702; x_wconf 90' lang='lat' dir='ltr'>ac</span> <span class='ocrx_word' id='word_1_1268' title='bbox 2236 3695 2246 3710; x_wconf 87' lang='lat'>,</span> <span class='ocrx_word' id='word_1_1269' title='bbox 2262 3672 2299 3703; x_wconf 89' lang='lat' dir='ltr'>de</span> 
     </span>
     <span class='ocr_line' id='line_1_168' title="bbox 1236 3708 2300 3754; baseline 0.001 -13"><span class='ocrx_word' id='word_1_1270' title='bbox 1236 3712 1494 3749; x_wconf 72' lang='lat' dir='ltr'>circumspeetione</span> <span class='ocrx_word' id='word_1_1271' title='bbox 1505 3712 1593 3743; x_wconf 86' lang='lat' dir='ltr'>vestra</span> <span class='ocrx_word' id='word_1_1272' title='bbox 1609 3714 1726 3752; x_wconf 88' lang='lat' dir='ltr'>provida</span> <span class='ocrx_word' id='word_1_1273' title='bbox 1748 3715 1859 3753; x_wconf 77' lang='lat' dir='ltr'>plenius</span> <span class='ocrx_word' id='word_1_1274' title='bbox 1881 3711 2055 3744; x_wconf 88' lang='lat' dir='ltr'>confidentes</span> <span class='ocrx_word' id='word_1_1275' title='bbox 2102 3708 2300 3754; x_wconf 83' lang='lat' dir='ltr'>assignavimus</span> 
     </span>
     <span class='ocr_line' id='line_1_169' title="bbox 1236 3733 2301 3792; baseline -0.004 -11"><span class='ocrx_word' id='word_1_1276' title='bbox 1236 3760 1305 3788; x_wconf 72' lang='lat' dir='ltr'>VOS,</span> <span class='ocrx_word' id='word_1_1277' title='bbox 1322 3759 1458 3788; x_wconf 85' lang='lat' dir='ltr'>quatuor,</span> <span class='ocrx_word' id='word_1_1278' title='bbox 1485 3759 1539 3782; x_wconf 85' lang='lat' dir='ltr'>tres</span> <span class='ocrx_word' id='word_1_1279' title='bbox 1551 3775 1561 3789; x_wconf 92' lang='lat'>,</span> <span class='ocrx_word' id='word_1_1280' title='bbox 1579 3752 1612 3782; x_wconf 74' lang='grc' dir='ltr'>δε</span> <span class='ocrx_word' id='word_1_1281' title='bbox 1633 3752 1704 3783; x_wconf 87' lang='lat' dir='ltr'>duos</span> <span class='ocrx_word' id='word_1_1282' title='bbox 1726 3752 1855 3784; x_wconf 71' lang='lat' dir='ltr'>vestrum</span> <span class='ocrx_word' id='word_1_1283' title='bbox 1867 3774 1877 3789; x_wconf 86' lang='lat'>‚</span> <span class='ocrx_word' id='word_1_1284' title='bbox 1891 3750 1927 3781; x_wconf 92' lang='lat' dir='ltr'>ad</span> <span class='ocrx_word' id='word_1_1285' title='bbox 1949 3733 2246 3792; x_wconf 41' lang='lat' dir='ltr'>distas-iiifferennam</span> <span class='ocrx_word' id='word_1_1286' title='bbox 2266 3750 2301 3781; x_wconf 74' lang='grc' dir='ltr'>ὅς</span> 
     </span>
     <span class='ocr_line' id='line_1_170' title="bbox 1237 3786 2302 3828; baseline 0.002 -10"><span class='ocrx_word' id='word_1_1287' title='bbox 1237 3788 1402 3827; x_wconf 78' lang='lat' dir='ltr'>Treugam,</span> <span class='ocrx_word' id='word_1_1288' title='bbox 1420 3799 1537 3828; x_wconf 86' lang='lat' dir='ltr'>quarum</span> <span class='ocrx_word' id='word_1_1289' title='bbox 1550 3799 1681 3822; x_wconf 87' lang='lat' dir='ltr'>tenorem</span> <span class='ocrx_word' id='word_1_1290' title='bbox 1694 3793 1776 3823; x_wconf 92' lang='lat' dir='ltr'>vobis</span> <span class='ocrx_word' id='word_1_1291' title='bbox 1799 3791 1934 3821; x_wconf 86' lang='lat' dir='ltr'>mittimus</span> <span class='ocrx_word' id='word_1_1292' title='bbox 1951 3788 2001 3818; x_wconf 90' lang='lat' dir='ltr'>sub</span> <span class='ocrx_word' id='word_1_1293' title='bbox 2020 3786 2117 3825; x_wconf 83' lang='lat' dir='ltr'>Sigillo</span> <span class='ocrx_word' id='word_1_1294' title='bbox 2135 3786 2252 3827; x_wconf 88' lang='lat' dir='ltr'>nostro,</span> <span class='ocrx_word' id='word_1_1295' title='bbox 2271 3791 2302 3820; x_wconf 92' lang='lat' dir='ltr'>in</span> 
     </span>
     <span class='ocr_line' id='line_1_171' title="bbox 1239 3825 2300 3869; baseline 0.002 -12"><span class='ocrx_word' id='word_1_1296' title='bbox 1239 3826 1388 3858; x_wconf 87' lang='lat' dir='ltr'>Comitatu</span> <span class='ocrx_word' id='word_1_1297' title='bbox 1403 3828 1643 3869; x_wconf 81' lang='lat' dir='ltr'>Northumbriae‚</span> <span class='ocrx_word' id='word_1_1298' title='bbox 1661 3831 1719 3860; x_wconf 76' lang='lat' dir='ltr'>tam</span> <span class='ocrx_word' id='word_1_1299' title='bbox 1730 3830 1801 3860; x_wconf 84' lang='lat' dir='ltr'>infra</span> <span class='ocrx_word' id='word_1_1300' title='bbox 1811 3829 1967 3866; x_wconf 74' lang='lat' dir='ltr'>libertates,</span> <span class='ocrx_word' id='word_1_1301' title='bbox 1983 3825 2069 3863; x_wconf 53' lang='lat' dir='ltr'>quarn</span> <span class='ocrx_word' id='word_1_1302' title='bbox 2083 3831 2174 3864; x_wconf 83' lang='lat' dir='ltr'>extra,</span> <span class='ocrx_word' id='word_1_1303' title='bbox 2192 3827 2226 3858; x_wconf 91' lang='lat'>&amp;</span> <span class='ocrx_word' id='word_1_1304' title='bbox 2237 3837 2300 3867; x_wconf 86' lang='lat' dir='ltr'>par-</span> 
     </span>
     <span class='ocr_line' id='line_1_172' title="bbox 1238 3862 2301 3906; baseline 0.003 -11"><span class='ocrx_word' id='word_1_1305' title='bbox 1238 3867 1313 3896; x_wconf 87' lang='lat' dir='ltr'>tibus</span> <span class='ocrx_word' id='word_1_1306' title='bbox 1326 3866 1464 3896; x_wconf 84' lang='lat' dir='ltr'>Marchiae</span> <span class='ocrx_word' id='word_1_1307' title='bbox 1477 3867 1548 3898; x_wconf 88' lang='lat' dir='ltr'>illius</span> <span class='ocrx_word' id='word_1_1308' title='bbox 1567 3868 1784 3899; x_wconf 89' lang='lat' dir='ltr'>custodiendum</span> <span class='ocrx_word' id='word_1_1309' title='bbox 1799 3890 1809 3906; x_wconf 85' lang='lat'>‚</span> <span class='ocrx_word' id='word_1_1310' title='bbox 1833 3868 1907 3905; x_wconf 87' lang='lat' dir='ltr'>juxta</span> <span class='ocrx_word' id='word_1_1311' title='bbox 1923 3872 2055 3896; x_wconf 88' lang='lat' dir='ltr'>tenorem</span> <span class='ocrx_word' id='word_1_1312' title='bbox 2076 3862 2254 3897; x_wconf 85' lang='lat' dir='ltr'>Sufferentiae</span> <span class='ocrx_word' id='word_1_1313' title='bbox 2265 3868 2301 3898; x_wconf 89' lang='lat'>&amp;</span> 
     </span>
     <span class='ocr_line' id='line_1_173' title="bbox 1239 3901 2300 3944; baseline 0.003 -11"><span class='ocrx_word' id='word_1_1314' title='bbox 1239 3905 1362 3943; x_wconf 82' lang='lat' dir='ltr'>Treugae</span> <span class='ocrx_word' id='word_1_1315' title='bbox 1376 3905 1590 3944; x_wconf 59' lang='lat' dir='ltr'>praedietarum:</span> <span class='ocrx_word' id='word_1_1316' title='bbox 1610 3908 1643 3939; x_wconf 90' lang='lat'>&amp;</span> <span class='ocrx_word' id='word_1_1317' title='bbox 1657 3907 1691 3938; x_wconf 90' lang='lat' dir='ltr'>ad</span> <span class='ocrx_word' id='word_1_1318' title='bbox 1705 3906 1840 3938; x_wconf 84' lang='lat' dir='ltr'>Subditos</span> <span class='ocrx_word' id='word_1_1319' title='bbox 1853 3904 1981 3941; x_wconf 70' lang='lat' dir='ltr'>nostroe,</span> <span class='ocrx_word' id='word_1_1320' title='bbox 2005 3901 2234 3941; x_wconf 76' lang='lat' dir='ltr'>Transgressores</span> <span class='ocrx_word' id='word_1_1321' title='bbox 2254 3914 2300 3936; x_wconf 73' lang='lat' dir='ltr'>ee-</span> 
     </span>
     <span class='ocr_line' id='line_1_174' title="bbox 1239 3941 2301 3984; baseline -0.001 -11"><span class='ocrx_word' id='word_1_1322' title='bbox 1239 3943 1370 3974; x_wconf 89' lang='lat' dir='ltr'>rumdem</span> <span class='ocrx_word' id='word_1_1323' title='bbox 1385 3942 1561 3976; x_wconf 81' lang='lat' dir='ltr'>Sufferentiae</span> <span class='ocrx_word' id='word_1_1324' title='bbox 1574 3947 1609 3978; x_wconf 89' lang='lat'>&amp;</span> <span class='ocrx_word' id='word_1_1325' title='bbox 1623 3945 1749 3984; x_wconf 80' lang='lat' dir='ltr'>Treugae</span> <span class='ocrx_word' id='word_1_1326' title='bbox 1763 3942 1957 3983; x_wconf 84' lang='lat' dir='ltr'>castigandum</span> <span class='ocrx_word' id='word_1_1327' title='bbox 1977 3941 2012 3972; x_wconf 87' lang='lat'>&amp;</span> <span class='ocrx_word' id='word_1_1328' title='bbox 2030 3942 2206 3978; x_wconf 86' lang='lat' dir='ltr'>puniendum</span> <span class='ocrx_word' id='word_1_1329' title='bbox 2223 3945 2301 3982; x_wconf 52' lang='lat' dir='ltr'>juxtfa</span> 
     </span>
     <span class='ocr_line' id='line_1_175' title="bbox 1239 3978 2301 4027; baseline 0.001 -14"><span class='ocrx_word' id='word_1_1330' title='bbox 1239 3982 1363 4014; x_wconf 75' lang='lat' dir='ltr'>formam</span> <span class='ocrx_word' id='word_1_1331' title='bbox 1377 3983 1663 4024; x_wconf 66' lang='lat' dir='ltr'>tenoris-supradiffi5</span> <span class='ocrx_word' id='word_1_1332' title='bbox 1681 3983 1797 4018; x_wconf 84' lang='lat' dir='ltr'>&amp;ideo</span> <span class='ocrx_word' id='word_1_1333' title='bbox 1818 3982 1899 4015; x_wconf 82' lang='lat' dir='ltr'>vobis</span> <span class='ocrx_word' id='word_1_1334' title='bbox 1921 3978 2086 4012; x_wconf 81' lang='lat' dir='ltr'>mandamus</span> <span class='ocrx_word' id='word_1_1335' title='bbox 2106 3981 2186 4020; x_wconf 82' lang='lat' dir='ltr'>quod</span> <span class='ocrx_word' id='word_1_1336' title='bbox 2206 3981 2301 4027; x_wconf 68' lang='lat' dir='ltr'>Suffe-</span> 
     </span>
     <span class='ocr_line' id='line_1_176' title="bbox 2186 4028 2305 4054; baseline 0.034 -4"><span class='ocrx_word' id='word_1_1337' title='bbox 2186 4028 2305 4054; x_wconf 63' lang='lat' dir='ltr'>renuam</span> 
     </span>
    </p>
   </div>
  </div>
 </body>
</html>
