2562 4279
224 60 304 113 138

76 145 154 177 Ann.
167 143 208 174 D.
231 152 361 176 tenemur
373 143 490 176 vinculo
502 142 671 182 juramenti,
686 137 971 182 vobis'rnandamus,
988 137 1019 166 in
1033 135 1088 168 fide
1103 137 1136 168 &
1153 136 1304 180 homagio,

100 191 185 222 1317.
233 183 334 224 quibus
355 184 438 214 nobis
460 182 612 217 tenemini,
634 179 749 209 firmiter
772 184 964 220 injungenteS,
987 176 1067 213 quod
1086 176 1122 206 ab
1145 173 1304 218 hujusmodi

78 223 147 251 Ζάν.
168 232 196 250 2.
233 223 354 252 omnino
369 221 515 259 desistatis,
531 221 581 257 &,
601 219 620 248 fi
633 217 722 254 aliqua
736 215 800 246 talia
814 215 952 253 feceritis,
970 221 1039 245 tunc
1058 224 1090 245 ea
1102 214 1192 245 modo
1207 213 1304 244 debito

234 260 377 291 emendari
393 259 514 295 faciatis,
531 268 584 287 nec
604 256 640 285 de
660 263 764 284 caetero
782 263 903 285 armatus
923 252 1077 291 Incedere,
1094 253 1242 292 Equitare,
1260 258 1306 282 aut

234 298 484 336 Congregationes
508 295 659 326 hominum
672 292 707 323 ad
724 293 832 332 Arma,
853 293 899 324 seu
918 293 1052 330 aliorum,
1070 292 1115 323 vel
1137 293 1307 330 quicquam,

234 338 312 377 quod
329 339 356 367 in
372 335 512 365 iaefionem
529 334 603 372 pacis
618 331 738 370 nostrae,
751 331 797 362 seu
809 332 965 363 Terrorem
981 331 1079 370 populi
1098 331 1187 361 nostri
1208 329 1307 361 cedere

235 376 355 417 poterit,
372 373 421 404 sub
443 372 547 411 poenzi,
564 381 627 409 quae
649 371 810 410 incumbit,
828 371 937 408 facere,
954 368 1000 400 seu
1020 377 1186 408 attemptare
1206 367 1308 408 praesu-

236 423 324 446 matis.

273 451 343 482 Nos
357 450 433 480 enim
452 448 532 486 super
548 447 620 486 hiis,
637 457 701 486 quae
721 457 789 485 erga
810 447 981 487 praedid’tum
1001 446 1170 485 Comitem,
1193 446 1227 478 &
1245 445 1311 476 alios

234 488 414 528 quoscunque
430 487 578 517 habueritis
602 486 810 525 prosequenda,
828 488 858 517 in
871 485 958 517 Curii
971 486 1085 525 nostri,
1102 485 1257 517 secundum
1269 484 1310 514 le-

235 538 304 565 gem
318 527 351 558 &
366 525 598 557 consuetudinem
616 525 709 565 Regni
723 525 829 564 nostri,
847 527 932 564 parati
947 525 1039 556 sumus
1058 526 1088 556 in
1109 524 1246 555 omnibus
1259 532 1307 553 ex-

233 567 332 598 hibere
342 565 456 604 justitiae
470 564 725 602 complementum.

270 604 360 636 Teste
370 603 454 641 Rege
468 603 542 641 apud
556 602 861 643 Westmonasterium,
878 603 961 634 tertio
972 602 1019 634 die
1034 601 1226 634 Novembris.

717 682 771 711 Per
783 679 865 721 ipfiem
879 683 977 719 Regem
990 679 1029 716 ᾤ’
1043 678 1196 710 Concilium.

437 804 486 841 De
513 803 613 848 Castro
635 804 672 838 de
696 802 911 852 Knaresburgh
935 813 1084 850 occupato.

237 889 364 946 REX
379 913 390 929 ,
414 890 520 922 dilecto
546 889 770 930 Consanguineo
792 891 826 921 &
850 889 924 920 fideli
947 889 1014 929 suo,
1039 887 1169 920 Thomae
1193 886 1308 919 Comici

320 928 508 968 Lancastriae,
525 929 647 960 salutem.

274 965 372 1005 Cum,
391 977 421 1000 ut
437 969 638 1007 intelleximus,
657 967 772 1007 quidam
782 966 980 998 Malefactores
997 966 1030 996 &
1042 966 1119 1004 pacis
1131 964 1233 996 nostrae
1241 963 1309 1009 Per-

236 1005 405 1045 turbatores,
424 1006 557 1037 Castrum
568 1006 695 1037 nostrum
710 1006 746 1037 de
758 1005 961 1042 Knaresburgh
983 1005 1142 1037 Noetanter
1156 1014 1245 1042 nuper
1265 1013 1309 1033 in-

240 1044 342 1083 gressi,
360 1044 494 1076 Castrum
510 1045 593 1085 illud,
611 1046 666 1077 una
686 1055 754 1076 cum
775 1044 875 1083 Bonis,
894 1044 1066 1083 Armaturis‚
1085 1044 1119 1074 &
1134 1042 1310 1073 Vidtualibus

237 1083 340 1113 nostris
352 1084 459 1114 ibidem
473 1085 607 1124 inventis,
635 1094 668 1115 ac
681 1084 855 1115 Hominibus
870 1083 986 1121 nostris,
1012 1082 1047 1113 ad
1074 1081 1235 1113 custodiam
1251 1080 1310 1112 Ca-

238 1120 288 1152 stri
302 1121 373 1152 illius
385 1132 434 1161 per
448 1133 498 1153 nos
509 1123 658 1163 deputatis,
675 1123 758 1154 nobis
772 1122 915 1153 detineant
927 1123 957 1152 in
971 1121 1059 1152 nostri
1078 1120 1256 1160 dispendium
1274 1120 1309 1151 &

234 1169 434 1198 contemptum
449 1162 647 1201 manifestum,

273 1200 336 1239 Qi
351 1200 467 1238 quidem
483 1200 682 1231 Malefaetores
694 1198 850 1239 praemisia,
867 1199 986 1229 nomine
1002 1197 1109 1237 vestr0,
1125 1197 1248 1229 afferunt
1264 1197 1310 1236 se,

234 1245 265 1269 ut
280 1240 460 1277 accepimus,
478 1239 663 1278 perpetrfisse3
683 1238 760 1269 unde
773 1238 928 1276 plurimum
940 1237 1127 1268 admiramur:

270 1275 328 1315 Et,
345 1278 406 1315 jam
426 1276 668 1316 assignaverimus,
685 1277 819 1308 dileCmm
840 1277 874 1307 &
895 1275 1007 1306 fidelem
1027 1275 1173 1313 nostrum,
1190 1274 1310 1310 Nicho-

234 1313 309 1346 laum
324 1314 359 1345 de
374 1315 472 1357 Grey,
492 1317 704 1347 Vicecomitem
724 1314 850 1345 nostrum
871 1314 1018 1352 Eborum,
1035 1313 1070 1344 ad
1085 1313 1218 1344 Castrum
1235 1323 1309 1352 prae-

233 1353 362 1392 dietum,
381 1356 433 1385 una
455 1365 523 1385 cum
545 1355 648 1393 Bonis,
666 1354 832 1392 ArmaturiS,
850 1353 883 1383 &
905 1352 1084 1384 ViCtualibus
1104 1352 1261 1391 praedietis,
1278 1353 1309 1382 in

235 1401 356 1424 manum
370 1392 493 1423 nostram
509 1393 726 1431 resumendum,
742 1393 775 1423 &
790 1391 825 1422 ad
846 1401 917 1430 opus
930 1390 1058 1423 nostrum
1074 1390 1309 1430 custodiendum,

234 1438 317 1470 prout
332 1431 382 1462 sibi
394 1431 472 1470 super
485 1432 543 1463 hoc
558 1432 687 1462 dedimus
700 1432 728 1461 in
744 1429 895 1469 mandatis,

273 1469 364 1500 Vobis
388 1470 568 1508 mandamus,
592 1469 710 1501 firmiter
730 1470 907 1507 in'ungentes
948 1469 1043 1508 quod,
1062 1468 1081 1500 fi
1102 1470 1168 1508 qui,
1190 1469 1309 1500 nomine

235 1507 346 1547 vestro,
364 1508 408 1539 seu
423 1508 538 1548 colore,
556 1507 691 1540 Castrum
707 1519 746 1539 no
785 1518 833 1538 um
848 1491 1019 1546 praedidtum
1044 1508 1095 1538 sint
1110 1507 1223 1545 ingreffi
1237 1530 1246 1546 ,
1264 1516 1310 1539 aut

233 1544 303 1578 iilud
325 1548 406 1578 nobis
429 1547 589 1586 detineant,
614 1556 645 1578 ut
663 1547 704 1578 est
728 1546 857 1585 dictum,
875 1554 942 1578 tunc
968 1546 1101 1577 Castrum
1123 1546 1311 1585 praedictum,

233 1587 288 1616 una
301 1596 368 1617 cum
375 1585 477 1625 Bonis,
496 1587 667 1625 Armaturis,
684 1586 877 1623 Vietualibus,
896 1586 929 1616 &
938 1585 1112 1616 Hominibus
1123 1584 1225 1615 nostris
1238 1595 1310 1623 prae-

234 1625 334 1663 dietis,
360 1624 477 1665 praefato
496 1624 673 1656 Vicecomiti
695 1624 809 1662 nostr0,
827 1624 883 1654 sine
905 1624 1056 1662 dilatione,
1073 1624 1182 1654 liberari
1206 1625 1311 1655 faciatis

235 1663 271 1694 ad
285 1673 355 1701 opus
368 1662 515 1703 nostrum,
532 1672 562 1695 ut
578 1663 755 1702 praedicitui·,
773 1661 1011 1701 custodiendum,
1029 1663 1063 1694 &
1078 1663 1152 1703 hoc,
1170 1662 1238 1694 sicut
1259 1673 1311 1694 nos

237 1702 271 1734 ὃς
289 1703 429 1733 honorem
446 1702 572 1734 nostrum
586 1702 719 1740 diligitis,
736 1701 812 1732 nullo
827 1700 916 1731 modo
931 1702 1075 1732 omittatis.

277 1742 292 1758 ¹¹⁵
303 1740 382 1780 Qid
390 1750 483 1771 autem
491 1741 571 1779 super
579 1741 635 1772 hoc
649 1741 785 1778 feceritis,
799 1749 851 1769 nos
864 1738 981 1770 reddatis
994 1748 1042 1779 per
1057 1740 1225 1778 portitorem
1240 1750 1312 1779 prae-

237 1779 360 1811 sentium
376 1781 513 1810 certiores.

275 1816 365 1850 Teste
380 1817 466 1856 Rege
478 1817 551 1857 apud
564 1816 857 1849 Westmonasterium
866 1839 876 1856 ,
892 1817 974 1848 tertio
988 1815 1035 1847 die
1048 1816 1234 1848 Novembris.

83 882 159 917 Ann.
173 882 215 915 D.

104 932 189 963 1317.

81 966 136 991 Aa.
157 971 198 990 ιι.

82 1005 114 1028 E.
132 1009 158 1028 2.

80 1038 219 1073 Claufiii.

80 1080 112 1106 E.
135 1087 162 1106 2.

82 1115 212 1145 m.18.d.

103 1734 119 1751 *‘
136 1734 193 1762 111.

101 1775 168 1811 673.

996 1895 1052 1924 Per
1067 1891 1148 1934 iinaem
1166 1897 1271 1932 Regem.

237 1972 446 2035 COnfimiles
459 1973 561 2005 Literae
575 1974 734 2010 diriguntur
741 1973 859 2011 praefato
866 1971 994 2012 Comici,
1014 1973 1050 2004 de
1065 1974 1233 2012 quibusdam
1244 1974 1311 2005 Ma-

313 2012 494 2043 lefaffimribus
528 2013 561 2043 &
577 2014 652 2051 pacis
670 2012 760 2049 Regis
783 2012 1033 2050 perturbatoribus,
1050 2013 1100 2050 qui
1122 2011 1258 2042 Castrnm
1275 2013 1312 2044 de

235 2051 379 2090 Alveton,
398 2051 475 2090 quod
506 2052 546 2082 uit
559 2051 724 2082 Theobaldi
737 2051 774 2081 de
782 2050 933 2088 Verdoun,
950 2050 1096 2089 defunffi,
1113 2052 1160 2089 qui
1175 2051 1211 2081 de
1228 2050 1311 2089 Rege

235 2091 323 2121 tenuit
336 2092 366 2120 in
380 2092 490 2129 capite,
507 2091 542 2120 &
564 2090 641 2129 quod
656 2091 686 2120 in
705 2100 790 2120 manu
813 2089 903 2126 Regis
917 2111 926 2126 ,
951 2089 1057 2119 ratione
1081 2090 1199 2120 minoris
1225 2092 1313 2121 aetatis

234 2129 364 2160 Haeredis
385 2130 466 2168 ipsius
486 2129 664 2168 Theobaldi,
682 2128 791 2167 existit,
810 2137 899 2166 nuper
919 2127 1035 2166 ingreffi
1054 2127 1181 2167 fuerunt,
1204 2126 1263 2162 &a
1282 2137 1313 2160 ut

227 2166 319 2209 Jitpra.

375 2295 425 2328 De
449 2293 526 2327 disto
551 2291 650 2337 Castro
674 2296 706 2326 in
726 2304 853 2324 manum
875 2295 963 2340 Regis
984 2291 1167 2338 resumendo.

295 2379 380 2420 EX,
396 2379 503 2411 dileeto
519 2379 553 2411 &
569 2378 645 2410 fideli
659 2378 725 2417 suo,
742 2377 894 2409 Nicholao
909 2377 945 2408 de
960 2377 1039 2418 Grey
1048 2400 1059 2417 ,
1079 2377 1257 2410 Vicecomiti
1265 2379 1313 2410 suo

280 2418 644 2497 Ctiznliffrllinihtleallsditeiffius,
659 2455 775 2495 quidam
784 2454 983 2486 Malefaetores
995 2455 1029 2486 &
1044 2456 1120 2493 pacis
1133 2455 1236 2487 nostrae
1244 2455 1313 2487 Per-

241 2498 396 2528 turbatores
412 2494 543 2542 Castrum
558 2495 686 2526 nostrum
700 2494 738 2525 de
754 2493 976 2534 Knaresburgh,
991 2492 1055 2532 &ss
1066 2502 1148 2533 prout
1162 2494 1249 2535 supra
1271 2495 1314 2535 u]-

239 2535 635 2613 unZseqtlvoedballsigdrlzuimus
647 2582 697 2602 vos
709 2571 743 2602 ad
752 2570 884 2615 Castrum
900 2570 1091 2615 praedicitum,
1112 2571 1168 2601 uni
1182 2572 1313 2614 cumBo-

238 2609 1218 2683 ⁰³⁵²<i³¹m²‘3{³⁵21{⁵Kiffifilffiffiffissffiadssmffifficnffiffl
1231 2614 1313 2680 ,ξὲἰξῖἑ

238 2662 306 2723 iiidrd
320 2662 475 2721 ffargtieriti}
482 2691 511 2719 in
525 2660 675 2719 mandatis:
965 2671 976 2687 ⁹

275 2729 313 2760 Et
326 2729 443 2768 praefato
457 2727 569 2758 Comiti
582 2737 630 2767 per
639 2727 753 2757 Litteras
761 2725 882 2764 nostras,
899 2735 965 2764 quas
973 2725 1056 2756 vobis
1072 2726 1221 2764 mittimus,
1233 2735 1314 2757 mari-

238 2767 338 2799 demus
360 2766 457 2806 quod,
473 2766 493 2796 fi
514 2767 580 2804 qui,
599 2767 719 2797 nomine
735 2765 801 2803 suo,
827 2764 871 2795 seu
893 2764 1008 2802 colore,
1027 2763 1161 2795 Castrum
1185 2764 1313 2796 nostrum

239 2806 414 2847 praedi&um
429 2804 490 2836 sunt
504 2804 636 2842 ingreffi,
654 2813 699 2834 aut
712 2803 779 2834 illud
801 2803 883 2833 nobis
894 2803 1056 2846 detineant,
1074 2812 1103 2833 ut
1123 2802 1165 2846 ei‘t
1184 2803 1313 2847 dietum,

240 2853 309 2876 tunc
332 2843 464 2875 Castrum
486 2843 573 2882 illud,
590 2843 644 2873 una
664 2852 731 2872 cum
753 2841 854 2881 Bonis,
872 2841 1040 2880 Armaturis,
1065 2842 1098 2872 &
1121 2841 1313 2882 victualibus,

240 2884 274 2915 &
290 2883 463 2915 Hominibus
477 2881 575 2912 nostris
589 2880 746 2919 praedietis,
763 2881 845 2911 vobis
860 2880 915 2910 sine
928 2880 1065 2911 dilatione
1084 2880 1168 2912 faciat
1190 2880 1314 2920 liberari,

241 2921 277 2954 ad
293 2932 364 2960 opus
382 2920 527 2959 nostrum,
545 2930 574 2951 ut
587 2919 767 2960 praedicitur,
786 2918 1004 2949 custodiendum
1014 2928 1027 2962 z.
1091 2958 1095 2962 .

278 2960 316 2992 Et
331 2961 457 2992 similiter
474 2969 522 2998 per
535 2959 596 2989 alias
612 2958 728 2989 Litteras
740 2957 860 2995 nostras,
880 2968 945 2995 quas
958 2958 1041 2987 vobis
1057 2958 1212 2997 mittimus,
1234 2968 1314 2989 man-

241 2999 340 3030 damus
353 3000 487 3029 omnibus
507 2998 540 3029 &
554 2997 683 3035 singulis,
702 2997 732 3026 in
752 2996 837 3038 dieto,
848 2995 949 3026 Castro
968 2995 1160 3034 existentibus,
1180 2997 1276 3036 quod,
1295 2997 1315 3028 fi

241 3040 251 3069 i
274 3038 292 3068 si
308 3037 447 3078 praemiffa
460 3036 621 3067 auetoritate
634 3035 680 3065 sua
695 3034 808 3077 propria
822 3036 959 3078 iecerint,
977 3044 1045 3065 tunc
1063 3033 1196 3065 Castrum
1212 3035 1316 3074 praedi-

242 3049 324 3108 elium
340 3077 423 3107 vobis
437 3075 559 3106 similiter
574 3074 691 3104 liberent
705 3074 735 3103 in
750 3073 846 3103 forma
862 3073 1010 3110 praedrsta:

83 2373 161 2407 Arm.
178 2373 221 2406 D.

105 2422 191 2454 ¹317·

83 2456 137 2481 An.
154 2463 196 2480 ir.

84 2495 114 2522 Ε.
134 2500 158 2520 2.

83 2530 173 2566 Claus.

89 2572 173 2596 ιι.Ε.
191 2577 217 2595 2.

85 2615 123 2636 m.
140 2606 217 2634 18.d.

283 3115 375 3145 Vobis
395 3114 560 3145 mandamus
582 3112 678 3151 quod,
701 3112 832 3142 omnibus
854 3112 912 3141 aliis
934 3110 1133 3152 praetermiffis,
1158 3112 1193 3142 ad
1214 3113 1317 3153 praedi-

246 3153 328 3184 &um
343 3152 476 3183 Castrum
491 3151 666 3191 personaliter
688 3150 867 3188 accedentes,
885 3151 938 3180 viis
958 3150 991 3180 &
1009 3149 1118 3187 modis,
1136 3152 1235 3187 quibus
1259 3162 1321 3182 me-

244 3193 296 3223 lius
310 3191 440 3229 expedire
465 3191 605 3229 videritis,
626 3189 769 3220 Ordinetis
792 3188 872 3227 quod
889 3187 1021 3232 Castrum
1043 3189 1212 3231 praedidium
1237 3191 1319 3220 vobis

244 3230 279 3262 ad
294 3239 365 3268 opus
379 3229 507 3260 nostrum
520 3230 671 3266 liberetur,
688 3228 720 3258 ὅ(
735 3228 800 3266 quid
817 3227 900 3264 inde,
918 3237 950 3256 in
964 3227 1124 3269 praemissis,
1144 3237 1192 3264 per
1208 3238 1261 3258 vos
1280 3228 1321 3259 fa-

247 3269 328 3299 ctum
350 3268 448 3307 fuerit,
466 3277 534 3307 nos,
553 3268 609 3298 sine
630 3266 781 3305 dilatione,
796 3276 844 3306 per
863 3263 963 3296 vestras
985 3265 1101 3296 Litteras
1122 3265 1240 3297 reddatis
1258 3277 1321 3299 cer-

246 3316 338 3340 tiores.

285 3344 375 3378 Teste
387 3352 418 3376 ut
431 3344 518 3385 supra.

1008 3381 1063 3410 Per
1079 3379 1162 3421 ipsicm
1181 3383 1286 3420 Regem.

269 3498 274 3503 ·
289 3458 325 3490 Et
340 3459 405 3528 imflre
421 3459 490 3491 fiunt
505 3459 619 3491 Litterae
634 3458 778 3497 Pau-ntes,
796 3467 861 3497 quae
882 3456 1057 3489 irrotulantur
1070 3458 1101 3488 in
1115 3457 1206 3489 rotulo
1220 3457 1324 3490 Paten-

254 3504 326 3528 tium
340 3508 370 3528 in
396 3510 418 3529 a.

248 3630 313 3664 ‘Ad
335 3634 466 3678 Papam,
492 3632 528 3665 de
551 3645 608 3664 non
633 3630 780 3665 Credendo
798 3628 1032 3679 stcggestionibus
1052 3640 1157 3663 contra
1181 3632 1326 3665 Bertran-

107 3701 185 3734 Ann.
201 3698 243 3730 D.
417 3679 489 3712 dum
514 3679 550 3713 de
573 3683 630 3714 50²
641 3707 651 3723 ,
676 3683 712 3719 (ῥ’
737 3684 933 3714 Amanenum
958 3679 995 3713 de
1017 3677 1153 3714 Lebreto.

109 3749 164 3808 ἐξ,
171 3748 230 3807 ¹171*
262 3761 339 3824 ΡΑ
348 3761 372 3792 Ρ
382 3762 422 3792 AE
440 3763 503 3794 Rex
517 3765 618 3796 devota
632 3765 737 3804 pedum
748 3765 841 3796 oscula
855 3766 1012 3797 beatorum.

108 3823 132 3846 Ε
164 3826 190 3844 2.
343 3801 496 3844 -ᾼεεεόοῃε
514 3804 548 3833 ad
571 3814 639 3842 nos,
664 3804 783 3835 dilectus
804 3805 907 3842 nobis,
928 3803 1072 3842 johannes
1092 3802 1200 3835 Alacris
1220 3802 1326 3842 Miles,

109 3840 182 3885 Κῶ,
198 3853 232 3888 &¹
262 3839 420 3870 Nobilium
435 3841 559 3881 virorum
573 3841 793 3880 Dominorum,
810 3842 950 3874 Bertrandi
971 3843 1007 3874 de
1029 3841 1123 3873 Gutto
1137 3841 1325 3873 Vicecomitis

110 3898 152 3922 Fr.
176 3903 217 3920 Η,
262 3879 498 3920 Leomanneniis,
515 3880 548 3909 &
570 3880 708 3911 Amaneni
724 3880 850 3911 Domini
868 3880 905 3911 de
927 3881 1066 3920 Lumo,
1085 3880 1236 3919 Nuncius,
1256 3890 1324 3912 cum

111 3937 142 3960 13.
160 3942 174 3959 2
204 3942 231 3961 m
262 3917 374 3948 Litteris
395 3915 431 3946 de
444 3915 594 3946 credentia
608 3918 757 3954 specialiter
780 3918 814 3950 ad
835 3928 886 3950 nos
900 3919 1014 3959 missus,
1035 3919 1137 3951 humili
1157 3920 1240 3949 nobis
1258 3918 1323 3951 infi-

114 3979 124 3998 ,
130 3979 157 4007 4,
167 3954 192 3999 μ’,
235 3953 241 3960 ’
259 3955 394 3989 nuatione
408 3954 573 3987 monstravit
587 3956 718 3996 qualiter,
733 3956 821 3990 felicis
836 3959 1005 3998 memoriae,
1020 3957 1166 3991 Dominus
1180 3955 1325 4002 Clemens,

655 43 1460 98 CONVENTIONES‚
1517 41 1928 94 LITERAE,

1342 140 1431 168 nuper
1454 128 1529 169 Papa
1545 131 1688 170 Quintus,
1707 129 1900 160 Praedecessor
1923 127 2015 159 vester
2030 149 2040 166 ,
2064 126 2134 158 dum
2155 128 2249 167 vixit,
2274 130 2419 167 personam
2435 130 2562 167 Ann.D'.

1342 169 1482 207 vestram,
1500 169 1570 200 dum
1588 171 1667 200 eratis
1682 171 1711 199 in
1727 170 1832 199 minori
1845 168 1957 198 Officio
1973 166 2121 197 constituti
2131 189 2141 205 ,
2158 170 2252 197 tenere
2266 169 2420 206 diligebat,
2456 180 2541 211 1317,

1343 208 1377 251 ὃς
1390 207 1631 276 liprosequebatur,
1649 210 1679 238 in
1701 207 1951 246 oportunitatibus,
1974 205 2116 236 favoribus
2139 205 2340 237 benivolentiae
2360 207 2421 245 spe·
2433 212 2506 249 Edv2
2515 223 2542 243 2.

1343 257 1389 277 cia
1430 256 1436 275 t

1382 284 1502 323 Ipsoque
1516 284 1621 316 sublato
1636 285 1672 316 de
1689 284 1797 322 medio,
1814 282 1941 321 praefati,
1958 281 2120 313 Bertrandus
2136 282 2170 313 &
2187 281 2369 321 Amanenus,
2388 294 2422 315 ac

1345 325 1439 354 caeteri
1453 324 1489 354 de
1504 323 1620 355 Genere
1629 323 1696 362 suo,
1714 322 1799 354 vestri
1813 323 1927 352 honoris
1941 323 1973 352 ὃ(
1991 322 2115 351 nominis
2135 322 2269 351 haetenus
2291 322 2425 353 zelatores

1346 362 1447 392 fervidi
1462 364 1603 393 extiterint
1618 363 1651 394 &
1666 362 1802 400 existunt,
1820 362 1946 402 prompti
1960 360 2069 398 semper
2090 360 2124 390 ad
2146 359 2245 390 vestrae
2265 359 2424 392 Sanetitatis

1344 401 1458 431 libitum
1474 411 1613 439 exponere
1626 402 1652 432 se
1665 402 1699 432 &
1714 401 1776 440 sua,
2114 437 2119 442 ¹
2286 437 2291 442 ¹

1383 438 1419 470 Et
1436 440 1551 477 qualiter
1563 439 1653 471 vestra
1667 441 1759 470 innata
1774 438 1952 476 Clementia,
1969 438 2006 468 ab
2025 436 2141 468 exordio
2164 436 2357 475 assumptionis
2371 448 2422 469 ve—·

1347 477 1413 508 strae
1426 478 1461 508 ad
1474 489 1489 508 a
1511 479 1585 509 icem
1601 479 1776 516 Apostolicae
1790 477 1949 515 dignitatis,
1966 475 2057 515 ipsos,
2075 477 2107 507 ὅ(
2127 483 2260 514 caeteros,
2277 475 2313 507 de
2321 475 2420 508 Gene-

1347 526 1377 547 re
1392 516 1463 546 dieti
1502 527 1580 556 apae,
1597 517 1677 557 gessit
1691 518 1720 547 in
1735 516 1886 548 visceribus
1901 515 2028 546 caritatis.
2072 522 2078 529 ·

1385 555 1433 586 Set
1445 557 1529 586 ecce!
1551 554 1633 586 Pater
1646 556 1764 594 San&e,
1783 555 1912 593 quidam,
1931 553 2080 592 instigante
2097 553 2226 591 maligno
2242 552 2362 592 Spiritu,
2379 555 2423 593 ip—

1345 593 1440 624 sorum
1457 593 1565 625 Generi
1589 594 1701 625 forsitan
1722 595 1896 631 invidentes,
1913 591 2119 633 suggesserunt,
2139 592 2216 630 quod
2238 592 2358 623 moleste
2377 604 2422 624 re-

1345 631 1480 671 ferimus,
1496 632 1597 663 vestrae
1613 633 1757 664 San&itati
1771 633 1852 670 qued
1867 633 1969 671 aliqui,
1985 631 2020 661 de
2036 630 2158 668 ipsorum
2174 630 2308 671 Genere,
2325 640 2422 663 contra

1346 680 1414 709 νος,
1432 672 1466 702 &
1489 671 1625 709 quosdam
1647 671 1683 701 de
1699 671 1795 702 vestris
1810 672 1961 702 debuerant
1982 670 2071 709 aliqua
2090 668 2227 700 maleficia
2244 669 2424 710 praeparasse,

1385 710 1405 729 ²*
1422 709 1515 740 Unde
1529 709 1618 740 vestra
1631 710 1789 747 benignitas
1804 718 1903 741 contra
1917 709 2006 748 ipsos,
2024 718 2078 739 nec
2093 709 2247 747 inmerito,
2266 710 2423 750 aliquantis-

1345 757 1412 787 per,
1432 757 1461 779 ut
1474 748 1678 786 intelleximus,
1696 757 1910 779 commovetur.

1387 786 1515 825 Verum,
1535 786 1615 818 Pater
1629 786 1741 817 Sandiae
1753 811 1763 826 ,
1782 788 1846 826 quia
1862 797 1921 817 non
1935 786 2035 825 decet,
2055 796 2110 817 nec
2132 785 2242 824 expedit
2263 785 2423 825 hujusmodi

1350 823 1596 864 suggestionibus,
1615 836 1679 863 quae
1693 835 1727 856 ex
1743 826 1856 856 invidiae
1870 825 1972 856 fomite
1987 825 2099 863 prodire
2113 826 2264 855 noscuntur
2299 826 2424 864 aliquali-

1347 870 1389 893 ter
1402 863 1487 894 fidem
1504 864 1587 903 dare,
1605 864 1754 901 praesertim
1770 873 1870 895 contra
1885 865 1944 894 tam
1959 863 2068 895 Graves
2083 864 2116 895 &
2131 863 2255 895 Nobiles
2271 848 2422 904 Personas,

1345 901 1381 932 de
1397 903 1496 940 quibus
1507 912 1567 933 non
1582 902 1623 932 est
1636 903 1802 941 verisimile,
1820 912 1854 934 ex
1871 903 1956 933 CauslS
1970 903 2091 940 superius
2102 904 2253 941 annotatis,
2273 902 2352 942 quod
2367 912 2422 941 po-

1347 942 1449 971 tuerint
1464 941 1497 971 ad
1515 942 1574 971 tam
1590 941 1728 972 horrenda
1743 941 1949 972 committenda
1965 940 2071 978 flagitia
2085 942 2194 972 animos
2206 942 2357 972 inclinare:

1386 978 1663 1010 Beatitudinivestrae
1675 982 1774 1018 omni,
1793 980 1846 1018 quii
1866 979 2028 1017 possumuS,
2047 979 2198 1010 affeffione
2218 980 2423 1019 supplicamus,

1347 1020 1473 1056 quatinus
1487 1019 1624 1057 praefatis,
1643 1018 1796 1049 Bertrando
1812 1019 1846 1049 &
1865 1018 2121 1056 Amaneno-(quos
2136 1019 2166 1048 in
2186 1019 2287 1049 nostris
2305 1019 2424 1057 agendis

1347 1066 1497 1096 promptos
1510 1058 1620 1096 semper
1634 1059 1794 1089 invenimus
1808 1058 1840 1088 ὃς
1854 1056 1961 1094 fideles,
1980 1056 2014 1086 δε
2029 1066 2149 1094 quorum
2164 1057 2284 1088 honores
2296 1059 2423 1089 &com-

1348 1096 1433 1126 moda
1448 1098 1552 1127 intimo
1569 1097 1692 1128 zelamus
1702 1095 1818 1135 affeetu)
1840 1093 2003 1133 caeteiisque
2023 1095 2058 1125 de
2075 1094 2191 1126 Genere
2205 1096 2253 1127 suo
2267 1097 2358 1128 velitis
2379 1098 2423 1127 in-

1346 1133 1520 1172 dignationis
1531 1135 1630 1166 vestrae
1642 1135 1770 1174 aculeos,
1788 1135 1808 1166 fi
1830 1144 1914 1173 quam
1929 1142 2028 1164 contra
2040 1133 2112 1171 ipsos
2131 1143 2165 1163 ex
2187 1135 2268 1165 causi
2282 1136 2424 1174 praemilli

1347 1174 1534 1212 concepistis,
1551 1174 1655 1204 divinae
1675 1175 1783 1212 pietatis
1802 1175 1920 1212 intuitu,
1940 1183 1972 1203 ac
1994 1174 2080 1203 etiam
2101 1172 2311 1210 praemistorum
2332 1175 2425 1205 consi-

1346 1212 1490 1243 deratione
1507 1212 1720 1244 misericorditer
1733 1212 1915 1251 condonare,
1933 1211 2028 1250 ficque
2049 1213 2088 1242 eis
2102 1210 2203 1242 vestrae
2223 1212 2422 1244 benivolentiae

1347 1251 1572 1289 magnitudinem
1587 1253 1731 1290 apperire,
1747 1251 1827 1290 quod
1852 1250 1982 1281 Mundus
1999 1258 2080 1289 queat
2100 1249 2252 1287 agnoscere
2268 1252 2347 1290 quod
2364 1262 2426 1282 non

1347 1290 1504 1321 vindictam
1516 1291 1639 1328 exquirat
1653 1290 1741 1321 vestra
1756 1289 1935 1328 Clementia,
1953 1289 1990 1320 set
2006 1289 2042 1320 de
2060 1289 2229 1327 poenitentia
2243 1290 2334 1328 potitis
2354 1300 2424 1328 gau-

1346 1327 1426 1367 deat,
1445 1328 1597 1359 humilibus
1608 1328 1696 1359 salutis
1710 1329 1811 1367 pocula
1824 1328 2014 1367 porrigendo:

1386 1366 1444 1398 Pro
1465 1366 1550 1397 firmo
1571 1376 1696 1398 tenentes
1712 1369 1808 1407 quod,
1826 1368 1846 1397 si
1867 1377 1918 1398 nos
1937 1367 2075 1405 aliquem,
2092 1366 2138 1398 vel
2158 1366 2266 1405 aliquos
2288 1366 2325 1397 de
2344 1367 2426 1407 ipsiS,

1347 1414 1397 1444 per
1409 1406 1444 1437 ali
1466 1416 1529 1437 uam
1544 1407 1638 1445 viam,
1657 1408 1782 1437 invenire
1795 1407 1947 1445 poterimus
1960 1405 1995 1436 de
2009 1406 2094 1436 dietis
2112 1405 2256 1436 maleficiis
2275 1405 2428 1444 culpabiles

1348 1446 1425 1475 extiti
1450 1455 1484 1484 e,
1504 1444 1586 1475 talem
1603 1453 1701 1476 contra
1716 1445 1821 1484 ipsum,
1840 1445 1884 1475 vel
1902 1444 1974 1483 ipsos
1995 1444 2135 1475 ultionem
2154 1445 2247 1483 expeti
2269 1445 2426 1484 faciemus,

1345 1483 1422 1521 juxta
1443 1483 1616 1514 severitatem
1631 1483 1729 1514 Gladii
1742 1483 1926 1522 Temporalis
1960 1483 2039 1521 quod
2053 1482 2189 1513 vindistae
2209 1482 2347 1514 austeritas
2361 1493 2427 1519 ,cae-

1349 1530 1421 1554 teros
1434 1524 1448 1552 a
1463 1531 1522 1553 tam
1536 1523 1682 1553 horrendis
1697 1522 1909 1553 committendis
1925 1507 2034 1562 flagitiis
2048 1521 2221 1552 cohercebit.

1387 1559 1533 1591 Caetertim
1550 1561 1658 1600 aliqua,
1676 1561 1754 1602 super
1777 1561 1857 1592 disto
1872 1570 2009 1600 negotio,
2026 1559 2135 1591 dileeto
2155 1560 2189 1591 &
2212 1559 2288 1591 fideli
2309 1559 2426 1598 nostro,

1350 1598 1482 1630 Antonio
1504 1599 1652 1638 Pessaigne
1667 1600 1702 1631 de
1720 1600 1823 1639 Janua,
1840 1600 1995 1631 Senescallo
2017 1598 2116 1629 nostro
2129 1598 2156 1629 V
2158 1598 2298 1638 asconiae,
2315 1600 2366 1638 &,
2383 1599 2428 1629 di-

1349 1638 1424 1668 leCio
1439 1638 1554 1669 Clerico
1566 1639 1679 1677 nostro,
1699 1638 1844 1676 Magistro
1858 1638 2020 1668 Willielmo
2032 1637 2067 1668 de
2084 1636 2177 1676 CasiS,
2196 1637 2306 1678 Legum
2319 1636 2428 1668 Profes-

1350 1677 1404 1707 sori
1425 1678 1508 1715 (quos
1527 1678 1560 1708 ad
1574 1677 1674 1708 vestrae
1686 1677 1844 1708 Sanititatis
1858 1677 2028 1715 praesentiam
2041 1675 2222 1714 destinamus)
2241 1675 2428 1716 exposuimus,

1350 1725 1399 1753 per
1414 1716 1501 1754 ipsos,
1519 1716 1563 1746 vel
1578 1726 1682 1747 eorum
1696 1716 1813 1746 alterurn
1829 1715 1929 1746 vestrae
1952 1713 2154 1745 mansuetudini
2172 1715 2350 1754 nuncianda,
2367 1716 2431 1753 qui-

1351 1755 1417 1792 bus,
1436 1755 1455 1785 si
1477 1755 1585 1792 placet,
1602 1756 1631 1784 in
1657 1754 1800 1793 dicendis,
1819 1754 1906 1785 fidem
1930 1754 2093 1791 dignemini
2113 1752 2256 1784 credulam
2278 1753 2429 1792 adhibere,

1350 1793 1448 1861 ἃᾶ,
1471 1794 1541 1824 'uxta
1555 1793 1689 1863 spggatam
1705 1793 1858 1832 fiduciam,
1876 1792 2033 1824 desiderato
2051 1790 2167 1823 effectui
2178 1793 2350 1831 mancipare.

1468 1840 1544 1862 ervet
1614 1841 1639 1862 c.

1388 1868 1457 1901 Dat.
1476 1855 1874 1909 apud'Westmonasterium,
1890 1878 1989 1909 quarto
2002 1868 2048 1900 die
2060 1868 2249 1901 Novembris.

2454 710 2473 729 *¹
2489 712 2541 742 111.

2460 750 2523 786 674.

1374 2011 1481 2043 Literae
1502 2011 1717 2056 Deprecatoriae
1737 2020 1791 2056 pro
1814 2007 1980 2042 Bertrando
2003 2006 2040 2040 de
2062 2009 2159 2051 Guto,
2189 2010 2227 2046 ὠ*
2251 2009 2413 2043 Amaneno

1710 2061 1842 2092 Domino
1865 2056 1902 2090 de
1925 2054 2061 2090 Lebreto.

1353 2142 1474 2199 REX
1493 2142 1627 2174 Domino
1650 2142 1777 2182 Jordano

1428 2181 1541 2213 salutem
1550 2206 1560 2221 ,
1576 2182 1610 2214 &
1624 2182 1737 2213 sincerae
1752 2165 1912 2212 dilectionis
1925 2179 2073 2211 affeoum.

1392 2220 1541 2251 Accedens
1555 2221 1589 2251 ad
1605 2231 1675 2258 nOS,
1693 2221 1811 2251 dilectus
1831 2220 1929 2256 nobis,
1944 2219 2088 2257 johannes
2110 2218 2217 2249 Alacris
2237 2218 2339 2259 Miles,
2358 2220 2430 2252 No-
2443 2215 2495 2239 An·
2513 2221 2554 2239 ¹¹·

1353 2258 1453 2288 bilium
1485 2258 1623 2290 Virorum
1645 2259 1843 2289 Dominorum
1860 2280 1870 2296 ,
1897 2256 2039 2287 Bertrandi
2060 2257 2097 2287 de
2119 2256 2214 2288 Gutto
2240 2257 2430 2291 Vicecomitis
2444 2254 2473 2277 E.
2490 2260 2516 2278 ²·

1354 2296 1587 2335 Leomannenfis,
1610 2297 1643 2328 &
1667 2297 1811 2328 Amaneni
1832 2295 1956 2326 Domini
1981 2295 2017 2325 de
2035 2295 2178 2334 LebretO,
2195 2295 2344 2335 Nuncius,
2361 2308 2428 2329 cum
2441 2292 2462 2314 V
2457 2288 2506 2324 asc·
2526 2297 2562 2319 ¹¹⁴

1355 2334 1454 2366 Literis
1466 2335 1501 2365 de
1514 2334 1668 2366 Credentia
1682 2335 1833 2374 specialiter
1854 2334 1889 2365 ad
1904 2343 1954 2363 nos
1970 2332 2084 2373 miffus,
2102 2334 2202 2364 humili
2214 2336 2298 2365 nobis
2309 2336 2428 2367 infinua-
2441 2330 2470 2353 E.
2495 2336 2521 2354 ²·
2536 2336 2562 2356 '⁸

1353 2375 1432 2404 tione
1448 2373 1634 2411 monstravit,
1650 2373 1763 2412 qualiter
1778 2373 1879 2412 aliqui,
1896 2371 2021 2411 Generi,
2041 2373 2124 2403 bonae
2139 2374 2303 2412 memoriae,
2321 2374 2429 2406 Domi-
2445 2374 2487 2401 14-
2501 2365 2529 2394 l·

1354 2413 1384 2443 ni
1400 2411 1576 2451 Clementis,
1594 2423 1683 2451 nuper
1696 2412 1781 2451 Papae
1795 2412 1917 2451 Qinti,
1938 2411 2047 2441 forsitan
2059 2411 2230 2449 invidentes,
2247 2412 2429 2444 SanCtiffimo

1354 2449 1429 2481 Patri
1428 2474 1449 2498 g
1466 2450 1602 2482 Domino
1617 2451 1741 2482 Summo
1757 2449 1892 2481 Pontifici
1905 2449 1955 2487 sug
1977 2449 2097 2480 efferunt
2111 2450 2190 2488 quod
2209 2450 2310 2489 aliqui,
2326 2451 2362 2482 de
2383 2453 2429 2483 di-

1354 2489 1404 2520 eto
1420 2493 1552 2528 benere,
1570 2498 1666 2520 contra
1683 2490 1772 2528 ipsum
1794 2489 1949 2533 Summum
1995 2487 2160 2532 ontificem,
2184 2489 2218 2520 ὃ(
2240 2489 2377 2528 quosdam
2395 2491 2431 2523 de

1351 2528 1405 2558 suis
1420 2529 1571 2559 debuerant
1587 2528 1676 2566 aliqua
1690 2527 1828 2559 maleficia
1846 2526 2027 2565 praeparfifle:

1391 2567 1482 2598 Unde
1498 2568 1579 2605 ipsius
1595 2567 1754 2603 benignitas
1769 2575 1867 2596 contra
1881 2565 2030 2603 praefatos,
2048 2564 2231 2596 Bertrandum
2253 2565 2286 2597 &
2301 2567 2426 2599 Amane-

1353 2615 1422 2636 num
1433 2629 1442 2644 ,
1461 2608 1539 2644 quod
1556 2604 1676 2635 moleste
1690 2604 1852 2642 referimus,
1871 2604 2065 2642 aliquantisper
2080 2612 2292 2635 commovetur.

1390 2644 1515 2683 Verum,
1536 2644 1599 2682 quia
1613 2653 1672 2673 non
1685 2643 1785 2680 decet,
1803 2652 1856 2673 nec
1870 2642 1982 2680 expedit
2006 2641 2165 2681 hujusmodi
2185 2643 2430 2686 suggestionibus,

1352 2692 1451 2714 contra
1473 2684 1529 2713 tam
1551 2681 1660 2712 Graves
1680 2682 1714 2713 &
1738 2681 1861 2712 Nobiles
1883 2681 2010 2721 personas
2024 2704 2035 2720 ,
2061 2681 2213 2720 aliqualiter
2237 2681 2326 2713 fidem
2347 2683 2430 2724 dare;

1353 2721 1504 2760 praesertim
1520 2721 1589 2752 cum
1604 2720 1729 2760 praefati,
1747 2720 1908 2751 Bertrandus
1924 2720 1957 2751 &
1975 2720 2154 2758 Amanenus,
2171 2721 2205 2751 δε
2220 2719 2265 2750 alii
2279 2721 2314 2751 de
2328 2721 2427 2753 Gene-

1355 2771 1386 2791 re
1402 2760 1467 2798 suo,
1483 2760 1565 2790 dieto
1576 2757 1708 2790 Domino
1721 2759 1845 2790 Summo
1859 2757 1991 2789 Pontifici
2023 2759 2074 2789 rati
2089 2758 2169 2789 fuiffe
2184 2759 2217 2790 &
2233 2759 2359 2792 benivoli
2395 2762 2429 2792 &

1353 2800 1428 2830 circa
1442 2800 1655 2837 promotionem
1671 2798 1751 2836 ipsius
1766 2808 1854 2835 opem
1870 2797 1983 2835 praestiti
2008 2807 2024 2827 e
2038 2796 2201 2837 noscantur,
2220 2798 2353 2839 idemque
2361 2784 2428 2830 Do-

1354 2839 1447 2868 minus
1461 2837 1595 2868 Summus
1611 2836 1746 2867 Pontifex
1761 2836 1832 2874 ipsos
1849 2836 1984 2867 haetenus
2007 2835 2121 2873 gesserit
2136 2837 2165 2866 in
2186 2835 2337 2867 visceribus
2356 2839 2424 2868 cari-

1351 2878 1508 2920 tatis31quae
1523 2875 1656 2915 profecito
1671 2885 1733 2906 non
1747 2876 1886 2914 patiuntur
1902 2874 1937 2906 de
1952 2874 2014 2913 ipfis
2027 2875 2087 2906 tam
2101 2874 2238 2905 horrenda
2260 2874 2361 2914 flagitia
2373 2875 2428 2907 sus-

1373 2925 1457 2946 icari:

1352 2925 1372 2954 p
1391 2953 1590 2984 Dilezfitionem
1604 2951 1726 2984 vestram
1742 2962 1875 2990 rogamus
1889 2952 1923 2983 ὃ(
1938 2951 2104 2990 requirimus
2116 2961 2151 2982 ex
2165 2949 2285 2990 affeetu,
2303 2953 2430 2992 quatinus

1354 3002 1438 3031 penes
1451 2992 1562 3023 dietum
1574 2991 1738 3023 Dominum
1754 2990 1911 3022 Summum
1932 2989 2125 3028 Pontificem,
2143 2990 2191 3020 cui
2234 2999 2267 3019 ro
2288 2991 2429 3031 praefatis,

1354 3030 1504 3063 Bertrando
1519 3032 1552 3062 &
1568 3031 1719 3062 Amaneno
1735 3030 1868 3068 (quorum
1892 3029 2013 3060 honores
2033 3028 2067 3059 &
2080 3037 2180 3058 comm
2220 3038 2235 3058 a
2254 3031 2348 3060 tenere
2364 3029 2430 3061 dili·

1355 3070 1462 3109 gimus)
1483 3070 1592 3101 votivas
1614 3067 1785 3100 effundimus
1807 3077 1903 3106 preces
1924 3066 2044 3104 nostraS,
2061 3065 2156 3096 sedulo
2180 3065 2301 3097 infistere
2321 3068 2430 3108 velitis,

1354 3119 1451 3140 amore
1463 3108 1549 3139 nostri
1559 3132 1568 3147 ,
1587 3116 1617 3139 ut
1630 3107 1831 3145 indignationis
1844 3106 1898 3136 suae
1912 3104 2024 3135 aculeos
2039 3105 2118 3142 ips1S,
2137 3104 2170 3135 &
2192 3106 2300 3136 caeteris
2313 3106 2348 3137 de
2363 3106 2429 3138 Ge-

1355 3158 1421 3178 nere
1442 3147 1509 3186 su0,
1526 3147 1572 3177 sua
1591 3146 1724 3183 dignetur
1738 3144 1897 3175 Clementia
1912 3142 2092 3181 condonare,
2112 3142 2206 3181 sicque
2219 3145 2256 3174 eis
2276 3143 2331 3175 suae
2346 3155 2430 3176 man·

1353 3185 1499 3216 suetudinis
1507 3185 1622 3223 januam
1635 3183 1756 3221 aperire,
1773 3181 1852 3220 quod
1870 3181 1996 3212 Mundus
2010 3181 2162 3219 agnoscere
2176 3182 2265 3213 valeat
2283 3183 2363 3221 quod
2381 3184 2426 3215 sua

1358 3224 1517 3255 Sublimitas
1530 3221 1688 3254 vindieram
1701 3230 1762 3251 non
1775 3220 1902 3258 expediat
1909 3243 1919 3260 ,
1935 3220 1973 3250 set
1988 3219 2210 3251 Correfflonem
2231 3223 2323 3259 potius
2333 3222 2368 3254 ὃς
2381 3222 2431 3254 Sa-

1356 3263 1455 3293 lutem.

1393 3300 1539 3332 Caeterum
1553 3298 1658 3337 aliqua,
1673 3296 1702 3329 su
1723 3307 1751 3327 er
1763 3296 1845 3327 die'to
1855 3297 1989 3337 negotio,
2005 3296 2197 3336 exposuImus,
2217 3297 2325 3329 dilecto
2345 3299 2379 3330 &
2394 3298 2429 3329 fi-

1356 3339 1411 3370 deli
1431 3337 1544 3376 nostro,
1560 3337 1691 3367 Antonio
1736 3335 1876 3375 effaigne,
1900 3335 2055 3366 Senescallo
2075 3334 2176 3366 nostro
2197 3335 2355 3375 Vascaniae,
2378 3337 2413 3368 &

1356 3378 1466 3408 dileeto
1479 3376 1596 3406 Clerico
1616 3374 1729 3413 nostro,
1747 3373 1892 3413 Magistro
1913 3374 2075 3405 Willielmo
2095 3374 2131 3405 de
2148 3373 2238 3413 Cafis,
2256 3375 2336 3405 vobis
2357 3384 2391 3405 ex
2407 3360 2429 3397 ἐ
2459 3370 2476 3389 ⁸*
2498 3371 2549 3399 ¹11·

1357 3425 1434 3455 parte
1446 3414 1543 3445 nostra
1556 3413 1731 3452 nuncianda,
1749 3414 1864 3452 quibus,
1882 3413 1901 3443 fi
1916 3413 2021 3453 placet,
2040 3412 2086 3444 vel
2099 3422 2196 3444 eorum
2218 3412 2313 3451 alteri,
2332 3414 2362 3443 in
2383 3414 2428 3444 di-
2476 3409 2539 3446 ⁶75·

1359 3454 1474 3492 cendis,
1491 3452 1575 3484 fidem
1588 3452 1677 3483 velitis
1699 3451 1846 3482 indubiam
1860 3451 2008 3491 adhibere,
2024 3453 2058 3483 &
2079 3452 2158 3482 circa
2177 3461 2223 3488 ca,
2249 3458 2302 3488 pro
2322 3461 2426 3484 eorum

1359 3503 1393 3525 ex
1429 3493 1555 3529 ditione,
1573 3491 1653 3522 sicuti
1665 3489 1701 3520 de
1714 3491 1798 3521 vobis
1811 3489 1999 3529 confidimus,
2017 3490 2171 3533 efficaciter
2183 3489 2314 3521 laborare.

1431 3539 1468 3563 at.
1480 3530 1555 3569 apud
1568 3528 1854 3560 Westmonasterium
1863 3551 1873 3568 ,
1889 3539 1919 3566 4.
1933 3529 1979 3561 die
1990 3529 2179 3561 Novembris.

1809 2142 1845 2173 de
1870 2140 1977 2179 Insula,
1996 2140 2130 2173 Domino
2150 2141 2188 2173 de
2209 2140 2298 2174 Casali
2321 2131 2562 2213 Bonoi,A¹‘¹3¹¹1·71·)

1532 3605 1650 3638 Eodem
1667 3605 1757 3637 modo
1774 3605 1900 3638 scribitur
1914 3605 2086 3647 subscriptis,
2103 3601 2252 3642 videlicet,

1397 3686 1513 3715 Domino
1530 3684 1614 3713 Petro
1632 3683 1665 3713 de
1681 3682 1784 3722 norst,
1803 3685 1938 3713 Germano
1955 3683 2067 3713 Domini
2083 3681 2185 3719 Papae,
2200 3678 2310 3718 Militi;

1396 3727 1511 3754 Domino
1529 3722 1686 3752 Bertrando
1703 3721 1829 3760 Jordano
1846 3723 1878 3752 de
1894 3720 2008 3761 Infirld,
2106 3732 2108 3735 ·

1397 3764 1513 3792 Domino
1530 3762 1612 3791 Petro
1629 3759 1662 3790 de
1679 3759 1709 3790 la
1727 3762 1798 3800 Vici,
1816 3762 1915 3800 Nepoti
1932 3760 2042 3790 Domini
2059 3758 2151 3795 Papae.
