2562 4279
32 264 110 296 Ann.
125 261 166 292 D.
178 271 219 295 tes
233 263 395 303 praedictas,
414 262 520 292 ibidem
535 258 691 304 morando,
708 258 760 303 seu·
767 255 869 301 exinde
884 253 1044 299 redeundo,
1057 263 1126 297 'non'
1136 251 1238 295 infera-
2364 251 2489 285 Anam,

54 309 137 340 ¹324.
176 304 228 340 tis,
245 302 307 340 seu,
323 309 460 342 quantum
475 302 502 329 in
517 300 598 342 vobis
610 297 668 335 est,
683 297 717 340 ab
730 305 787 325 aliis
806 294 898 338 inferri
914 301 1076 332 permittatis
1090 299 1237 327 iniuriam,
1628 327 1632 332 .
1794 327 1799 331 -
1819 327 1824 332 “
1975 325 1980 330 ¹
2383 300 2494 332 1324*

32 342 100 370 Edv.
118 349 145 368 2-
176 340 335 371 molestiam
350 364 359 378 ,
381 339 536 378 dampnum
550 360 560 374 ,
585 335 822 373 impedimentum
842 331 955 371 aliquod
969 353 978 367 ,
997 331 1042 360 seu
1063 337 1214 368 gravamen
1228 337 1239 364 3
1591 327 1699 357 Litera
1716 326 1837 356 Comitis
1851 321 2010 356 Flana'riae.
2363 332 2432 359 mv,
2448 341 2475 361 2,

39 845 167 878 Ami).
182 831 230 893 P

177 380 228 415 δε,
247 378 365 418 liquid,
377 379 436 409 δερ.
455 377 485 406 id
501 377 554 413 eis,
574 376 633 404 &c.
829 410 834 415 ι
894 409 898 414 ι
984 407 989 412 ⁸
1091 406 1096 410 ι
1136 406 1143 413 ,

214 417 247 448 In
262 419 356 455 cujus,
374 417 434 447 &c.
451 415 536 453 usque
551 412 585 442 ad
608 411 723 442 Festum
740 410 835 441 Santsti
853 406 1003 439 Michaelis
1018 414 1152 446 proximo
1165 404 1240 434 futu-

179 456 312 525 msseciiuer
314 464 410 531 ῗῖυεῑὲἓ
416 491 489 530 apud
500 487 788 520 Westmonasterium
796 508 806 524 ,
822 493 920 525 quarto
933 483 979 514 die
994 482 1074 514 Maii.

291 571 345 600 per
358 567 439 608 ipfhm
453 569 547 604 Regem
564 589 574 605 ,
593 567 751 595 Nunciante
764 560 897 601 Magistro
911 560 1026 590 Roberto
1040 561 1072 591 de
1085 562 1223 602 Ayleston.

174 726 181 731 t
226 695 285 730 Ad
305 697 420 741 Papam
440 719 450 736 ,
477 691 512 725 de
530 691 728 735 Attemptatis
754 688 938 720 Gallicorum
958 714 967 730 ‚
993 691 1029 726 ὠ
1042 698 1097 734 pro
1122 691 1200 722 Pace

538 749 606 771 cum
630 740 707 784 Rege
730 739 871 769 Franciae.

238 828 341 861 APAE
360 829 424 860 Rex
436 827 537 858 devota
552 823 657 861 pedum
673 821 765 853 oscula
779 822 935 853 beatorum.

233 900 236 903 ,
286 868 459 908 Apostolicae
483 860 725 900 Mansuetudinis,
745 861 809 891 vere
833 859 940 891 Christi
958 860 1063 892 Vicarii
1080 863 1107 892 in
1131 861 1245 902 Terris,

1284 407 1360 467 M

1370 408 1502 452 Agnifico
1522 407 1646 454 Principi
1670 407 1848 452 {Ec-Potenti,
1867 408 2020 452 Avunculo
2036 407 2085 437 suo
2099 404 2258 450 carissimo,
2272 400 2342 447 'Do'-
2360 417 2400 446 An
2435 424 2477 453 ¹7·

1378 457 1460 476 mino
1473 446 1633 484 Edwaroo,
1653 445 1711 476 Dei
1725 446 1826 484 gratia,
1845 447 1919 486 Regi
1934 447 2045 486 Angiiae
2058 469 2067 484 ,
2086 444 2220 475 Domino
2236 442 2343 472 Hiber·
2360 462 2390 485 13.
2411 465 2438 483 ,Η

1284 485 1359 528 riiae,
1375 485 1408 514 ὃ(
1425 485 1504 515 Duci
1520 485 1677 522 Aquitani-ae
1690 507 1699 521 ,
1720 484 1900 522 Ludovicus,
1918 484 2025 515 Comes
2040 483 2175 514 Flandiiae
2188 483 2221 512 ὃε
2234 480 2343 525 Νίνεπ-
2367 500 2402 523 Ex
2423 495 2497 530 Orig-

1283 533 1358 561 niae,
1377 523 1517 560 Salutem,
1534 523 1584 561 δε,
1603 532 1671 553 cum
1692 522 1865 553 Reverentia
1878 523 1911 553 &
1926 523 2064 562 Honore,
2085 523 2219 552 sinceram
2233 529 2263 550 in
2278 518 2345 549 Do-
2362 536 2390 563 5„
2412 533 2498 561 Dm,—

1284 563 1366 592 mino
1382 560 1545 591 Caritatem.

1324 603 1338 616 ³*
1362 600 1478 630 Litteras
1498 598 1617 637 vestras,
1638 598 1717 636 super
1741 598 1852 636 querela
1874 599 1973 629 Fratris
1991 598 2141 629 Willielmi
2152 598 2188 630 de
2203 595 2347 635 Qerele,

1286 637 1422 668 Gardiani
1444 636 1615 667 Conventus
1635 637 1766 667 Fratrum
1790 636 1943 667 Minorum
1966 638 2127 667 Londoniae
2140 660 2150 676 ,
2174 636 2256 666 nobis
2275 635 2348 665 dite-

1288 678 1345 721 c'tas
1354 700 1363 715 ,
1379 677 1411 707 ὃς
1424 685 1474 717 per
1486 675 1609 705 eundem
1622 675 1747 706 Fratrem
1761 674 1950 705 Willielmum
1965 675 2153 714 praesentatas,
2168 683 2257 715 nuper
2271 681 2351 703 rece-

1290 725 1399 756 pimus,

1326 753 1409 792 Cui,
1433 753 1511 792 super
1527 751 1705 791 querimonia
1727 751 1927 791 Spoliationis,
1958 751 2008 781 sibi
2032 751 2131 791 factae,
2149 750 2351 790 respondimus,

1288 792 1386 831 quod,
1405 802 1488 830 prout
1503 791 1622 821 Litterae
1634 790 1733 821 vestrae
1745 791 1948 826 subgerebant,
1967 800 2016 829 per
2031 791 2192 821 relationem
2216 789 2352 820 Nuncio-

1289 841 1353 861 rum
1375 830 1537 861 nostrorum
1552 853 1561 867 ,
1578 840 1593 859 a
1615 829 1652 859 ud
1668 839 1719 859 vos
1740 827 1888 867 postremo
1908 828 2099 866 directorutn,
2117 829 2190 859 bene
2206 837 2353 866 accepera-

56 894 69 914 1
94 895 111 915 2
433 905 438 910 ,
513 902 517 907 ,
551 901 557 905 ,
705 900 710 904 ,
807 900 812 904 ,
860 901 864 904 ,
1021 902 1025 906 ,
1051 901 1056 907 ,
1167 902 1172 907 ‚
1289 879 1368 908 muS,
1386 869 1480 909 quod,
1500 870 1571 899 inter
1615 868 1752 898 oncilium
1766 866 1891 897 vestrum
1930 866 1963 896 ὅ(
1977 866 2067 896 dictos
2082 867 2216 896 Nuncios
2230 869 2354 903 nostros,

35 895 89 951 An3
110 894 141 952 14'
218 907 359 944 Exemplo
379 912 491 941 optlmO
507 903 592 945 ,lpffflS
610 900 718 943 sumfm,
733 897 865 937 Maglstsl
885 900 917 930 &
933 899 1075 944 Dommls
1093 911 1244 946 omsslussns
1289 907 1378 938 fuerat
1393 908 1489 938 aetum
1505 908 1538 938 &
1562 905 1769 943 Conventum,
1786 905 1866 935 (1ίὲὶο
1891 888 1978 933 Fratri
1993 904 2034 934 W
2039 904 2170 943 illielmo,
2188 906 2265 942 super
2279 905 2354 942 Spo-

33 966 56 990 E
85 972 99 990 2
125 935 152 961 7'
181 946 364 978 universaliter
399 940 615 985 CthOUCOfflm
634 946 732 982 fimens
751 937 873 981 pomim
889 947 1053 978 quaerentis,
1071 940 1104 970 &
1125 941 1246 984 spesslssll·
1289 946 1419 984 liatione,
1438 946 1488 976 sibi
1502 945 1577 976 faeta
1590 968 1600 984 ,
1615 946 1684 975 citra
1699 943 1918 974 Ordinationem
1941 941 2147 981 Indempturae‚
2165 945 2235 973 inter
2249 943 2354 974 vestra-

33 984 110 1028 Rbm'
124 1010 133 1028 ι
159 1021 166 1027 ·
183 993 226 1016 ter
239 987 324 1021 inter,
343 965 536 1026 Magnificum
550 977 728 1017 PrinCipem,
746 976 912 1007 Dominum
934 976 1073 1009 Karolum
1086 978 1247 1022 „Delgrffi
1290 994 1329 1015 tes
1356 985 1390 1016 &
1411 984 1520 1014 nostros
1542 985 1702 1023 prolocutae
1751 981 1956 1012 restitutionem
1984 979 2135 1011 confestim
2164 981 2221 1011 fieri
2250 981 2354 1012 debere

35 1043 66 1066 Ε,
89 1022 106 1066 2‘
139 1010 153 1036 7
183 1025 238 1062 tii,
257 1022 381 1063 Francia:
404 1019 438 1048 &
450 1016 597 1062 'Navarfae
616 1015 728 1060 Regem
743 1038 753 1054 2
773 1015 896 1059 Fl‘as‘es?
911 1015 1041 1061 ”Ostium
1056 1017 1247 1062 <3³¹¹‚ffimqm2
1290 1023 1475 1059 (dumtamen
1496 1022 1572 1052 idern
1594 1022 1688 1051 Frater
1710 1006 1901 1056 willielmus,
1919 1019 1963 1049 seu
1986 1020 2077 1057 quivis
2089 1019 2154 1049 alius
2169 1029 2220 1056 pro
2236 1020 2354 1057 eodem,

38 1086 63 1104 m
83 1079 100 1105 6
110 1061 116 1067 “
125 1077 143 1105 d
186 1064 220 1094 δε
235 1069 301 1097 nOS,
317 1067 392 1096 PstClS
408 1064 544 1087 umtatem
564 1055 666 1086 sesVass
682 1077 692 1092 2
708 1054 742 1085 &
763 1052 979 1085 Dlssenhonum
993 1055 1151 1086 dlscrlmlssa
1167 1065 1247 1087 vitari
1291 1062 1327 1092 de
1343 1061 1421 1092 dieta
1442 1060 1614 1097 Spoliatione
1627 1083 1636 1097 ,
1655 1060 1689 1090 ὃς
1712 1058 1946 1089 Malesaetoribus
1964 1056 2068 1087 Terrae
2090 1058 2194 1088 nostrae
2205 1080 2215 1095 ,
2238 1059 2358 1088 eandem

68 1097 74 1104 ”
104 1097 111 1105 ’
145 1099 152 1106 '
185 1098 337 1135 suadentis,
382 1134 386 1140 Ι
430 1134 436 1139 ·
712 1132 728 1137 ..
1226 1133 1231 1138 ¹
1291 1100 1536 1138 perpetrantibus,
1554 1098 1601 1129 hic
1623 1098 1697 1138 apud
1717 1107 1770 1127 nos
1784 1120 1794 1135 ,
1812 1097 1840 1126 in
1862 1095 1955 1126 Terra
1976 1096 2090 1134 nostra,
2107 1096 2142 1126 ὃς
2158 1096 2193 1126 de
2210 1097 2360 1135 quantitate

219 1137 340 1174 Lioeras,
360 1133 450 1172 dignis
463 1132 576 1163 laudum
593 1141 742 1177 praeconiis
757 1131 938 1175 attollendas,
955 1131 1019 1163 laeta
1031 1140 1126 1176 mente
1140 1142 1248 1176 recepl-
1292 1138 1432 1176 dampni,
1451 1147 1499 1175 per
1518 1137 1595 1174 illos,
1613 1136 1649 1166 de
1669 1135 1761 1166 Terra
1782 1133 1874 1165 vestra
1914 1144 1966 1164 nos
1986 1134 2188 1171 informarent)
2205 1135 2359 1165 secundum

184 1183 264 1214 mus,
281 1182 433 1209 eafflmqsse
445 1181 582 1216 'tenorem'
599 1169 728 1214 jocunda,
747 1169 947 1214 dehbesdtlQne
960 1171 1093 1215 recens&
1110 1172 1229 1201 feC¹mUS
1239 1194 1248 1209 ³
1292 1187 1378 1215 quarn
1391 1176 1626 1206 Conventionem
1639 1175 1733 1205 eidem
1748 1173 1837 1204 Fratri
1851 1157 2012 1202 VV'illielrno
2026 1173 2182 1203 obtulimus
2193 1174 2290 1213 qusid,
2306 1175 2363 1205 sine

183 1215 216 1245 &
237 1211 325 1256 ¹³0st1'}
342 1211 464 1250 90301'15
485 1210 634 1241 asm²s¹010
657 1208 772 1239 fismloef
792 1209 931 1247 recondi,
956 1219 1008 1249 pso
1025 1211 1124 1250 (imbus
1149 1211 1248 1240 vestrae
1293 1217 1428 1246 dilatione
1442 1238 1451 1252 ,
1473 1213 1670 1244 Malefaetores
1686 1237 1696 1252 ,
1716 1214 1747 1243 iri
1775 1211 1857 1242 dietis
1878 1210 1991 1241 Litteris
2009 1210 2105 1240 vestris
2121 1213 2296 1251 nominatm,
2311 1222 2365 1243 co-

184 1251 370 1289 Beatitudini,
614 1287 619 1292 ,
645 1285 655 1295 Α
804 1286 809 1291 ,
884 1286 888 1290 ,
912 1286 916 1291 ,
972 1287 977 1292 ,
1003 1287 1007 1292 ,
1294 1263 1354 1284 ram
1369 1254 1451 1284 nobis
1466 1263 1650 1291 vocaremus,
1668 1254 1719 1290 &,
1736 1250 1796 1291 ipfis
1810 1250 1917 1281 elicitam
1931 1248 2136 1287 Spoliationem
2150 1250 2365 1290 confitentibus,

223 1291 317 1330 (ΕΞ,
335 1287 453 1327 quadam
467 1287 658 1332 Pfff-sogassva
675 1285 825 1330 ,Pfftefflahff
841 1284 1039 1330 s0J19¹tUd¹I¹¹S>
1057 1297 1127 1325 ⁰052
1143 1287 1176 1317 &
1196 1297 1249 1317 1¹0·
1297 1294 1342 1324 seu
1356 1293 1436 1330 super
1456 1291 1555 1322 eadem
1578 1291 1737 1328 convictis,
1755 1289 1891 1327 quatenus
1905 1288 1940 1318 de
1957 1289 2108 1326 quantitate
2123 1287 2253 1328 dampni²
2269 1289 2364 1320 Infor-

185 1328 256 1366 stra,
277 1328 412 1359 hatstenus
424 1325 608 1370 favoribus&
621 1325 724 1355 auxiliis
739 1334 888 1368 praecipuis
902 1324 1087 1369 indelinenter
1100 1325 1141 1355 est
1163 1327 1250 1368 *rose-
1295 1333 1452 1362 mationem
1472 1339 1628 1369 congruam
1643 1352 1652 1369 ,
1668 1339 1718 1370 per
1739 1326 1848 1358 vestros
1869 1327 1898 1356 iri
1920 1325 2015 1357 Terra
2038 1325 2128 1356 vestra
2142 1327 2264 1366 factam,
2280 1329 2364 1359 nobis

184 1376 265 1398 cuta'-
285 1368 318 1398 3<
332 1375 409 1396 nunc
425 1374 477 1404 ΡΥΟ
490 1363 534 1394 ¹1¹3
548 1370 652 1403 (quam
667 1364 745 1407 suffla
760 1363 786 1392 ¹d
799 1363 877 1401 qUOd
891 1362 1023 1393 aestlmasi
1044 1364 1127 1406 possit
1165 1365 1251 1394 effide·
1296 1371 1408 1401 referret
1423 1393 1431 1407 ,
1448 1368 1671 1399 Restitutionem
1696 1374 1911 1405 competentem
1936 1364 1987 1395 sibi
2003 1364 2059 1395 fieri
2080 1364 2253 1404 faceremus,
2273 1367 2305 1397 ὃς
2321 1366 2364 1397 di-

184 1415 276 1437 ranter
290 1406 461 1445 appetimus)
480 1403 571 1440 Pace,
588 1403 613 1432 se
625 1410 742 1442 exponit
755 1401 942 1432 laboraturam
955 1413 1023 1433 cum
1043 1411 1120 1433 tanta
1138 1404 1252 1434 buniili-
1296 1411 1358 1440 &03
1377 1407 1590 1446 Malefaekorffi,
1608 1417 1662 1447 pro
1677 1406 1806 1446 qualitate
1819 1403 1966 1441 maleficii,
1985 1404 2156 1441 puniremus.

191 1453 245 1476 tate
261 1445 424 1488 pollicetur,
511 1480 515 1485 ,
622 1480 646 1484 ..
677 1480 682 1485 ‚
812 1479 817 1485 ‚
1337 1448 1400 1486 Qi
1423 1446 1583 1486 respondit,
1600 1445 1680 1485 quod
1702 1454 1761 1475 non
1784 1450 1891 1481 poterat
1910 1442 2028 1482 amplius
2049 1443 2152 1472 morari
2165 1442 2195 1472 in
2209 1441 2300 1474 Terra
2312 1452 2366 1473 no-

226 1482 305 1513 Cum
319 1491 400 1512 omni
421 1481 574 1512 devotione
596 1478 684 1510 Filiali
703 1478 737 1509 ad
751 1488 916 1518 gratiarum,
933 1490 1000 1521 quas
1011 1480 1148 1519 valemus,
1167 1480 1250 1511 affiir-
1300 1485 1356 1518 stra
1392 1484 1437 1516 sed
1453 1494 1509 1515 erat
1527 1494 1593 1514 eum
1605 1483 1714 1514 necesse
1747 1481 1874 1513 rofici'sci.

188 1523 280 1563 gimus
294 1522 426 1564 afflone&
514 1557 529 1563 ..
861 1558 866 1563 ,
999 1558 1003 1563 ,
1188 1555 1196 1563 „
1337 1509 1418 1554 H’inc
1443 1524 1483 1553 est
1505 1524 1583 1561 quod
1608 1522 1714 1559 Magni
1736 1522 1836 1551 centiae
1858 1518 1959 1550 vestrae
1988 1520 2067 1557 super
2098 1519 2156 1550 hoc
2178 1519 2373 1559 rescribimus,

37 1568 112 1595 qv,
120 1575 168 1602 50.
223 1562 241 1579 a*
260 1558 347 1591 Hanc
363 1566 474 1598 utique,
493 1555 612 1596 piissime
627 1554 709 1586 Pater
715 1579 729 1625 ἒ
746 1555 941 1596 Progenitores
952 1557 1090 1596 utriusque
1105 1556 1253 1595 nostrum,
1299 1562 1379 1602 qubd
1404 1572 1452 1599 per
1477 1571 1527 1591 nos
1551 1571 1611 1591 non
1633 1560 1706 1591 stetit
1722 1582 1732 1598 ‚
1750 1569 1804 1589 nec
1828 1558 1879 1589 stat
1892 1581 1902 1596 ,
1925 1558 1969 1588 sed
1984 1558 2092 1597 semper
2104 1559 2188 1596 parati
2205 1559 2295 1589 sumus
2309 1582 2320 1599 ,
2337 1560 2372 1591 δε

206 1598 251 1630 ost
265 1599 341 1630 varia
354 1597 498 1628 Bellorum
513 1595 648 1632 Diffidia‚
666 1599 714 1633 poi
743 1595 854 1632 Strages
867 1596 1012 1635 pessimas,
1030 1596 1094 1635 post
1107 1597 1254 1625 innumera

185 1605 324 1676 Eampna
337 1637 415 1674 data,
433 1636 527 1672 velut,
544 1634 600 1672 qui
614 1634 652 1663 nil
669 1635 759 1664 utilius
774 1635 802 1663 in
818 1634 929 1671 Terris,
946 1635 984 1664 nil
1009 1634 1211 1664 desiderabilius
1226 1635 1254 1664 in

189 1677 299 1715 Coelis,
319 1675 437 1705 ferventi
455 1673 589 1704 deiiderio
610 1671 755 1702 anclarunt
769 1695 778 1709 ,
797 1673 830 1702 ὃ(
852 1673 1056 1711 qutesiverunt3
1075 1683 1107 1703 ac
1122 1673 1255 1710 tandem,

188 1716 285 1756 sopitis
302 1712 515 1745 Diffenfionum
526 1710 698 1748 turbinibus,
718 1711 794 1740 illam
809 1710 834 1740 se
849 1711 979 1750 reperille
992 1711 1170 1750 gaudebant,

228 1754 327 1793 Qiam
337 1776 346 1792 ,
366 1753 396 1782 in
411 1752 532 1791 scriptis,
552 1750 586 1779 ad
597 1757 757 1788 perpetuam
772 1751 809 1779 rei
828 1751 1015 1788 memoriam,
1034 1750 1085 1780 sub
1099 1752 1181 1781 certis
1191 1760 1258 1780 mo-

192 1793 234 1825 dis
248 1795 281 1824 &
295 1791 412 1828 formis,
426 1789 495 1828 Jura
510 1787 602 1818 nostra
621 1787 760 1825 utriusque
782 1788 979 1827 liinitantibus‚
996 1789 1153 1826 redatitam,
1174 1789 1258 1819 Obli-

193 1831 353 1870 gationibus
384 1827 555 1868 juramentis
592 1825 625 1856 &
642 1825 755 1865 Poenis,
775 1827 967 1866 multipliciter
980 1828 1108 1858 vallatam
1122 1851 1132 1867 ,
1150 1838 1183 1857 ac
1197 1828 1260 1858 sub-

194 1872 339 1908 sequenter
353 1852 540 1898 §acrosanetae
555 1850 633 1895 §edis
646 1865 744 1895 vestrae
759 1865 921 1895 auctoritare
940 1867 1100 1897 roboratam
1116 1890 1125 1904 ,
1144 1868 1176 1897 ὃς
1198 1868 1260 1904 pos-

195 1911 292 1940 tremo
306 1907 385 1937 variis
402 1905 519 1944 Copulis
535 1903 737 1943 Conjugalibus
760 1905 814 1939 (ex
832 1905 933 1942 quibus
949 1904 1093 1944 Sanguinis
1108 1907 1141 1936 ὃς
1157 1906 1262 1936 Affini-

195 1948 258 1977 tatis
274 1945 383 1976 vincula
396 1946 427 1975 in
442 1943 558 1983 utrique
571 1942 676 1973 Domo
692 1942 754 1972 sunt
770 1942 897 1979 suborta)
920 1944 1098 1984 colligatam,
1118 1955 1170 1981 pro
1190 1945 1215 1975 se
1227 1946 1261 1976 ὅ(

195 1986 249 2016 suis
270 1984 383 2022 posteris
408 1984 617 2021 imperpetuum
641 1981 835 2012 inviolabiliter
854 1982 1057 2013 observandam
1073 2006 1082 2022 ,
1106 1983 1262 2016 statuerunt

197 2024 287 2062 saepe,
305 2025 337 2054 &
354 2022 449 2060 saepius
464 2022 572 2051 vicibus
585 2021 693 2050 iteratis.

238 2061 305 2091 Nos
317 2063 387 2091 vero
396 2083 405 2097 ,
423 2059 503 2090 Pater
516 2058 711 2097 Sanfflffime,
726 2059 846 2097 propriis
859 2059 974 2091 Finibus
986 2060 1146 2100 dumtaxat,
1161 2061 1263 2100 absque

203 2101 360 2130 intentione
382 2099 433 2129 ulla
449 2121 459 2136 ‚
482 2098 539 2128 ullo
562 2107 685 2135 utiquam
703 2107 832 2140 tempore
846 2120 855 2136 ,
872 2100 1048 2137 aggrediendi
1070 2100 1155 2130 aliena
1168 2123 1178 2138 ,
1194 2111 1265 2130 con-

1299 1610 1422 1638 erimus,
1440 1599 1533 1629 eidem
1551 1599 1639 1629 Fratri
1663 1599 1824 1628 Willielmo
1838 1620 1847 1636 ,
1866 1599 1942 1634 iuxta
1963 1595 2179 1635 promiffioriem
2193 1621 2202 1636 ‚
2221 1597 2299 1636 super
2314 1598 2372 1628 hoc

1300 1640 1403 1670 factam
1421 1661 1430 1676 ,
1455 1638 1588 1668 exhibere
1605 1637 1727 1676 Justitiae
1750 1637 1997 1674 complementum
2014 1646 2024 1672 ·,
2040 1634 2206 1666 dumtamen
2229 1636 2285 1673 ipse
2297 1660 2307 1676 ,
2326 1637 2372 1667 vei

1301 1678 1391 1717 quivis
1405 1677 1472 1706 alius
1486 1686 1539 1714 pro
1555 1686 1590 1706 eo
1608 1699 1618 1715 ,
1635 1675 1745 1706 diC’tam
1759 1674 1979 1712 Qerimoniam
1989 1696 1999 1711 ,
2010 1680 2040 1703 ut
2050 1673 2147 1712 decet,
2163 1675 2353 1713 prosequatur.

1338 1716 1375 1746 Et
1389 1715 1606 1752 nichilominus,
1624 1723 1738 1754 propter
1753 1713 1830 1743 suam
1844 1711 1996 1743 absentiam
2033 1720 2092 1741 non
2107 1712 2280 1744 dimittemus
2292 1715 2373 1753 quin,

1303 1756 1407 1785 intuitu
1424 1754 1582 1791 rogaminis
1597 1753 1680 1783 vestri
1695 1751 1842 1792 praedieti,
1860 1750 1959 1781 Fratris
1972 1733 2123 1780 Willielmi
2141 1752 2271 1791 negorio,
2287 1762 2372 1791 prout

1306 1794 1421 1831 melius,
1441 1793 1474 1824 &
1509 1791 1604 1822 uando
1619 1790 1777 1822 commode
1793 1791 1963 1829 poterimuS,
1982 1789 2164 1819 intendamus.

1341 1831 1439 1863 Valeat
1455 1841 1490 1861 ve
1517 1841 1544 1861 ra
1561 1830 1733 1860 Dominatio
1749 1827 1908 1860 veneranda
1920 1828 1947 1857 in
1966 1826 2102 1857 Domino
2113 1826 2178 1866 Jesu
2194 1827 2319 1860 Christo.

1344 1870 1412 1901 Dat.
1434 1869 1506 1906 apud
1525 1868 1614 1899 Males
1631 1869 1711 1907 juxta
1726 1867 1839 1906 Brugis,
1860 1866 1948 1897 Anno
1963 1866 2088 1896 Domini
2103 1867 2254 1899 millesimo
2267 1876 2377 1901 trecen=

1305 1909 1405 1942 tesimo
1418 1908 1556 1939 vicelimo
1569 1917 1667 1948 quarto
1676 1931 1686 1946 ,
1705 1906 1752 1937 die
1765 1906 1882 1936 decimo
1898 1904 2005 1935 Mensis
2019 1901 2100 1935 Maii.

1545 2034 1593 2066 De
1610 2035 1722 2065 Armis
1736 2027 1932 2063 Militaribus
1946 2027 2152 2076 fhfit'poendis.

1384 2118 1450 2151 EX
1468 2118 1643 2150 Vicecomiti
1656 2117 1791 2148 Eborum
1808 2115 1944 2147 Salutem.
2404 2106 2532 2140 Anao:

1430 2158 1509 2197 Qia
1525 2157 1674 2194 volumus,
1693 2156 1726 2187 &
1740 2156 1777 2186 de
1792 2154 1931 2185 Concilio
1950 2152 2048 2184 nostro
2070 2153 2281 2194 ordinavimus,
2299 2156 2381 2194 quod
2423 2156 2507 2188 1324-

1311 2207 1412 2227 omnes
1433 2198 1497 2234 illi,
1522 2196 1557 2226 de
1577 2196 1685 2232 Regno
1705 2193 1804 2225 nostro
1819 2216 1827 2230 ,
1844 2195 1891 2232 qui
1913 2192 2017 2223 habent
2040 2192 2235 2232 Quadraginta
2257 2193 2385 2226 Libratas
2400 2192 2452 2215 An.
2473 2196 2514 2223 Ι7·

1312 2235 1430 2273 Terrae,
1448 2236 1495 2265 vel
1511 2233 1669 2272 Redditus,
1687 2242 1733 2264 aut
1749 2232 1878 2262 Feodum
1894 2232 1977 2262 unius
1992 2229 2093 2261 Militis
2105 2232 2266 2272 integrum,
2288 2233 2382 2264 valens
2405 2231 2432 2254 13.
2452 2235 2477 2253 2-
2535 2266 2537 2270 Α

1316 2275 1508 2314 Quadraginta
1529 2273 1628 2303 Libras
1649 2282 1698 2311 per
1719 2271 1860 2309 Annum,
1879 2271 1913 2301 &
1937 2279 1968 2300 ea
1988 2279 2037 2307 per
2052 2270 2126 2300 Tres
2148 2270 2246 2301 Annos
2258 2273 2385 2309 integros
2401 2262 2538 2300 eluas-¹7·

203 2139 290 2175 tenti,
309 2137 414 2167 Pacem
428 2138 530 2174 (quam
546 2135 749 2170 exhortamini)
768 2146 836 2173 cum
853 2138 970 2175 praefato
992 2138 1087 2168 Fratre
1106 2138 1205 2169 nostro
1221 2149 1267 2169 ca-

203 2176 327 2214 riffimo,
347 2184 404 2213 prae
418 2175 526 2204 caeteris
542 2172 721 2210 Principibus
736 2173 919 2214 Mortaiibus,
939 2178 1049 2213 praeviis
1062 2187 1095 2207 ex
1110 2177 1268 2216 cauliS,de-

204 2214 352 2244 sideranter
372 2213 526 2253 appetimus
542 2223 551 2250 3
569 2214 652 2251 parati
667 2213 760 2242 eidem
777 2212 863 2243 Fratri
884 2214 983 2244 nostro
999 2238 1007 2251 ,
1026 2216 1109 2245 omni
1122 2225 1268 2254 tempore,

204 2253 311 2290 facere,
321 2251 487 2282 cessantibus
494 2251 634 2289 legittimis
642 2250 863 2290 impedimentis,
871 2254 899 2282 in
907 2253 1268 2293 oninibiiS,quaedebemus:

245 2291 280 2321 Et
296 2315 305 2328 ,
326 2292 390 2320 licet
410 2290 533 2327 erpi-esse
555 2289 673 2319 dedueta
689 2313 699 2328 ,
715 2289 748 2320 &
765 2289 901 2329 praemiliii
916 2315 926 2329 ,
941 2293 970 2321 in
987 2293 1109 2331 praefatae
1126 2292 1206 2324 Pacis
1223 2291 1269 2323 fir-
2404 2307 2432 2331 E.
2453 2312 2479 2329 2.

207 2330 368 2366 mitatibus,
387 2329 484 2366 nobis,
504 2337 533 2358 ut
545 2329 697 2365 convenit,
714 2338 773 2357 non
790 2329 881 2359 solum
895 2330 1024 2360 nondum
1042 2331 1093 2361 lint
1108 2332 1271 2370 completa,

206 2368 264 2405 set,
282 2377 381 2398 contra
394 2377 493 2397 eorum
506 2375 651 2404 tenorem,
671 2367 700 2396 in
719 2365 807 2396 nostri
823 2368 1034 2406 praejudicium,
1053 2370 1085 2400 δε
1097 2369 1271 2406 jurisdictio-

205 2408 250 2436 nis
271 2405 377 2435 nostrae
399 2404 528 2436 Ducatsis
549 2405 636 2434 nostri
659 2405 802 2444 praedieti,
824 2407 930 2445 multa,
948 2416 994 2445 per
1008 2405 1158 2438 Ministros
1174 2406 1271 2439 Curiae

207 2444 353 2481 Franciae,
371 2443 490 2482 injuste,
509 2452 608 2474 contra
627 2453 697 2482 n03,
716 2444 749 2474 &
765 2444 864 2474 statum
881 2445 1008 2476 nostrum
1021 2470 1030 2483 ,
1051 2447 1174 2487 usurpata
1188 2447 1222 2478 &
1233 2456 1273 2478 at-

207 2490 362 2522 temptata,
377 2491 470 2512 tamen
483 2490 512 2512 ut
528 2481 814 2521 compleantur,erga
829 2483 978 2520 praefatum
992 2484 1116 2515 Fratrem
1131 2485 1274 2525 nostrum,

207 2521 390 2553 amicabiliter
404 2522 477 2558 pacis
491 2521 702 2558 complementa
720 2530 843 2559 petentes
857 2522 1033 2561 frequenter,
1048 2523 1200 2555 institimus
1219 2525 1276 2555 fre-

208 2568 326 2600 quenter
344 2560 429 2590 etiam
446 2559 479 2589 &
495 2558 638 2589 instamus.

247 2597 285 2629 Et
306 2607 475 2642 quamquam
495 2599 642 2635 nuperime
657 2620 666 2635 ,
685 2598 713 2641 in
735 2597 801 2628 loco
822 2598 919 2630 Sancti
935 2600 1107 2639 Sacerdotis,
1128 2602 1226 2632 situato
1245 2603 1274 2632 in

209 2636 302 2668 Tertii⁴
314 2637 443 2676 Agenni,
460 2636 590 2667 Ducattis
604 2636 694 2666 nostri
708 2636 837 2673 pi·zedit{’ti
854 2639 898 2673 (in
919 2649 978 2676 quo
1001 2639 1090 2669 nostri
1106 2639 1277 2679 Progenito-

212 2685 269 2713 res,
286 2676 335 2706 suis
353 2675 546 2714 temporibus,
562 2676 596 2706 &
618 2685 686 2713 nos,
703 2674 823 2714 nostris,
839 2686 926 2707 omne
948 2676 1119 2717 Resortum,
1138 2678 1277 2710 Cavelca-

211 2723 291 2753 turn,
310 2723 483 2751 omnemque
498 2714 725 2751 Superioritatein
740 2713 894 2746 habuerunt
908 2716 940 2746 &
952 2718 1277 2756 excercuerunt,habui-

214 2762 277 2783 mus
293 2776 302 2791 ,
319 2753 352 2783 ὃ(
373 2753 567 2794 excercuimus
581 2775 590 2791 ,
608 2752 658 2790 &,
674 2753 743 2790 Jure
762 2753 876 2791 nostro,
896 2754 1061 2786 inconcusse
1079 2757 1215 2793 fecimus)
1235 2757 1278 2787 di-

215 2799 292 2834 catur
307 2791 368 2821 fore
380 2790 581 2834 commistum,
597 2790 675 2830 quod
688 2791 815 2831 praefatus
828 2792 923 2824 Frater
934 2793 1029 2825 noster
1043 2796 1072 2825 in
1093 2794 1133 2826 sui
1147 2796 1279 2834 praejudi-

215 2839 293 2860 cium
308 2829 398 2859 asserit
413 2838 599 2868 perpetratum
609 2854 618 2867 ,

252 2866 434 2911 Nom-hujus
449 2867 593 2911 Facinoris
604 2891 614 2911 ,
632 2867 700 2912 teste
715 2868 783 2899 Deo
799 2869 832 2900 &
848 2869 1048 2909 Conscientia,
1068 2873 1146 2903 inscii
1167 2873 1278 2912 penitus

217 2903 251 2948 ξ(
265 2914 368 2944 ignari,
387 2915 561 2949 omnemque
573 2917 701 2943 injuriam
715 2908 748 2937 ὃς
762 2909 967 2950 opprobrium,
984 2911 1065 2941 dieto
1079 2911 1169 2942 Fratri
1180 2911 1279 2943 nostro

217 2952 351 2987 irrogata,
371 2946 474 2974 merito
493 2944 655 2975 detestantes
668 2968 677 2982 ‚
697 2945 806 2984 statim,
823 2955 939 2979 rumore
954 2949 988 2979 ad
1001 2960 1052 2979 nos
1073 2949 1139 2980 inde
1154 2950 1280 2989 perlato,

219 2983 342 3012 misimus
354 2982 389 3012 ad
404 2982 550 3020 praefatum
563 2982 687 3012 Fratrem
703 2983 830 3014 nostrum
844 2985 977 3017 Nuncios
997 2988 1124 3025 speciales
1137 3011 1146 3026 ,
1166 2999 1218 3025 pro
1232 2996 1280 3019 ex-

218 3020 361 3050 cusatione
372 3021 466 3051 nostra
481 3020 546 3051 vera
560 3019 592 3052 &
602 3021 693 3060 justa,
711 3021 861 3053 offerentes
875 3034 943 3061 nos,
966 3035 1034 3055 cum
1050 3027 1133 3056 omni
1155 3027 1281 3058 severita-

219 3066 249 3089 te
261 3059 294 3089 &
309 3060 400 3098 rigore
417 3059 550 3089 vindietae
565 3067 569 3075 '
582 3069 665 3097 prout
680 3059 713 3089 ad
725 3070 777 3090 nos
791 3063 886 3092 attinet
902 3065 1010 3094 ratione
1031 3065 1086 3095 loci
1099 3072 1103 3094 i
1126 3065 1282 3101 persecutu-

219 3106 267 3127 ros
286 3099 354 3128 tanti
372 3097 477 3128 sceleris
497 3097 616 3128 Aetores
629 3122 638 3136 ,
660 3108 729 3129 cum
748 3098 800 3129 suis
819 3099 1019 3141 Complicibus
1039 3103 1281 3145 quibuscumque,

219 3135 321 3172 absque
333 3135 516 3167 Personarum
527 3136 647 3168 deleciu.
663 3170 667 3173 ,

246 3173 313 3218 ,Ετρ
332 3174 402 3204 cum
417 3174 544 3218 Ministri
559 3175 648 3206 nostri
661 3175 821 3215 hujusmodi
835 3176 1002 3211 Proceffurn
1017 3181 1283 3221 inchoaffent,Mi·

222 3212 301 3246 nistri
318 3213 428 3249 praefati
442 3213 540 3244 Fratris
554 3213 643 3245 nostri
659 3215 863 3255 (senescallus,
879 3218 1028 3258 videlicet,
1044 3219 1230 3260 Petragorum
1248 3222 1283 3252 &

221 3248 285 3297 sui)
312 3250 423 3296 nostros
447 3253 677 3292 impediverunt,
695 3264 749 3285 nec
771 3255 923 3299 procedere
944 3258 1149 3297 permiserunt3
1168 3259 1206 3290 set
1225 3261 1283 3291 tam
1806 3289 1810 3294 .
1841 3289 1845 3294 .
1962 3286 1966 3292 ·
2165 3287 2168 3291 ·
2188 3286 2192 3290 -
2250 3288 2255 3292 -

222 3299 232 3319 1
255 3289 289 3327 si,
307 3297 391 3327 quarn
414 3290 541 3335 praefatus
556 3291 647 3322 Frater
661 3293 771 3331 noster,
792 3303 821 3324 ut
833 3294 934 3326 dicitur
949 3298 996 3333 (in
1019 3297 1143 3328 Meffem
1159 3299 1282 3329 nostram
1376 3283 1404 3311 δὲ
1431 3287 1478 3319 De
1499 3287 1659 3330 Apparam
1679 3312 1688 3328 a
1720 3296 1775 3332 ΡΠ)
1799 3286 1858 3318 ἨΠ
1880 3311 1889 3327 ³
1913 3297 1965 3330 qm
1986 3285 2089 3315 Arma
2112 3283 2345 3326 M¹l¹tar¹afi⁷¹²
2412 3285 2547 3323 *lvd-²¹

247 3328 337 3358 alcetn
355 3327 430 3357 suam
447 3328 570 3359 indebite
591 3331 755 3374 mittentes)
775 3332 931 3369 hujusmodi
947 3337 1143 3375 cognitionem
1156 3338 1184 3367 in
1200 3338 1226 3368 se
1246 3338 1285 3369 as-
1500 3334 1668 3380 filfi'l'psuri
1679 3359 1688 3374 ⁵
1711 3346 1749 3366 ex
1767 3331 1942 3366 Gardewba
1963 3334 2048 3379 Regis
2072 3328 2215 3365 habendo·

218 3365 413 3404 sumpserunt,
432 3366 559 3411 nostram
567 3365 797 3406 Jurilditftionern
811 3371 975 3410 usurpando.

261 3404 318 3434 Pro
333 3413 408 3442 qu0,
424 3404 457 3434 &
470 3406 535 3440 aliis
560 3416 659 3437 contra
678 3417 729 3437 nos
745 3412 911 3455 attemptatis
925 3434 934 3449 ,
953 3414 1139 3444 amicabiliter
1152 3425 1199 3454 per
1213 3425 1283 3453 prae-
1400 3416 1425 3448 E
1435 3416 1467 3448 X
1485 3418 1659 3450 Vicecomiti
1671 3418 1820 3456 Eborum‚
1839 3417 1960 3448 salutern.
2411 3415 2488 3447 Ann-
2503 3415 2545 3448 D-

224 3443 316 3487 fatum
337 3443 461 3472 Fratrem
483 3453 521 3473 no
548 3454 608 3502 rpm
628 3447 791 3488 revocandis
808 3469 817 3485 ,
836 3447 869 3477 &
886 3459 915 3478 in
932 3450 1039 3495 Statum
1061 3453 1190 3484 debitum
1204 3455 1285 3485 redu-
1446 3456 1526 3487 Cum
1548 3459 1772 3487 ordinaverimus
1796 3456 1877 3494 quod
1898 3465 1998 3486 omnes
2020 3453 2082 3492 illi,
2099 3453 2134 3484 de
2154 3454 2258 3493 Regno
2272 3452 2390 3493 nostro,
2432 3464 2519 3494 1324.

224 3482 321 3512 cendis
334 3505 344 3518 ,
362 3481 516 3519 solempnes
537 3482 669 3519 lNuncios
690 3484 817 3523 nostros,
833 3485 1047 3528 Venerabilem,
1066 3492 1214 3530 videlicet,
1233 3492 1286 3523 Pa-
1330 3495 1378 3532 qui
1399 3494 1502 3525 habent
1523 3495 1716 3535 Qadraginta
1738 3496 1863 3525 Libratas
1882 3495 1982 3524 Terrae
1994 3517 2002 3529 ⁷
2021 3492 2080 3526 &c-
2101 3500 2132 3537 uf
2139 3492 2224 3531 fi1pra
2237 3492 2317 3532 usque
2336 3492 2392 3530 ibi,

224 3524 315 3564 trem,
332 3518 584 3558 Arcbiepiscopum
600 3520 747 3552 Dubliniae
761 3545 771 3559 ,
790 3525 823 3554 &
838 3524 1025 3557 Edmundum
1040 3528 1189 3560 Comitem
1205 3531 1286 3561 Kan-

226 3565 290 3597 tiae,
309 3558 434 3589 Fratrem
455 3559 582 3588 nostrum
604 3559 834 3600 dileetiffimum,
854 3564 976 3595 milimus
996 3567 1049 3603 jam
1070 3567 1106 3597 de
1121 3579 1215 3604 novo;
1237 3571 1285 3608 qui

226 3597 299 3637 apud
320 3597 408 3641 ipsum
428 3597 529 3641 instant
549 3607 603 3635 pro
625 3598 766 3635 praedictis
780 3622 789 3637 ‚
808 3611 861 3631 iiec
875 3603 955 3632 aliam
979 3605 1073 3642 viam,
1092 3609 1176 3644 qu‘am
1189 3607 1268 3639 Pacis

225 3635 344 3681 aggredi
358 3645 544 3681 proponimus
559 3635 616 3680 ullo
632 3637 721 3666 modo
735 3638 824 3671 (ialva
841 3639 974 3672 duntaxat
991 3642 1230 3676 Exhaeredatioriis
1243 3632 1285 3678 in3

225 3683 297 3741 ἔπιε,
320 3674 489 3711 manifesta)
504 3674 568 3704 licet
587 3673 693 3705 dicatur
715 3677 817 3713 (quod
835 3678 986 3710 difficiliter
1007 3682 1120 3712 credere
1143 3685 1285 3723 valemus)

253 3721 353 3757 ratrem
375 3712 504 3743 nostrum
518 3738 527 3751 ,
554 3711 667 3753 Regem
686 3713 811 3745 Franciae
830 3718 1000 3754 praedietum
1015 3742 1025 3758 ,
1041 3721 1082 3750 ob
1102 3721 1131 3752 id
1150 3724 1283 3762 grandem

224 3748 408 3795 Excerciturn
422 3761 598 3791 congregare.

263 3788 340 3819 Velit
358 3797 440 3834 igitur
454 3813 462 3827 ‚
485 3790 587 3821 devote
609 3789 766 3834 quaesumus
779 3815 788 3828 ,
813 3794 902 3824 vestra
922 3794 1059 3828 Sanctitas
1085 3800 1284 3832 conscientiam

224 3825 303 3857 suam
322 3827 360 3857 sic
373 3828 528 3872 informare
542 3830 577 3859 de
591 3829 746 3869 praedietis,
763 3831 854 3869 sicque
867 3833 986 3863 feliciter
993 3836 1108 3874 juvare,
1127 3846 1157 3867 ut
1189 3839 1285 3871 vestro

225 3863 348 3895 Paterno
366 3866 507 3905 praefidlo,
527 3869 602 3907 pacis
626 3869 793 3906 tranquilitas
812 3871 903 3908 vigeat
916 3894 925 3907 ,
943 3882 1029 3909 quam
1049 3884 1099 3913 per
1111 3861 1212 3907 omiies
1229 3879 1286 3909 vias

225 3902 261 3932 &
277 3904 395 3943 modos,
411 3904 480 3935 Deo
491 3907 524 3937 &
538 3906 620 3937 vobis
634 3907 832 3951 acceptabiles,
851 3909 884 3938 δε
899 3910 978 3939 nobis
990 3910 1135 3951 efficaces,
1149 3914 1285 3947 desidera-

224 3942 453 4009 ?fftsssffirlnpledti,
469 3945 518 3983 &,
535 3954 673 3985 quantum
688 3956 718 3976 in
733 3946 814 3976 nobis
826 3945 883 3985 est,
895 3947 1067 3981 intendimus
1080 3952 1283 3994 prosequicum

264 4014 437 4057 Conservet,
453 4020 514 4051 ὅτε.

301 4053 368 4085 Dat.
385 4057 457 4095 apud
470 4059 776 4102 Westmonasterium,
793 4063 899 4096 ottavo
911 4063 957 4095 die
971 4063 1055 4097 Maii,

276 4093 348 4123 Tam.
363 4095 406 4124 11.
424 4096 458 4126 P.
475 4098 516 4128 ΙΙ,

1315 2321 1454 2343 tenuerint
1464 2337 1473 2347 ,
1493 2312 1550 2342 sive
1561 2313 1597 2342 de
1610 2312 1711 2348 nobis,
1730 2310 1786 2340 sive
1801 2309 1838 2339 de
1852 2309 1905 2338 alio
1919 2316 2048 2346 teneant,
2067 2309 2100 2339 &
2117 2308 2223 2340 Milites
2238 2320 2297 2341 non
2313 2311 2387 2350 sunt,

1316 2351 1408 2382 Arma
1431 2350 1563 2381 Militaria
1584 2349 1729 2388 suscipiant
1750 2348 1818 2378 citra
1840 2346 1957 2391 Festum
1977 2346 2064 2377 saneti
2083 2347 2233 2378 Michaelis
2253 2351 2387 2389 proximo

1316 2389 1458 2427 futurum,
1475 2390 1519 2419 vel
1531 2391 1559 2418 in
1575 2389 1681 2419 eodem
1694 2387 1778 2417 Festo
1793 2386 1827 2416 ad
1843 2386 1995 2424 ultimum,

1354 2428 1424 2458 Tibi
1448 2428 1627 2466 praecipimus
1642 2449 1651 2464 ,
1671 2425 1787 2455 firmiter
1802 2425 1975 2464 injungentes
1990 2448 2000 2461 ‚
2019 2423 2116 2463 quod,
2134 2425 2164 2455 in
2184 2425 2270 2463 pleno
2284 2424 2389 2458 Comi-

1318 2475 1376 2497 tatu
1393 2475 1444 2497 tuo
1476 2475 1515 2499 ex
1532 2473 1608 2504 parte
1623 2464 1736 2502 nostra,
1754 2464 1868 2502 publice
1884 2464 1966 2492 facias
1983 2463 2149 2499 proclamari
2163 2486 2174 2503 ,
2191 2465 2272 2504 quod
2289 2475 2392 2496 omnes

1319 2506 1376 2543 illi,
1396 2504 1432 2535 de
1452 2490 1555 2535 i3alliva
1571 2503 1619 2534 tua
1631 2527 1640 2541 ,
1658 2504 1705 2542 qui
1726 2503 1829 2532 habent
1851 2500 2045 2540 Quadraginta
2069 2501 2193 2532 Libratas
2212 2502 2393 2541 Terrae,.vel

1309 2543 1479 2581 Redditus,
1497 2552 1543 2573 aut
1559 2542 1688 2572 Feodum
1705 2542 1785 2571 unius
1805 2539 1905 2570 Militis
1925 2541 2065 2583 integrum
2079 2563 2088 2578 ,
2106 2540 2198 2570 valens
2214 2543 2394 2582 quadraginta

1321 2583 1420 2613 Libras
1441 2592 1490 2622 per
1514 2583 1650 2619 Annum,
1670 2581 1704 2611 &
1723 2589 1753 2609 ea
1769 2589 1817 2616 per
1831 2578 1905 2608 Tres
1922 2579 2020 2609 Annos
2041 2587 2162 2618 integros
2178 2581 2339 2619 tenuerint,
2356 2581 2393 2611 de

1320 2631 1507 2659 quocumque
1529 2628 1663 2657 teneant,
1688 2619 1721 2649 &
1744 2617 1852 2647 Milites
1874 2627 1934 2647 non
1957 2617 2017 2647 sunt
2030 2639 2039 2653 ,
2059 2617 2146 2648 Arma
2164 2617 2297 2649 Militaria
2311 2618 2394 2649 susci-

1322 2661 1398 2698 piant
1417 2660 1486 2690 citra
1510 2657 1627 2688 Festum
1649 2656 1840 2696 supradietum
1853 2678 1863 2694 ,
1883 2655 1928 2686 vel
1950 2655 1979 2686 in
2001 2654 2106 2686 eodem
2127 2655 2230 2695 Festo,
2249 2666 2279 2687 ut
2292 2656 2333 2688 est
2350 2657 2393 2689 di-

1322 2699 1416 2729 etum:

1358 2736 1396 2768 Et
1411 2737 1446 2767 de
1461 2733 1624 2767 nominibus
1635 2735 1770 2765 omnium
1786 2733 1898 2764 illorum
1908 2756 1917 2771 ,
1934 2733 1983 2771 qui
1997 2741 2105 2763 tantum
2119 2732 2238 2772 Terrae,
2255 2734 2299 2764 vel
2314 2733 2393 2766 Red-

1322 2775 1398 2806 ditus
1412 2799 1421 2814 ,
1439 2775 1484 2805 seu
1505 2773 1663 2811 hujusmodi
1687 2772 1817 2803 Feodum
1836 2772 1866 2801 in
1883 2770 1987 2801 Balliva
2001 2771 2049 2802 tua
2068 2772 2186 2811 habent,
2204 2772 2238 2803 &
2250 2783 2281 2803 ea
2296 2771 2395 2804 tenue-

1323 2815 1397 2853 rint,
1416 2814 1486 2844 sicut
1502 2812 1674 2851 praedietum
1688 2811 1728 2841 est
1742 2834 1751 2849 ,
1769 2810 1853 2840 nobis
1867 2810 1916 2839 sub
1932 2809 2035 2846 Sigillo
2056 2818 2106 2841 tuo
2124 2810 2252 2842 constare
2264 2809 2346 2843 facias
2363 2812 2395 2844 in

1324 2853 1410 2883 Festo
1423 2851 1600 2890 supradicto,
1617 2852 1763 2880 remittens
1777 2849 1859 2878 nobis
1868 2848 1925 2878 hoc
1941 2847 2037 2879 Breve.

1361 2891 1400 2922 Et
1419 2891 1484 2920 scias
1506 2889 1585 2928 quod
1607 2888 1643 2919 de
1664 2887 1758 2918 Gestu
1780 2896 1849 2925 tu0,
1867 2887 1896 2916 in
1911 2887 2079 2917 executione
2093 2886 2255 2926 hujusmodi
2268 2889 2392 2920 mandati

1324 2929 1412 2960 nostri
1428 2952 1437 2967 ,
1457 2928 1605 2966 diligenter
1628 2927 1768 2967 inquirere
1785 2925 1917 2956 volumus
1932 2949 1942 2963 ,
1959 2925 1992 2956 &
2012 2934 2118 2957 exrunc
2141 2927 2298 2959 remedium
2318 2927 2396 2968 super

1324 2968 1381 2998 hoc
1393 2966 1452 2997 fieri
1468 2967 1611 2997 faciemus.

1361 3005 1449 3037 Teste
1463 3005 1547 3044 Rege
1559 3004 1633 3043 apud
1647 3002 1938 3035 westmonasterium
1946 3026 1957 3043 ,
1976 3003 2091 3035 decimo
2106 3003 2151 3035 die
2167 3003 2247 3035 Maii.

1993 3082 2048 3112 Per
2064 3081 2144 3121 spsitm
2157 3083 2263 3119 Regem.

1390 3158 1504 3191 Eodem
1519 3157 1608 3190 modo
1622 3157 1752 3190 scribitur
1765 3158 1875 3199 singulis
1892 3157 2120 3189 vicecomitibus
2138 3167 2187 3196 per
2200 3157 2343 3197 Angliam.

1329 3534 1362 3563 ad
1379 3533 1512 3563 ultimum
1524 3557 1533 3572 ,
1551 3535 1629 3573 quod
1650 3544 1699 3572 per
1714 3534 1834 3573 singulos
1853 3533 2013 3563 Comitatus
2035 3531 2128 3569 Regni
2143 3531 2232 3561 nostri
2247 3531 2392 3563 mandavi-

1330 3581 1392 3601 mus
1414 3571 1603 3610 proclamari,

1369 3609 1444 3640 Tibi
1463 3612 1640 3648 praecipimus
1660 3609 1758 3650 quod,
1777 3618 1824 3646 per
1845 3616 1934 3638 totam
1949 3607 2084 3637 Ballivam
2101 3614 2196 3646 tuam,
2215 3608 2244 3637 iri
2257 3607 2327 3638 locis
2342 3608 2395 3638 ubi

1330 3648 1460 3685 expedire
1472 3648 1590 3688 videris,
1609 3649 1775 3686 proclamari
1794 3647 1876 3676 facias
1889 3669 1898 3684 ‚
1917 3655 1950 3676 ex
1966 3654 2043 3683 parte
2057 3644 2153 3675 nostra
2168 3668 2177 3682 ,
2195 3646 2275 3683 quod
2291 3656 2394 3677 omnes

1330 3687 1364 3717 &
1377 3687 1495 3725 lingulos
1509 3688 1639 3718 homines
1653 3685 1830 3725 hujusmodi,
1846 3686 1893 3722 qui
1912 3683 1997 3713 Arma
2016 3694 2031 3713 a
2045 3683 2127 3713 nobis
2147 3683 2279 3722 suscipere
2295 3685 2394 3716 volue-

1331 3726 1408 3763 rint,
1427 3727 1539 3756 veniant
1561 3726 1645 3763 usque
1667 3724 1849 3754 Londoniam
1871 3723 1942 3752 citra
1960 3722 2036 3751 diem
2057 3720 2238 3752 Pentecostes
2260 3725 2394 3761 proximo

1330 3763 1474 3801 futurum,
1493 3763 1527 3793 ad
1548 3764 1702 3800 Apparatus
1722 3763 1783 3791 suos
1790 3783 1800 3799 ,
1819 3761 1856 3790 eis
1876 3762 1904 3789 in
1921 3760 1976 3790 hoc
1991 3760 2053 3790 casu
2066 3761 2232 3791 necessarios
2265 3761 2302 3792 de
2319 3760 2395 3792 Gar-

1329 3801 1435 3831 deroba
1450 3800 1544 3831 nostra
1559 3800 1763 3840 suscipiendum
1776 3800 1812 3829 de
1825 3799 1906 3840 dono
1920 3797 2037 3837 nostrO,
2056 3807 2085 3828 ut
2100 3797 2189 3829 Arma
2206 3784 2340 3831 Militaria
2356 3801 2392 3831 de

1330 3840 1411 3869 nobis
1426 3838 1499 3876 apud
1517 3838 1806 3868 westmonasterium
1819 3836 1953 3875 suicipete
1968 3837 2076 3868 valeant
2089 3836 2170 3868 dieto
2182 3837 2236 3869 die.

1366 3877 1454 3908 Teste
1467 3877 1549 3916 Rege
1562 3876 1688 3917 utsupra.

1924 3958 1933 3968 ·
1966 3952 2022 3982 Per
2036 3951 2118 3992 ipficm
2130 3954 2236 3992 Regem.

1382 4029 1496 4062 Eodem
1510 4029 1602 4062 modo
1615 4029 1744 4064 scribitur
1766 4028 1877 4071 fingulis
1890 4027 2121 4064 vicecomitibus
2133 4039 2184 4070 per
2197 4029 2341 4071 Angliams

1849 4105 1888 4138 N
2321 4100 2400 4136 Villa

2407 2351 2443 2370 m.
2463 2339 2537 2376 ind,

2409 3498 2461 3521 Art.
2485 3503 2526 3530 17.

2409 3537 2436 3560 Ε.
2463 3541 2490 3560 2.

2409 3571 2514 3607 uidem„
