2562 4279
30 228 108 258 Ann.
123 224 165 256 D.

53 273 139 305 ¹337-

31 305 98 333 Ἐάν,
120 313 146 340 3.

29 414 84 439 An.
105 419 145 438 ir.

30 452 63 477 E.
86 457 111 484 3.

32 490 146 514 Par-ir.

31 528 64 552 Ε.
85 533 111 559 3.
127 529 151 559 p.

33 572 61 591 2.
75 569 147 599 m.3.

34 826 50 840 ¹⁵
75 825 126 851 lv.

33 863 98 897 796.

175 143 255 192 184
623 123 1873 178 ·CONVENT10NES,L1TERAE‚

435 315 484 347 De
501 315 664 346 [mentione
682 314 770 359 Regis
784 310 962 358 exponenda.

183 399 312 458 REX
337 398 487 431 Universis
508 399 542 429 &
566 396 675 436 singulis
695 395 939 434 Archiepiscopis,
955 396 1118 435 Episcopis‚
1138 395 1235 426 Abba-

258 440 346 477 tibus,
363 438 524 474 Prioribus,
543 435 709 466 Comitibus
722 460 731 474 ,
755 435 910 466 Batonibus
923 458 932 473 ,
952 434 1109 472 Militibus,
1129 434 1235 464 Domi-

180 479 222 507 nis
244 477 383 507 Villarum
396 501 406 514 ,
431 475 642 505 Mercatoribus
656 497 665 513 ,
691 475 724 505 &
738 474 811 512 aliis,
828 473 901 512 apud
918 472 1038 503 Roffen.
1056 475 1085 503 in
1103 472 1236 503 Crastino

180 515 359 546 Exaltationis
373 514 484 544 San&ae
500 512 620 550 Crucis,
637 514 772 551 proximo
788 513 902 550 futuro,
917 511 953 542 de
966 510 1107 543 Mandato
1119 511 1237 548 nostro,

175 553 223 585 seu
236 554 471 592 praemunitione,
486 553 686 589 conventuris,
703 551 835 582 Salutem.

214 592 313 623 Sciatis
329 591 409 630 quod
425 590 510 629 Nos,
1179 628 1182 632 ¹

216 630 266 661 De
280 630 409 661 fidelitate
423 630 456 660 ὃ(
471 628 727 667 circumspeffione
742 627 881 666 provida,
899 626 1082 658 Dilec‘torum
1102 628 1136 658 &
1152 626 1236 657 Fide-

177 670 249 700 lium
265 669 447 706 nostrorum,
466 667 639 698 Venerabilis
652 666 754 705 Patris,
770 666 797 704 J.
818 667 1030 705 Archiepiscopi
1050 665 1236 696 Cantuarien-

179 707 227 746 fis,
246 709 330 738 totius
347 707 459 746 Angliae
473 706 619 744 Primatis,
633 705 683 744 &,
702 704 811 735 Dileffi
824 705 970 736 &Fidelis
987 704 1093 742 nostri,
1111 704 1236 734 Williel-

178 748 219 777 mi
240 746 275 776 de
296 745 424 786 Clynton
438 768 449 784 ,
474 744 598 775 Comitis
619 744 852 783 Huntyngtoniae
865 767 875 782 ,
892 744 1005 782 plenam
1018 742 1151 773 fiduciam
1162 743 1237 780 opti-

178 793 277 815 nentes

218 824 237 842 *
257 808 469 891 Αἰῐῗὲηενὶῐηυε
490 822 524 853 &
547 821 754 860 Deputavimus
773 820 851 859 Ipsos
867 844 877 858 ,
905 820 1099 859 conjunfflm,
1118 820 1152 851 δε
1165 819 1241 850 divi-

181 862 232 893 sim
267 871 282 892 a
315 862 361 891 Ali
385 871 418 891 ua

218 886 295 939 Qiae
316 901 346 931 in
364 872 478 931 snstsnti
496 898 630 929 Concilio
646 897 762 934 nostro,
778 896 851 935 apud
865 895 1171 934 XVestmonasterium,
1189 906 1239 934 per

180 938 268 978 Nos,
287 939 320 970 δε
341 949 389 977 per
410 938 561 975 Praelatos,
579 938 612 968 ὃς
627 935 774 970 magnates
789 959 798 974 ,
822 936 856 965 &
871 935 1007 965 Proceres
1024 933 1117 973 Regni
1131 934 1235 972 nostri,

179 978 214 1008 &
227 979 294 1009 alios
307 977 342 1007 de
363 976 499 1007 Concilio
521 975 637 1013 nostro,
655 969 760 1005 ibidem
775 974 939 1011 existentes,
953 973 1087 1003 Tractata
1108 973 1239 1011 fuerunt,

179 1017 214 1047 &
229 1017 307 1055 Qiae
322 1015 405 1053 Nos,
424 1016 458 1046 &
472 1015 598 1050 Statum,
615 1023 647 1043 ac
664 1013 870 1043 Defensionem
884 1013 918 1043 δε
936 1011 1126 1042 Salvarionem
1141 1011 1238 1051 Regni

180 1055 272 1086 nostri
286 1079 296 1093 ,
320 1053 509 1092 Eccleliaeque
535 1051 646 1082 Sanetae
668 1051 790 1089 ejusdem
805 1075 815 1090 ,
837 1061 870 1081 ac
890 1051 1005 1081 aliarum
1017 1050 1188 1087 Terrarum,
1206 1051 1239 1081 &

177 1092 292 1132 Jurium
308 1092 469 1123 nostrorum
480 1114 488 1129 ,
506 1091 658 1128 specialiter
670 1091 858 1129 contingunt,

219 1131 257 1161 Et
276 1131 310 1162 ad
334 1131 527 1161 intentionem
547 1128 674 1160 nostram
695 1138 727 1159 ac
749 1129 942 1164 voluntatem,
958 1128 986 1157 in
1003 1126 1055 1157 hac
1070 1136 1162 1164 parte,
1179 1128 1240 1157 tsm

181 1169 216 1199 ad
238 1170 314 1200 diem
336 1170 369 1200 ὃς
389 1170 488 1199 locum
509 1167 660 1206 praedit‘tos
675 1190 685 1203 ,
711 1168 797 1205 quam
811 1166 893 1203 alibi,
912 1167 940 1195 in
957 1165 1060 1196 eodem
1073 1165 1239 1204 Comitatu‚

180 1209 231 1238 ubi
252 1207 382 1246 expedire
401 1207 520 1239 viderint
533 1229 543 1245 ,
570 1208 639 1237 eum
657 1204 884 1236 Continuatione
898 1206 931 1236 ὃς
946 1203 1152 1243 prorogatione
1167 1203 1241 1235 Die-

182 1257 248 1277 rum
807 1264 817 1276 .

221 1271 314 1316 Vobis
329 1284 438 1323 plenius
453 1285 485 1315 &
500 1283 623 1314 seriosius
635 1281 818 1320 exponenda,
836 1290 921 1319 prout
934 1281 971 1311 eis
986 1281 1019 1312 &
1035 1290 1136 1311 eorum
1158 1281 1242 1312 cuili-

184 1323 236 1354 bet
249 1333 300 1362 per
313 1333 366 1354 nos
379 1323 487 1361 plenius
501 1322 541 1352 est
557 1321 730 1360 injunc‘ium:

222 1362 260 1393 Et
281 1361 348 1392 ideo
368 1361 450 1391 vobis
464 1384 473 1399 ,
492 1362 520 1390 in
536 1360 622 1398 Fide,
640 1359 824 1396 Dileffione,
843 1368 876 1388 ac
894 1359 979 1388 etiam
999 1357 1158 1397 Ligeantia,
1177 1359 1242 1397 qui-

182 1401 236 1431 bus
250 1401 333 1431 nobis
347 1399 450 1430 astricffi
471 1398 535 1429 estis
549 1422 558 1436 ,
575 1397 689 1428 firmiter
705 1396 897 1436 injungendo,
916 1397 1081 1427 mandamus
1095 1396 1175 1435 quod
1191 1398 1244 1427 eis-

183 1438 268 1477 dem,
287 1439 508 1475 Archiepiscopo
532 1438 565 1468 &
585 1436 696 1467 Comiti
711 1458 720 1473 ,
744 1437 778 1466 ὃ(
796 1445 897 1465 eorum
913 1435 1006 1473 alteri,
1025 1437 1053 1465 in
1069 1435 1242 1473 exponendis

184 1477 346 1508 Intentione
368 1478 399 1507 δε
422 1475 576 1506 Voluntate
596 1473 710 1511 nostra,
728 1475 762 1505 ὃς
775 1474 833 1504 aliis
846 1473 1002 1511 Negotiis,
1021 1484 1086 1512 quae
1099 1474 1186 1512 Nos,
1205 1475 1238 1505 &

174 1515 263 1554 Vos,
282 1525 314 1546 ac
335 1515 408 1545 dieta
430 1513 566 1553 Regnum
579 1512 708 1544 nostrum
722 1513 755 1543 &
771 1512 903 1542 SantStam
919 1512 1091 1551 Ecclesiam,
1111 1513 1148 1544 fic
1165 1522 1240 1544 con-

182 1554 313 1591 t‘irwunt,
331 1563 398 1584 cum
413 1554 495 1583 omni
513 1551 655 1592 diligentia
668 1551 800 1589 pareatis,
816 1551 849 1582 &
865 1552 949 1581 etiam
966 1550 1128 1582 intendatis:

221 1579 258 1623 Ιῗῑ
273 1592 330 1628 Ea,
349 1601 414 1629 quae
428 1591 465 1621 sic
481 1591 563 1621 vobis
576 1590 697 1628 exposita
710 1589 814 1620 fuerint
827 1613 837 1627 ,
861 1598 896 1619 ex
919 1598 996 1629 parte
1011 1589 1108 1620 nostra
1125 1589 1243 1628 (Consi—

182 1630 281 1660 deratis
298 1630 432 1661 Periculis
447 1639 510 1668 quae
522 1630 643 1660 iminent
658 1629 710 1659 hiis
723 1628 832 1664 diebus)
849 1627 979 1658 studeatis
993 1651 1003 1667 ,
1021 1629 1131 1659 remotfi
1146 1628 1243 1660 Excu-

183 1669 288 1700 satione
302 1668 500 1707 quacumque,
518 1667 669 1705 prudenter
680 1668 713 1698 &
728 1665 910 1696 effeffflalster
920 1666 1090 1705 adimplere,
1109 1676 1193 1706 prout
1207 1668 1241 1698 ad

183 1708 304 1776 vos,1&
320 1705 640 1776 vestrugcquemlibeg
658 1705 793 1736 noveritis
806 1706 953 1743 pertinere.

274 1756 292 1775 n
327 1756 343 1775 u
356 1756 385 1775 us
475 1767 481 1773 .

219 1756 323 1852 {essee
330 1754 413 1824 Reg’e
435 1782 509 1822 apud
523 1781 829 1819 Westmonasteriuin,
854 1782 992 1813 vicesimo
1012 1784 1107 1821 primo
1121 1782 1167 1814 die
1182 1783 1244 1815 Au·-

214 1833 221 1852 i
249 1832 266 1852 i.

183 1831 214 1864 gi
877 1861 929 1890 Per
942 1858 1023 1899 ipsum
1037 1862 1139 1898 Regem.

469 1994 518 2025 De
531 1991 616 2039 Jure
633 1994 722 2039 Regio
739 1992 967 2026 manutenendo.

246 2076 311 2107 EX
336 2076 562 2115 Arcbiepiscopis
577 2100 587 2115 ,
608 2076 754 2116 Episcopis
769 2100 779 2116 ,
806 2077 964 2110 Abbatibus
1000 2078 1146 2110 Prioribus
1181 2077 1244 2109 De-

184 2080 234 2159 R
256 2116 357 2159 canis,
381 2115 597 2159 Archidiaconis
610 2139 620 2155 ,
645 2115 826 2148 Cancellariis
838 2141 848 2155 ,
866 2102 1011 2156 Sacristis,
1029 2103 1246 2155 Praebent’iariis,

185 2153 1063 2224 {⁴3¹1{cffissfiscaiilie‘iffssiffl’{Zssiecfifa'iiifi‘ismihJuudfflbffi'
1081 2155 1246 2225 Diffeffltss'

184 2231 229 2262 vel
246 2231 357 2262 Officio
372 2231 551 2269 constitutis,
569 2231 603 2261 ad
618 2242 707 2271 quos,
725 2233 786 2263 &c.
806 2205 1085 2263 Sa'lutei(i1.acumque
1132 2203 1246 2234 ignitate

222 2270 268 2301 Ad
286 2270 352 2309 Jura
371 2269 466 2300 nostra
487 2269 578 2309 Regia
594 2293 603 2308 ,
619 2272 656 2301 ne
671 2270 838 2310 depereant,
858 2271 902 2302 seu
917 2282 965 2309 per
978 2272 1138 2310 aliquorum
1152 2271 1247 2303 Usur-

161 2300 165 2305 ”
182 2310 308 2346 pationes
328 2308 464 2339 indebitas
481 2308 635 2346 aliqualiter
654 2309 844 2340 subtrahantur
859 2333 869 2348 ,
895 2320 1028 2348 quatenus
1046 2311 1121 2349 juste
1135 2312 1244 2349 poteri-

183 2357 265 2386 mus,
283 2346 544 2384 manutenendum,

221 2386 426 2423 Subtratstaque
443 2385 475 2416 &
488 2385 637 2423 Occupata
651 2386 684 2423 (si
699 2396 763 2424 quse
778 2386 892 2424 fuerint)
907 2387 1120 2426 revocandum,

224 2423 295 2454 Nec
317 2434 376 2453 non
396 2423 429 2452 ad
452 2422 687 2462 impugnatorum
709 2425 878 2455 eorumdem
890 2425 1002 2463 Jurium
1018 2426 1183 2457 nostrorum
1197 2435 1247 2457 co<

187 2470 266 2492 natus
280 2462 392 2491 illicitos
405 2461 613 2491 refraenandum
622 2485 632 2500 ,

222 2499 259 2530 Et
271 2499 305 2529 ad
320 2498 636 2543 ipsos—ImpugnatoreS,
648 2501 725 2538 juitta
742 2511 842 2532 eorum
857 2500 1010 2541 demerita,
1029 2503 1220 2542 puniendum,

221 2537 268 2568 Eo
286 2537 432 2568 studiosius
447 2548 499 2568 nos
512 2538 594 2568 decer
608 2548 627 2568 o
649 2549 723 2569 eram
738 2539 886 2578 adhibere,
904 2540 937 2572 &
954 2541 1095 2572 sollicitius
1114 2542 1247 2573 extende-

185 2587 218 2606 re
233 2576 358 2606 Manum
374 2575 515 2614 nostram,
533 2587 591 2614 quo
602 2548 647 2606 aas
650 2577 720 2608 Hoc
734 2578 915 2615 astringimur
932 2578 1059 2610 Vinculo
1071 2580 1247 2619 Juramenti,

185 2615 331 2653 pluresque
344 2615 532 2652 conspicimus
543 2615 611 2653 Jura
625 2615 668 2645 illa
683 2615 770 2645 indies
783 2627 834 2654 pro
847 2618 953 2647 viribus
968 2619 1146 2656 impugnare.

225 2652 308 2684 Cum
321 2654 414 2691 itaque
428 2663 534 2691 nuper,
553 2656 581 2683 in
596 2652 684 2684 Curia
699 2654 812 2693 nostra,
830 2665 879 2692 per
893 2654 1158 2687 Considerationem
1175 2658 1246 2694 ejus-

190 2692 256 2722 dem
274 2692 371 2722 Curia:
386 2715 396 2728 ,
423 2690 671 2722 Praesentationem
690 2692 816 2723 nostram
834 2693 869 2724 ad
885 2693 1072 2725 Praebendam
1085 2695 1121 2726 de
1134 2695 1249 2733 Castre,

190 2732 218 2760 in
235 2730 361 2761 Ecclesii
375 2730 468 2761 Beatae
481 2730 583 2760 Mariae
596 2730 785 2762 Lincolniensi
794 2756 803 2767 ,

226 2769 315 2799 Tunc
337 2778 484 2798 vacantem
499 2791 509 2807 ‚
534 2770 568 2800 &
588 2769 622 2799 ad
636 2769 762 2800 nostram
778 2770 974 2801 Donationem
990 2770 1182 2810 spectantem,
1201 2781 1245 2802 ra—

188 2808 266 2837 tione
287 2806 471 2844 Episcopatus
490 2807 617 2845 praediffi
631 2833 641 2846 ,
667 2818 754 2846 nuper
767 2810 904 2847 vacanti8‚
921 2810 955 2841 δε
969 2811 998 2839 in
1014 2809 1107 2840 Manu
1121 2810 1247 2842 Domini

188 2844 220 2875 E<
243 2855 331 2882 nuper
346 2845 435 2881 Regis
447 2846 576 2884 Angliae,
594 2846 681 2877 Patris
694 2847 801 2885 nostri,
816 2847 969 2885 existentis,

226 2883 326 2914 Versus
340 2906 349 2921 ,
372 2883 569 2914 Venerabilem
588 2884 703 2915 Patrem
716 2909 725 2924 ,
758 2886 799 2915 H.
822 2886 995 2924 Episcopum
1018 2887 1075 2918 loci
1096 2886 1222 2925 praedicsti
1238 2910 1248 2925 ‚

188 2921 258 2952 Nos
275 2924 303 2951 iri
318 2922 370 2952 hac
386 2931 462 2959 parte
478 2922 694 2961 impedientem,
713 2926 981 2964 recuperaverimus,

227 2959 414 2998 Eandemque
435 2960 621 2991 Praebendam
637 2985 647 3000 ,
666 2961 784 2992 Dileeio
806 2961 924 2994 Clerico
944 2962 1042 2994 nostro
1055 2987 1065 3002 ,
1086 2963 1249 2994 Willielmo

189 2999 226 3029 de
243 2999 368 3039 Kildessy
381 2998 583 3029 contulerimus
598 2999 694 3037 Regio
704 3000 773 3038 Jure
787 3001 884 3031 nostro
893 3025 902 3041 ,

227 3036 266 3068 Et
286 3037 363 3068 idem
383 3036 510 3068 Clericus
529 3038 623 3068 noster
642 3039 829 3070 Praebendam
848 3040 923 3070 illam
943 3040 980 3071 sic
999 3042 1138 3072 canonice
1159 3041 1191 3072 sit
1206 3041 1249 3073 A-

190 3075 303 3113 deptus⁷
323 3086 442 3114 eamque
459 3075 593 3113 possideat
610 3078 638 3106 in
651 3077 791 3116 praesenti,

230 3115 274 3144 Ac
294 3116 351 3151 jam
374 3114 588 3145 intellexerimus
609 3115 689 3154 quod
709 3116 822 3153 quidam
842 3116 902 3156 (Jus
917 3117 1046 3148 nostrum
1062 3119 1091 3148 in
1103 3118 1249 3156 praemissis

190 3154 355 3190 impugnare
370 3177 379 3190 ,
402 3163 434 3183 ac
447 3152 592 3191 Judicium
607 3153 775 3190 praedicstum
789 3164 842 3194 pro
855 3156 958 3185 viribus
972 3167 1103 3187 enervare
1116 3158 1247 3195 nitentes)

191 3190 411 3221 provocationes
425 3213 435 3229 ,
461 3191 634 3229 Cirariones,
652 3193 686 3223 &
706 3192 854 3223 Procelsus
871 3218 880 3232 ,
898 3194 1006 3233 facere,
1024 3205 1056 3226 ac
1074 3196 1249 3234 Appellatio-

192 3239 242 3259 nes
253 3252 262 3266 ,
280 3230 312 3260 δε
329 3229 380 3259 alia
395 3230 595 3266 impedimenta
605 3254 614 3269 ,
629 3231 808 3268 interponere
821 3241 1001 3271 proponunt,

232 3267 302 3297 Nec
320 3278 377 3297 non
391 3267 506 3298 diversas
522 3268 746 3299 (bmmiffiones
756 3293 764 3307 ,
781 3280 829 3307 per
843 3280 925 3308 quas,
944 3270 964 3300 si
978 3271 1248 3308 procederent,tam

193 3305 292 3336 Nobis
309 3307 341 3336 ὅς
361 3304 491 3336 Coronae
508 3307 611 3337 nostr-te
626 3330 636 3345 ,
653 3308 731 3345 super
745 3308 904 3345 di&oJure
917 3308 1034 3345 nostro,
1054 3310 1249 3346 praeiudicium

193 3344 227 3373 &
240 3344 443 3386 exhaeredatio,
460 3346 547 3382 quitm
560 3345 640 3375 dicio
653 3345 769 3376 Clerico
783 3347 882 3377 nostro
891 3369 901 3384 ,
919 3347 997 3385 super
1011 3347 1185 3378 possessione
1205 3348 1251 3379 sua

192 3381 364 3424 supradieta,
385 3383 478 3424 gravis
496 3384 671 3414 Perturbatio
682 3384 718 3414 de
732 3385 805 3415 facili
822 3385 933 3423 possent
955 3388 1079 3424 generari
1091 3387 1190 3425 alicui,
1207 3387 1252 3418 vel

194 3420 348 3459 aliquibus,
364 3420 494 3450 vestrum
509 3421 567 3451 fieri
581 3423 783 3461 procurarunt,

232 3458 301 3488 Nos
315 3483 325 3496 ,
350 3459 508 3497 hujusmodi
528 3459 699 3499 Praejtidicio
714 3486 723 3499 ,
747 3463 779 3493 &
802 3461 1030 3493 Exliaeredationi
1053 3464 1168 3493 obviare
1184 3487 1194 3500 ,
1219 3473 1252 3494 ac

190 3495 259 3534 Jura
279 3497 373 3527 nostra
395 3498 475 3527 illaesa
495 3498 675 3537 conservare,
693 3500 865 3537 conatusque
880 3500 1013 3539 illorum,
1030 3503 1078 3539 qui
1092 3511 1122 3531 ea
1136 3503 1253 3539 impug-

194 3543 260 3564 nare
275 3537 435 3573 voluerint,
454 3537 504 3566 viis
516 3538 549 3567 δε
564 3537 673 3574 modis,
691 3539 789 3575 quibus
810 3540 965 3576 poterimus
977 3563 986 3576 ,
1007 3541 1088 3570 bono
1102 3539 1196 3570 modo
1210 3550 1254 3570 re—

195 3572 310 3602 frienare
326 3575 487 3612 cupientes,
508 3585 592 3611 prout
606 3576 688 3606 decer
697 3599 706 3614 ,

234 3609 323 3641 Vobis
342 3613 475 3654 omnibus
496 3614 528 3643 &
552 3614 661 3651 singulis
684 3615 860 3653 inhibemus,
880 3614 995 3645 firmiter
1009 3616 1197 3654 injungendo,
1217 3618 1254 3646 ne

196 3645 420 3692 Provocationes
433 3651 550 3687 aliquas,
571 3646 742 3691 Citationes,
760 3663 806 3683 aut
822 3653 986 3691 Processus,
1004 3653 1111 3692 facere,
1129 3654 1174 3685 seu
1193 3655 1255 3692 Ap-

198 3684 375 3727 pellationes,
393 3688 439 3719 vel
451 3689 501 3718 alia
514 3690 734 3728 impedimenta,
752 3693 947 3730 interponere,
970 3702 1040 3730 nec,
1059 3701 1193 3730 praeteXtu
1208 3694 1258 3722 ali-

198 3731 277 3759 cujus
293 3723 526 3769 CommiffioniS,
545 3729 644 3766 vobis,
662 3730 707 3758 vel
720 3731 818 3768 alicui,
833 3730 878 3760 seu
893 3731 1029 3768 aliquibus
1044 3753 1053 3768 ‚
1071 3730 1201 3762 vestrum
1217 3732 1259 3761 fa-

199 3759 274 3797 fbae,
293 3763 339 3804 vel
358 3764 498 3794 faciendae
513 3790 522 3803 ,
540 3768 692 3803 quicquam
709 3790 719 3803 ,
742 3768 820 3806 quod
842 3770 870 3798 iri
889 3768 964 3806 Juris
984 3769 1073 3799 nostri
1091 3770 1111 3789 ³*
1130 3769 1260 3808 praediffi

224 3805 429 3840 erogationem
446 3825 455 3838 ,
478 3813 525 3833 aut
548 3804 674 3835 Coronae
698 3805 742 3835 seu
761 3806 911 3841 Dignitatis
925 3806 1029 3837 nostrae
1043 3807 1143 3847 Regiae
1159 3809 1261 3846 praeju-

201 3836 313 3882 dicrum
327 3837 366 3878 ,ὃς
392 3839 654 3882 Εὶςὴεετεάεῑὶοιιειη
668 3866 678 3881 ,
696 3844 742 3873 vel
756 3844 825 3873 diesi
840 3844 945 3882 Judicii
959 3845 1198 3884 Enervationern,
1215 3854 1263 3876 aut

201 3872 333 3911 praedizti
355 3874 459 3906 Clerici
480 3878 568 3909 nostri
583 3903 593 3917 ,
618 3881 696 3918 super
713 3881 888 3913 possessione
910 3883 956 3914 sua
970 3883 1103 3921 praedi'ffl
1115 3883 1264 3914 Perturba-

1309 212 1398 243 Teste
1420 212 1503 252 Rege
1524 211 1599 250 apud
1618 209 1910 242 Westmonasterium
1926 232 1936 247 ,
1961 207 2098 239 vicesimo
2119 208 2197 240 serito
2218 209 2263 241 die
2277 210 2338 242 Au-
2354 207 2429 240 Ann.
2444 210 2487 242 D.

1273 253 1355 292 gusti.
2374 257 2462 289 1337.

2353 290 2420 316 Edv.
2440 298 2466 326 3.

1322 380 1371 411 De
1399 374 1582 423 Abfinthus
1605 377 1637 407 in
1663 371 1810 419 Obftquio
1838 375 1954 419 Regis,
1989 383 2044 418 per
2076 374 2203 406 Curiam
2231 387 2289 407 non

1704 422 1918 468 inquietandis.

1275 509 1422 567 REX,
1440 509 1562 541 Dilecttis
1582 510 1617 541 ὃς
1640 508 1781 539 Fidelibus
1794 506 1860 550 suiS,
1878 505 2040 551 willielmo
2054 506 2095 550 'de
2110 506 2286 548 Shareshull,
2300 509 2336 542 δε
2354 490 2429 525 Arm·
2442 494 2485 526 D*

1345 549 1436 579 Sociis
1447 548 1674 616 sUWUstiCiariis
1711 547 1746 577 ad
1762 546 1860 577 Allifas
1876 555 1905 575 in
1919 544 2112 576 Comitatibus
2127 546 2336 587 Gloucestriae,
2380 541 2465 574 ¹337·

1273 584 1456 655 Hreforldiae,
1519 587 1636 626 igorniae
1644 610 1654 625 ,
1694 586 1804 624 alopiae,
1825 585 1859 616 &
1873 583 2049 622 Staffordiae,
2062 585 2208 622 capiendas
2218 585 2337 626 affigna-
2349 574 2414 648 2¹⁸3
2423 583 2432 600 ¹
2442 583 2465 602 ¹·

1273 625 1306 654 tis
1342 626 1377 655 Sa
1390 633 1477 655 utem.
2374 631 2381 637 ·
2421 632 2428 639 ·

1314 649 1402 694 'Cum
1415 674 1485 702 nos,
1500 673 1552 701 pro
1566 662 1740 693 Defenfione
1756 662 1853 703 Regni
1873 661 1979 701 nostri,
1994 671 2027 693 ac
2045 661 2162 693 aliarum
2174 662 2334 695 Terrarum
2347 648 2451 687 claustr
2460 654 2488 679 ¹³

1276 700 1310 731 &
1322 702 1438 741 Jurium
1463 701 1646 739 nostrorum,
1665 702 1724 732 tam
1737 703 1766 731 in
1785 703 1906 739 partibus
1921 701 2086 739 Hiberniae,
2105 702 2193 740 quam
2208 701 2335 742 Scotiae,
2346 690 2377 715 E·
2389 694 2447 725 3'9'
2458 697 2485 718 ²·

1275 749 1345 771 cum
1359 741 1523 810 l-lIIizernicis
1535 741 1568 771 ὃ(
1581 740 1690 777 Scotis,
1708 739 1835 772 Inimicis
1856 739 1974 779 nostris,
1992 739 2137 770 Guerram
2151 740 2227 779 quasi
2241 743 2336 773 conti-
2345 735 2382 754 m·
2393 735 2428 764 35
2432 748 2439 755 ·
2451 727 2476 756 d·

1275 788 1360 810 nuam
1396 789 1411 809 a
1433 789 1545 816 eamus,

1314 817 1352 848 Et
1373 818 1575 848 nichilominus
1600 816 1666 846 Rex
1687 816 1811 847 Franciae
1831 817 1974 849 Guerram
1995 825 2096 849 contra
2117 828 2168 849 nos
2180 818 2340 852 voluntarie

1273 866 1392 925 Ιᾞῗνεειῑ
1405 880 1427 900 ,,
1441 856 1540 924 Ναὲεε
1555 856 1588 887 &
1604 854 1706 885 Galeas
1720 854 1876 886 Guerrinas
1889 856 1968 894 super
1983 856 2122 896 Regnum
2138 857 2270 889 nostrum
2283 859 2338 890 ho-

1302 905 1375 925 iiter
1389 905 1489 926 mitten
1509 905 1529 925 o

1313 933 1481 964 Homicidia
1495 957 1504 971 ,
1530 918 1663 963 liicendia
1678 955 1688 971 ,
1712 932 1746 963 &
1767 931 1817 962 alia
1833 931 1985 971 Facinora,
2003 935 2063 964 tam
2078 935 2151 965 infra
2165 935 2242 966 idern
2257 935 2340 977 Reg-

1276 982 1373 1040 nuni}i
1383 973 1562 1041 ςᾳὲὲσῌυὲπα
1578 970 1680 1010 Mare,
1697 980 1747 1008 per
1760 970 1904 1001 Homines
1919 970 2052 1003 Navium
2063 974 2097 1004 &
2113 973 2268 1006 Galearum
2282 976 2341 1007 sua-

1277 1021 1340 1041 rum
1375 1021 1415 1041 eri
1439 1021 1517 1041 acien
1539 1020 1559 1041 o

1316 1049 1354 1080 Et
1366 1049 1483 1080 diversas
1496 1033 1600 1080 Terr’as
1614 1047 1721 1079 nostras
1733 1071 1744 1087 ‚
1770 1049 1799 1079 in
1813 1048 1938 1087 partibus
1951 1048 2172 1090 Transmarinis,
2192 1051 2227 1083 ad
2243 1062 2342 1084 manus

1277 1088 1334 1118 suas
1349 1089 1502 1126 ponendo,
1520 1089 1554 1119 δε
1570 1097 1614 1119 eas
1627 1095 1727 1118 contra
1739 1086 1883 1125 Justitiam
1898 1088 2088 1128 occupando,

1315 1126 1371 1157 Per
1393 1128 1471 1165 quod
1493 1126 1562 1157 Nos
1576 1151 1586 1164 ,
1608 1127 1642 1157 &
1665 1125 1774 1156 Fideles
1796 1125 1908 1163 nostri,
1925 1134 2026 1157 contra
2039 1127 2198 1166 hujusmodi
2212 1128 2342 1161 Hostiles

1279 1165 1430 1205 Aggressus
1453 1166 1534 1196 latius
1548 1190 1558 1204 ,
1576 1167 1664 1203 quam
1676 1165 1851 1203 temporibus
1863 1164 2089 1205 Progenitorum
2104 1166 2268 1199 nostrorum
2282 1169 2342 1200 fieri

1276 1204 1424 1235 consuevit
1432 1227 1441 1242 ‚
1460 1204 1566 1235 Manus
1579 1213 1738 1234 coartamur
1751 1202 1901 1234 eXtendere
1914 1203 2058 1235 bellicosas
2066 1227 2077 1244 ‚

1315 1242 1352 1273 Et
1374 1244 1456 1281 quia,
1474 1242 1508 1272 ad
1530 1243 1690 1281 frequentes
1704 1243 1908 1280 Qierimonias
1923 1242 2129 1274 nonnullorum
2144 1242 2340 1285 Magnarum,

1278 1280 1312 1311 δε
1327 1281 1448 1311 aliorum
1461 1280 1558 1320 Regni
1570 1281 1680 1320 nostri,
1697 1282 1727 1311 in
1738 1280 1919 1320 Obsequium
1933 1280 2081 1321 nostrum,
2097 1292 2152 1321 pro
2166 1282 2342 1315 Defensione

1279 1318 1373 1359 Regni
1388 1320 1493 1358 nostri,
1513 1322 1547 1351 ὃ(
1560 1320 1715 1350 Terrarum
1729 1319 1888 1350 nostrarum
1903 1319 2103 1357 praedictarum
2115 1345 2125 1359 ,
2143 1320 2181 1352 fic
2197 1322 2343 1359 profeetu-

1278 1367 1377 1388 rorum
1393 1382 1403 1397 ,
1433 1360 1467 1390 ὃς
1494 1360 1523 1389 in
1544 1358 1705 1396 hujusmodi
1728 1358 1879 1397 Obsequio
1898 1368 2111 1390 moraturorum
2125 1382 2136 1398 ‚
2160 1360 2341 1391 asserentium

1278 1397 1457 1434 quamplures
1470 1397 1539 1428 alios
1554 1397 1630 1437 Ipsos
1639 1419 1649 1435 ,
1666 1398 1697 1427 in
1711 1406 1814 1427 eorum
1829 1397 1963 1428 Absentifi
1974 1420 1985 1436 ‚
2009 1400 2101 1435 magis
2114 1399 2203 1437 quam
2219 1399 2341 1437 praesen-

1277 1434 1332 1471 tia,
1352 1437 1522 1475 inquietare,
1541 1437 1574 1467 &
1584 1435 1654 1473 Jure
1669 1435 1719 1466 suo
1734 1434 1912 1474 defraudare,
1931 1436 2024 1466 calide
2039 1437 2112 1468 nisos
2126 1436 2201 1476 esse,

1314 1473 1452 1505 Volentes
1473 1474 1674 1512 indempnitati
1693 1473 1818 1513 ipsorum
1842 1474 1981 1505 Fidelium
2004 1474 2186 1513 nostrorum,
2205 1476 2288 1507 nobis
2302 1475 2341 1507 sic

1275 1513 1511 1552 obsequentium,
1529 1513 1708 1552 prospicere,
1725 1521 1756 1543 ut
1770 1521 1899 1544 tenemur
1911 1536 1920 1552 ,
1947 1514 2072 1544 maxime
2095 1524 2162 1545 cum
2176 1515 2225 1552 ipsi
2237 1515 2273 1544 ab
2286 1515 2342 1545 hu·-

1273 1551 1396 1590 jusmodi
1411 1551 1511 1582 nostris
1523 1552 1647 1583 Servitiis
1660 1551 1689 1582 se
1701 1551 1890 1591 retraherent,
1907 1552 1960 1582 nisi
1973 1551 2024 1583 Eis
2040 1562 2090 1591 per
2105 1552 2176 1584 Nos
2189 1553 2340 1584 subvenia-

1277 1599 1321 1621 tur
1338 1590 1482 1621 Remedio
1497 1599 1660 1629 oportuno,

1317 1628 1367 1660 De
1386 1628 1493 1660 assensu
1514 1629 1700 1660 Praelatorum
1713 1652 1723 1668 ,
1748 1628 1903 1660 Comitum
1919 1653 1928 1667 ,
1947 1629 2109 1670 Baronum,
2128 1630 2163 1662 δε
2177 1630 2340 1662 Procerum

1278 1666 1375 1707 Regni
1396 1667 1510 1706 nostri,
1534 1678 1567 1699 ac
1587 1669 1710 1698 aliorum
1731 1667 1768 1698 de
1789 1666 1927 1698 Concilio
1948 1668 2049 1700 nostro
2064 1670 2149 1708 (quos
2164 1679 2254 1707 nuper
2268 1669 2344 1708 apud

1278 1706 1480 1745 Notingham,
1498 1706 1533 1737 ad
1547 1707 1725 1737 tractandum
1741 1706 1849 1736 ibidem
1864 1706 1944 1744 super
1958 1707 2048 1738 arduis
2072 1708 2175 1738 nostris
2189 1709 2224 1740 &
2240 1708 2289 1739 Re
2311 1709 2343 1739 ni

1279 1744 1368 1775 nostri
1389 1745 1529 1783 Negotiis
1543 1769 1554 1783 ,
1574 1745 1694 1775 fecimus
1716 1745 1885 1780 convocari)
1906 1746 2088 1777 iminentibus
2102 1746 2262 1778 hu'usmodi
2313 1756 2344 1777 e-

1278 1783 1447 1814 ceffitatibus
1462 1806 1472 1822 ,
1490 1783 1702 1822 ordinavimus,
1721 1784 1754 1814 &
1814 1793 1826 1812 r
1841 1783 1910 1813 Nos
1945 1783 2100 1823 Praelatos‚
2172 1786 2271 1824 mites,
2289 1784 2345 1816 Ba-

1278 1831 1376 1860 iones,
1395 1821 1429 1852 &
1448 1822 1517 1852 alios
1538 1821 1687 1862 Magnates
1707 1832 1740 1860 pr
1788 1821 1858 1853 'dios
1873 1845 1883 1860 ,
1909 1807 1978 1861 suit,
1996 1823 2069 1854 inter
2085 1823 2152 1862 alia,
2171 1822 2345 1855 Concorda-

1313 1871 1342 1891 m

1280 1869 1405 1939 tuffiicbd
1415 1899 1512 1940 Affisae
1527 1902 1620 1931 Novae
1636 1898 1721 1939 Dtffiv'
1731 1911 1783 1930 inae
1796 1899 1836 1935 ὁ·
1849 1902 1995 1930 Αίίὶηὲἶιε
2009 1906 2104 1931 contra
2119 1899 2221 1931 Fideles
2233 1899 2344 1940 nqstrm‘,

1319 1943 1355 1969 In
1370 1938 1500 1980 Obsequio
1516 1938 1619 1979 nostro,
1637 1942 1666 1968 in
1679 1939 1707 1968 di
1735 1942 1757 1968 is
1771 1941 1861 1969 Terris
1877 1942 1973 1968 Scotiae
1994 1937 2033 1973 ὀ·
2047 1939 2188 1970 Hiberniae
2202 1963 2212 1978 ‚
2228 1946 2279 1968 aut
2291 1938 2345 1968 ali-

1280 1977 1324 2017 bi,
1342 1985 1424 2007 extra
1445 1981 1565 2016 Regnum
1585 1976 1702 2018 nostrum
1714 2000 1726 2016 ,
1742 1985 1793 2016 pro
1813 1975 1974 2015 Defenfione
1993 1974 2032 2012 ὀ·
2050 1977 2212 2008 Sabvatione
2229 1977 2345 2017 ejusdem

1281 2019 1382 2055 Regni,
1402 2015 1440 2051 &
1457 2019 1603 2046 Terrarum
1616 2015 1767 2056 nostrarum
1774 2016 1971 2054 praediblarum
2004 2022 2211 2053 commorantes,-

1317 2058 1488 2085 Arrainatae
1497 2078 1507 2094 ,
1515 2054 1565 2093 seu
1579 2054 1772 2084 Arrainandae
1787 2055 1808 2091 (ι’
1820 2053 1858 2094 fis
1870 2057 1899 2083 in
1913 2037 2044 2094 Obssquio
2054 2052 2142 2093 nostro
2156 2054 2224 2084 inibi
2234 2052 2274 2093 fic
2288 2055 2347 2082 exi—

1273 2093 1420 2133 fientibus)
1440 2095 1473 2124 de
1491 2097 1547 2124 Die
1566 2095 1594 2123 in
1610 2096 1692 2123 Diem
1706 2096 1914 2130 continuentur,
1933 2095 1976 2121 ita
1991 2091 2066 2132 qubd
2077 2095 2146 2131 Eis,
2167 2092 2230 2122 dum
2242 2095 2271 2122 in
2287 2091 2347 2121 ob-

1273 2132 1373 2202 ῢφιὶὶς
1387 2130 1648 2201 nssmssgjusmffi
1663 2142 1764 2161 moram
1773 2155 1783 2171 ,
1801 2137 1833 2206 ufit
1845 2133 2042 2170 praemittitur,
2051 2129 2194 2170 fecerint,
2207 2129 2344 2161 Exhaere-

1300 2176 1357 2202 atio
1370 2183 1407 2202 ve
1461 2183 1485 2201 ιε
1497 2182 1514 2200 u
1534 2174 1613 2201 icium
1629 2182 1662 2200 ne
1681 2181 1716 2200 ua
1735 2182 1798 2200 uam
1833 2177 1865 2199 at

1319 2211 1356 2242 Et
1372 2180 1537 2242 idegrvgbis
1550 2181 1807 2248 mandarsiusqquod
1820 2193 1922 2240 omiies
1937 2207 2037 2239 Affisas
2049 2207 2154 2240 Novae
2167 2207 2327 2239 Diffeismae
2336 2231 2346 2246 ,

1281 2251 1315 2281 &
1329 2249 1485 2287 AttinCtas,
1503 2258 1602 2280 coram
1616 2249 1696 2280 vobis
1727 2258 1757 2278 er
1771 2247 1870 2278 Brevia
1883 2246 1979 2278 nostra
1988 2248 2047 2285 jam
2062 2248 2223 2285 arrainatas,
2235 2247 2280 2278 vel
2296 2255 2347 2276 ex-

1281 2298 1359 2319 nunc
1372 2287 1561 2326 arrainandas,
1579 2287 1690 2325 versuS,
1742 2286 1861 2317 ilet‘Xum
1880 2287 1914 2318 ὃ(
1929 2285 2057 2317 Fidelem
2074 2285 2220 2324 nostrum,
2236 2285 2348 2325 Johan-

1282 2337 1349 2357 nem
1362 2327 1398 2356 de
1410 2326 1567 2357 Cberleton
1580 2325 1730 2356 Seniorem
1738 2348 1748 2364 ,

1318 2365 1418 2404 Qem
1431 2364 1629 2396 constituimus
1637 2363 1831 2402 Justiciarium
1843 2363 1975 2395 nostrum
1990 2363 2094 2395 Terrae
2111 2363 2215 2394 nostrae
2235 2361 2347 2393 Hiber-

1281 2405 1354 2442 nire,
1372 2404 1406 2434 ad
1426 2405 1538 2443 negotia
1558 2403 1654 2433 nostra
1675 2404 1704 2433 in
1728 2402 1827 2434 eadem
1849 2403 1940 2433 Terra
1961 2402 2103 2434 salubriter
2123 2401 2269 2445 dirigenda
2283 2423 2294 2438 ,
2310 2401 2345 2431 ὃ(

1281 2441 1423 2473 Malitiam
1436 2442 1582 2473 <iustorum
1597 2441 1825 2472 Hibernicorum
1839 2440 1967 2472 hostium
1982 2440 2150 2471 nostrorum
2167 2441 2227 2478 (qui
2239 2437 2345 2482 'serras

1282 2480 1391 2511 nostras
1412 2481 1446 2511 &
1467 2481 1587 2511 aliorum
1611 2480 1753 2511 Fidelium
1775 2479 1940 2510 nostrorum
1952 2481 1982 2509 in
1997 2479 2101 2510 eisdem
2117 2478 2242 2516 partibus
2255 2475 2346 2506 indies

1282 2519 1405 2558 satagunt
1419 2519 1557 2550 hostiliter
1571 2521 1724 2559 occupare)
1742 2528 1811 2550 curn
1826 2518 1885 2548 Dei
1896 2517 2038 2556 adjutorio
2054 2556 2058 2560 Ι
2080 2516 2194 2559 viriliter
2209 2515 2347 2553 repelien-

1283 2558 1367 2597 dam,
1388 2558 1422 2588 &
1443 2559 1490 2596 qui
1512 2558 1546 2588 ea
1569 2557 1606 2587 de
1628 2557 1711 2588 causa
1730 2557 1764 2588 ad
1784 2556 1893 2587 easdem
1915 2563 2004 2593 partes
2017 2539 2168 2584 H'ibermae
2180 2563 2237 2592 Jarn
2252 2552 2294 2584 est
2308 2553 2346 2583 de

1283 2597 1416 2627 mandato
1430 2595 1530 2626 nostro
1545 2595 1740 2634 profesturus,
2272 2631 2277 2636 ι

1320 2635 1370 2665 De
1380 2635 1427 2664 die
1442 2635 1471 2664 in
1485 2634 1578 2671 diem,
1597 2634 1627 2663 in
1643 2633 1713 2664 statu
1722 2655 1732 2671 ,
1750 2642 1810 2670 quo
1823 2639 1891 2662 tunc
1905 2631 2028 2670 fuerint,
2047 2640 2081 2662 ex
2095 2630 2177 2662 causa
2192 2629 2327 2668 praediets
2337 2652 2347 2668 ,

1284 2673 1318 2704 &
1339 2673 1375 2703 de
1389 2672 1475 2712 grati&
1491 2671 1587 2702 nostra
1607 2670 1717 2708 speciali
1734 2670 1817 2708 (dum
1833 2670 1909 2701 idern
1920 2670 2066 2709 johannes
2084 2671 2114 2700 in
2127 2669 2278 2708 Obsequio
2294 2678 2349 2698 no-

1285 2711 1344 2742 stro
1363 2711 1400 2741 sic
1422 2718 1564 2748 moratur,
1582 2709 1628 2740 vel
1651 2709 1796 2748 quousque
1815 2709 1888 2739 aliud
1909 2709 1975 2739 inde
1995 2708 2232 2744 mandaverimus)
2255 2708 2351 2738 conti-

1285 2750 1374 2780 nuetis
1383 2750 1459 2787 quta
1473 2748 1693 2778 Ordinationem
1708 2749 1742 2779 &
1757 2746 1958 2778 Concordiam
1973 2747 2134 2777 antediffhs.

1323 2787 1491 2818 Intentionis
1511 2796 1607 2818 tamen
1630 2786 1735 2818 nostrae
1757 2786 1791 2817 &
1814 2785 1941 2816 Concilii
1957 2785 2048 2815 nostri
2062 2794 2122 2816 non
2136 2783 2249 2823 existit,
2266 2782 2349 2821 quod

1285 2826 1349 2865 Illi,
1375 2825 1535 2856 Disseisinas
1556 2825 1714 2864 hujusmodi
1735 2825 1868 2856 facientes
1882 2848 1892 2862 ,
1917 2824 1951 2855 &
1974 2823 2032 2855 Iter
2053 2823 2133 2855 suum
2153 2822 2186 2853 ad
2209 2823 2228 2842 ³*
2245 2823 2349 2866 aliquas
2364 2839 2379 2855 sn
2403 2840 2440 2866 v,

1306 2874 1376 2896 artes
1398 2864 1547 2903 praedietas
1568 2872 1694 2894 recenter
1716 2865 1875 2901 arripientes
1890 2886 1900 2900 ,
1926 2871 1957 2893 ut
1972 2863 2009 2893 sic
2023 2861 2241 2901 Conquerentes
2253 2862 2320 2891 inde
2334 2870 2349 2890 a
2363 2875 2429 2913 793=

1311 2904 1488 2934 rosecutione
1500 2904 1534 2933 ὅ(
1548 2902 1733 2933 Affecutione
1745 2902 1856 2939 Jurium
1869 2901 1985 2932 suorum
2000 2902 2114 2932 interim
2126 2900 2259 2931 differant
2272 2921 2282 2938 ,
2299 2909 2349 2938 per

1286 2943 1432 2980 praesentes
1445 2941 1664 2971 Ordinationem
1677 2942 1710 2972 &
1726 2940 1926 2972 Concordiam
1938 2939 2114 2979 adjuventur.
2249 2976 2254 2981 .

1322 2980 1411 3051 {este
1431 2980 1513 3021 Rege
1535 2979 1609 3018 apud
1631 2978 1923 3011 Westmonasterium
1938 3001 1949 3018 ,
1972 2978 2109 3010 vicesimo
2127 2976 2205 3008 sexto
2227 2975 2273 3006 die
2287 2974 2349 3006 Au-

1286 3029 1323 3060 gu
1351 3030 1359 3050 1
1764 3059 1817 3087 Per
1830 3055 1911 3096 ipfitm
1924 3057 2020 3093 Regem
2034 3052 2073 3089 ὁ·
2089 3052 2247 3084 Concilium.

1467 3184 1523 3218 Ad
1536 3187 1771 3231 Imperatorem,
1789 3180 1882 3228 super
1900 3177 2162 3224 Confoedcratione.

1289 3269 1500 3332 SEreniisimo
1519 3269 1647 3306 Principi
1663 3290 1673 3306 ,
1695 3266 1832 3296 Domino
1847 3264 2026 3303 Ludewico,
2044 3263 2103 3294 Dei
2137 3262 2220 3301 ratis,
2235 3263 2348 3293 Roma-
2364 3262 2438 3294 Ann.
2452 3262 2495 3293 D.

1347 3318 1453 3338 norum
1475 3307 1665 3345 Imperatori,
1683 3305 1791 3342 semper
1805 3303 1952 3343 Augusto,
1970 3303 2059 3347 Fratri
2072 3312 2111 3332 no
2139 3312 2172 3332 ro
2187 3300 2348 3346 carissimo,
2383 3309 2470 3341 1337.

1287 3346 1464 3384 Edwardus,
1490 3345 1549 3376 Dei
1573 3344 1661 3383 gratis
1676 3368 1686 3382 ,
1711 3343 1777 3373 Rex
1796 3343 1912 3380 Angliae
1926 3367 1936 3380 ,
1960 3341 2107 3372 Dominus
2128 3340 2346 3386 Hiberniae‚·‹}c
2362 3343 2411 3368 An.
2435 3349 2478 3367 ιι.

1288 3385 1356 3414 Dux
1381 3384 1540 3423 Aquitaniae
1553 3407 1562 3422 ,
1587 3393 1654 3414 cum
1670 3383 1774 3413 debitae
1793 3381 1965 3419 sinceraeque
1982 3380 2153 3412 Diledtionis
2173 3378 2349 3414 constantia,
2362 3382 2391 3406 Ε.
2415 3387 2440 3413 3·

1287 3431 1455 3461 promptum
1469 3424 1498 3453 in
1513 3423 1648 3453 omnibus
1661 3430 1730 3452 com
1751 3420 1858 3451 lacendi
1869 3419 2017 3450 affectum.
2320 3452 2326 3458 .
2361 3415 2481 3444 Alcman.

1327 3461 1401 3491 [nter
1422 3470 1539 3491 caeteros
1561 3460 1712 3501 Regalium
1730 3431 1899 3490 ‘ti‘itiilorum
1911 3457 2077 3488 nostrorum
2089 3455 2242 3491 successus,
2257 3453 2341 3483 nobis
2364 3458 2448 3483 ir.1:‘.
2468 3463 2494 3491 3.

1289 3499 1423 3530 divinitus
1441 3501 1608 3536 attributos,
1632 3498 1783 3529 Affinitatis
1805 3499 1839 3528 ὅτ.
1860 3497 2005 3527 Amicitiae
2018 3494 2138 3526 Foedera
2152 3496 2223 3536 inter
2237 3491 2344 3535 Vos&
2358 3502 2394 3520 m.
2418 3502 2458 3519 ri,

1290 3537 1358 3568 Nos
1373 3561 1382 3576 ,
1408 3538 1572 3576 disponente
1594 3537 1731 3568 Domino
1745 3560 1755 3574 ,
1773 3535 1875 3566 nostris
1891 3533 2115 3566 Conthoralibus
2127 3530 2343 3574 meditantibus,

1291 3580 1394 3607 mutuo
1417 3578 1451 3607 ὅς
1473 3577 1589 3607 feliciter
1606 3576 1800 3606 consummata
1815 3598 1825 3611 ,
1851 3584 1915 3612 quae
1927 3574 1996 3604 aciei
2009 3571 2115 3603 nostrae
2128 3577 2231 3612 mentis
2244 3569 2348 3611 hucus-

1292 3625 1364 3653 que,
1383 3625 1432 3652 per
1451 3614 1687 3654 propagationem
1710 3614 1884 3643 Liberorum
1903 3611 2069 3642 nostrorum
2082 3631 2099 3654 ,ι
2115 3607 2232 3638 suaViter
2254 3605 2348 3636 arrise-

1294 3663 1376 3691 runt,
1397 3652 1490 3683 nostra
1512 3652 1667 3690 praecordia
1687 3661 1720 3681 ex
1742 3652 1845 3681 intimis
1866 3650 1990 3681 alliciunt
2003 3672 2014 3687 ,
2036 3647 2070 3678 &
2090 3645 2228 3690 inducunt
2240 3666 2250 3682 ,
2269 3643 2349 3681 quod

1293 3692 1429 3728 ampliora
1444 3691 1614 3722 Affeffionis
1623 3713 1632 3729 ,
1651 3691 1787 3727 Ligarum
1798 3712 1808 3728 ,
1824 3691 1858 3721 &
1871 3688 2014 3724 Unionis,
2033 3683 2153 3716 Foedera
2165 3691 2236 3713 inter
2249 3691 2300 3725 nos
2313 3690 2348 3712 ex

1296 3731 1398 3759 merito
1409 3730 1528 3760 debeant
1540 3730 1672 3767 suboriri,
1692 3729 1730 3759 sic
1746 3728 1842 3766 quod,
1881 3736 1911 3757 er
1919 3725 2022 3769 vestras
2035 3723 2069 3754 δί
2084 3721 2196 3764 nostras⁴
2203 3729 2350 3764 unanimes

1296 3767 1462 3798 Voluntates
1478 3790 1488 3805 ,
1509 3766 1670 3797 nostrarum
1687 3767 1841 3797 Ditionum
1881 3775 1901 3795 o
1922 3764 1959 3795 uli
1979 3772 2009 3793 in
2030 3761 2106 3792 Pace
2124 3759 2251 3790 firmiore
2260 3768 2352 3796 quies-

1298 3814 1380 3843 cant,
1398 3806 1487 3836 nostri
1499 3805 1666 3843 amplientur
1680 3804 1818 3836 Honores
1832 3826 1843 3842 ,
1861 3814 1880 3834 v
1907 3809 2078 3848 xrerumque
2090 3807 2123 3828 ac
2138 3796 2303 3827 nostrorum
2318 3806 2352 3828 ex

1299 3845 1356 3875 hoc
1372 3846 1540 3874 roborentur
1553 3846 1586 3875 ὃς
1602 3843 1747 3873 firmentur
1761 3844 1789 3872 in
1844 3840 1952 3871 sterum
1961 3838 2030 3878 jura
2043 3836 2238 3880 Rem-orum..
2321 3875 2326 3880 ·

1339 3881 1428 3919 Igitur
1449 3881 1549 3913 vestrae
1565 3882 1587 3912 F
1589 3882 1714 3912 ratemali
1736 3851 1922 3917 Celsstiidini,
1938 3877 1975 3908 de
1986 3860 2187 3913 multiplicibus
2202 3873 2359 3905 violentia-

199 3913 283 3941 ⁴tione
294 3921 324 3939 m
337 3912 435 3943 cedere
448 3916 536 3947 valeat
552 3919 646 3954 (nobis
660 3919 832 3956 inconsultis)
850 3930 1015 3960 attemptare
1029 3923 1198 3962 praesumatis
1208 3922 1267 3953 ullo
1303 3930 1369 3950 rum
1383 3922 1416 3951 ὃς
1430 3919 1599 3958 Injuriarum
1613 3920 1757 3950 Oneribus
1770 3918 1897 3954 dudum,
1911 3913 2051 3946 retroaffis
2063 3912 2252 3950 temporibus,
2270 3912 2357 3942 Divis

202 3949 314 3979 modo:

1303 3957 1507 3989 Romanorum
1521 3958 1740 3995 Imperatoribus
1754 3957 1788 3987 &
1802 3955 1949 3991 Regibus,
1966 3949 2221 3981 Praedecessoribus
2242 3950 2359 3987 vestris,

243 3987 261 4016 ὃ
271 3988 381 4030 cient-es
394 3998 448 4024 pro
469 4000 547 4032 certo
569 3996 654 4037 *quod
669 4018 678 4032 ,
702 3995 721 4025 si
744 3996 821 4026 secus
843 3997 964 4027 feceritis
973 4023 981 4036 ,
1000 3998 1034 4029 ad
1049 4009 1102 4029 vos
1136 4006 1268 4037 tanquam
1306 4006 1355 4035 per
1369 3997 1441 4027 olim
1455 3997 1553 4034 Reges
1566 3997 1708 4033 Franciae,
1720 3996 1754 4026 &
1770 4003 1820 4032 per
1832 3991 2014 4029 Philippum,
2027 3998 2104 4032 nune
2117 3998 2170 4034 pro
2183 3988 2266 4033 Rege
2274 3988 2360 4032 Fran-

206 4024 279 4055 dicti
299 4035 368 4062 juris
389 4023 479 4056 nostri
502 4028 586 4067 Regii
599 4032 775 4071 violatores,
795 4035 827 4065 ὃ(
843 4034 971 4067 Coronae
984 4036 1087 4067 nostrae
1129 4038 1270 4069 xhaereda-
1308 4044 1411 4066 corum
1431 4035 1458 4065 se
1478 4043 1624 4075 gerentem
1637 4057 1650 4073 ,
1671 4033 1769 4069 faffis,
1784 4032 1818 4063 &
1831 4036 2082 4067 expraeconcepto
2098 4027 2194 4066 1113115»
2209 4037 2241 4059 111
2254 4026 2357 4068 Borma

208 4073 286 4106 tores
296 4086 306 4102 ,
326 4065 461 4103 graviter,
479 4075 562 4105 prout
577 4073 729 4108 convenit,
749 4074 900 4110 capiemus.

2292 4063 2370 4103 Junj
