2562 4279
190 148 247 187 40

33 217 111 249 Arm·
126 214 168 247 D·
224 219 353 251 Necnon
366 219 400 249 ad
415 216 600 258 exigendum,
616 214 771 255 petendum
806 213 839 243 &
854 210 1049 250 recipiendum
1064 217 1185 253 ornnem
1198 205 1251 237 Pe-

184 261 299 289 cuniam
321 258 443 288 nostram
458 280 467 295 ,
496 266 545 293 per
563 254 673 284 dietum
690 237 863 289 Magistrum
880 250 999 280 Paulum
1020 246 1204 280 transmissam
1216 245 1251 277 ad

183 297 321 334 Niciam,
340 306 391 333 pro
407 294 565 324 firmatione
580 292 740 329 hujusmodi
755 290 911 321 Galearutn
926 289 960 319 ad
974 298 1045 325 opus
1059 285 1218 331 nostrum&

257 346 299 365 tiae
312 334 425 364 Quidem
445 332 569 362 Pecunia
581 354 591 369 ,
614 331 657 360 vel
674 340 735 367 pars
749 331 821 367 ejus,
839 337 888 368 per
903 327 1090 370 Senescallum
1100 348 1110 362 ,
1127 323 1250 368 Officia-

184 373 241 410 les,
259 373 303 403 vel
319 372 465 402 Ministros
475 394 483 407 ,
500 369 612 400 Illustris
625 369 712 407 Regis=
725 369 847 406 Siciliae,
865 367 894 396 in
909 366 1106 396 Comitatibus
1125 361 1249 394 Provm-

183 413 237 442 ciae
251 412 283 441 δε
299 410 322 440 F
322 410 502 447 orcalqiierii,
521 408 651 445 ai‘estata,
664 407 828 445 sequestrata
841 405 944 435 dicitur
957 404 1002 435 vel
1013 404 1143 446 detenta,

222 449 258 479 Et
274 473 282 487 ‚
309 448 344 479 de
368 448 508 488 praediCtis
530 446 666 477 omnibus
681 469 691 484 ,
716 443 927 487 Remiffionem
941 465 951 481 ,
977 441 1249 480 Compositionem,

182 486 302 523 Paetum
316 488 350 517 de
366 497 424 517 non
438 485 577 526 petendo,
596 485 713 515 Litteras
734 484 944 522 Acquietantiae
958 505 968 522 ‚
992 482 1027 513 &
1040 490 1141 522 apocas
1154 479 1190 510 de
1205 478 1250 509 so—

180 526 259 564 luto,
277 525 455 563 faciendum,
1177 556 1181 561 ¹

219 563 274 601 Er,
290 574 343 602 pro
363 563 524 604 praeniiffis,
542 562 677 592 omnibus
695 562 728 593 &
748 560 860 601 singulis
872 583 882 600 ,
905 558 1067 598 dumtaxat,
1083 555 1195 598 agendis
1213 555 1247 586 &

180 601 380 642 defendendis,
398 602 495 632 Litem
508 599 743 638 contestandum,
1193 633 1198 638 ι

214 640 415 679 Jurarnentum
430 641 467 671 de
482 639 641 677 calumpnia
657 640 690 670 &
712 639 748 669 de
762 639 878 669 veritate
899 635 1038 674 dicenda,
1055 645 1089 665 ac
1102 632 1250 673 quodlibet

179 678 252 709 aliud
270 688 356 718 genus
369 680 438 710 liciti
450 679 639 717 Sacramenti,
655 679 683 708 in
701 677 840 709 Animam
853 675 981 707 nostram
995 673 1204 718 praestandum,

216 717 369 756 Dampna‚
387 717 526 756 Expensas
539 717 571 748 &
587 716 734 755 Intereffe,
750 726 814 755 quae
828 716 857 746 in
870 715 923 747 hac
936 723 1012 756 parte
1025 722 1083 754 peti
1096 717 1248 753 poterunt,

179 756 350 796 petendum,
370 756 540 795 exigendum
554 756 587 786 &
602 755 795 793 recipiendum
805 777 815 794 ,
1219 786 1225 791 ,

219 794 266 825 Ac
282 796 378 826 omnia
391 796 441 826 alia
456 796 489 826 &
511 794 616 832 singula
637 793 801 824 faciendum
821 796 855 825 &
876 790 1085 823 excercendum
1098 811 1108 827 ,
1132 796 1197 827 quae
1217 796 1246 830 in

180 833 490 903 praemsiffiggleoeffiria
505 834 550 865 vel
568 841 710 872 oportuna
731 831 851 870 fuerint,
868 832 953 863 etiam
971 830 990 860 si
1007 827 1173 859 mandatum
1188 833 1248 855 exi-

180 880 251 908 gant
296 882 337 902 eci
366 883 396 903 e:

218 882 352 941 Volgntes
365 913 449 942 etiam
469 910 562 942 dic'tos
577 909 775 941 Procuratores
788 909 821 940 &
842 908 976 939 Nuncios
995 905 1105 936 nostros
1126 903 1246 933 relevare

181 948 217 977 ab
231 951 312 979 omni
327 950 424 981 Onere
438 949 579 980 satisdandi
588 973 597 986 ,
617 958 669 987 pro
682 948 743 986 ipsis
757 948 789 978 &
804 956 926 987 utroque
939 954 1041 976 eorum
1051 944 1129 974 Rem
1140 941 1246 972 Ratarn

179 986 295 1026 haberi,
313 988 519 1027 &judicatum
534 988 618 1024 solvi,
636 987 686 1017 sub
701 985 829 1023 Ypotec5⁴
844 986 876 1017 &
894 984 1077 1024 obligatione
1096 981 1246 1012 Bonorum

179 1025 343 1095 noIstrorum
352 1051 361 1066 ,
380 1028 572 1066 promittimus
586 1027 619 1057 &
632 1026 802 1064 exponimus
814 1023 978 1056 Cautiones.

233 1075 252 1094 n
266 1067 360 1105 cujus,
378 1067 439 1098 &c.

53 251 136 294 1338.

31 295 99 321 Edv.
122 303 148 331 3.

218 1141 286 1211 Eat.
301 1143 375 1181 apud
396 1142 567 1182 Andewerp.
588 1140 732 1173 tricesimo
749 1140 794 1172 die
814 1139 1017 1178 Novembris,
1040 1137 1130 1169 Anno
1149 1136 1246 1175 Regni

182 1190 222 1212 no
250 1192 270 1212 ii
290 1191 334 1212 12.

177 1311 236 1343 Pro
264 1307 385 1352 Custode
403 1308 540 1356 Angliae,
566 1306 602 1340 de
627 1304 826 1340 Subventione
844 1332 854 1348 ,
888 1318 945 1354 quo
972 1304 1081 1338 melius
1106 1300 1245 1344 Custodiae

592 1357 675 1389 Onus
683 1353 838 1400 sitstincar.

184 1442 240 1497 R
250 1441 315 1473 EX
331 1442 531 1477 Thesaurario,
550 1441 583 1471 δε
603 1440 769 1471 Camerariis
781 1440 849 1478 suis,
865 1439 999 1471 Salutem.

281 1480 496 1511 Considerantes
509 1479 646 1519 Expensas
663 1480 696 1510 ὃς
712 1479 826 1518 Onera,
845 1489 928 1517 quae,
947 1477 1098 1509 Dile&um
1113 1476 1146 1507 &
1163 1474 1245 1520 Fide-

179 1516 237 1546 lem
249 1519 378 1550 nostrum
387 1542 397 1558 ,
414 1519 583 1550 Edwardum
599 1518 715 1549 Ducem
730 1517 889 1548 Cornubiae
902 1519 934 1547 ὃ(
944 1516 1092 1547 Comitem
1107 1513 1246 1554 Cestriae,

180 1555 285 1589 Filium
302 1557 430 1588 nostrum
444 1557 637 1596 carissimum,
654 1567 688 1588 ac
705 1556 864 1587 Custodem
876 1555 971 1595 Regni
987 1555 1093 1594 nostri,
1111 1561 1247 1597 praetextu

181 1594 329 1627 Custodiae
351 1597 420 1627 illius
433 1620 442 1635 ‚
469 1597 538 1626 ultra
554 1595 581 1625 id
596 1595 674 1635 quod
693 1604 837 1633 oporteret
854 1594 943 1634 ipsum
965 1595 1058 1625 facere
1071 1617 1081 1632 ,
1105 1593 1124 1623 ii
1147 1602 1200 1622 nos
1217 1601 1246 1622 in

183 1632 286 1674 Regno
299 1636 446 1680 praesentes
458 1634 617 1673 fuissemus,
635 1635 668 1665 &
682 1634 759 1664 idem
772 1634 856 1663 Filius
870 1633 964 1663 noster
976 1633 1012 1663 de
1024 1631 1165 1663 Custodia
1177 1640 1247 1671 prae·

182 1671 258 1704 dieta
271 1674 362 1704 fuisset
375 1674 496 1704 minime
514 1682 658 1710 oneratuS‚
675 1673 807 1702 hactenus
823 1672 970 1710 sustinuit,
995 1672 1027 1702 ὅ(
1043 1670 1173 1714 sustinet,
1212 1679 1245 1714 ¹J9

178 1709 406 1781 {logiservatione
419 1714 478 1743 tarn
493 1711 580 1742 nostri
593 1736 603 1750 ,
627 1712 712 1751 quam
733 1711 812 1750 ipsius
826 1710 974 1749 Honoris,
990 1709 1180 1748 multipliciter
1214 1718 1246 1738 us

200 1761 224 1781 ie
248 1761 278 1781 us

215 1789 253 1820 Et
285 1775 346 1820 {iod
364 1789 463 1820 Terrae
479 1790 512 1820 &
527 1788 722 1824 Tenementa,
739 1788 832 1817 eidem
848 1787 993 1827 assignata,
1011 1785 1046 1816 ad
1062 1785 1245 1817 Sustentatio-

178 1837 246 1858 nem
277 1838 340 1858 uam
354 1852 363 1864 ,
390 1828 407 1858 fi
430 1826 589 1863 hujusmodi
607 1834 710 1857 careret
731 1825 864 1864 Officio,
886 1836 945 1857 non
969 1824 1126 1855 sufficerent
1145 1824 1246 1868 absque

179 1866 310 1897 Subfidio
322 1867 447 1904 aliunde3
467 1867 502 1895 de
518 1865 622 1895 assensu
638 1866 669 1894 δε
685 1863 834 1903 Consilio,
853 1866 910 1895 tiam
945 1863 1055 1894 Dilecti
1070 1862 1246 1901 Consangui—

179 1906 227 1934 nei
242 1906 274 1936 ὃς
296 1905 394 1935 Fidelis
412 1904 499 1935 nostri
514 1928 523 1941 ‚
544 1903 694 1933 wiliielmi
709 1903 745 1933 de
761 1903 883 1934 Bohoun
903 1888 1029 1934 Comitis
1043 1901 1245 1940 Norbampto-

176 1944 249 1979 niae,
267 1944 300 1974 δε
315 1944 432 1973 aliorum
448 1943 636 1973 Nunciorum
659 1941 822 1972 nostrorum
839 1965 848 1980 ,
875 1941 910 1972 ad
926 1950 1015 1981 partes
1034 1940 1147 1980 Angliae
1159 1949 1245 1971 trans-

178 1982 347 2019 missorum,
362 1983 445 2019 uuam
460 1982 579 2012 aliorum
590 1981 626 2012 de
643 1979 780 2012 Concilio
795 1980 909 2020 nostro,
932 1982 960 2011 in
974 1981 1099 2021 partibus
1113 1979 1243 2019 Angliae,

175 2020 306 2051 duximus
319 2021 510 2051 ordinandum
519 2043 528 2059 ‚

215 2059 308 2098 Qiod
330 2059 445 2096 praefato
469 2059 542 2089 filio
562 2057 661 2088 nostro
683 2057 719 2088 de
741 2056 931 2100 septingentis
953 2057 1070 2095 Libris,
1095 2056 1245 2097 videlicet,

178 2097 353 2136 Qiingentis
370 2098 463 2128 Libris
476 2107 529 2137 pro
550 2097 731 2127 Liberatione
744 2095 808 2133 sua,
825 2096 858 2127 &
876 2096 1015 2127 Ducentis
1029 2096 1123 2127 Libris
1137 2097 1167 2126 in
1181 2106 1244 2137 par-

176 2145 237 2168 tem
253 2136 408 2167 Solutionis
420 2136 595 2167 Debitorum
607 2136 719 2166 suorum
754 2135 812 2172 jam
826 2135 1020 2174 subveniatur,

215 2174 305 2205 Vobis
318 2175 482 2206 mandamus
494 2175 572 2214 quod
583 2175 699 2214 praefato
731 2173 780 2203 ilio
793 2173 909 2212 nostro,
926 2175 970 2204 vel
984 2174 1043 2212 ejus
1056 2175 1086 2204 in
1098 2173 1152 2205 hac
1167 2182 1245 2213 parte

177 2213 328 2244 Attornato
340 2237 350 2252 ,
373 2214 461 2244 dietas
476 2213 666 2252 Septingentas
690 2212 789 2243 Libras
803 2235 812 2249 ,
835 2213 870 2243 de
885 2213 1034 2244 Thesauro
1054 2212 1171 2252 nostro,
1187 2214 1245 2243 fine

180 2252 329 2290 dilatione,
347 2253 435 2289 solvi,
454 2252 498 2282 vel
513 2254 538 2283 ci
557 2260 771 2290 competentem
786 2251 1029 2291 Assignationem,
1047 2253 1098 2283 ubi
1112 2252 1162 2282 fibi
1177 2251 1244 2283 inde

177 2291 301 2322 celeriter
317 2291 434 2322 satisfieri
447 2292 549 2329 poterit
560 2313 569 2329 ,
589 2291 691 2321 habere
705 2290 819 2321 faciatis.

26 1458 156 1493 Ann.D.

48 1499 133 1539 1338.

27 1541 80 1565 Aa.
101 1548 141 1565 iz.

26 1580 58 1603 Ε.
78 1585 101 1612 3.

25 1614 162 1650 Claufirz.

27 1656 57 1679 Ε.
78 1661 104 1688 3.

25 1696 51 1727 p.
73 1700 97 1726 3.

28 1737 65 1756 m.
89 1736 130 1762 17.

213 2367 299 2399 Teste
315 2367 444 2400 Custode
459 2367 571 2409 Angliae
584 2367 657 2406 apud
673 2368 776 2408 finiet,
795 2367 903 2399 οᾶενο
917 2368 963 2399 die
980 2367 1161 2399 Decembris.

593 2446 647 2474 Per
660 2443 741 2484 ipfitm
756 2444 890 2484 Custodem
903 2442 941 2480 &¹
960 2444 1112 2476 Concilium.

23 2597 75 2623 ‘V
96 2604 143 2631 95·
394 2568 421 2595 ,ᾖ
447 2572 495 2604 De
517 2573 603 2617 Regis
619 2571 714 2613 Filio,
740 2545 1032 2616 AnnaergiaeXNato.

22 2669 100 2700 Ann-
118 2669 159 2700 D,
185 2659 235 2713 R
247 2655 310 2725 Εξζ
321 2656 468 2724 'omnibusi
473 2655 507 2686 ad
522 2666 610 2695 quos,
633 2656 695 2687 &c.
708 2655 842 2687 Salutem.

24 2708 142 2775 2235,
217 2705 461 2771 cumciagslgiffis
473 2719 505 2763 25:
514 2732 617 2763 Fidelis
627 2731 734 2775 noster,
752 2731 896 2769 Johannes
910 2733 946 2764 de
953 2732 1038 2763 Bures
1047 2757 1057 2772 ,
1076 2744 1091 2765 a
1102 2732 1243 2764 Consorte

21 2789 53 2812 E.
73 2794 98 2821 3,
180 2771 275 2802 nostra
290 2771 443 2816 carissima,
457 2771 584 2818 Philippa
597 2771 717 2815 ‘Regina-
730 2771 840 2815 Angliae
854 2780 1001 2816 ,propter
1014 2772 1072 2817 hoc
1091 2772 1243 2817 specialiter

20 2827 80 2851 Par.
90 2825 160 2860 apud
177 2808 212 2838 ad
227 2809 403 2856 nos-missus,
422 2820 518 2854 primo
535 2810 615 2840 nobis
631 2819 806 2840 nunciaverit
827 2810 931 2841 Filium
946 2819 980 2840 ex
1001 2820 1034 2840 ea
1047 2834 1058 2850 ,
1087 2810 1138 2842 sub
1155 2811 1242 2842 felicis

22 2865 158 2889 Annua.
176 2847 289 2886 auspicn
303 2849 415 2885 bidere,
432 2849 515 2878 nobis
531 2857 644 2887 natum,

216 2886 298 2924 Nos,
316 2896 349 2916 ex
364 2886 563 2918 Nunciatione
577 2888 635 2917 t-'im
651 2886 759 2925 placida
775 2887 890 2917 recreati
909 2886 1066 2926 plurimum
1087 2887 1120 2919 &
1139 2888 1240 2927 laetati,

21 2903 57 2965 ἐξ,
76 2909 101 2965 ξ
177 2925 210 2955 ὅτ
225 2925 346 2964 proinde
359 2925 486 2955 volentes
498 2925 697 2955 Nunciantem
711 2925 823 2964 Regalis
837 2925 1043 2957 Miinificentiae
1059 2926 1160 2957 Gratia
1170 2927 1241 2958 libe-

174 2963 266 2994 raliter
280 2964 450 3002 praevenire,
467 2964 655 3005 concessimus
675 2963 767 2992 eidem
780 2963 911 3006 *johanni
929 2987 939 3002 ,
962 2965 998 2994 de
1020 2964 1111 2996 Dono
1124 2965 1238 3004 nostre,

175 3000 303 3032 Centum
318 3002 434 3040 Libras,
453 3013 520 3040 quas
533 3003 558 3032 ei
574 3003 677 3032 solvere
693 3010 882 3041 promittimus
894 3003 970 3034 bona
984 3003 1048 3034 fide.

207 3040 241 3071 Iri
254 3042 348 3080 cujus,
366 3042 426 3072 &o

208 3113 296 3157 Teste
311 3116 392 3156 RQe
407 3116 480 3156 apud
500 3115 655 3163 Andweip.
676 3116 848 3148 duodecimo
869 3117 914 3148 die
930 3117 1102 3149 Decembris
1114 3142 1125 3158 ‚
1147 3119 1235 3151 Anno

170 3161 200 3184 ut
214 3156 301 3192 supra.
503 3170 530 3195 χ
587 3161 668 3206 Z'ae
698 3172 797 3205 m&
805 3163 824 3201 ‘-

219 3291 313 3321 Carra
340 3286 496 3335 Abbiztrffe
513 3288 548 3322 de
568 3288 712 3336 BerlQing,
733 3300 788 3334 pro
812 3290 918 3322 Salute
941 3291 1060 3322 Animae
1081 3292 1185 3338 Regis,

631 3338 764 3383 conccffz.
1142 3371 1144 3374 ,

20 3421 97 3455 Αηιι.
108 3423 147 3455 D.
170 3421 291 3479 REX
303 3422 553 3467 'Archiepiscopiffi
573 3423 633 3454 &c.

39 3463 123 3501 1338.
262 3461 358 3492 Sciatis
373 3472 441 3499 nos,

20 3504 73 3528 Aa.
92 3511 131 3529 12.
206 3497 263 3528 Pro
278 3500 358 3530 salute
373 3500 486 3529 Animae
499 3498 619 3537 nostrae,
637 3499 670 3529 δ’,
688 3499 858 3529 Animarum
875 3498 1098 3535 Progenitorum
1113 3499 1146 3530 &
1160 3499 1233 3530 Hae-

21 3542 52 3565 Ε.
74 3548 98 3574 3.
170 3537 269 3567 redum
284 3537 466 3575 nostrorum,
482 3547 598 3567 necnon
613 3537 647 3567 ad
662 3537 835 3575 instantiam,
852 3537 1033 3568 Dileeiorum
1049 3539 1082 3568 δε
1092 3537 1115 3567 F
1117 3539 1233 3568 fidelium

21 3578 154 3613 Panapio-l
172 3575 350 3613 nostrorum,
371 3576 522 3606 wiliielmi
537 3576 573 3606 de
587 3575 694 3607 Monte
710 3577 808 3606 Acuto
826 3575 952 3606 Comitis
965 3576 1083 3614 Sarum,
1101 3577 1134 3606 ὃς
1150 3576 1234 3606 Tho-

19 3617 155 3643 Aatw.ii..
174 3623 228 3642 maie
242 3614 276 3643 de
292 3614 454 3652 Ponyiiges,

18 3654 49 3677 Ε.
72 3661 96 3687 3·
211 3650 486 3682 Conczssrssa
505 3652 538 3682 &
552 3675 560 3688 ‚
586 3651 639 3682 hic
663 3651 748 3682 Carta
769 3651 880 3688 nostra,
904 3651 1233 3689 CONFIRiiassE,

19 3698 56 3717 m.
73 3699 99 3717 2.
175 3686 294 3730 Dhileffis
312 3691 393 3720 nobis
408 3691 435 3719 in
453 3689 570 3719 Christo
585 3713 594 3728 ,
619 3691 773 3721 Abbatiffae
794 3691 826 3721 δε
841 3691 1017 3720 Monialibus
1036 3689 1070 3719 de
1085 3690 1233 3730 Berkyngg

177 3724 349 3768 Libertatem
361 3728 397 3757 de
412 3727 522 3757 Placitis
534 3728 659 3758 Forestae
675 3752 683 3765 ,
709 3729 741 3759 &
758 3730 906 3765 plenariam
926 3727 1098 3759 Potestatem
1111 3728 1232 3766 proster-

171 3764 255 3792 nendi
269 3765 300 3793 &
314 3766 432 3795 cariandi
445 3766 535 3804 Ligna
549 3766 584 3795 de
595 3768 730 3797 omnibus
744 3767 838 3797 Boscis
852 3767 903 3797 suis
912 3790 920 3804 ,
939 3768 986 3806 qui
1000 3767 1061 3796 sunt
1077 3767 1148 3796 infra
1162 3766 1232 3797 Me-

169 3807 207 3843 tas
221 3799 342 3843 Foresta:
355 3804 475 3841 nosti-az,
493 3805 527 3833 ad
541 3804 653 3834 Focum
676 3805 757 3835 suuni
773 3828 782 3843 ,
809 3806 841 3836 &
857 3806 890 3835 ad
907 3804 1043 3835 AEdificia
1057 3805 1101 3835 sua
1116 3828 1126 3843 ,
1147 3805 1180 3835 &
1195 3806 1231 3836 de

168 3838 261 3881 alieno
277 3837 366 3869 Boreo
380 3842 499 3871 similiter
509 3865 517 3879 ‚
536 3843 554 3871 si
569 3844 629 3879 quis
644 3844 682 3872 eis
701 3843 788 3882 Ligna
801 3844 834 3873 acl
847 3843 958 3873 Focum
974 3843 1067 3880 stium,
1085 3844 1130 3873 vel
1147 3842 1230 3874 Mae-

169 3885 293 3906 remium
311 3877 343 3905 ad
360 3877 493 3908 AEdisicia
507 3885 568 3916 lua,
584 3881 786 3911 DEDl-:RIT
805 3882 848 3911 vel
868 3881 1095 3911 VENDIDER
1107 3889 1167 3918 ιτς

183 3952 188 3958 .
205 3913 265 3943 HA
276 3922 320 3957 niz
332 3923 354 3944 N
364 3924 384 3944 D
394 3927 412 3945 A
431 3917 564 3955 praefatis,
583 3919 754 3958 Abbatiffae,
771 3921 804 3950 &
826 3919 1015 3957 Monialibus,
1031 3920 1065 3951 &
1081 3919 1230 3950 Succeffo-

166 3952 242 3983 ribus
255 3953 332 3994 suis,
344 3951 356 3981 Ι
368 3961 392 3981 M
404 3962 447 3982 PE
461 3963 481 3983 R
493 3964 600 3986 PETU
613 3965 633 3986 υ
646 3966 688 3993 M,

203 3989 241 4034 Et
255 3990 439 4033 prohibemus
455 3993 489 4020 ne
502 3994 578 4031 quis,
596 3995 764 4026 Forestarius
782 3995 827 4026 vel
845 3995 944 4035 aliquis
964 3998 1030 4029 alius
1036 4019 1047 4036 ,
1065 4005 1108 4026 eas
1130 4004 1230 4028 vexare

164 4037 214 4060 aut
226 4036 380 4068 inquietare
394 4028 555 4069 praesumat,

1216 1254 1219 1255 γ
1230 1253 1240 1256 ἡ
1281 1207 1461 1238 Decembris,

640 117 1439 171 CONVENTIONEs‚
1497 116 1907 168 LITERAE,

1325 204 1364 236 Et
1379 203 1459 244 quod
1474 203 1577 236 Boscus
1588 204 1651 235 suus
1665 203 1698 234 sit
1719 202 1766 233 IM
1774 212 1793 233 Ρ
1802 213 1822 234 E
1830 212 1854 234 R
1863 211 1883 232 P
1892 212 1911 234 E
1921 211 1945 233 ’i-
1952 210 1976 233 v
1984 211 2007 234 u
2015 209 2043 233 M
2057 201 2130 233 liber
2149 203 2184 235 &
2199 204 2308 244 quietus
2321 203 2358 235 de
2374 202 2453 235 Ann.
2460 204 2503 236 D,

1288 243 1378 274 vasto
1394 267 1404 283 ,
1427 244 1474 274 Re
1493 244 1562 274 ardo
1576 265 1585 280 ,
1610 242 1678 274 Visu
1693 264 1703 278 ,
1730 243 1763 272 δε
1779 240 1920 272 Custodia
1939 241 2158 272 Viridiariorum
2173 241 2207 273 ὃς
2226 243 2362 274 omnium
2396 244 2480 284 1338.

1289 282 1464 314 Ballivomm
1475 253 1602 318 {orestae
1611 304 1621 320 ,
1637 281 1671 312 &
1688 280 1890 324 Ministrorutn
1904 279 2018 324 suorum
2030 301 2040 318 ,
2064 279 2101 310 ita
2116 281 2197 320 quod
2209 281 2301 312 nullus
2313 290 2363 312 eo-
2372 283 2441 311 Edv.
2460 293 2487 320 3.

1288 331 1353 366 rum
1367 322 1486 360 aliquam
1499 319 1672 352 Potestatem
1686 329 1716 350 in
1728 328 1765 349 eo
1784 320 1836 350 iibi
1851 318 1985 350 vendicet
2000 340 2011 357 ,
2033 317 2079 349 seu
2090 318 2118 349 se
2131 318 2199 350 inde
2219 320 2250 350 in
2269 319 2364 359 aliquo

1286 368 1466 390 intromittat.

1364 407 1427 428 nare
1449 397 1657 428 VoLuivius
1676 397 1711 428 &
1728 394 1847 426 firmiter
1868 394 2140 427 Pnfficmnus
2156 418 2165 433 ,
2189 406 2243 435 pro
2256 396 2359 435 nobis,

1287 437 1319 467 &
1368 436 1506 466 aeredibus
1519 435 1621 466 nostris
1634 459 1644 474 ,
1667 435 1747 473 quod
1769 434 1882 472 praefiita
1898 433 2042 465 Abbatiffa
2057 458 2068 470 ‚
2091 436 2124 467 &
2148 433 2305 473 Moniales,
2325 435 2361 466 δε

1287 474 1468 505 Succeffores
1481 474 1537 513 sui,
1555 473 1603 504 IM
1613 483 1632 504 1>
1642 483 1659 504 E
1668 484 1691 505 R
1700 483 1718 504 P
1727 483 1744 504 ε
1755 482 1778 503 τ
1787 482 1809 503 υ
1818 481 1841 503 u
1849 481 1875 503 M
1891 473 2010 503 habeant
2028 472 2202 504 Libertatem
2216 473 2253 504 de
2266 472 2360 504 Placi-

1286 514 1319 544 tis
1334 512 1473 552 Forestae,
1491 514 1525 544 &
1557 513 1690 543 lenariam
1704 511 1879 542 Potestatem
1892 510 2086 552 prosternendi
2101 512 2135 543 &
2147 512 2271 544 cariandi
2288 511 2358 553 Lig-

1287 562 1342 588 na,
1361 549 1421 586 &a
1431 558 1514 589 prout
1540 559 1607 589 upra
1622 550 1678 581 haec
1692 551 1796 587 verba,-
1816 554 1877 581 viz,

1326 590 1382 621 Seu
1396 592 1423 621 se
1439 589 1505 620 inde
1519 592 1548 620 in
1560 589 1656 628 aliquo
1667 590 1850 628 intromittat,
1864 589 1933 620 ficut
1948 587 2121 630 praedistum
2136 587 2187 620 est.

1703 664 1770 696 Hiis
1783 665 1918 697 Testibus
1925 689 1935 705 ,
1975 693 1980 705 ,

1286 742 1446 774 Venerabili
1458 740 1540 773 Patre
1547 766 1557 781 ,

1324 784 1441 812 Henrico
1454 780 1577 820 Epifivpo
1590 779 1770 820 Lincolnienfi

1323 823 1441 850 Henriro
1457 821 1489 849 de
1503 819 1670 859 Lamastrid
1679 842 1688 857 ,
1707 803 1838 859 Derbae,

1325 862 1368 888 W
1367 858 1475 888 illielmo
1487 859 1519 888 de
1535 861 1632 888 Monte
1646 861 1758 896 Acuta,
1776 860 1891 896 Sarum,

1322 897 1439 927 Roberto
1450 897 1482 926 de
1497 895 1607 937 Uffird,
1625 894 1755 935 Suffiilciae
1762 918 1775 934 ,

1283 934 1468 967 Comitibus:

1321 977 1440 1004 Henrico
1453 975 1485 1004 de
1495 976 1629 1011 Ferariis,

1320 1012 1469 1051 Reginaldo
1486 1013 1518 1042 de
1532 1012 1670 1050 cobham,

1284 1090 1309 1122 E
1320 1051 1454 1121 thanne
1467 1054 1578 1090 Darei»,
1593 1049 1738 1090 Senescallo
1753 1048 1872 1091 Hospitii
1884 1047 1986 1090 nostri,

1312 1100 1322 1122 t
1338 1102 1353 1122 a
1363 1101 1404 1121 iis.

1319 1167 1387 1199 Dat.
1403 1177 1453 1206 per
1474 1166 1599 1199 Manum
1622 1166 1748 1199 nostram
1769 1166 1842 1206 apud
1863 1165 2039 1207 Andewerp.
2057 1166 2287 1208 Qintodecimo
2307 1171 2353 1203 die

1925 1245 1980 1275 Per
1991 1243 2074 1284 ipficm
2087 1247 2194 1284 Regem.

1281 1376 1472 1406 Innovamur
1490 1369 1645 1415 Faustam
1663 1371 1707 1405 ad
1723 1370 1933 1405 Traflandum
1950 1383 2020 1405 cum
2039 1374 2117 1420 Rege
2136 1374 2288 1418 Francia,
2312 1373 2358 1408 ad

1651 1421 1866 1468 requisitionem
1886 1424 1978 1467 Papae.

1359 1505 1502 1546 Niversis,
1520 1505 1667 1547 praesentes
1691 1505 1810 1538 Litteras
1829 1505 1994 1545 inspecturis
2010 1528 2021 1547 ,
2041 1505 2215 1548 Edwardus,
2229 1509 2290 1541 ὅτε.
2306 1509 2357 1551 Sa-
2370 1508 2447 1540 Ann.
2456 1507 2506 1540 D.

1320 1547 1469 1615 Niiittgiiiis
1483 1583 1583 1622 quod,
2368 1548 2487 1616 iffi}

1318 1621 1419 1662 Cum,
1437 1622 1634 1654 Sandiiffimus
1648 1621 1747 1661 Pater,
1766 1622 1916 1653 Dominus
1929 1622 1961 1654 B.
1976 1623 2072 1655 divina
2088 1624 2285 1664 providentia,
2301 1624 2358 1658 Pa·
2371 1629 2402 1654 Ε.
2423 1634 2450 1662 3.

1282 1671 1317 1700 pa
1331 1660 1401 1692 XII.
1416 1661 1477 1698 &c.
1485 1668 1567 1700 prout
1581 1661 1614 1691 de
1627 1661 1686 1692 dat,
1707 1670 1738 1701 ¹5
1754 1664 1833 1692 Nov.
1841 1661 1946 1701 surpra,
1963 1660 2045 1703 usque
2057 1661 2114 1694 haec
2129 1662 2236 1702 verba,
2256 1668 2321 1695 viz.
2405 1662 2472 1691 ibid.

1319 1738 1336 1755 ¹*
1351 1737 1414 1777 Ac,
1433 1737 1568 1769 Dilec'tos
1581 1740 1615 1770 &
1630 1738 1737 1769 Fideles
1751 1738 1879 1777 nostros,

1321 1776 1499 1807 Willielmum
1512 1778 1545 1807 de
1558 1780 1657 1807 Monte
1672 1780 1766 1807 Acuta
1775 1800 1785 1816 ,
1802 1781 1918 1816 Sarum,
1937 1783 2002 1809 tunc
2010 1779 2068 1820 fic,

1317 1814 1466 1845 Robertum
1481 1817 1513 1846 de
1525 1815 1625 1855 Ufford
1655 1814 1785 1854 Suffirlciae
1793 1839 1804 1855 ,

1281 1852 1431 1893 Comitffl,
1449 1853 1508 1889 ὠς.
1517 1861 1601 1894 prout
1629 1864 1695 1894 upra
1707 1876 1716 1892 ,
1731 1857 1846 1884 mutatis
1867 1856 2013 1886 mutandis.

2369 1749 2386 1768 ³
2402 1751 2439 1778 V.
2459 1749 2510 1785 9⁶2·

1317 1931 1421 1977 Iidenr,
1445 1930 1666 1978 Archiepifiopus
1681 1954 1691 1970 ,
1714 1931 1860 1971 Episcopi,
1881 1930 1919 1966 &⁶
1940 1931 1992 1962 alii
2003 1931 2201 2001 ficprallc‘ripsi
2213 1954 2224 1971 ‚
2249 1931 2354 1963 habent

1279 1969 1408 2010 confirmle
1423 1971 1641 2000 Proturatorrum
1655 1971 1696 1999 ad
1709 1971 1894 2000 Uadandum
1912 1981 1970 2000 cum
1984 1994 1995 2010 ,
2018 1972 2096 2001 Exce
2108 1970 2247 2010 lentiffimo
2269 1974 2353 2003 Prin·

1279 2011 1350 2048 cipe,
1369 2010 1485 2039 Domino
1502 2008 1641 2049 Phihppo,
1660 2011 1730 2048 Rege
1743 2011 1867 2039 Franciae
1881 2007 1996 2049 illustri.

1281 2142 1329 2176 De
1346 2139 1530 2188 rraffigendo
1541 2167 1551 2183 ‚
1576 2152 1645 2174 cum
1666 2138 1899 2184 Cardinalibus‚
1917 2139 2010 2186 staper
2027 2138 2262 2188 quibufiumque
2279 2142 2354 2175 Pro-

1325 2187 1442 2271 chgybls
1468 2193 1547 2224 inter
1567 2192 1677 2238 Regem
1693 2192 1730 2229 (θ’
1747 2201 1966 2237 quemcumque
1989 2192 2026 2225 V
2024 2193 2108 2223 irum
2129 2189 2228 2224 alium
2243 2187 2356 2223 Catho-

1358 2324 1503 2364 Niversis,
1523 2323 1583 2359 (ξένε.
1599 2330 1630 2353 ut
1642 2322 1728 2364 stapra
1747 2323 1826 2366 usque
1845 2323 1885 2354 ibi
1898 2324 1944 2356 seu
1965 2322 2089 2356 Guerrae
2112 2326 2258 2356 materiam
2280 2325 2352 2356 inter
2370 2313 2499 2346 Ann.D.

1358 2362 1527 2394 Catholicos
1542 2363 1643 2400 Reges
1659 2364 1692 2394 ὃς
1708 2362 1853 2401 Principes
1865 2363 2039 2405 suscitatam,
2057 2365 2090 2396 &
2104 2364 2224 2402 proinde
2271 2373 2354 2395 more
2391 2354 2477 2395 ¹338·

1279 2398 1367 2431 Patris
1388 2402 1515 2432 benivoli
1531 2424 1540 2440 ‚
1566 2401 1601 2432 de
1616 2401 1755 2433 Filiorum
1769 2403 1864 2441 quiete
1880 2403 2019 2441 lolicims,
2039 2402 2224 2433 Reverendos
2238 2387 2352 2441 Patres,
2368 2396 2422 2421 An.
2440 2402 2483 2422 ¹²·

1280 2437 1429 2482 Dominos
1443 2440 1476 2471 P.
1487 2440 1561 2471 tituli
1577 2440 1690 2471 Saneiae
1704 2439 1834 2471 Praxedis
1848 2439 2058 2480 Presbiterum,
2073 2442 2107 2471 &
2116 2439 2150 2472 B.
2162 2440 2273 2472 Sandtae
2283 2440 2350 2472 Ma·
2367 2435 2396 2459 E.
2419 2440 2445 2475 3;

1280 2486 1330 2506 rlae
1350 2480 1378 2510 in
1395 2480 1507 2518 Aquiro
1522 2478 1708 2517 Diaconum,
1727 2478 1889 2509 Car-clinales
1904 2502 1914 2518 ,
1934 2480 1969 2510 ad
1990 2479 2202 2518 procurandum
2214 2501 2225 2518 ,
2247 2479 2276 2508 in
2297 2479 2351 2510 hac
2405 2469 2472 2498 ¹⁶¹⁴·

1280 2525 1376 2557 parte,
1396 2527 1529 2549 mutuum
1549 2518 1662 2548 bonum
1676 2518 1768 2556 pacis,
1785 2518 1820 2548 ad
1836 2527 1904 2556 nos,
1922 2518 1996 2549 inter
2016 2518 2084 2548 alios
2102 2517 2212 2548 duxerit
2224 2517 2350 2555 speciali-

1281 2562 1323 2584 ter
1334 2557 1560 2588 transmittendos

1318 2595 1405 2634 Nos,
1425 2604 1456 2626 ut
1474 2595 1554 2626 Pacis
1566 2580 1652 2625 Filius
1665 2592 1726 2630 &a
1738 2601 1771 2624 ut

1281 2632 1341 2672 bis,
1359 2635 1393 2665 &
1406 2633 1504 2664 nostro
1518 2634 1655 2671 nomine,
1673 2643 1743 2663 cum

1282 2681 1383 2702 eorum
1396 2671 1502 2710 altero,
1519 2682 1552 2702 ac
1571 2670 1748 2710 Deputandis
1761 2672 1797 2700 ab
1817 2671 1872 2708 eis,
1891 2671 1936 2700 vel
1949 2669 2035 2700 altero
2052 2671 2244 2710 eorumdem,
2268 2672 2352 2710 super

1280 2710 1506 2749 quibuscumque
1520 2709 1685 2747 Dominiis,
1705 2709 1898 2748 Dignitatibus
1910 2731 1919 2747 ,
1951 2707 2012 2743 &a
2027 2715 2059 2737 ut
2071 2707 2156 2748 supra
2171 2709 2250 2749 resque
2265 2709 2306 2740 ibi
2318 2711 2354 2742 δε

1281 2748 1454 2788 processibus
1468 2749 1548 2788 supe'r
1563 2748 1614 2778 hiis
1626 2771 1636 2786 ,
1661 2749 1733 2778 inter
1753 2758 1804 2778 nos
1824 2748 1857 2778 ὃ(
1876 2756 2092 2786 quemcumque
2109 2747 2204 2778 virum
2219 2745 2351 2779 Catholi-

1281 2796 1352 2818 cum
1366 2786 1606 2824 dependentibus,
1625 2786 1669 2816 vel
1682 2795 1763 2824 quae,
1781 2785 1994 2824 praemissorum
2007 2785 2158 2816 occasione
2178 2783 2239 2821 &12
2254 2794 2288 2817 ut
2297 2786 2351 2827 fi-

1274 2834 1329 2864 pra
1340 2824 1419 2866 usque
1432 2824 1471 2855 ibi
1486 2849 1496 2864 ,
1521 2826 1554 2856 &
1577 2824 1682 2856 Foedus
1699 2834 1868 2863 perpetuum
1890 2825 1962 2855 inter
1982 2834 2036 2855 nos
2053 2833 2087 2854 ex
2109 2831 2187 2863 parte
2207 2824 2264 2856 una
2314 2827 2350 2858 &

1278 2873 1494 2905 quemcumque
1506 2864 1592 2894 talem
1609 2865 1704 2894 virum
1726 2862 1913 2893 Catholicum
1931 2872 1966 2894 ex
1984 2862 2038 2894 alia
2051 2863 2186 2903 ineundi,
2203 2873 2237 2895 ac
2253 2848 2351 2896 ‘freu-

1277 2913 1323 2944 gas
1336 2904 1369 2934 &
1385 2902 1507 2934 Guerrae
1521 2901 1716 2934 Cessationem
1729 2902 1791 2937 ὠς.
1806 2901 1938 2942 utsupra.

1795 2602 1862 2638 uprq
1879 2593 1960 2662 ys&
1973 2592 2011 2637 ibf'
2032 2592 2199 2637 transigendi
2212 2603 2270 2639 pro·
2279 2593 2353 2626 No-

1793 2641 1898 2662 ominis
1957 2631 2108 2662 rdinalibus
2122 2632 2299 2671 supradicitis,
2315 2635 2351 2666 &

1312 2979 1382 3011 Dat.
1396 2988 1428 3011 ut
1443 2981 1531 3019 supra.

1438 3108 1497 3138 Pro
1518 3103 1682 3138 Nicholino
1702 3103 1739 3137 de
1755 3102 1854 3146 Fliskii
1873 3106 1911 3143 ὠ·
1931 3103 2020 3137 Filiis
2039 3101 2183 3149 ejusdem.

1274 3194 1330 3248 R
1340 3191 1365 3221 E
1373 3190 1403 3221 X
1422 3191 1574 3229 omnibus,
1591 3190 1626 3220 ad
1637 3199 1709 3230 quos
1717 3213 1727 3229 ,
1739 3189 1800 3220 &c.
1810 3188 1946 3220 Salutem.
2359 3190 2437 3223 Ann.
2448 3191 2490 3224 D.

1373 3230 1469 3260 Sciatis
1481 3229 1578 3269 quod,
2379 3241 2458 3272 1339

1309 3267 1392 3298 Cum
1406 3277 1496 3305 nuper
1511 3266 1683 3297 attendentes
1696 3264 1869 3296 Affectionis
1883 3266 2032 3303 puritatem
2043 3289 2054 3305 ,
2093 3276 2160 3298 uam
2174 3289 2184 3305 ‚
2209 3265 2344 3298 Dilectus
2354 3273 2406 3298 An.
2429 3280 2473 3299 12.

1272 3305 1306 3335 &
1322 3305 1424 3336 Fidelis
1445 3304 1556 3342 noster,
1571 3304 1800 3335 Nicholinussde
1822 3304 1913 3334 Flisco
1928 3327 1938 3343 ,
1961 3304 2054 3336 didi-us
2101 3305 2226 3337 ardinalis
2243 3306 2280 3336 de
2293 3305 2342 3344 Ja-
2354 3311 2383 3334 Ε.
2408 3318 2435 3345 3.

1271 3353 1344 3381 nua,
1359 3345 1393 3374 ad
1409 3354 1460 3374 nos
1474 3344 1507 3374 &
1521 3343 1657 3374 Domum
1671 3341 1800 3372 nostram
1821 3341 1945 3382 Regiani
1963 3344 2103 3383 optinuit,
2121 3353 2238 3375 necnon
2258 3345 2342 3382 ipsius
2353 3349 2410 3374 Par.
2420 3348 2495 3384 apud

1271 3380 1570 3420 Circumspectioneni
1586 3380 1753 3420 providam,
1771 3391 1857 3420 quam
1877 3382 1961 3411 nobis
1982 3384 2011 3412 in
2028 3382 2141 3422 agendis
2159 3381 2262 3414 nostris
2276 3382 2340 3414 fore
2353 3386 2489 3413 Amaia,

1271 3421 1442 3451 credidimus
1456 3428 1647 3459 oportunam,
2350 3425 2382 3449 Ε.
2408 3431 2433 3458 3.

1313 3458 1405 3497 lpsuni
1418 3461 1453 3488 de
1468 3457 1565 3489 nostro
1578 3457 1718 3489 Concilio
1730 3458 1926 3489 retinuerimus
1935 3481 1945 3498 ,
1962 3459 1996 3489 δε
2012 3458 2107 3490 eidem
2121 3457 2231 3499 Viginti
2239 3458 2339 3490 Libras
2351 3469 2389 3489 m.
2412 3468 2437 3489 r.

1270 3497 1478 3534 Sterlingoi·iim
1516 3497 1706 3536 percipiendas
1718 3497 1809 3527 Annis
1824 3498 1951 3536 singulis,
1972 3507 2025 3538 pro
2046 3497 2146 3528 Feodo
2158 3500 2225 3536 suo,
2241 3497 2274 3526 in
2286 3496 2340 3527 Fe-

1273 3535 1317 3565 sto
1339 3536 1435 3566 Sancti
1458 3520 1609 3566 M'ichaeiis
1624 3559 1634 3575 ,
1655 3535 1690 3566 de
1712 3535 1860 3565 Thesauro
1881 3534 1980 3566 nostro
2028 3535 2063 3566 ad
2083 3535 2264 3567 Soecoenum
2287 3545 2342 3566 no-

1273 3573 1378 3612 strum,
1397 3584 1510 3605 necnon
1525 3573 1624 3604 Robas
1637 3573 1673 3604 de
1687 3573 1773 3605 Secia
1788 3573 1922 3605 Militum
1936 3559 2119 3611 noffrorum,
2153 3573 2262 3604 uotiens
2274 3573 2341 3603 Ro-

1273 3614 1320 3643 bas
1333 3613 1389 3643 aliis
1404 3612 1547 3642 Militibus
1561 3612 1662 3642 nostris
1676 3612 1835 3642 dederimus
1884 3612 1918 3642 ad
1933 3621 2024 3643 t0tam
2038 3612 2126 3642 vitam
2149 3621 2233 3649 uam,
2251 3610 2341 3642 dona-

1271 3651 1396 3681 verinus
1411 3652 1444 3681 &
1458 3649 1695 3687 concesserimus,
1712 3659 1795 3687 prout
1807 3651 1837 3681 in
1851 3635 1964 3682 Litteris
1984 3649 2085 3682 nostris
2098 3648 2275 3689 Parentibus,
2293 3649 2340 3680 in·

1270 3691 1307 3719 de
1319 3689 1474 3726 confectiS,
1493 3689 1599 3726 plenius
1611 3690 1790 3727 continetur,
1838 3695 1846 3699 ·

1309 3728 1354 3757 Ac
1367 3729 1425 3765 jam
1445 3727 1588 3765 volentes,
1605 3736 1660 3766 pro
1681 3737 1722 3757 ter
1743 3737 1818 3763 grata
1839 3728 1873 3758 &
1886 3728 1964 3759 utilia
1978 3726 2110 3767 obsequia
2157 3726 2241 3757 nobis
2261 3725 2340 3764 post-

1271 3766 1392 3796 modum
1406 3776 1455 3804 per
1469 3766 1616 3802 praefatum
1670 3766 1809 3796 icolinuni
1823 3766 1947 3804 impensa
1955 3766 2076 3833 ,bilpsum
2095 3749 2254 3808 ade-<stione
2268 3765 2340 3796 ube-

1270 3805 1349 3833 rioris
1359 3807 1453 3843 gratiae
1467 3805 1638 3842 praevenire,
1654 3804 1845 3834 concessimus
1859 3805 1951 3835 eidem
2002 3803 2111 3834 icolino
2153 3810 2237 3839 iginti
2256 3801 2340 3834 Mar·

1271 3852 1316 3873 cas
1343 3843 1547 3882 Sterlingorum
1568 3843 1636 3873 ultra
1661 3842 1768 3873 didiam
1798 3842 1948 3873 Summam
1970 3841 2078 3881 Viginti
2102 3840 2277 3878 Librarum,
2300 3843 2339 3874 ita

1271 3881 1351 3918 quod
1365 3891 1476 3911 exnunc
1492 3881 1589 3911 habeat
1609 3881 1644 3910 de
1661 3882 1742 3911 nobis
1759 3881 1976 3919 Quinquaginta
1996 3879 2127 3915 Mamas,
2146 3879 2338 3917 percipiendas

1270 3919 1382 3957 lingulis
1396 3920 1486 3950 Annis
1496 3943 1505 3958 ,
1523 3919 1557 3950 ad
1570 3919 1752 3950 Scaccarium
1767 3918 1898 3949 nostrum
1913 3941 1923 3956 ,
1946 3916 1980 3947 ad
1995 3915 2073 3947 Festa
2092 3915 2207 3948 Paschae
2223 3920 2255 3949 ὃς
2268 3918 2339 3950 San-

1270 3957 1317 4000 ffi.
1324 3956 1489 3995 Michaelis,
1505 3968 1553 3995 per
1567 3958 1685 3996 aequales
1702 3957 1867 4000 Portiones,
1885 3957 1919 3986 ad
1935 3964 2024 3986 iotam
2039 3955 2129 3984 viram
2143 3956 2225 4000 iplius
2241 3956 2338 3988 Nico·

1269 3996 1336 4032 lini,
1354 4006 1386 4025 ac
1403 3998 1488 4026 etiam
1502 3996 1604 4026 Robas
1623 3996 1660 4025 de
1675 3994 1760 4026 Secta
1780 3994 1910 4025 Militum
1928 3991 2109 4036 nostrorum,
2125 4003 2256 4033 quotiens
2271 3994 2338 4027 Ro-

1271 4034 1319 4066 bas
1331 4034 1388 4064 aliis
1405 4034 1548 4067 Militibus
1559 4033 1660 4066 nostris
1672 4033 1852 4071 dederimuS,
1869 4039 1899 4063 ut
1910 4030 2082 4070 praedictum
2095 4030 2154 4072 est,
2294 4069 2321 4103 Ε
