2562 4279
823 215 932 256 ET
1017 213 1258 254 ACTA

62 300 138 334 Ann.
150 299 192 330 D.
248 302 357 333 Ratum
379 303 498 335 habituri
520 304 553 334 &
567 302 681 333 firmum
695 300 741 340 id,
758 301 836 341 quod
851 311 900 340 per
914 299 1082 337 praedictos,
1099 298 1274 337 Episcopos,

59 356 61 358 ·
84 348 166 378 1325-
211 341 245 372 &
263 341 431 381 Comitem,
451 344 484 373 ὃς
499 342 698 378 Canonicum,
716 340 806 379 Tres,
821 341 865 372 vel
880 339 962 369 Duos
975 348 1092 376 eorum,
1105 337 1205 368 nostro
1220 347 1276 366 no-

60 381 129 408 Edv-
150 389 177 406 2·
212 381 291 410 mine
313 381 422 412 factum
442 381 564 411 fueritin
577 380 629 410 hac
644 388 730 417 parte.

249 418 282 448 In
297 421 388 458 cujus,
407 421 467 451 &c.
1164 453 1169 457 .
1221 452 1225 457 ¹

250 457 317 488 Dat.
333 458 407 496 apud
422 458 630 497 VVyntoniam‚
649 457 756 487 octavo
771 456 817 485 die
833 453 922 490 Maii,
942 452 1031 483 Anno
1047 452 1170 483 Domini
1187 451 1276 482 mille-

212 496 284 526 simo
299 498 506 528 [tercentesimo
520 495 672 535 vicesimo,
692 495 788 534 Regni
800 502 869 525 vero
882 490 972 522 nostri
985 491 1100 522 decimo
1116 490 1230 522 01913νο.

1016 567 1117 606 ‚Du—apl.

259 719 422 754 Traffatus
441 717 477 752 de
491 714 663 759 Intercurfh
681 713 971 749 Marcandizarum
988 723 1123 761 exparte
1143 716 1179 747 V
1179 712 1231 745 illa

579 766 690 811 Bruges
715 767 746 795 in
770 762 930 796 Flandria.

66 858 142 890 Arm,
157 859 198 890 D,
220 853 279 916 A
296 852 380 883 Tous
397 860 476 888 ceu3‚
492 850 541 888 qui
555 859 601 880 ces
615 849 752 888 presentes
766 849 872 880 Lettres
885 857 1001 880 verront
1015 848 1048 879 &
1061 856 1167 885 oront,
1180 845 1280 883 Nom,

89 907 173 937 1325,
295 888 552 933 Bourchemesters,
571 888 727 927 Eschevin,
743 887 877 927 Conseil,
894 889 928 919 ὃς
949 895 1027 919 toute
1045 887 1070 917 la
1091 885 1281 917 Communite

65 942 118 965 Aa.
139 937 182 965 13.
218 928 380 998 decljajVille
392 928 428 958 de
440 927 560 967 Bruges,
580 927 666 958 Salut.

67 980 98 1004 E.
115 986 141 1004 2.
303 977 349 997 me

64 1018 105 1042 Ex
124 1017 181 1044 Aa-
254 1006 339 1036 Entre
350 989 388 1035 sea
402 1002 490 1035 Genz
502 1005 536 1036 &
551 1004 660 1043 Sougiz
672 1005 723 1040 de,
741 1003 964 1035 Treffexcellent
978 1003 1011 1034 &
1026 1001 1154 1033 Poiffant
1168 1000 1281 1038 Prince,

65 1060 132 1090 togr.
217 1044 360 1113 Monfign.
380 1042 416 1073 E.
439 1044 532 1081 par2la
546 1053 630 1081 grace
651 1043 686 1074 de
707 1043 769 1074 Diu
782 1067 792 1082 ,
816 1042 884 1082 Roy
906 1042 1098 1081 d’Engleterre
1111 1065 1122 1081 ,
1146 1039 1282 1083 Seigneur

216 1083 315 1115 d'Irlan
342 1106 352 1122 ,
368 1082 403 1113 &
425 1081 494 1113 Duc
514 1082 696 1120 d’Aquitaine
715 1082 802 1113 d'une
822 1090 915 1122 parte,
934 1082 1016 1112 &les
1030 1079 1118 1111 Genz
1133 1079 1167 1109 &
1181 1077 1282 1116 Sougis

215 1122 269 1161 de,
286 1131 326 1151 no
346 1120 475 1152 treschier
488 1122 522 1152 &
537 1122 653 1152 tresame
664 1121 814 1161 Seigneur‚
834 1119 933 1150 Mons.
948 1120 974 1149 le
989 1118 1087 1150 Conte
1099 1118 1136 1148 de
1149 1115 1279 1147 Flandres

214 1162 319 1192 d'autre
338 1168 416 1199 part,
460 1170 513 1191 our
531 1160 557 1190 le
578 1159 729 1190 Commun
744 1158 836 1197 'profit
858 1158 894 1189 de
915 1167 978 1188 tous
1001 1156 1156 1188 Marchans
1169 1178 1179 1195 ,
1200 1155 1234 1185 &
1257 1154 1282 1185 le

215 1198 413 1232 norriffcment
446 1209 474 1229 es
488 1198 712 1237 Marchandises,

213 1257 219 1264 ν
252 1237 387 1269 Triuwes
400 1238 433 1269 &
448 1237 627 1269 Souffrances
642 1238 738 1277 soyent
754 1235 910 1274 accordee,
925 1235 1019 1273 faites,
1037 1234 1071 1264 &
1085 1232 1211 1276 sirmees,
1229 1231 1283 1262 du-

214 1286 276 1308 rant
290 1300 300 1314 ,
321 1277 359 1307 du
382 1278 444 1314 jour
465 1277 501 1307 de
520 1277 545 1306 la
564 1276 765 1307 Resurrefflm
786 1274 883 1305 nostre
902 1274 1054 1313 Seigneur,
1077 1271 1283 1301 darrainement

216 1315 309 1354 passe,
326 1315 433 1353 jusques
452 1327 469 1346 a
483 1322 614 1355 quarante
625 1315 703 1352 jours
722 1323 797 1352 apres
817 1314 841 1343 13
850 1313 916 1351 jour
928 1312 965 1342 de
980 1313 1003 1342 la
1014 1309 1201 1347 Pentecoste,
1217 1319 1283 1349 pro-

216 1355 398 1385 chainement
413 1362 532 1391 venant3
551 1354 602 1392 &,
618 1353 721 1383 dedens
741 1362 776 1383 ce
795 1360 900 1389 terme,
915 1351 1041 1389 Journee
1063 1349 1113 1379 soit
1135 1348 1284 1386 pourparle

216 1394 251 1464 1&
271 1392 394 1461 accorckl¹e
413 1392 513 1423 d'estre
530 1402 546 1422 a
568 1391 732 1431 Loundres,
747 1401 784 1421 en
798 1390 976 1430 Engleterre,
995 1389 1021 1419 le
1032 1389 1094 1427 jour
1108 1387 1144 1417 de
1158 1386 1284 1417 l’Ascen-

228 1442 276 1463 ion
311 1441 361 1461 roc
384 1441 430 1461 ans
444 1441 450 1460 :

254 1442 354 1501 Sagoir
365 1469 465 1501 faisons
477 1480 492 1500 3
507 1477 588 1508 tous,
606 1479 662 1508 que
673 1479 744 1500 nous
755 1478 843 1499 avons
860 1469 913 1498 mis
928 1468 963 1499 &
976 1465 1090 1504 estabH,
1109 1464 1278 1508 mettons·&

217 1508 414 1547 establiffons,
445 1519 485 1539 no
507 1509 564 1539 vrai
583 1510 617 1539 &
635 1507 708 1538 loiall
731 1507 893 1537 Procureur
908 1529 917 1546 ,
942 1506 975 1536 &
998 1504 1129 1540 Message
1150 1502 1283 1539 especial‚

218 1548 366 1578 Williame
386 1547 423 1577 de
441 1547 568 1586 Douen,
584 1545 802 1578 Bourchmester
822 1545 859 1576 de
880 1545 904 1576 la
925 1544 983 1575 dite
1006 1543 1082 1576 Ville
1101 1542 1137 1572 de
1158 1541 1280 1580 Bruges,

217 1585 319 1617 Porter
334 1586 369 1617 de
385 1596 431 1616 ces
446 1586 556 1617 Lettres
573 1595 579 1615 :

252 1624 292 1655 Et
311 1625 445 1656 donnons
462 1635 496 1656 au
516 1625 558 1656 dit
578 1624 738 1655 Procureur
755 1623 829 1663 plain
849 1622 940 1652 Pooir
955 1621 988 1652 &
1002 1619 1194 1662 Mandement
1206 1618 1281 1656 espe-

217 1663 289 1700 6131,
307 1664 343 1694 de
363 1664 543 1702 comparoir,
564 1673 579 1693 3
596 1663 620 1693 13
635 1663 693 1693 dite
703 1663 847 1700 Journee,
866 1671 913 1698 par
926 1660 1030 1690 devant
1045 1658 1071 1688 le
1085 1657 1153 1694 Roy
1167 1657 1224 1695 dit,
1241 1666 1279 1686 ou

219 1702 373 1742 pardevant
394 1703 431 1732 ses
450 1702 549 1740 Gens,
565 1702 612 1740 qui
631 1700 667 1730 de
680 1711 729 1740 par
741 1700 781 1730 lui
794 1699 886 1729 seront
899 1711 915 1730 a
929 1708 963 1728 ce
979 1697 1095 1736 Depute
1109 1705 1117 1740 J
1169 1734 1174 1740 ι

256 1740 295 1771 Et
315 1742 352 1772 de
369 1742 462 1772 traiter
479 1750 619 1779 avoeques
633 1749 714 1776 eauS,
733 1737 900 1776 Accorder,
919 1737 952 1767 &
972 1735 1050 1766 bone
1065 1734 1129 1764 Pais
1140 1733 1232 1778 faire,
1242 1733 1279 1778 de

215 1787 307 1810 toutes
328 1780 471 1818 Enjuries,
496 1777 649 1816 Molestes,
668 1776 779 1815 Griefs,
798 1775 958 1814 Damages,
977 1774 1119 1812 Rapines,
1138 1772 1279 1816 Homici-

216 1818 265 1849 des
280 1829 290 1856 3
327 1817 366 1849 Et
385 1817 577 1857 generalment
588 1816 623 1846 de
637 1823 728 1846 toutes
740 1814 931 1854 mespresures,
947 1814 995 1852 qui
1013 1822 1137 1843 avennes
1149 1812 1209 1842 sunt
1221 1811 1279 1850 Jus-

216 1866 285 1896 ques
304 1867 319 1886 a
332 1858 394 1895 jour
407 1856 442 1886 de
455 1855 534 1894 Hui,
550 1855 652 1894 quelles
665 1864 720 1894 que
733 1854 797 1884 elles
811 1853 924 1894 soyent,
943 1852 1026 1883 d'une
1040 1860 1098 1890 part
1112 1852 1145 1881 &
1159 1850 1275 1880 d'autre.

255 1894 379 1933 ITEM,
398 1894 530 1924 donnons
549 1904 564 1924 a
588 1904 627 1924 no
647 1893 688 1923 dit
709 1892 872 1923 Procureur
890 1891 963 1929 plain
980 1890 1086 1927 Pooir,
1104 1890 1138 1919 &
1155 1888 1278 1918 Mande-

215 1942 296 1963 nient
309 1933 423 1971 especial
432 1957 442 1972 ,
461 1933 496 1964 de
511 1932 662 1972 prolonger
677 1932 715 1962 les
730 1932 810 1962 dittes
824 1931 957 1961 Triuwes
970 1929 1003 1959 &
1019 1927 1198 1959 Souffiances
1214 1938 1220 1957 :
1245 1928 1279 1959 &

213 1971 250 2001 de
273 1972 435 2011 Aceorder,
452 1973 485 2003 δε
504 1981 634 2011 acceptet
647 1980 723 2001 autre
734 1970 877 2009 Journee,
894 1970 927 2000 ὃς
941 1969 978 1999 de
990 1967 1072 2011 faire,
1087 1978 1115 1997 as
1130 1967 1205 1997 coses
1219 1966 1280 1997 des-

212 2009 254 2040 sus
276 2011 373 2049 distes,
393 2011 426 2041 &
442 2011 560 2041 cascune
572 2010 607 2040 de
621 2009 727 2047 icelles,
744 2009 777 2039 &
791 2016 877 2046 quant
892 2008 926 2037 ke
942 2009 951 2037 i
965 2014 1138 2045 appertient,
1156 2016 1194 2036 ou
1210 2014 1278 2043 poet

213 2050 388 2087 appertenir,
404 2060 475 2087 pour
495 2050 520 2078 16
538 2047 689 2079 Commun
704 2046 830 2084 Pourfit,
849 2047 882 2077 &
895 2044 1116 2076 Nourissement
1132 2044 1180 2074 des
1197 2044 1277 2074 Mai·-

213 2087 370 2125 chandises,
389 2096 451 2117 tout
472 2087 506 2117 de
528 2087 631 2117 mesme
647 2096 702 2126 que
723 2095 795 2116 nous
815 2086 944 2123 feriems,
961 2095 1000 2115 ou
1021 2084 1086 2114 faire
1098 2084 1237 2121 poriemes
1253 2083 1279 2113 se

217 2125 325 2164 present
346 2125 484 2155 estiemeS.

252 2162 290 2193 Et
313 2172 490 2202 promettoiis
503 2186 513 2201 ,
530 2173 601 2201 pour
618 2173 688 2193 nous
701 2186 711 2201 ,
728 2163 761 2194 &
781 2171 854 2200 pour
874 2169 936 2191 tous
957 2161 1056 2191 cheaus
1075 2160 1110 2191 de
1131 2159 1279 2197 Flandres,

215 2211 369 2241 avoecques
385 2203 421 2232 les
440 2202 506 2232 deus
521 2202 610 2232 bones
624 2202 710 2232 Villcs
721 2226 731 2241 ,
756 2201 849 2232 Gand
865 2201 898 2231 &
910 2199 990 2238 Ypre
1025 2210 1040 2229 a
1056 2201 1128 2229 tenir
1143 2198 1231 2229 ferme
1245 2199 1279 2229 &

212 2239 320 2271 estable
338 2249 400 2271 tout
420 2251 472 2279 ce,
490 2251 544 2279 que
564 2250 611 2281 par
627 2251 666 2271 no
688 2240 729 2272 dit
749 2240 923 2276 Procureur,
941 2239 975 2269 &
995 2223 1033 2268 ses
1048 2236 1218 2267 Procureurs
1232 2238 1280 2268 des

214 2279 284 2309 dites
306 2280 392 2309 bones
417 2279 501 2309 Villes
518 2303 528 2319 ‚
550 2289 589 2310 ou
611 2280 646 2309 de
662 2280 734 2309 l'une
754 2278 790 2309 de
809 2279 889 2315 elles,
912 2277 966 2307 iera
989 2276 1038 2307 fait
1056 2278 1089 2308 &
1111 2276 1231 2306 accorde
1253 2286 1281 2306 es

216 2317 313 2347 choses
326 2317 415 2348 dessus
430 2318 501 2355 ditt,
519 2319 551 2349 ὃς
566 2328 601 2348 611
614 2318 732 2349 cascune
751 2317 787 2347 de
798 2317 893 2355 icelle,
909 2316 966 2346 sans
977 2316 1074 2354 jamais
1090 2315 1169 2346 venir
1182 2325 1198 2344 a
1212 2314 1280 2344 l’en-

216 2365 318 2387 contre
333 2367 368 2387 eri
384 2357 439 2386 null
456 2367 518 2395 cas,
535 2367 571 2387 ne
584 2367 619 2386 en
634 2357 681 2386 nul
697 2365 795 2394 tamps.

251 2393 295 2423 En
316 2395 503 2432 cognissance
522 2395 558 2426 de
576 2395 600 2425 la
619 2394 708 2433 quelle
729 2394 830 2433 chose,
850 2403 921 2424 nous
937 2402 1025 2424 avons
1040 2392 1089 2423 fait
1106 2391 1218 2421 fiaiieiler
1233 2401 1280 2422 ces

215 2431 358 2463 Presentes
374 2434 482 2465 Lettres
491 2457 500 2472 ,
514 2433 572 2464 dou
586 2433 666 2464 Saiiel
679 2433 715 2463 de
729 2433 755 2463 la
767 2433 838 2464 ditte
852 2432 924 2463 Ville
938 2433 974 2462 de
988 2431 1105 2469 Bruges-3
1125 2432 1172 2468 qui
1188 2431 1281 2461 furent

217 2470 295 2502 faites
315 2473 348 2503 &
368 2472 476 2503 donnes
497 2483 532 2502 en
546 2473 599 2503 l'an
610 2473 646 2502 de
661 2482 746 2510 grace
759 2471 855 2503 nostre
866 2471 999 2511 Seigneur
1009 2469 1086 2508 Jehu
1101 2468 1198 2508 crist,
1216 2469 1281 2500 mil-

211 2509 256 2549 le,
275 2511 344 2541 trois
357 2521 439 2550 cens,
454 2513 516 2542 vint
529 2511 564 2543 &
576 2511 680 2550 chine,
699 2511 724 2541 le
737 2511 826 2541 disme
836 2511 903 2549 jour
914 2510 951 2541 de
965 2508 1045 2539 Maii.

62 2683 80 2700 .
105 2683 157 2710 IV·
458 2654 486 2682 ᾖ
508 2659 554 2691 De
572 2661 683 2692 Literis
699 2661 787 2704 Papa
799 2654 1024 2703 praefintandis.

62 2720 139 2788 ffil.
155 2757 196 2788 D.
214 2742 275 2804 R

61 2804 176 2862 4910321813.

63 2877 94 2901 Ε.
116 2883 142 2900 2.

285 2742 365 2781 EX,
383 2743 488 2774 dilecto
502 2743 618 2775 Clerico
633 2744 700 2782 suo,
717 2743 847 2774 Ricardo
861 2742 898 2773 de
911 2741 1026 2774 Sobbur
1067 2765 1076 2781 ,
1092 2741 1226 2772 Salutem.

293 2781 371 2812 Ciitn
386 2782 547 2820 mittamus,
566 2792 615 2820 per
630 2782 766 2813 Latorem
779 2781 972 2821 praesentium,
985 2780 1020 2811 ad
1068 2790 1202 2811 omanam
1217 2778 1279 2810 Cu-

214 2820 284 2850 riam
297 2820 429 2857 quasdam
444 2819 548 2851 Literas
559 2820 682 2859 nostraS,
702 2820 837 2851 Domino
852 2821 937 2859 Papae
950 2820 1124 2859 dirigendas,
1140 2828 1204 2857 quae
1218 2817 1280 2857 spe-

214 2857 317 2887 cialiter
337 2868 388 2887 nos
407 2859 594 2898 contingunt,
613 2859 646 2890 &
658 2869 723 2898 quae
737 2869 872 2896 magnam
887 2860 1001 2898 exigunt
1011 2858 1239 2894 festinationem,

61 2916 134 2939 Rom.
155 2911 196 2939 13Ι
249 2894 340 2926 Vobis
363 2895 537 2932 Mandamus
557 2897 652 2936 quod,
671 2898 840 2936 quamcitius
860 2897 938 2927 idem
953 2896 1041 2927 Lator
1054 2898 1089 2928 ad
1104 2906 1156 2926 vos
1170 2894 1279 2926 venerit

63 2954 95 2977 E.
116 2959 142 2976 ,ι
213 2943 281 2964 60111
304 2934 402 2964 Literis
423 2934 600 2975 supradiffls,
617 2946 661 2966 eas
680 2935 819 2973 praedi&o
839 2934 975 2966 Domino
995 2935 1098 2976 Papae,
1113 2944 1182 2965 curn
1196 2933 1278 2964 omni

64 2998 91 3016 m
113 2997 122 3014 ¹
150 2988 169 3016 d
213 2973 371 3010 celeritate,
390 2973 545 3010 praesentari
560 2975 724 3011 procuretis.

95 3009 100 3015 '
130 3009 136 3015 '
169 3010 175 3015 ’
251 3010 400 3042 Mittemus
419 3020 512 3042 autem
533 3012 655 3050 ibidem,
681 3013 710 3041 in
730 3012 827 3050 brevi,
844 3011 981 3041 Nuncios
1002 3010 1114 3041 nostros
1132 3010 1278 3048 speciales,

212 3049 247 3080 ad
262 3049 357 3080 eadem
371 3049 515 3089 Negotia,
531 3060 564 3081 ac
578 3051 642 3088 alia,
660 3060 711 3081 nos
724 3051 863 3090 tangentia
872 3072 882 3088 ,
897 3050 955 3080 una
969 3049 1118 3080 vobiscum
1127 3072 1137 3089 ,
1155 3048 1278 3080 seriosius

213 3087 449 3127 prosequendum.

248 3126 338 3157 Teste
351 3126 434 3166 Rege
445 3127 519 3167 apud
532 3126 737 3166 Porcestriam,
755 3126 930 3158 duodecimo
944 3125 990 3156 die
1004 3124 1086 3156 Maii.

863 3206 917 3233 Per
930 3200 1011 3243 ipsitm
1023 3203 1126 3239 Regem.

209 3347 269 3382 Ad
291 3351 406 3393 Papam
424 3376 434 3391 ‚
466 3347 502 3379 de
527 3349 734 3394 ngrotiasione
755 3346 882 3393 Ifizbellae
909 3350 1041 3395 Reginae,
1077 3349 1114 3385 ὢν
1141 3346 1275 3392 Successit

401 3396 563 3440 seriatim,
588 3399 630 3434 &A
653 3395 689 3429 de
712 3397 862 3429 Traffatu
881 3408 950 3429 cnm
967 3399 1072 3431 Scotis.

59 3491 139 3524 ‘Anno
155 3492 196 3524 D·
211 3480 260 3543 P
270 3480 327 3512 ΑΡ
337 3480 376 3510 AE
397 3479 461 3523 Reii
475 3479 576 3510 devota
590 3479 703 3510 Pedum
718 3479 812 3510 oscula
827 3481 983 3511 beatorum.

303 3520 396 3564 'Qae
411 3543 420 3558 ,
440 3522 519 3563 {uper
539 3518 737 3548 reformatione
759 3517 936 3549 Concordiae
949 3543 959 3556 ,
977 3520 1066 3557 inter,
1085 3517 1271 3557 magnificum

64 3540 179 3600 ,42321ςὲ
213 3557 395 3598 Principem,
419 3557 582 3587 Dominum
603 3555 760 3594 Karolum,
781 3557 906 3587 Franciae
929 3557 961 3587 &
981 3556 1119 3587 Navarrae
1142 3556 1272 3595 Regem,

63 3612 96 3636 13.
117 3618 143 3635 2,
215 3597 249 3628 &
270 3607 338 3635 noa,
356 3597 450 3635 agitati
470 3596 627 3635 contingit,
646 3605 681 3625 eo
700 3594 821 3625 solertius
835 3597 863 3625 in
883 3595 984 3625 vestrae
999 3594 1157 3625 Sama-itatis
1168 3594 1270 3625 deferi-

63 3650 135 3674 Rom,
158 3649 200 3677 13,
214 3645 277 3666 mus
299 3637 466 3673 notionem,
483 3644 540 3673 quo
561 3632 682 3664 vestram
696 3634 828 3664 novimus
842 3633 1036 3664 Clementiam
1050 3633 1169 3663 tenerius
1183 3633 1273 3664 zelare

212 3685 278 3719 quae
293 3674 367 3715 pacis
378 3674 457 3712 sunt,
475 3674 508 3704 ὃς
523 3672 673 3703 desiderare
686 3672 823 3703 ardentius
838 3672 1028 3703 Zizaniorum
1041 3670 1177 3703 Plantaria
1190 3673 1273 3703 extir-

230 3723 277 3744 ari.
1139 3730 1141 3732 ·

209 3723 229 3752 P
247 3750 354 3792 Nuper
374 3750 510 3790 siquidem
526 3773 536 3789 ,
556 3749 638 3779 Pater
657 3748 825 3780 sanctissime
837 3772 846 3787 ,
863 3750 995 3788 qualiter,
1007 3749 1084 3786 juxta
1105 3744 1274 3788 confilium,

211 3791 412 3821 venerabilium
434 3790 566 3827 Patrum²
586 3788 625 3818 G.
643 3787 807 3818 Viennensis
823 3787 1051 3826 Archiepiscopi,
1068 3786 1102 3817 &
1115 3786 1157 3817 H.
1172 3787 1273 3818 Auric.

213 3826 348 3869 Episcopi
371 3831 473 3867 (duos,
499 3829 557 3857 tam
578 3827 611 3857 ad
632 3827 779 3866 praefatum
802 3825 938 3865 Regem,
956 3828 1042 3864 quam
1061 3824 1097 3855 ad
1117 3835 1186 3865 nos,
1204 3836 1274 3857 cum

212 3865 308 3897 vestris
329 3867 521 3898 exhortatoriis
543 3865 642 3896 Literis
657 3888 666 3902 ,
689 3863 860 3901 dcstinistis)
882 3865 915 3895 &
930 3887 940 3903 ‚
965 3864 1000 3894 ad
1020 3862 1169 3894 instantem
1189 3866 1273 3895 etiam

211 3902 385 3935 Petitionem
402 3905 589 3936 Nunciorum
604 3903 764 3934 nostrorum
777 3905 866 3941 (quos
879 3911 948 3933 tunc
961 3901 1122 3933 miseramus
1134 3902 1170 3933 ad
1184 3903 1274 3942 ipsum

213 3940 346 3980 Regem)
364 3943 525 3982 Isabellam,
544 3943 686 3981 Reginam
705 3941 832 3980 Angliae,
848 3940 1019 3971 Consortem
1033 3939 1158 3971 nostram
1171 3942 1275 3973 cariffi-

212 3989 292 4010 mam
311 3983 407 4019 (cujus
428 3981 588 4020 praesentia,
607 3990 692 4012 tantae
711 3981 893 4010 Turbationis
918 3988 1064 4017 tempore,
1080 3988 1172 4010 carere
1191 3980 1274 4011 nobis

214 4018 312 4054 utique
329 4027 412 4057 grave
435 4021 490 4051 fuit
498 4027 507 4056 )
522 4021 557 4050 ad
577 4020 700 4057 ejusdem
714 4019 801 4058 Regis
813 4019 984 4057 praesentiam
997 4017 1194 4050 transmisimus
1208 4021 1216 4045 (
1228 4028 1275 4057 ut,

212 4066 247 4086 ex
266 4056 341 4094 1106,
359 4059 448 4096 magis
467 4058 612 4090 SanCtitati
634 4058 735 4089 vestrae
748 4081 758 4096 ,
777 4059 810 4089 &
831 4057 958 4095 cunetis,
976 4056 1161 4087 innotesceret
1180 4057 1274 4092 inten-

212 4095 274 4126 sum
296 4094 479 4136 desiderium,
495 4097 574 4136 quod
589 4097 688 4130 nostris
710 4098 816 4136 inerat,
838 4096 871 4128 ὃς
889 4095 981 4128 adhuc
1002 4094 1074 4127 inest
1091 4094 1273 4138 praecordiis,

63 3688 95 3711 ,Ε-
117 3695 142 3712 2.

65 3731 102 3751 711.
126 3734 150 3752 1.

1371 214 1836 261 PUBLICA.
2292 234 2373 274 135

1311 300 1382 330 inter
1402 301 1471 332 Nos
1487 325 1497 340 ,
1519 303 1551 333 &
1573 305 1662 341 ipsum
1683 304 1812 344 Regem,
1831 306 1975 337 Amicitiae
1993 305 2102 337 foedera
2122 304 2252 342 stabiliri)
2272 305 2372 337 vestrae
2390 303 2465 334 Ann.
2479 303 2522 335 D.

1312 338 1521 370 Mansuetudini
1541 342 1662 372 serioiiiis
1685 346 1864 374 meminimus
1877 355 1929 375 nos
1942 345 2081 382 scripsisse.

2412 352 2496 380 1325.

1350 377 1388 408 Et
1408 379 1473 409 licet
1489 379 1587 417 nobis,
1608 391 1655 419 per
1670 381 1781 411 eofflem
1796 383 1949 422 Nuncios,
1968 383 2193 414 certitudinalitei·
2206 383 2298 414 fuisset
2312 382 2372 422 pol·
2389 379 2454 410 Edi).
2472 392 2497 410 2.

1312 415 1440 455 licitum,
1456 417 1532 463 quod
1554 417 1628 449 dieta
1649 418 1778 455 Regina,
1797 419 1922 451 Coiiiors
1940 421 2048 460 nostra,
2065 422 2084 452 si
2103 423 2136 451 ad
2151 431 2239 461 partes
2254 421 2310 452 illas
2325 431 2372 452 ac-

1312 455 1440 493 cederet,
1459 466 1473 484 a
1495 456 1612 495 praefato
1633 457 1733 502 Rege,
1754 458 1846 489 Fratre
1866 461 1934 498 suo,
1951 471 2139 498 quaecumque
2161 469 2281 499 peteret,
2297 461 2374 498 opti—

1314 502 1408 532 neret,
1426 504 1485 537 non
1506 503 1600 525 tamen
1621 495 1677 526 1106
1695 506 1735 526 161
1749 498 1876 534 probavit
1891 497 2031 534 Eventus,
2047 501 2085 530 set
2098 500 2229 530 duntaxat
2244 499 2374 537 quaedam

1315 531 1497 576 Sufferentia',
1514 533 1596 572 usque
1617 534 1652 574 ad
1672 534 1853 573 Qindenam
1868 536 1991 568 instantis
2005 538 2078 567 Festi
2094 537 2277 569 Pentecoste-s
2292 539 2374 569 dura-

1316 578 1390 608 tura,
1409 579 1497 601 exntit
1513 577 1684 603 concordata
1700 584 1705 601 1

1354 609 1392 639 Et
1412 609 1543 648 quaedam
1562 611 1654 641 forma
1668 610 1836 649 Tractare,
1854 612 1925 642 inter
1940 613 2030 644 dictos
2044 615 2147 645 vestros
2163 614 2318 654 Ntincios,
2337 615 2370 646 &

1315 647 1449 692 quosdam
1469 647 1648 679 Consiliarios
1663 650 1744 688 ipsius
1759 650 1864 689 Regis,
1883 651 1978 690 scripta
1998 653 2027 682 in
2048 654 2168 691 quadam
2188 653 2305 691 cedula,
2325 663 2373 690 per

1315 686 1484 723 praedidmm
1504 687 1692 730 Auracensem
1710 687 1900 725 Episcopum,
1918 690 1951 719 ὃς
1974 689 2113 721 Nobilem
2135 693 2244 730 virum,
2264 692 2375 722 Domi-

1316 734 1387 768 num
1401 725 1572 769 delSulliareo
1584 728 1650 765 (qui
1664 727 1698 756 ad
1710 736 1777 764 nos,
1797 728 1851 756 una
1861 736 1928 757 curn
1944 729 2105 765 quibusdam
2120 731 2244 761 Nuncii÷
2256 730 2374 770 nosti‘i5‚

1316 773 1345 793 in
1360 763 1464 802 Anglia
1478 764 1635 800 redierunt)
1654 774 1793 803 reportata
1806 766 1874 802 fuit,
1892 766 1925 796 &
1939 766 2061 798 exhibita
2075 778 2170 799 coram
2185 770 2286 808 nobis,

1355 802 1450 841 Qiae,
1465 803 1536 834 inter
1547 803 1612 842 alia,
1631 804 1793 833 continebat
1808 805 1886 842 quod
1901 814 1952 834 nos
1967 806 2105 842 quandam
2120 807 2285 839 Patientiam
2301 817 2376 846 prae-

1318 839 1389 870 stare
1412 841 1597 872 deberemus:
1632 843 1665 873 &
1685 841 1743 872 hoc
1763 843 1847 871 eriam
1865 842 1973 880 facere,
1996 844 2029 873 Sc
2052 854 2120 874 cum
2140 846 2243 880 effectu
2262 856 2377 884 curare,

1317 879 1397 916 quod
1420 888 1477 910 tota
1499 881 1606 919 Terra,
1623 890 1709 918 quam
1723 880 1758 910 ad
1772 880 1889 918 praesens
1904 890 2032 912 tenemus
2046 883 2073 911 in
2091 882 2203 914 Diicaiu
2219 885 2379 922 praedi&0‚

1317 917 1351 948 ad
1371 928 1487 962 manum
1509 919 1578 950 dieti
1601 919 1692 956 Regis
1713 919 1812 959 plene,
1826 918 1962 957 pacifice,
1981 920 2012 950 &c
2035 921 2140 960 integre
2154 931 2319 961 poneretur,
2340 924 2377 953 ita

1317 957 1397 994 quod
1413 958 1468 997 ipse
1477 957 1678 995 Jurisdidtione
1691 958 1859 988 omnimoda
1872 965 1940 988 tunc
1956 966 2044 988 uratur
2060 969 2065 987 z

1354 994 1392 1026 Et
1405 1020 1414 1033 ,
1438 997 1496 1026 hoc
1519 997 1596 1027 sacto
1610 1019 1620 1035 ‚
1645 997 1804 1027 veniremus
1826 996 2003 1034 personaliter
2025 997 2058 1027 ad
2080 998 2168 1036 ipsum
2189 998 2304 1036 Regem
2345 1011 2377 1029 ro

1318 1032 1402 1077 Hom
1419 1037 1466 1065 oio
1486 1033 1603 1073 nostro,
1618 1034 1711 1065 eidem
1734 1035 1881 1071 faciendo,
1899 1036 1947 1074 qui
1968 1035 2081 1073 quidem
2099 1036 2179 1074 Rex,
2196 1047 2308 1075 recepto
2330 1049 2374 1068 iu-

1313 1071 1406 1116 Jusmo
1427 1075 1435 1103 i
1455 1073 1622 1113 Homagio,
1646 1082 1763 1112 terram,
1781 1083 1844 1112 quae
1864 1074 1900 1103 sic
1923 1084 2074 1111 poneretur
2094 1074 2128 1104 ad
2150 1084 2265 1104 manum
2288 1076 2378 1114 suam,

1319 1112 1401 1141 nobis
1422 1112 1564 1146 restituere
1585 1112 1716 1148 deberet,
1738 1112 1775 1142 set
1789 1112 1851 1141 alias
1866 1111 1970 1142 nostras
1983 1113 2101 1150 Terras,
2117 1113 2147 1142 in
2162 1114 2263 1143 eodem
2280 1113 2376 1144 Duc'a-

1319 1157 1368 1188 tu,
1384 1160 1434 1188 per
1454 1151 1533 1189 ipsius
1554 1150 1735 1182 Excercitum
1757 1158 1921 1188 occupatas,
1943 1150 2122 1182 nihilominus
2137 1153 2165 1181 iri
2183 1161 2267 1182 manu
2280 1152 2326 1183 suci
2341 1162 2380 1183 te-

1318 1197 1412 1228 neret,
1431 1190 1463 1220 &
1477 1190 1559 1220 nobis
1571 1190 1728 1229 petentibus
1740 1190 1806 1220 inde
1817 1188 1958 1228 Justitiam
1972 1189 2075 1219 faceret
2092 1200 2098 1219 ε

1357 1227 1412 1267 Et,
1427 1228 1494 1259 dato
1509 1229 1587 1266 quod
1601 1237 1782 1268 compertum
1795 1228 1862 1258 esset
1874 1227 1982 1257 easdem
1993 1228 2093 1258 Terras
2106 1229 2187 1258 nobis
2206 1229 2267 1260 fore
2280 1229 2315 1259 de
2327 1227 2380 1267 Ju-

1320 1276 1350 1296 re
1364 1268 1560 1305 restituendas,
1580 1267 1653 1297 idem
1667 1276 1761 1297 tamen
1776 1266 1841 1296 Rex
1853 1275 1949 1296 earum
1963 1268 2119 1296 retentione
2131 1276 2266 1306 uteretur,
2286 1268 2380 1297 donec

1319 1305 1355 1335 de
1377 1305 1520 1345 Dampnis
1541 1307 1574 1337 &
1594 1306 1745 1344 Expensis,
1764 1315 1846 1346 quae,
1861 1305 2008 1336 occasione
2020 1305 2163 1343 positionis
2177 1305 2332 1336 Terrarum
2348 1305 2381 1335 il-

1318 1343 1407 1374 larum
1426 1345 1461 1374 ad
1480 1344 1605 1375 Manum
1625 1345 1719 1383 suam,
1741 1344 1830 1380 ipsum
1852 1343 1995 1374 incurrisse
2014 1344 2235 1381 declararentur,
2258 1345 2382 1374 omnino

1319 1382 1485 1452 satisfgietum
1499 1383 1570 1414 ess'et
1583 1383 1677 1413 eidem
1691 1384 1725 1413 de
1737 1381 1887 1413 Fructibus
1901 1383 1934 1413 ὃς
1948 1381 2155 1413 Emolumentis
2167 1382 2319 1413 Terrarum
2335 1393 2381 1412 ea-

1320 1431 1383 1451 rum
1406 1432 1461 1452 em.

1357 1460 1439 1490 Cum
1462 1461 1544 1500 igitur
1565 1460 1672 1498 praefati
1692 1459 1805 1490 Niincii
1822 1484 1831 1499 ,
1856 1460 1890 1490 ad
1911 1459 2112 1499 reportandum
2138 1458 2384 1490 Deliberationem

1321 1499 1443 1528 nostram
1460 1522 1469 1536 ,
1493 1500 1522 1528 in
1546 1498 1690 1535 praemiisis
1706 1522 1716 1536 ,
1735 1500 1751 1528 a
1770 1500 1814 1528 die
1835 1498 1948 1529 Paschae
1970 1499 2102 1538 proximo
2121 1501 2266 1538 praeterito
2281 1520 2291 1534 ,
2306 1498 2386 1527 unius

1322 1537 1422 1566 mensis
1441 1537 1571 1566 duntaxat
1593 1539 1746 1566 terminum
1769 1538 1945 1575 habuissent,
1974 1538 2008 1568 &
2027 1537 2108 1576 ipsius
2128 1537 2230 1567 mensis
2253 1545 2307 1566 tres
2328 1536 2388 1573 sep-

1321 1576 1435 1644 }imanae
1456 1575 1536 1612 laps-se
1559 1575 1671 1606 fuiss'ent
1692 1585 1841 1614 antequam
1863 1576 1897 1606 ad
1919 1576 2044 1606 nostram
2065 1575 2238 1614 praesentiam
2258 1573 2387 1605 accessis-

1331 1622 1396 1651 ent3

1359 1653 1378 1671 ³⁸
1400 1651 1468 1682 Nos

1356 1691 1432 1721 Non
1450 1674 1582 1729 vsslentes,
1589 1698 1701 1730 propter
1715 1691 1849 1730 temporis
1862 1691 1950 1730 (quod
1966 1691 2113 1731 supererat)
2121 1689 2385 1729 brevitatem,Prae-

1317 1730 1454 1768 latorum,
1476 1729 1628 1760 Comitum
1644 1730 1677 1760 ὃς
1691 1728 1850 1769 Baronum,
1870 1732 1902 1762 &
1917 1731 2037 1760 aliorum
2052 1730 2088 1760 de
2109 1729 2248 1761 Concilio
2268 1729 2382 1767 nostro,

1315 1769 1488 1807 absentium,
1506 1768 1694 1799 sufficientem
1707 1778 1860 1799 numerum
1877 1779 2050 1807 convocare,

1355 1808 1505 1847 Qiosdam
1517 1808 1554 1839 de
1570 1806 1708 1838 Concilio
1723 1807 1837 1846 nostro,
1855 1808 1921 1838 licet
1937 1817 2043 1846 paucos
2054 1807 2210 1838 admodum
2230 1830 2239 1846 ,
2254 1816 2308 1846 pro
2324 1807 2383 1837 tam

1316 1847 1405 1878 arduo
1418 1847 1535 1886 negotio
1549 1845 1740 1884 discutiendo,
1759 1845 1792 1876 ad
1812 1846 2025 1877 deliberandum
2047 1847 2074 1876 su
2096 1857 2125 1876 er
2146 1846 2293 1886 praemiffis
2314 1845 2384 1876 feci-

1316 1896 1379 1916 mus
1391 1886 1536 1923 accersiri,
1553 1887 1619 1924 qui,
1637 1885 1789 1915 deliberato
1805 1884 1952 1923 Consilio,
1967 1856 2171 1922 responffierunt
2184 1884 2282 1924 quod,

1353 1924 1473 1962 Propter
1487 1924 1610 1964 pericula
1624 1923 1863 1953 Exhaeredationis
1878 1923 2048 1960 manifestae,
2067 1924 2100 1954 Sc
2117 1923 2295 1953 Guerrarum
2313 1930 2379 1960 quae

1315 1964 1500 1994 verisimiliter
1515 1963 1724 1999 formidabant,
1740 1962 1758 1991 si
1773 1962 1931 2000 hujusmodi
1942 1962 2101 1999 Tractare,
2121 1970 2180 1991 tam
2206 1962 2334 2000 gravibus
2349 1961 2384 1991 δε

1316 2003 1509 2039 multipliciter
1522 2002 1644 2032 onerosis
1651 2024 1662 2039 ,
1681 2000 1816 2031 assensum
1838 2002 2047 2038 praeberemus,
2065 2001 2098 2031 &
2118 2000 2240 2030 similiter
2261 2001 2385 2030 1111111611-

1317 2042 1350 2071 tis
1363 2040 1484 2070 Guerrae
1498 2040 1692 2078 dispendium,
1710 2039 1730 2068 fi
1742 2048 1774 2070 ea
1788 2039 1901 2069 forfitan
1916 2039 2025 2079 prorsus
2036 2047 2139 2075 negata
2156 2037 2280 2075 fuissent,

1354 2078 1430 2109 Non
1446 2078 1604 2116 audebant,
1622 2079 1651 2108 in
1666 2087 1725 2109 tam
1741 2077 1829 2108 arduo
1843 2078 1877 2108 &
1894 2076 2050 2116 periculoso
2064 2077 2183 2116 negotio
2193 2099 2203 2114 ,
2222 2077 2305 2106 nobis
2319 2075 2385 2106 dare

1319 2116 1497 2156 Consilium,
1518 2118 1567 2147 11111
1581 2118 1609 2146 111
1626 2117 1832 2155 Parliamento,
1849 2127 1898 2156 per
1913 2116 2047 2146 assensum
2064 2117 2198 2146 omnium
2214 2114 2386 2154 Magnatum

1318 2157 1351 2188 δε
1365 2156 1522 2187 Procerum
1537 2156 1631 2194 Regni
1642 2155 1749 2194 nostri,
1768 2166 1805 2185 eo
1819 2164 1956 2194 praetextu
1970 2153 2134 2192 generaliter
2148 2154 2349 2185 convocandO.

1355 2195 1409 2234 Et,
1426 2205 1599 2234 quamquam
1614 2195 1649 2225 ab
1664 2194 1726 2234 ipsis
1740 2193 1912 2224 Confiliariis
1926 2193 2028 2224 nostris
2043 2191 2179 2223 assensum
2190 2215 2200 2231 ,
2217 2192 2296 2230 super
2314 2193 2384 2231 hoc,

1319 2235 1441 2264 minime
1459 2234 1638 2264 haberemus:
1658 2244 1711 2264 nec
1728 2233 1821 2274 poffet
1834 2234 1916 2263 nobis
1939 2257 1949 2270 ,
1978 2232 2049 2263 'usto
2066 2230 2200 2270 Jiidicio,
2226 2231 2384 2270 Defecitus,

1317 2273 1362 2303 160
1377 2272 1560 2313 Negligentia
1576 2274 1723 2311 imputari,
1745 2271 1826 2310 quod
1841 2271 1961 2310 praefato
1971 2243 2050 2309 JRegi
2070 2270 2250 2309 Homagium
2266 2280 2325 2300 non
2339 2270 2383 2301 fe-

1317 2312 1407 2342 cimus
1422 2313 1481 2351 (ob
1495 2311 1572 2350 quod
1588 2311 1665 2342 idem
1680 2311 1746 2341 Rex
1759 2310 1870 2341 611610111
1885 2310 2034 2340 Ducatum
2050 2308 2249 2346 nosti*um,aut
2264 2308 2385 2349 aliquam

1316 2351 1374 2388 ejus
1388 2360 1511 2388 partem,
1529 2350 1574 2380 seu
1589 2349 1771 2381 Comitatum
1787 2348 1916 2379 nostrum
1932 2347 2066 2386 Pontivi,
2081 2348 2220 2377 violenter
2241 2348 2386 2388 invadere,

1317 2389 1362 2420 seu
1377 2389 1410 2419 ad
1426 2389 1551 2420 Manum
1565 2389 1643 2418 suam
1659 2398 1763 2426 ponere
1773 2388 1908 2423 deberet)
1927 2387 2028 2426 quovis
2050 2386 2142 2416 modo
2158 2408 2168 2423 ,
2190 2394 2245 2416 nec
2265 2386 2387 2419 essemus

1319 2429 1348 2457 in
1362 2428 1457 2465 aliquo
1469 2428 1618 2466 culpabiles
1632 2426 1669 2456 de
1683 2425 1977 2465 TransgressionibuS,
1991 2425 2037 2454 seu
2049 2423 2267 2462 Inobedientiis,
2286 2434 2386 2458 contra

1319 2465 1445 2497 cundem
1465 2466 1580 2506 Regem
1596 2488 1606 2504 ,
1629 2465 1874 2505 quibuscumque·⁷
1896 2464 1968 2494 sicut
1989 2462 2095 2501 liquide
2113 2462 2258 2493 ostensum
2279 2465 2387 2503 extitit,

1321 2515 1373 2544 pro
1388 2514 1463 2543 parte
1477 2504 1589 2542 nostrii,
1607 2504 1789 2544 praesenribus
1801 2502 1929 2533 Nunciis
1944 2501 2123 2541 supradietis,
2140 2502 2174 2533 &
2188 2499 2290 2533 vestrae
2302 2502 2384 2543 signi-

1318 2544 1434 2575 ficatum
1448 2544 1544 2583 saepius
1558 2544 1645 2574 extitit
1658 2542 1823 2580 Sanctitati3

1358 2582 1561 2613 Nihilominns
1574 2591 1686 2619 tamen,
1705 2591 1757 2621 pro
1775 2581 1856 2610 bono
1868 2579 1949 2610 Pacis
1962 2601 1971 2617 ,
1989 2579 2023 2610 ὃς
2039 2602 2049 2618 ,
2073 2587 2104 2609 ut
2127 2579 2165 2609 nil
2187 2579 2271 2609 nobis
2293 2579 2381 2611 valeat

1318 2622 1466 2661 imputari,
1483 2622 1551 2659 quin
1564 2631 1612 2659 per
1627 2630 1742 2658 omnes,
1761 2630 1809 2657 per
1820 2629 1885 2658 quas
1906 2619 2062 2657 poterimus
2076 2641 2085 2655 ,
2110 2619 2167 2649 vias
2188 2618 2276 2647 bonas
2299 2617 2382 2649 Con-

1318 2660 1446 2691 cordiam
1459 2670 1614 2700 quaeramus
1630 2660 1663 2690 &
1677 2657 1800 2696 Pacem,
1820 2656 2028 2695 conceffimus,
2047 2658 2080 2687 ὃς
2096 2664 2203 2694 paratos
2222 2665 2274 2686 nos
2296 2666 2383 2694 optu-

1316 2699 1401 2730 limus
1413 2699 1447 2730 ad
1461 2699 1635 2730 veniendum
1656 2697 1833 2736 personaliter
1852 2695 1886 2726 ad
1909 2695 2022 2726 (11610111
2046 2694 2158 2733 Regem
2172 2718 2182 2732 ,
2197 2694 2231 2725 ad
2246 2694 2326 2724 diem
2346 2695 2382 2726 &

1317 2738 1416 2769 locum
1433 2745 1646 2776 competentes,
1665 2747 1715 2774 per
1729 2736 1915 2767 Securitatem
1928 2732 2131 2771 sufficientem,
2158 2742 2210 2772 pro
2228 2732 2379 2773 Homagio

1317 2776 1417 2807 nostro
1430 2776 1524 2807 eidem
1538 2775 1677 2806 faciendo.

1357 2816 1410 2854 Et,
1425 2817 1490 2846 licet
1505 2816 1619 2853 Nobis,
1638 2815 1671 2846 ὃς
1686 2811 1858 2843 Consiliariis
1872 2810 1973 2841 nostris
1985 2809 2159 2848 supradietis,
2180 2809 2271 2840 visum
2287 2809 2382 2842 fuisset

1317 2854 1416 2893 quod,
1433 2854 1564 2893 dejure,
1582 2854 1615 2884 &
1627 2853 1668 2882 ob
1684 2851 1784 2881 Causas
1798 2850 2004 2888 Alligationum
2019 2849 2052 2879 &
2068 2849 2301 2886 Attinentiarum‚
2309 2850 2383 2880 inter

1316 2893 1406 2932 ipsum
1424 2892 1535 2932 Regem
1550 2893 1583 2922 &
1602 2891 1671 2921 Nos
1692 2889 1839 2920 existentes
1854 2911 1864 2925 ,
1882 2887 1958 2918 idern
1978 2886 2042 2917 Rex
2067 2887 2162 2925 (salvo
2182 2887 2297 2917 honore
2316 2888 2383 2923 suo)

1316 2931 1417 2962 Nobis
1431 2931 1553 2961 Tei-ram
1563 2954 1572 2969 ,
1610 2938 1691 2966 uam,
1709 2936 1740 2958 ut
1755 2927 1934 2965 praemittitur
1944 2949 1953 2964 ,
1968 2927 2123 2965 occupavit
2137 2949 2146 2964 ,
2165 2925 2309 2956 restituere
2330 2926 2381 2956 de-

1316 2970 1396 3000 beret
1411 2969 1568 3008 priusquam
1583 2969 1600 2998 si
1623 2970 1631 2998 i
1646 2966 1826 3005 Homagium
1840 2964 2013 3002 faceremus,
2032 2973 2079 2994 aut
2093 2965 2206 3002 saltem,
2222 2964 2301 2995 bona
2316 2964 2381 3001 fide,

1316 3009 1446 3077 Ρο1116Ξ11
1459 3009 1495 3038 (16
1510 3007 1603 3038 Terra
1619 3006 1664 3036 ilia
1678 3005 1779 3044 nobis,
1797 3003 1862 3043 post
1875 3004 1983 3035 factum
2006 3002 2185 3042 Homagium
2196 3025 2206 3041 ,
2225 3003 2311 3040 pleno
2329 3002 2382 3041 Ju-

1316 3057 1346 3078 re
1362 3048 1409 3078 red
1430 3046 1502 3077 enda

1353 3086 1422 3116 Nos
1435 3071 1547 3123 tame’n,
1566 3092 1597 3114 ut
1610 3083 1659 3123 ipsi
1674 3082 1751 3122 Regi
1772 3081 1927 3112 Honorem
1951 3081 1985 3112 &
2007 3080 2206 3111 Reverentiam
2227 3079 2380 3117 faciamus,

1315 3133 1423 3162 paratos
1437 3134 1490 3154 nos
1503 3124 1654 3164 optulimus
1666 3121 1699 3152 ad
1713 3121 1873 3152 faciendum
1887 3120 1998 3150 dissum
2011 3118 2187 3158 Homagium
2196 3140 2205 3156 ,
2224 3116 2270 3146 die
2286 3117 2319 3147 ὃς
2334 3116 2378 3146 lo-

1315 3173 1354 3194 co
1365 3163 1596 3200 competentibus
1611 3171 1662 3201 per
1677 3160 1863 3191 Securitatem
1879 3158 2066 3190 antedictam:
2195 3193 2200 3198 ¹
2293 3194 2298 3199 1

1353 3202 1391 3232 Et
1405 3202 1484 3241 super
1497 3202 1554 3231 hoc
1569 3200 1706 3230 Nuncios
1717 3199 1845 3236 nostros,
1863 3207 1930 3228 cum
1947 3195 2084 3238 potestate
2098 3192 2278 3231 plenaria,ad
2292 3194 2379 3233 ipsum

1314 3239 1429 3280 Regem
1443 3241 1571 3271 duximus
1585 3238 1779 3275 destinzmdos3
1799 3237 1944 3274 sperantes
1957 3234 2037 3278 quod
2052 3233 2140 3275 idem⁴
2152 3231 2216 3261 Rex
2232 3255 2241 3270 ,
2264 3242 2379 3275 recepto

1313 3278 1463 3318 Homagio
1477 3278 1591 3315 nostro,
1608 3277 1644 3308 de
1656 3276 1754 3306 Terris
1767 3275 1867 3306 nostris
1881 3298 1889 3312 ,
1913 3283 1962 3313 per
1984 3272 2073 3315 ipsum
2095 3271 2185 3314 taliter
2208 3279 2370 3315 occupatis,

1307 3317 1450 3356 Justitiam
1466 3319 1549 3348 nobis
1562 3317 1643 3347 saciet
1658 3315 1807 3346 summarie
1821 3314 1853 3344 &
1869 3313 1905 3342 de
1918 3311 2019 3355 plano,
2039 3309 2090 3340 nisi
2102 3319 2130 3339 iu
2151 3318 2251 3339 mutua
2274 3308 2368 3338 nostra

1315 3355 1432 3386 Vilione
1448 3358 1490 3386 via
1505 3356 1658 3386 amicabilis
1672 3354 1776 3392 poterit
1791 3350 1967 3383 concordari.
2118 3387 2122 3391 Ι
2287 3384 2292 3388 ῃ
2336 3383 2341 3388 .

1348 3394 1515 3425 Consideret
1529 3395 1624 3433 igitur⁷
1641 3392 1814 3433 quaesumuS,
1832 3389 1922 3420 vestra
1945 3387 2063 3418 Paterna
2086 3383 2314 3430 Circumspecffio
2330 3393 2377 3420 Ju-

1310 3433 1509 3464 stificationem
1524 3434 1557 3464 ὃ(
1571 3432 1743 3471 diligentiam
1757 3453 1766 3468 ,
1785 3439 1850 3467 quas
1870 3428 2005 3458 haetenus
2025 3428 2200 3468 apposuimus
2216 3445 2225 3460 ‚
2250 3430 2279 3451 ut
2302 3431 2376 3465 inter

1310 3473 1458 3511 praefatum
1474 3471 1588 3511 Regem
1602 3472 1635 3501 ὃς
1651 3470 1718 3500 Nos
1736 3469 1880 3498 Amicitiae
1893 3464 2001 3496 foedera
2021 3468 2194 3504 firmarentur
2207 3483 2216 3498 ,
2235 3460 2268 3501 ξε
2288 3469 2374 3491 evita-

1310 3520 1404 3541 rentur
1418 3511 1560 3550 pericula,
1596 3519 1640 3539 uae
1662 3517 1696 3538 ex
1716 3507 1892 3538 Guerrarum
1913 3504 2070 3535 turbinibus
2089 3502 2163 3539 sequi
2186 3499 2311 3537 pollent,
2336 3499 2372 3530 de

1309 3549 1363 3585 qua
1378 3560 1429 3580 vos
1448 3550 1530 3579 variis
1543 3557 1582 3578 no
1609 3549 1643 3577 ris
1657 3547 1740 3576 literis
1755 3569 1764 3583 ,
1782 3546 1814 3575 ὃ(
1837 3543 1933 3574 sedulo
1965 3549 2050 3578 proiit
2073 3549 2113 3568 res
2126 3538 2220 3581 ¹gestat
2239 3537 2347 3567 fuerant
2366 3561 2377 3576 ,

1310 3588 1375 3618 stilo
1391 3588 1551 3619 curavimus
1566 3585 1692 3617 veridico
1705 3583 1870 3614 informare:
1890 3581 1923 3612 &
1936 3579 2090 3621 clementer
2104 3576 2232 3619 dignetur
2246 3576 2373 3619 attende-

1309 3637 1339 3657 re
1372 3637 1416 3657 uae
1432 3625 1666 3665 inpraesentiarum
1679 3622 1826 3653 offerimus
1836 3620 1915 3663 dieto
1931 3617 2023 3655 Regi,
2038 3625 2093 3659 pro
2107 3613 2240 3644 evrtandis
2259 3624 2372 3657 pericu-

1308 3666 1340 3696 lis
1364 3665 1527 3704 api-adiutis:
1547 3665 1580 3695 ὃς
1596 3661 1701 3693 nostrae
1714 3660 1870 3698 Tepiditati
1883 3654 2069 3698 teu-Incuriae
2093 3653 2258 3696 nullatenuss
2277 3661 2373 3692 impu-

1310 3705 1370 3735 tetis
1406 3704 1425 3734 fi
1440 3703 1566 3741 praefatus
1580 3701 1645 3731 Rex
1660 3699 1773 3730 forsitan
1786 3695 1941 3734 hujusmodi
1953 3692 2059 3737 nostrae
2072 3691 2209 3722 oblationi
2224 3699 2322 3721 renuat
2333 3693 2373 3721 as·-

1308 3728 1425 3780 senti’oe,
1440 3741 1579 3781 magisque
1598 3739 1709 3778 elegerit
1724 3734 1883 3774 Congreffu
1897 3732 2005 3763 Bellico
2022 3729 2153 3761 invadere
2169 3728 2237 3758 Nos
2252 3729 2372 3760 861Νο-

1312 3781 1383 3820 stra,
1397 3782 1426 3811 in
1445 3780 1492 3810 illo
1507 3786 1630 3815 eventu,
1647 3785 1715 3806 cum
1730 3774 1789 3804 Dei
1803 3773 1960 3815 adjutorio,
1976 3769 2010 3800 ad
2033 3767 2216 3799 refistendum
2234 3766 2304 3799 Nos
2324 3778 2373 3808 pa-

1311 3830 1418 3858 remus,
1434 3828 1485 3858 pro
1495 3814 1735 3848 Exhaeredationis
1748 3812 1874 3851 periculo
1890 3808 2031 3852 eVitando.
2112 3846 2117 3850 Π
2252 3845 2256 3850 .

1347 3858 1463 3889 Fuimus
1478 3856 1574 3893 enim,
1593 3853 1704 3890 sumus,
1721 3852 1755 3882 &
1772 3850 1879 3889 semper
1890 3856 1974 3888 parati
1987 3855 2089 3876 erimus
2110 3844 2162 3882 ipsi
2181 3843 2259 3883 Regi
2303 3855 2373 3876 cum

1311 3896 1434 3928 Honore
1453 3896 1486 3926 &
1499 3890 1688 3928 Reverentia,
1704 3889 1803 3919 omnia
1814 3889 1905 3919 facere
1917 3912 1927 3926 ‚
1948 3894 2013 3925 quse
2032 3885 2189 3921 debemus,
2208 3883 2243 3914 Sc
2267 3869 2286 3914 [ἶ
2306 3893 2371 3923 quae

1310 3936 1421 3966 fuiss'ent
1458 3935 1488 3964 in
1505 3933 1561 3970 ejus
1572 3928 1785 3971 praejudicium,
1802 3936 1850 3966 per
1865 3936 1933 3965 nos,
1952 3931 1999 3968 aut
2012 3923 2122 3967 nostros
2134 3931 2310 3967 attempt-ata,
2329 3922 2373 3952 su*

1311 3984 1360 4013 per
1373 3959 1515 4012 hiis’pacis
1527 3969 1652 4001 assentire
1666 3966 1863 4012 Tradtatibus,
1878 3965 1923 3997 vel
1934 3960 2081 4001 Judicium
2092 3961 2181 3994 subire
2202 3960 2372 3999 legitimum,

1310 4012 1464 4045 secundum
1478 4009 1650 4045 exigentiam
1663 4014 1781 4037 rationis.
2124 4040 2129 4045 ,
2155 4040 2161 4045 ·

1349 4051 1512 4087 Caeterum,
1524 4040 1575 4086 ‘pie
1591 4046 1687 4084 Pater,
1705 4044 1771 4084 quia
1785 4043 1882 4074 datum
1894 4039 1936 4072 est
1950 4040 2033 4071 nobis
2046 4039 2163 4076 intelligi
2179 4062 2188 4077 ‚
2205 4038 2286 4075 quod
2302 4036 2374 4067 Sco-

1312 4100 1409 4125 torum
1421 4088 1456 4122 N
1460 4088 1538 4121 uncii
1554 4086 1589 4120 ad
1604 4084 1706 4119 vestrae
1720 4082 1878 4117 Sanctitatis
1891 4079 2069 4123 praesentiam
2088 4077 2224 4111 divertere
2247 4077 2274 4108 se
2298 4073 2375 4142 {legit-

2399 1664 2419 1683 ³¹²
2441 1666 2493 1694 IV,

2416 1713 2478 1739 ¹49-
