2562 4279
32 199 109 231 nnn.
124 197 164 229 D.

53 246 139 276 1340.

32 279 101 306 Σίν.
118 285 145 314 3.

183 116 236 158 82

182 203 238 240 rie,
253 200 345 238 Tort,
362 209 401 229 ou
416 197 585 233 Grevance,
603 206 651 234 par
665 196 765 226 Gentz
777 195 813 226 de
828 195 924 226 nostre
948 193 1083 225 Roialme
1105 192 1238 233 d’Engle-

182 249 274 279 terre,
291 239 326 269 de
339 237 485 275 Flandres‚
500 246 539 266 ou
556 244 643 266 autres
659 235 823 265 Ahcrdanrz,
837 245 852 265 a
868 243 937 272 eux,

219 278 407 346 {liruleugone
420 312 536 343 Service
551 321 606 350 que
620 310 658 341 les
672 310 730 341 ditz
743 310 833 341 bones
847 309 941 341 Gents
960 309 997 340 de
1018 308 1149 340 Flandres
1167 318 1241 339 nous

292 360 313 382 it

181 363 257 422 ousstt
266 353 363 430 i{male
377 388 471 419 Grant
486 388 539 418 lieu
554 387 613 426 q'ils
627 396 699 418 nous
714 388 840 426 teignent
853 385 888 416 de
902 387 966 424 jour
979 396 1015 417 cn
1031 395 1108 417 autre
1124 396 1159 417 en
1175 395 1241 416 nos-

182 438 223 462 tre
238 429 364 467 presente
379 427 509 465 Guerre,
527 435 613 465 ncmy
625 425 690 457 sanz
702 434 790 464 granz
802 424 939 464 Custages
953 425 989 455 de
1005 434 1058 455 eux
1067 448 1076 462 ,

218 467 258 498 Et
271 467 364 497 auxint
379 475 432 502 pur
448 465 514 495 bien
529 464 636 494 d’amur
650 472 730 498 enter
745 474 816 495 nous
829 465 862 494 δε
879 473 932 493 eux
946 463 982 493 de
999 464 1096 493 meolz
1109 463 1204 500 norir,

218 505 362 535 Voillantz
376 504 514 534 Purvoier
527 513 542 532 a
557 503 619 533 lour
635 501 830 540 Indempnitee
844 512 880 532 eri
892 501 968 532 ceste
979 502 1083 540 partie,
1092 511 1160 531 eons
1174 511 1243 538 pro-

181 544 253 582 mis,
271 553 318 583 par
332 551 391 572 noz
402 542 494 572 lettres
507 541 651 579 Parentes,
669 551 742 579 que,
759 551 795 571 en
810 550 855 571 cas
872 549 928 578 que
950 540 1017 570 nule
1036 539 1185 576 Roberie‚
1202 549 1242 569 ou

181 581 329 621 Damage,
347 581 400 611 soit
417 580 492 610 faita
507 579 554 610 nul
578 579 729 610 Marchant
752 579 922 619 d'Espayne,
940 578 1025 609 deinz
1047 578 1073 608 la
1093 578 1186 609 Terre
1206 577 1243 608 de

181 619 311 650 Flandres
325 620 358 650 &
374 619 489 649 Strome
499 617 615 655 susditz,
635 628 683 656 par
694 618 779 648 ascun
790 617 826 648 de
838 617 933 648 nostre
952 617 1088 647 Roialme
1109 615 1243 655 d'Engle-

179 666 253 689 terre
272 659 340 696 (que
359 656 437 687 Dieu
460 656 574 693 defend)
599 656 729 694 adonque
751 666 824 686 nous
844 656 933 687 soiens
948 665 1034 687 tenuz
1045 656 1083 686 de
1097 654 1192 686 sauver
1205 654 1244 685 les

181 696 252 727 dites
267 696 360 726 Gents
374 695 409 726 de
423 695 552 726 Flandres
568 694 604 724 de
619 694 751 731 Damage
765 695 835 725 celle
850 696 954 733 partie,

222 734 302 765 Vous
315 734 465 764 mandoms
479 743 549 772 que,
567 743 650 763 vcues
672 733 777 771 cestes,
795 733 982 764 hastivement
1003 731 1084 763 facez
1105 731 1188 762 Crier
1208 731 1243 762 &

180 772 373 803 Overtement
394 771 521 810 Puplier,
539 772 575 802 de
595 782 642 810 par
664 782 754 811 nous,
773 781 809 802 cn
831 772 870 802 les
892 772 983 802 Portz
997 771 1033 801 de
1046 771 1070 800 la
1086 769 1190 807 Meer,
1209 770 1243 800 ὃς

183 821 233 849 par
253 811 366 842 aillours
387 810 471 841 deinz
491 810 586 841 vostre
601 809 712 848 Baillie,
730 820 758 841 es
774 811 857 840 Licus
870 820 909 840 ou
926 818 997 841 vous
1009 817 1107 840 verrez
1122 818 1178 846 que
1193 807 1244 839 soit

180 850 283 887 afaire,
299 849 429 879 auxibien
444 848 528 879 deinz
543 848 707 887 Franchise,
727 858 814 879 come
827 849 947 886 dehors,
966 856 1021 884 que
1034 846 1083 877 nul
1095 846 1132 877 de
1145 845 1242 877 nostre

179 887 318 918 Roialme
340 886 550 927 d’Engleterre‚
568 886 609 918 sur
632 886 726 926 Peyne
745 886 781 917 de
802 896 876 924 quan
895 896 951 924 que
971 886 991 915 il
1013 896 1095 926 purra
1117 885 1243 915 Forfaire

179 926 280 956 devers
293 936 381 965 nous,
398 936 435 956 ne
449 927 509 956 face
527 925 606 962 Mal,
621 924 761 963 Moleste,
781 935 816 954 ne
830 924 977 965 Damage,
994 933 1010 953 a
1024 924 1072 954 nul
1087 922 1240 954 Marchant

178 964 360 1003 d'Espaigne,
378 975 412 994 en
426 973 530 995 venant
544 974 631 994 corne
643 964 706 993 loial
733 962 884 994 Marchant
903 973 918 993 a
942 963 979 993 les
998 962 1068 993 dites
1088 963 1187 1000 parties
1205 961 1242 992 de

181 1003 313 1033 Flandres
323 1027 332 1041 ,
350 1003 471 1033 dedeinz
486 1002 591 1032 mesine
604 1002 628 1031 la
644 1001 755 1040 Terre,
771 1011 811 1032 ou
824 1002 851 1032 le
864 1002 979 1032 Strome
991 1000 1115 1039 d'iceIle,
1129 1010 1164 1031 en
1180 1000 1240 1030 leur

182 1040 332 1079 Persones,
350 1041 446 1080 Biens,
464 1052 502 1072 ou
517 1040 714 1071 Marchandies
727 1050 928 1079 queconques3
946 1041 980 1072 &
994 1050 1029 1071 ce
1049 1050 1085 1071 en
1108 1039 1158 1070 nul
1182 1048 1243 1070 ma-

180 1089 249 1110 nere
263 1090 297 1110 ne
310 1080 402 1110 leffez.

181 1156 202 1188 S
220 1117 388 1186 Donbsouz
407 1117 502 1148 nostre
525 1116 619 1148 Grant
638 1116 699 1149 Seal
723 1126 738 1148 a
750 1116 938 1156 Windesore,
958 1116 984 1148 le
998 1117 1103 1155 primer
1113 1117 1182 1156 jour
1204 1116 1241 1148 de

203 1165 297 1195 eptem
319 1166 356 1187 re.
1158 1164 1164 1169 ·

681 1234 735 1262 Per
750 1235 843 1263 Breve
856 1233 889 1263 de
904 1235 1024 1263 Privato
1039 1230 1137 1271 sigillo.

218 1315 264 1347 En
286 1316 392 1347 mesine
411 1316 436 1346 la
458 1326 572 1347 manere
592 1314 633 1346 est
653 1315 763 1347 Maride
784 1327 800 1347 a
815 1325 885 1348 touz
898 1316 937 1347 les
951 1317 1118 1349 Viscountes
1131 1316 1244 1348 souzec-

181 1357 303 1395 criptas,
320 1356 468 1394 videlicet,

162 1453 166 1458 .
218 1432 303 1462 Ebor,
323 1431 445 1462 Lincoln.
466 1430 600 1470 Somerftt.
621 1431 728 1471 Dorftt.
748 1430 937 1470 Surr.Suffl⁵x.
955 1431 1046 1463 Glouc.
1061 1431 1242 1463 Northumbr.

29 1745 105 1776 Asin.
118 1741 160 1774 D.

57 1792 140 1823 ¹340.

28 1827 80 1851 An.
102 1832 143 1857 ¹4·

28 1883 87 1928 rat.
102 1881 145 1934 i4.

28 1942 58 1966 E.
76 1948 100 1974 3.
119 1944 143 1973 p.

32 1986 55 2004 1.
70 1985 159 2013 ⁷1³·33·

29 2941 48 2980 ἓ
59 2947 161 2980 V.204.

179 1470 289 1538 Cuanr.
308 1468 451 1509 Wstmerl.
470 1469 561 1509 Effex.
579 1472 660 1500 Hert.
677 1473 760 1500 Kent.
779 1469 886 1501 Southt.
906 1471 1030 1502 London.
1049 1474 1159 1502 Devon.
1177 1475 1243 1503 Cor-

179 1519 217 1539 nu
236 1533 243 1539 .

205 1648 397 1694 Confirmatio
418 1651 512 1683 Carta
529 1648 602 1682 dasae
618 1652 649 1682 in
668 1652 787 1697 Campis
803 1652 903 1699 Regiis
913 1651 1012 1697 juxta
1027 1651 1216 1685 Turnacum.

240 1740 399 1786 Dwardus,
424 1740 482 1772 Dei
501 1742 603 1786 gratis,
623 1742 688 1774 Rex
713 1743 823 1783 Anglia:
843 1744 877 1775 &
898 1743 1024 1775 Franciae
1042 1745 1076 1776 ὃς
1098 1744 1245 1776 Dominus

181 1779 426 1849 Salmgss'bemiae,
444 1780 590 1811 Omnibus
610 1781 644 1812 ad
663 1791 734 1820 quos
756 1782 902 1819 praesentes
917 1783 1033 1814 Litterae
1046 1785 1243 1822 pervenerint,

220 1857 317 1887 Sciatis
331 1857 427 1895 quod,

220 1894 300 1926 Cum
314 1895 382 1925 Nos
398 1894 525 1933 pridem,

218 1932 323 1964 Intuitu
344 1934 445 1965 Fidelis
464 1934 619 1972 Obsequii,
645 1935 727 1965 nobis
748 1945 815 1974 per,
833 1935 971 1968 dileEtum
993 1938 1027 1969 &
1051 1936 1164 1968 fidelem
1187 1946 1242 1968 no-

179 1971 283 2010 strum,
303 1971 454 2016 Robinum
470 1971 507 2002 de
524 1972 638 2016 Foresta
651 1974 786 2013 impenfi,
799 1976 832 2006 &
847 1975 1034 2013 imposterum
1048 1975 1243 2016 impendendi,

177 2009 407 2054 Coqnceflerimus
422 2010 513 2041 eidem
529 2011 652 2042 Robmo
671 2011 799 2043 Centum
817 2013 930 2045 Marcas
943 2014 1243 2054 Sterlingorum‚per-

175 2049 315 2118 firmendas
324 2049 384 2118 ,stad
401 2050 708 2120 totlaffrtvitiamsipgis
724 2051 1110 2123 BRoffiiiliiffiAnnciisssngul}
1127 2052 1243 2098 de'Cu-

174 2097 283 2166 pgirmaiez
285 2098 396 2158 8301εέιῖ)
398 2099 416 2158 i)
419 2127 497 2157 mon
499 2099 533 2157 eisi
571 2099 586 2118 e
621 2098 655 2120 an
687 2099 707 2121 o
798 2102 818 2121 0
829 2101 848 2129 p
869 2101 906 2130 0,
924 2102 939 2122 a
1007 2102 1058 2123 uos
1105 2101 1242 2131 ermines,

214 2164 334 2209 Unam,
360 2164 510 2209 videlicet,
534 2149 720 2198 Medietatem
743 2168 772 2197 in
796 2167 879 2200 Festo
903 2169 1016 2201 Natalis
1036 2169 1179 2209 Domini,
1207 2171 1242 2202 &

172 2201 270 2272 i{leram
291 2203 497 2242 Medietatem,
524 2205 555 2234 iu
575 2204 660 2236 Festo
681 2205 846 2239 Nativitatis
868 2207 964 2239 Sancti
980 2208 1126 2248 Johannes
1149 2209 1243 2248 Bapti-

171 2264 301 2349 finle'tigut
317 2280 345 2310 in
361 2280 475 2312 Litteris
491 2280 592 2313 nostris
605 2280 784 2323 Parentibus,
800 2284 867 2316 inde
882 2284 1155 2325 confectis,plenii¹is
1169 2297 1243 2319 con-

211 2342 332 2395 Jamque
352 2357 428 2388 idem
451 2358 583 2390 Robinus
605 2359 687 2390 nobis
707 2360 922 2401 supplicaverit,
951 2371 983 2394 ut
1001 2363 1090 2394 dielas
1113 2363 1242 2395 Centum

177 2395 293 2426 Marcas
309 2396 423 2440 Annuas
438 2396 468 2440 in
484 2397 655 2437 Personam,
672 2399 768 2430 dilecti
784 2400 957 2433 Mercatoris
973 2401 1080 2441 nostri,
1093 2402 1242 2434 Godekini

171 2432 215 2473 ,de
229 2433 337 2464 Revele
352 2435 463 2465 senioris
479 2435 626 2466 transferre
639 2438 835 2477 dignaremur,

215 2471 302 2508 Nos,

206 2507 267 2553 ‘De
288 2508 416 2540 Consilio
438 2511 472 2542 &
488 2511 606 2542 Assensu
619 2511 818 2554 Praelatorum,
838 2514 1008 2556 Comitum,
1027 2516 1190 2558 Baronum‚
1209 2520 1244 2551 &

177 2546 297 2591 aliorum
317 2547 505 2592 Magnarum,
523 2549 765 2594 iii—*Parliamento
790 2553 905 2593 nostro,
925 2555 997 2593 apud
1013 2556 1245 2588 Westmonaste-

177 2594 253 2630 rium
286 2585 320 2616 ad
335 2585 410 2616 diem
428 2586 584 2626 Mercurii,
603 2592 724 2626 proximi
745 2591 810 2628 post
832 2593 909 2624 diem
924 2593 1111 2626 Dominicam
1131 2597 1161 2626 in
1182 2605 1245 2627 me-

177 2623 228 2655 dio
276 2623 490 2670 uadragefimae9
507 2628 641 2670 proxim-o
656 2630 843 2669 praeteritam,
858 2639 956 2670 tento,
974 2632 1171 2672 existentium,

191 2700 197 2705 .
213 2661 295 2706 Tam·
313 2663 536 2695 consideratione
555 2665 625 2696 ἀίἇὶι
644 2666 771 2706 Robini‚
796 2670 861 2707 qui,
879 2680 939 2700 non
959 2670 1089 2702 obstante
1110 2672 1244 2703 Transsa-

177 2707 256 2744 tion'e
266 2700 410 2748 dictarum
423 2701 550 2733 Centum
568 2703 751 2744 Marcarum,
769 2708 804 2737 ab
818 2717 854 2737 eo
871 2708 901 2737 in
913 2707 1066 2739 Personam
1083 2709 1154 2740 diffi
1175 2710 1244 2741 Go-

179 2739 274 2783 dekini
287 2739 431 2779 facienda,
449 2742 483 2785 ad
497 2741 683 2774 Serviendum
697 2746 779 2775 nobis
794 2745 927 2785 fideliter,
945 2746 1015 2778 ficut
1034 2748 1127 2786 prius,
1145 2747 1173 2778 se
1195 2758 1244 2789 pei·

183 2776 301 2821 Litteras
322 2778 378 2808 suas
399 2778 518 2822 firmiter
531 2781 684 2820 obligavit,
702 2784 789 2821 quarn
814 2793 950 2821 praetextu
970 2786 1040 2816 boni
1062 2785 1174 2818 Servitii
1193 2796 1244 2824 pei·

180 2815 293 2884 didrfium
308 2815 513 2857 Godekinum‚
530 2819 608 2857 super
624 2820 682 2852 hoc
697 2822 780 2852 nobis
801 2822 926 2854 fimiliter
948 2823 1170 2864 supplicantem,
1188 2826 1244 2855 im-

179 2863 218 2892 Ρθ
249 2866 276 2892 1,

219 2892 358 2937 Volentes
369 2893 573 2934 Supplicationi
590 2897 732 2934 praedkstae
745 2909 867 2930 annuere
879 2900 1015 2940 gratiose,

198 2931 238 2976 ᾗ*
257 2931 446 2976 Dedimus&
461 2932 659 2965 Conceffimus
673 2946 724 2974 pro
738 2937 855 2977 Nobis,
875 2940 909 2970 δε
931 2939 1101 2971 Haeredibus
1125 2939 1243 2979 nostris,

179 2969 274 3000 eidem
288 2970 447 3001 Godekino
461 2971 590 3003 Centum
605 2972 808 3014 Marcas,quas
824 2977 941 3014 praefato
956 2978 1078 3010 Robino
1092 2979 1156 3010 alias
1171 2989 1244 3011 con-

170 3008 329 3047 ·ceffimus,
347 3018 377 3054 ut
391 3010 539 3049 praefatur,
556 3011 708 3043 Habendas
721 3016 754 3045 ὃς
770 3014 967 3053 Percipiendas
979 3016 1060 3048 dieto
1072 3016 1243 3057 Godekino,

180 3047 216 3078 ad
236 3055 327 3077 totam
346 3056 436 3078 Vitam
459 3049 535 3079 suam
557 3053 700 3082 annuatim
749 3052 785 3083 de
807 3053 955 3085 Custumis
976 3055 1079 3086 nostris
1099 3057 1128 3086 in
1152 3056 1243 3088 Portu

179 3085 336 3131 praedieto,
354 3086 390 3116 ad
412 3097 662 3131 quorumcumque
684 3074 806 3130 Manus,
824 3092 859 3122 &
881 3102 915 3123 ex
940 3102 1062 3131 quacum
1085 3105 1118 3125 ue
1132 3094 1243 3135 Causa,

179 3123 370 3168 imposterum
384 3124 567 3164 devenerint,
584 3128 630 3157 vel
647 3129 872 3169 quibuscumque
888 3131 995 3162 easdem
1020 3132 1067 3163 Cu
1095 3143 1192 3173 umas,
1209 3135 1244 3166 &

179 3162 379 3230 gualicumque
400 3162 490 3194 Causa
513 3165 638 3205 assignari
659 3168 825 3206 contigerit,
852 3179 900 3207 per
923 3180 1020 3201 manus
1042 3170 1245 3204 Collectorum

198 3200 322 3245 ‚istarum
339 3200 560 3246 Custumai·um,
579 3206 627 3242 qui
641 3214 718 3235 nunc
731 3207 810 3244 sunt,
824 3208 869 3237 vel
905 3210 934 3238 ui
956 3218 1010 3246 pro
1032 3217 1162 3248 tempore
1183 3211 1245 3242 fue-

180 3245 256 3277 rint,
274 3238 307 3268 ad
330 3238 410 3282 Festa
427 3239 592 3285 Nativitatis
613 3242 709 3274 Sancti
725 3244 862 3283 Johannis
912 3246 1016 3284 aptistae
1031 3248 1064 3278 ὃς
1078 3247 1243 3281 Nativitatis

183 3277 271 3307 beatae
287 3276 388 3307 Mariae
403 3278 546 3318 Virginis,
564 3291 612 3319 per
627 3282 745 3320 aequales
759 3283 922 3323 Portiones,

220 3315 325 3353 Aliqua
338 3315 451 3347 Guerra
473 3318 552 3348 mota
586 3320 632 3350 vel
652 3320 842 3359 imposterum
865 3325 1025 3363 movenda,
1043 3325 1089 3356 seu
1108 3325 1245 3364 aliquibus

170 3352 314 3392 >⁴Statutis,
334 3353 429 3392 Lege,
448 3364 493 3386 aut
507 3343 759 3398 Ordinationibus,
774 3363 832 3399 jam
847 3361 942 3400 factis,
960 3364 1004 3392 vel
1025 3374 1073 3401 per
1094 3364 1180 3404 Nos,
1198 3374 1245 3396 aut

182 3389 353 3436 Concilium
375 3392 523 3433 nostrum,
541 3404 575 3425 ex
594 3398 815 3437 quibuscumque
837 3400 942 3439 caulis,
958 3402 1106 3440 faciendis,
1124 3411 1171 3433 aut
1189 3404 1245 3434 alio

181 3427 395 3466 Impedimento
411 3441 615 3473 quocumque,
633 3446 692 3465 non
708 3437 892 3469 obstantibus.

184 3466 347 3536 terltrescujus
361 3470 400 3500 rei
413 3469 630 3504 Testimonium
641 3474 690 3505 has
702 3475 821 3507 Litteras
843 3476 950 3509 nostras
971 3478 1029 3509 fieri
1053 3478 1174 3512 fecimus
1193 3480 1247 3512 Pa-

280 3531 292 3545 2

593 3588 658 3621 Hiis
676 3589 811 3622 Testibus
822 3615 831 3630 ‚

222 3654 433 3691 venerabilibus
446 3662 588 3702 Patribus,
733 3667 834 3697 Thema
854 3669 886 3698 de
910 3667 987 3699 Bello
1007 3672 1105 3708 Campo
1124 3671 1248 3701 narwi-

187 3690 317 3729 Johanne
336 3701 525 3769 Caattuaricnf
548 3704 695 3743 Archiepi-
781 3710 828 3736 ciae
841 3729 851 3744 ‚

190 3731 313 3798 Ηζξιίξῗο,
322 3742 479 3804 3212,an
507 3743 540 3770 iae
553 3743 694 3782 Primate,
733 3746 775 3773 Et
789 3744 949 3791 *Willielmo
976 3747 1008 3777 de
1028 3745 1142 3786 Clynton
1164 3749 1248 3779 Hun-

189 3805 234 3832 Et
247 3807 358 3838 Rolverto
372 3778 548 3857 Cicqsteggn’fi,
769 3785 938 3852 ggggll’ligli}
949 3832 956 3852 Ζ

229 3842 386 3882 Episcopis:

189 3880 308 3926 Hernico
320 3885 352 3912 de
366 3888 529 3928 Lancastria
542 3894 652 3923 Derbiae

189 3917 340 3987 WZlLelmo
353 3922 384 3951 de
400 3919 698 3972 BohunNorthanp'U-

179 3981 324 4027 tRa‘char'do
338 3997 518 4039 Arundellae,

735 3858 836 3888 Thoma
854 3861 940 3890 Witke
954 3862 986 3891 de
1000 3861 1117 3903 Lydell‚

733 3896 863 3934 Gaffrido
878 3897 902 3927 le
918 3903 1012 3938 Scrop,

735 3937 779 3964 W
773 3934 890 4005 ἔζιεέινινῖεο
897 3937 928 3967 de
942 3937 1089 3978 Kildesby,

640 101 1450 153 CON'VENTIONES,

1506 99 1899 147 LITERAE,

1313 187 1382 218 Dat.
1399 189 1428 217 in
1444 186 1577 225 Campis,
1592 187 1669 225 juxta
1680 185 1850 216 Tornacum
1860 208 1869 223 ,
1889 184 1976 216 Sexto
1990 182 2036 228 die
2050 183 2224 229 Septembris
2253 176 2342 217 Anno
2354 181 2429 213 Ann.
2443 183 2486 215 D.

1276 226 1483 296 &SQJHOstri
1505 226 1616 265 Angliae
1639 224 1888 264 Qartodecirno,
1908 223 2003 262 Regni
2021 225 2092 253 vero
2112 222 2202 254 nostri
2218 209 2341 256 firanciae
2354 230 2468 299 132403.

1308 393 1358 424 De
1372 391 1553 424 Protefflione
1571 400 1626 436 pro
1643 392 1819 423 Attornatis
1840 388 1952 421 Sanfiae
1968 386 2116 420 Pras-edis
2134 387 2318 422 Cardinalis.

1279 473 1401 535 REX
1425 474 1578 506 Universis
1598 476 1632 506 ὃς
1652 473 1766 511 singulis
1785 473 1957 511 Captoribus
1978 471 2138 512 Lanarum,
2155 483 2188 504 ac
2206 474 2344 505 omnibus
2357 474 2483 509 Ann.D‚

1361 512 1472 543 Ballivis
1493 513 1527 544 &
1542 513 1683 544 Fidelibus
1697 513 1766 550 suis,
1785 514 1814 542 in
1827 511 1952 542 Civitate
1965 510 2145 551 Londoniae,
2163 514 2198 543 &
2213 512 2345 543 Comira·
2377 523 2462 555 1340.

1279 559 1310 581 tu
1333 550 1450 589 Surrtae,
1469 551 1529 582 tam
1551 552 1623 582 infra
1646 552 1818 589 Libertates,
1836 550 1923 590 quam
1947 558 2037 588 exna,
2055 550 2090 581 ad
2112 561 2184 589 quos
2196 551 2344 590 praesentes
2356 558 2409 582 An.
2425 564 2468 590 ¹4·

1279 589 1383 619 Literae
1398 591 1594 629 pervenerint,
1611 590 1744 621 Salutem.
2355 595 2384 619 Ε.
2407 601 2433 629 3.

1314 627 1411 658 Sciatis
1426 627 1524 666 quod,
2357 634 2415 659 Par.
2427 641 2470 667 14.

1317 665 1398 697 Cum
1414 666 1652 704 concefferimus,
1669 665 1829 697 Venerabili
1844 666 1937 704 Patri,
1954 664 2043 697 Petro
2056 666 2129 698 tituli
2143 666 2255 698 SanCtae
2277 667 2345 698 Pra·
2359 673 2389 698 Ε,
2410 679 2436 706 3.
2454 676 2479 707 p.

1278 704 1354 735 xedis
1375 704 1536 735 Presbitero
1558 704 1702 735 Cardinali
1716 727 1726 743 ‚
1750 713 1885 743 praetextu
1906 704 2067 736 Laudabilis
2089 704 2199 737 Gestfis
2221 706 2260 736 sui
2281 715 2345 746 erga
2361 717 2485 745 3.m.4r.

1279 743 1364 781 Nos,
1380 744 1409 773 in
1422 742 1610 781 Expeditione
1621 744 1805 782 negotiorum
1818 743 1999 782 nostrorum,
2016 744 2044 773 in
2066 744 2191 782 partibus
2211 745 2345 775 transma-

1282 783 1364 820 rinis,
1383 781 1465 819 quod
1485 782 1543 820 ipse
1565 781 1710 821 Sexaginta
1730 781 1834 812 Saccos
1856 782 1942 813 Lanae
1965 784 1992 812 in
2006 781 2128 813 Civitate
2143 784 2176 815 &
2193 782 2345 815 Comitatu

1279 821 1331 851 illis
1345 830 1458 860 emere,
1472 822 1506 854 &
1520 830 1570 851 eos
1581 820 1668 858 usque
1680 819 1802 850 Portum
1819 820 1982 852 Londoniae
1993 822 2110 860 cariare,
2127 822 2161 853 &
2177 822 2279 853 exinde
2299 833 2344 853 us-

1280 869 1336 928 ‘iffi
1354 859 1389 890 Br
1428 869 1456 904 es
1477 859 1656 928 igAFlandria
1675 859 1781 890 ducere
1798 858 1882 899 poffir
1899 882 1909 899 ,
1933 870 1987 898 pro
2007 860 2190 892 Liberatione
2204 860 2252 892 sua.
2280 861 2346 892 inde

1279 908 1287 927 i
1310 908 1316 927 i
1338 907 1384 928 em
1425 908 1488 929 cien
1510 909 1542 936 a,

1316 936 1360 966 Ac
1381 936 1458 967 idem
1478 936 1652 975 Cardinalis,
1666 935 1798 967 Dilectos
1820 936 1920 974 nobis,
1938 935 2054 967 Petrum
2077 937 2161 969 Cenu
2182 939 2215 969 &
2230 937 2348 969 Bernar-

1279 974 1349 1005 dum
1364 974 1435 1005 Dini
1450 975 1485 1006 de
1502 975 1659 1014 Florentia,
1677 974 1711 1005 ad
1725 974 1817 1005 dictos
1829 973 1979 1012 Sexaginta
1993 975 2098 1011 Saccos
2115 977 2218 1016 Lanae,
2227 977 2260 1008 ad
2273 987 2347 1014 opus

1278 1015 1287 1044 i
1309 1014 1360 1044 sius
1374 1013 1551 1053 Cardinalis,
1565 1013 1732 1045 Emendum
1740 1036 1751 1052 ,
1769 1013 1803 1044 &
1817 1012 1903 1051 usque
1917 1012 2039 1044 Portum
2051 1015 2218 1052 praedictum
2240 1017 2349 1047 carian-

1300 1062 1366 1091 um,
1383 1053 1559 1092 deputaverit
1573 1053 1641 1083 loco
1654 1052 1709 1090 sui,

1316 1091 1494 1130 suscepimus
1508 1092 1581 1130 ipsos
1597 1091 1715 1122 Petrum
1730 1090 1764 1122 δε
1777 1088 1954 1121 Bernardum
1963 1112 1972 1128 ,
1987 1090 2021 1121 &
2036 1100 2137 1122 eorum
2149 1091 2284 1132 alterum,
2298 1092 2343 1124 di-

1280 1129 1343 1160 &os
1366 1129 1513 1170 Sexaginta
1535 1130 1642 1161 Saccos
1664 1129 1752 1159 Lanae
1765 1128 1800 1160 ad
1812 1138 1885 1167 opus
1899 1129 2021 1159 e'usdem
2037 1127 2191 1161 Cardinalis
2203 1132 2346 1171 emendo,

1279 1168 1313 1199 &
1327 1178 1377 1199 eos
1390 1168 1476 1208 usque
1491 1168 1613 1199 Portum
1626 1167 1796 1206 praedictum
1809 1169 1903 1198 carian
1924 1176 1958 1205 o,
1976 1176 2092 1198 necnon
2115 1168 2205 1200 Lanas
2225 1170 2297 1209 illas,
2316 1172 2346 1201 in

1279 1206 1498 1238 protectionem
1512 1208 1545 1238 ὅσ
1559 1207 1766 1238 Defensionem
1779 1205 1908 1237 nostram
1919 1205 2084 1244 specialem:

1279 1285 1307 1314 a
1317 1245 1355 1276 Et
1367 1247 1434 1277 ideo
1449 1247 1532 1278 vobis
1548 1245 1714 1277 mandamus
1728 1244 1826 1285 quod,
1844 1243 1906 1280 &c.
1919 1251 2000 1284 prout
2015 1248 2044 1275 in
2059 1247 2180 1276 Litteris
2199 1245 2232 1276 de
2252 1248 2347 1278 Prote-

1308 1295 1374 1314 tone.

1315 1322 1350 1353 In
1370 1324 1466 1363 cujus,
1484 1325 1546 1355 ὅτε.
1564 1323 1650 1363 usque
1669 1322 1704 1354 ad
1723 1322 1842 1354 Festum
1862 1322 1997 1354 omnium
2016 1321 2188 1353 &uelorum
2211 1324 2347 1361 proximo

1278 1361 1405 1393 futurum
1419 1363 1567 1393 duraturas.

1316 1400 1406 1432 Teste
1419 1400 1549 1433 Custode
1562 1400 1677 1440 Angliae
1687 1399 1762 1440 apud
1774 1399 1974 1439 Wyndesore,
1985 1399 2103 1432 decimo
2117 1401 2202 1432 tertio
2217 1399 2264 1431 die
2277 1399 2349 1439 Sep-

1278 1439 1403 1471 tembris.
1712 1479 1767 1508 Per
1781 1475 1863 1518 ipfi‘m
1878 1476 2015 1518 Custodem
2026 1475 2065 1512 ὁ.
2080 1477 2233 1508 concilium-

1279 1607 1339 1638 Pro
1368 1604 1576 1640 Collee‘loribus
1599 1604 1833 1648 Cardinalium,
1857 1603 1894 1638 de
1916 1602 2062 1638 veniendo
2089 1615 2191 1638 coram
2219 1603 2350 1638 Concilio

1732 1682 1735 1685 .
1766 1656 1866 1702 Regis.

1279 1737 1414 1796 REX,
1432 1737 1594 1770 Venerabili
1615 1739 1645 1769 in
1667 1737 1786 1769 Christo
1805 1737 1898 1777 Patri,
1911 1737 1939 1777 J.
1958 1738 2059 1769 eadem
2094 1738 2178 1778 tatii,
2196 1738 2347 1778 Archiepi-
2361 1728 2437 1761 Ann-
2452 1730 2494 1764 D·

1353 1777 1442 1816 scopo
1456 1776 1669 1817 Cantuariensi,
1687 1779 1772 1809 totius
1786 1776 1902 1815 Angliae
1920 1776 2055 1816 Primati,
2093 1778 2207 1809 alutem.
2383 1778 2470 1810 1340·

1320 1815 1399 1855 Qia
1417 1816 1498 1854 super
1515 1816 1654 1854 aliquibus
1672 1816 1838 1854 urgentibus
1860 1815 2014 1855 Negotiis,
2033 1815 2103 1847 Nos
2125 1817 2159 1848 &
2183 1816 2349 1856 Expeditio-
2361 1812 2414 1837 ‘4⁷³-
2435 1818 2480 1845 ¹4·

1280 1863 1351 1884 nem
1369 1853 1498 1885 nostram
1514 1855 1617 1885 intime
1638 1855 1884 1894 contingentibus,
1902 1864 1952 1892 per
1971 1853 2152 1885 Colleetores
2167 1854 2349 1886 Procuratio-
2361 1852 2393 1875 E.
2413 1857 2440 1884 3·

1280 1901 1353 1923 num
1474 1892 1668 1924 Cardinalium
1692 1893 1763 1924 infra
1782 1892 1894 1924 dietum
1918 1892 2061 1931 Regnum
2075 1893 2206 1924 nostrum
2219 1894 2346 1935 Angliae,
2359 1886 2448 1922 Claus.
2495 1928 2499 1935 .

1280 1931 1415 1962 volumus
1429 1930 1556 1962 celeriter
1569 1931 1734 1970 informari,
2363 1933 2406 1959 ¹4·
2417 1928 2451 1952 E,
2470 1932 2498 1962 3«

1315 1969 1409 2001 Vobis
1422 1970 1590 2001 mandamus
1599 1993 1609 2010 ,
1627 1969 1744 2001 firmiter
1758 1970 1954 2009 injungentes,
1972 1969 2052 2008 quod
2067 1972 2164 2000 venire
2178 1971 2281 2002 faciatis
2295 1981 2348 2002 co-
2363 1969 2388 2000 P·
2399 1972 2426 1991 ²·
2439 1971 2478 1992 ⁷⁷³-

1279 2017 1340 2040 rarn
1353 2008 1490 2040 Concilio
1503 2008 1620 2046 nostro,
1637 2008 1712 2048 apud
1734 2007 2043 2045 Westrnonasterium,
2062 2008 2079 2037 a
2098 2009 2145 2038 die
2168 2008 2265 2039 Sanffi
2287 2008 2350 2039 Mi-
2368 2010 2413 2036 3¹·
2431 2000 2459 2027 ¹¹-
2478 2018 2496 2036 z

1279 2047 1380 2079 chaelis
1403 2048 1536 2086 proximo
1558 2047 1670 2086 futuro,
1688 2048 1718 2078 in
1738 2047 1757 2067 ²*
1780 2047 1960 2085 Qindecim
1981 2046 2059 2085 dies,
2076 2045 2257 2077 Colieetoroe
2277 2045 2351 2078 Pro-
2365 2038 2384 2058 ²*
2396 2041 2500 2074 V·²05·

1281 2087 1462 2118 curationum
1478 2086 1679 2126 praedictarum
1692 2087 1722 2116 in
1737 2085 1874 2117 Dioecese
1890 2084 2001 2124 vestra,

1317 2124 1358 2156 Ita
1370 2124 1453 2165 quod
1468 2134 1538 2157 tunc
1554 2124 1606 2156 sint
1621 2124 1745 2162 ibidem,
1759 2124 1813 2155 abs
1828 2134 1863 2155 ue
1880 2123 2004 2155 ulteriori
2019 2123 2167 2163 dilatione,
2183 2125 2212 2154 in
2227 2123 2353 2163 Propriis

1280 2162 1410 2195 Personis
1430 2164 1498 2202 suis,
1515 2164 1550 2194 ad
1570 2162 1784 2194 informandum
1826 2163 1917 2194 itstum
1940 2161 2108 2194 Concilium
2129 2162 2257 2193 nostrum
2274 2167 2353 2202 luper

1279 2201 1362 2234 dietis
1382 2202 1538 2242 Negotiis,
1555 2203 1589 2234 &
1613 2202 1670 2232 aliis
1689 2212 1754 2240 quae
1773 2202 1811 2232 eis
1833 2210 1867 2232 ex
1884 2209 1961 2239 parte
1974 2201 2070 2233 nostra
2084 2201 2224 2240 peridem
2239 2201 2352 2234 Conci-

1279 2240 1349 2273 lium
1362 2242 1471 2282 plenius
1484 2250 1518 2272 ex
1540 2249 1679 2279 orientur,

1281 2319 1289 2325 ·
1319 2280 1358 2312 Et
1371 2281 1404 2311 ad
1417 2281 1512 2349 §facien
1533 2290 1583 2311 um
1596 2279 1711 2311 ulterius
1727 2278 1807 2318 quod
1819 2278 1944 2310 ordinari
1958 2279 1992 2311 &
2005 2278 2177 2311 concordari
2199 2279 2355 2318 contigerit

1291 2328 1310 2348 n

1279 2329 1289 2349 ¹
1318 2329 1514 2397 girgfflcggt’es
1534 2357 1637 2388 eisdem
1661 2356 1743 2396 quod
1763 2356 1842 2404 hoc,
1859 2356 1909 2387 sub
1923 2357 2002 2393 gravi
2020 2356 2200 2387 incumbenti
2211 2356 2354 2395 periculo,

1280 2405 1341 2426 non
1362 2397 1512 2434 omittant,
1539 2396 1573 2427 &
1595 2405 1662 2427 tunc
1683 2396 1793 2426 dietum
1814 2395 1983 2426 Concilium
2006 2395 2154 2435 nostrum,
2178 2395 2229 2426 sub
2250 2395 2353 2435 Sigillo

1279 2433 1376 2466 vestro
1385 2458 1395 2473 ,
1414 2434 1600 2466 certificantes
1612 2434 1648 2464 de
1662 2435 1828 2465 nominibus
1844 2434 2022 2465 eorumdem.

1279 2511 1300 2542 b
1317 2473 1410 2518 JI'este
1429 2472 1559 2506 Custode
1578 2473 1690 2513 Angliae
1712 2472 1788 2512 apud
1813 2472 1985 2511 Andovere‚
2003 2471 2139 2505 Vlceslss'lo
2160 2471 2207 2501 die
2221 2471 2353 2512 Septem-

1301 2522 1345 2543 ris.

1721 2552 1775 2580 Per
1789 2549 1872 2589 ipfism
1885 2548 2022 2588 Custodem
2039 2546 2078 2582 &
2092 2546 2245 2578 Concilium.

1279 2626 1484 2696 Wffiong'milia
1497 2626 1598 2659 Brevia
1612 2626 1770 2666 diriguntur
1791 2623 1901 2664 singulis
1923 2621 2069 2662 Episcopis
2091 2632 2140 2664 per
2161 2622 2298 2664 Angliam
2316 2625 2351 2658 δε

1362 2675 1384 2695 la
1419 2687 1426 2695 .

1480 2789 1532 2822 De
1549 2788 1674 2833 Corpore
1689 2787 1814 2818 Comitis
1826 2783 1967 2831 Murref
1980 2783 2155 2833 recipienda.

1283 2871 1403 2929 REX
1421 2871 1602 2903 Vicecomiti
1617 2871 1748 2902 Eborum
1766 2870 1901 2902 Salutem.
2336 2898 2347 2911 ,
2362 2873 2440 2904 Arm.
2454 2873 2497 2905 D.

1382 2911 1461 2950 Qiia
1472 2910 1617 2949 johannes
1631 2910 1743 2941 Comes
1757 2910 1793 2940 de
1809 2909 1926 2941 Murref
2339 2919 2347 2929 ·
2384 2921 2470 2952 1340.

1317 2948 1423 2989 Nuper
1444 2949 1480 2979 de
1503 2948 1618 2980 Guerra
1639 2957 1754 2987 captus,
1770 2950 1805 2980 ὃς
1823 2949 1897 2980 infra
1917 2933 2059 2988 §egnum
2076 2946 2207 2979 nostrum
2233 2947 2348 2987 Angliae

1281 2986 1422 3018 Detentus
1435 2987 1484 3019 sub
1497 2987 1638 3019 Custodia
1649 2987 1792 3019 Carcerali
1803 3012 1813 3026 ,

1318 3026 1356 3058 Et
1377 3026 1584 3071 postmodum,
1603 3037 1657 3065 pro
1677 3025 1842 3065 quibusdam
1863 3026 2034 3066 Obsidibus,
2051 3025 2089 3056 de
2106 3025 2198 3057 Terra
2223 3023 2349 3065 Scotiae,
2361 3033 2428 3057 Scot.
2450 3038 2492 3065 ¹4·

2361 2955 2414 2980 An.
2435 2962 2479 2988 ¹4-

2360 2994 2391 3017 Ε.
2410 2999 2436 3027 3.

1281 3074 1336 3104 pro
1350 3065 1454 3096 eodem
1469 3065 1590 3097 Comite
1602 3064 1731 3103 redditis,
1750 3064 1946 3104 Deliberatus,
2361 3071 2391 3095 E.
2414 3076 2439 3105 3,
2458 3076 2497 3095 m.

1318 3104 1364 3134 Ad
1381 3103 1485 3134 instans
1499 3103 1617 3135 Festum
1630 3104 1726 3135 Sancti
1741 3103 1890 3135 Michaelis
1924 3104 2039 3134 roximo
2054 3101 2182 3134 futurum
2195 3100 2237 3133 est
2249 3101 2286 3133 ad
2306 3101 2350 3134 di·
2364 3115 2390 3144 3.

1280 3142 1356 3173 &am
1370 3141 1540 3173 Custodiam
1557 3142 1731 3181 Redituru5‚
1749 3143 1777 3172 in
1791 3141 1889 3173 eadem
1902 3113 2110 3187 Retinendus,

1318 3181 1385 3212 Nisi
1399 3189 1468 3213 tunc
1482 3181 1589 3212 dffliam
1602 3181 1847 3212 Deliberationem
1862 3179 1985 3219 ejusdem
1999 3179 2124 3211 Comitis
2143 3190 2211 3220 per,
2230 3178 2352 3210 duee-‘os

1282 3219 1317 3251 ὃ(
1339 3219 1434 3251 fideles
1456 3219 1588 3260 nostros,
1606 3219 1807 3250 Venerabilem
1829 3218 1959 3258 Patrem,
1978 3218 2018 3250 R.
2034 3218 2265 3250 Dunolmensem
2282 3217 2352 3256 Epi-

1279 3258 1397 3296 scopum
1413 3282 1424 3297 ,
1446 3258 1611 3289 Gilberturn
1625 3258 1661 3288 de
1674 3257 1865 3288 Umframvill
1879 3257 2031 3289 Comitem
2045 3257 2082 3288 de
2104 3258 2238 3298 Anegos,
2265 3256 2352 3288 Hen-

1281 3298 1375 3327 ricum
1389 3297 1425 3327 de
1438 3296 1548 3336 percy,
1567 3297 1600 3327 ὅ(
1614 3295 1775 3326 Radulfum
1787 3296 1826 3326 de
1841 3295 1961 3335 Nevill,
1978 3296 2068 3335 Tres,
2081 3297 2126 3327 vel
2138 3295 2224 3327 Duos
2238 3305 2351 3333 eorum,

1278 3335 1355 3379 juxta
1376 3333 1550 3366 Potestatem
1574 3334 1625 3365 fibi
1645 3334 1662 3364 a
1684 3335 1767 3365 nobis
1779 3334 1924 3373 traditam,
1943 3335 2056 3367 ulterius
2069 3336 2223 3375 contigerit
2240 3344 2343 3373 proro-

1281 3381 1395 3441 gar'l21bi
1407 3413 1606 3457 praecipimus,
1620 3411 1739 3444 firmiter
1754 3411 1831 3451 injun
1852 3420 1945 3456 ente5‚
1962 3412 2044 3451 quod
2058 3411 2094 3443 ad
2114 3411 2263 3451 praefatos,
2282 3406 2352 3449 Epi-

1280 3449 1419 3490 scopum,
1438 3450 1590 3482 Comitem
1604 3450 1641 3482 de
1653 3450 1788 3491 Anegos,
1837 3461 1965 3482 enricum
1974 3474 1983 3490 ‚
2003 3452 2037 3483 &
2049 3450 2253 3489 Radulphum,
2265 3446 2353 3488 Tres,

1281 3488 1328 3519 vel
1341 3487 1427 3519 Duos
1440 3499 1561 3528 eorum,
1581 3490 1642 3528 (qui
1655 3488 1771 3528 Corpus
1785 3489 1892 3528 praefati
1907 3489 2032 3520 Comitis
2048 3489 2085 3520 de
2098 3487 2218 3520 Murref
2228 3487 2290 3518 sunt
2309 3495 2352 3518 ta-

1280 3527 1344 3557 liter
1362 3529 1513 3566 recepturi)
1537 3528 1715 3566 personaliter
1735 3528 1868 3566 accedas,
1887 3529 1923 3558 ita
1945 3527 2027 3567 quod
2045 3527 2080 3558 fis
2095 3536 2165 3558 cum
2181 3525 2303 3563 eisdem,
2320 3526 2350 3568 in

1282 3564 1363 3596 dieto
1379 3566 1464 3597 Festo
1479 3566 1514 3597 ad
1528 3566 1682 3606 ultimum,
1699 3566 1734 3598 ad
1748 3564 1962 3605 Recipiendum
1974 3566 2090 3605 Corpus
2103 3563 2226 3603 ejusdem
2245 3563 2351 3594 Comi-

1282 3605 1316 3634 tis
1330 3603 1366 3635 de
1382 3604 1515 3644 Murref,
1534 3606 1568 3637 &
1580 3604 1657 3636 salvo
1671 3606 1706 3637 &
1718 3605 1813 3636 secure
1832 3604 2065 3636 custodiendum
2085 3602 2234 3643 quousque
2251 3601 2288 3632 de
2310 3610 2348 3632 eo

1281 3642 1359 3672 aliter
1373 3642 1536 3674 duxerimus
1549 3642 1739 3675 ordinandum
1747 3668 1757 3682 ,

1319 3680 1386 3711 Nisi
1402 3680 1581 3712 Deliberatio
1595 3682 1717 3721 ejusdem
1731 3682 1834 3721 fuerit,
1851 3690 1883 3714 ut
1898 3682 2077 3721 praedicitur,
2094 3686 2262 3748 proroffiitffi
2291 3716 2296 3721 ,

1320 3718 1358 3750 Et
1373 3719 1410 3751 de
1422 3719 1586 3758 Custubus,
1605 3730 1677 3758 quos
1689 3721 1719 3751 in
1734 3720 1786 3752 hac
1836 3730 1878 3751 rte
1900 3732 1916 3751 a
1937 3721 2071 3758 posueris,
2089 3719 2161 3750 ciim
2211 3725 2244 3746 0⁵
2262 3715 2348 3760 few-e-

1282 3758 1386 3796 rimus,
1404 3758 1456 3790 tibi
1468 3759 1500 3789 in
1515 3756 1670 3797 Compoto
1695 3767 1747 3790 tuo
1767 3759 1803 3790 de
1825 3761 1893 3790 itam
1913 3731 2127 3790 {uocationem
2145 3755 2248 3786 habere
2268 3754 2353 3786 facie-

1282 3805 1353 3826 mus.

1322 3833 1413 3866 Teste
1426 3833 1559 3867 Custode
1570 3836 1643 3875 apud
1657 3835 1831 3875 Andovere‚
1843 3835 1983 3867 vicesimo
1998 3834 2099 3874 quinto
2111 3831 2159 3862 die
2168 3830 2350 3871 Septembris.

1732 3914 1786 3943 Per
1800 3911 1883 3952 ipfitm
1898 3909 2032 3952 Custodem
2043 3905 2084 3944 ὀ·
2095 3906 2247 3938 Concilium.

2254 4051 2353 4080 Forma
