2562 4279
773 233 882 276 ET
976 233 1244 276 ACTA

70 320 144 352 Anu.
160 313 201 351 D.
223 322 242 341 *ε
252 320 558 383 REXJusticiariis‚
576 320 819 359 vicecomitibus,
837 327 868 350 ut
880 320 963 359 ffipra
978 318 1056 360 usque
1070 318 1122 357 ibi,
1138 318 1284 356 satutem,

61 367 180 434 &iffi-43²:
243 360 571 442 ¹(Qia&{slei‘icerstilciilern
585 398 613 427 in
627 396 747 441 'Chri-sto
760 397 892 434 Patrem,
909 396 1018 432 Adam,
1037 394 1217 440 permissione
1227 395 1283 426 Di-

62 435 82 455 *
94 439 197 473 V.304-
220 446 285 466 vina
293 461 318 480 ,-
335 422 509 480 Episcopum
532 435 750 481 Bregbiiieiileii·i
768 459 777 473 ,
798 434 857 468 &a
876 435 1028 502 qtguprau
1060 444 1090 476 ας
1103 432 1157 476 rbi,
1176 433 1282 464 fueritis

219 480 343 513 requisiti
359 499 369 513 ,
394 474 433 510 (ἐφ’
456 482 520 504 tunc
528 474 584 515 fic,
600 474 763 513 Sumptibus
780 472 898 503 Nostris
934 473 1016 502 abere
1041 481 1150 509 aetatis,
1168 470 1228 506 &c.
1247 479 1280 502 nt

229 524 246 541 u
263 525 304 542 ra.

209 511 346 582 spTeste
361 560 392 582 ut
404 550 491 589 supra.
903 587 957 615 Per
971 585 1052 625 ipfim
1064 589 1167 625 Regem.

364 715 414 746 De
426 712 591 759 firmando
608 715 753 746 Homines
771 722 838 743 cum
854 712 978 743 Litteris
986 712 1138 758 stcspec‘bis.

65 787 142 819 Asm-
157 786 199 818 D·
220 796 316 858 RE
326 796 357 828 X
384 797 490 835 Majori
504 798 538 828 &
552 795 780 826 vicecomitibus
795 794 959 825 Londoniae
972 795 1103 826 Salutem.

87 835 173 867 1342·
296 858 301 861 -
321 836 399 875 Qua
410 835 596 866 intelleximus
609 833 689 871 quod
704 835 731 863 in
745 834 852 870 Regno
865 834 963 863 nostro
973 834 1090 871 Angliae
1104 834 1165 864 sunt
1180 843 1280 872 quam-

65 870 119 893 An.
140 867 180 892 ¹⁶·
221 874 313 912 plures
326 874 525 912 Exploratores
539 872 710 902 secretorum
726 873 907 909 negotiorum
923 872 1086 903 nostrorum
1099 896 1109 911 ,
1125 874 1158 903 ὅτ
1173 874 1217 902 alii
1230 874 1280 911 qui

66 908 97 946 E,
119 913 146 939 3·
221 913 339 943 mittunt
356 912 474 942 Litteras
486 912 516 940 in
533 910 679 940 Franciam
694 911 728 941 &
742 910 825 948 alibi,
842 910 876 940 ad
888 911 1133 950 praemuniendum
1142 910 1280 942 Inimicos

64 942 200 978 Clausi&
220 950 347 988 nostros,
366 950 399 980 ad
413 957 544 987 magnam
559 948 792 979 Consolationem
805 948 929 987 ipsorum
945 948 1133 980 Inimicorum
1147 972 1158 989 ,
1177 959 1210 980 ac
1227 960 1282 980 no-

66 984 97 1007 E.
113 990 139 1016 3·
152 987 177 1016 P·
221 988 272 1019 stri
286 985 487 1026 Praejudicium
500 986 696 1027 manifestum,

65 1027 93 1084 ἑ·
105 1028 141 1046 m·
154 1027 198 1055 35-
257 1027 344 1064 Nos,

256 1065 392 1095 Volentes
404 1062 556 1103 Periculis,
574 1074 640 1103 quae
653 1073 687 1095 ex
702 1062 761 1096 hoc
776 1064 890 1095 evenire
905 1072 1057 1103 poterunt,
1075 1065 1206 1104 obviare,

255 1102 349 1133 Vobis
369 1102 551 1141 mandamus,
569 1103 688 1134 firmiter
707 1104 881 1142 injungentes
897 1127 907 1139 ,
925 1103 1005 1140 quod
1022 1113 1124 1133 omnes
1136 1105 1214 1142 illos,
1233 1104 1281 1141 qui

216 1141 251 1172 ad
260 1140 381 1172 Portum
395 1142 565 1179 praedietum
579 1152 632 1180 pro
640 1141 772 1179 Passagio
781 1141 912 1172 habendo
926 1141 1195 1180 declinaverint,vel
1211 1143 1281 1172 infra

217 1180 353 1219 Regnum
367 1179 499 1210 nostrum
515 1179 621 1211 ibidem
635 1181 765 1211 venerint
774 1179 826 1219 ,de
840 1180 941 1218 quibus
955 1179 1064 1217 suspitio
1078 1182 1168 1218 aliqua
1185 1182 1281 1212 haberi

218 1220 344 1257 poterit,
363 1218 511 1256 diligenter
525 1219 636 1249 scrutari
647 1241 656 1257 ,
674 1219 708 1250 &
721 1228 822 1249 omnes
835 1218 941 1248 Literas
955 1218 990 1248 de
997 1218 1150 1252 credentia
1162 1223 1196 1253 ὅ(
1210 1223 1282 1261 alias²

216 1267 285 1295 quas
297 1267 344 1295 pei·
359 1257 534 1287 Scrutinium
547 1257 706 1296 hujusmodi
719 1257 852 1294 suspectas
866 1257 1025 1287 inveneritis
1041 1282 1050 1295 ,
1069 1269 1152 1296 penes
1168 1271 1218 1290 vox
1234 1270 1281 1290 ca-

216 1297 314 1334 piatis,
332 1296 366 1325 ὃς
389 1303 439 1325 eas«
453 1295 535 1325 nobis
555 1297 585 1326 in
608 1295 783 1326 Cancellaria
805 1294 908 1338 nostra·
923 1304 992 1325 cum
1006 1299 1085 1326 omni
1100 1297 1280 1330 festinatione

219 1335 311 1372 mitti,
329 1334 363 1363 &
382 1332 518 1371 Corpora
538 1334 649 1364 illorum
663 1358 673 1372 ,
700 1334 747 1372 qui
762 1333 878 1364 Litteras
891 1333 958 1376 'illas
973 1334 1137 1373 detulerint,
1156 1332 1232 1367 salvo
1248 1339 1280 1368 δε

217 1372 315 1440 [decute
335 1371 470 1403 custodiri
489 1372 609 1410 faciatis,
627 1371 722 1403 donec
736 1372 810 1402 aliud
823 1372 860 1402 de
873 1381 910 1402 eis
926 1371 1088 1404 duxerimus
1102 1374 1279 1406 demandan-

241 1421 299 1441 um.

255 1448 294 1479 Et
309 1449 366 1478 hoc
400 1449 450 1479 sub
464 1449 542 1488 gravi
555 1448 732 1480 forisfactura
746 1448 854 1486 nostra,
873 1449 1027 1479 nullatenus
1040 1452 1182 1482 omittatis.

257 1486 348 1518 Teste
395 1496 446 1528 ege
457 1487 530 1526 apud
545 1487 851 1526 Westmonasterium,
868 1488 1005 1519 vicesimo
1021 1489 1065 1519 die
1082 1488 1188 1520 Martii.

907 1566 960 1594 Per
972 1564 1054 1605 ipſsmz
1069 1569 1174 1602 Regem.

216 1697 266 1730 De
283 1693 432 1733 Navibus
448 1693 630 1738 aristandis,
649 1705 704 1739 pro
731 1693 860 1739 Paffligio
880 1695 1004 1725 Comitis
1027 1689 1284 1739 Northamptoniae

365 1743 367 1745 ’
534 1775 536 1779 ,
576 1742 620 1774 ad
631 1751 734 1786 partes
749 1744 919 1774 Britannia.

69 1828 196 1861 Ann.D.

91 1877 177 1909 1342.

66 1911 120 1935 An.
140 1911 182 1935 16.

64 1949 96 1973 E.
116 1956 141 1982 3.

65 1986 203 2012 Frauc.i6.

67 2026 98 2050 E.
124 2033 149 2060 3.
163 2033 202 2051 m.

67 2070 115 2095 4²·

216 1827 370 1890 REX,
387 1827 630 1859 dileeto'Clerico
644 1827 711 1863 suo,
726 1825 849 1864 johanni
865 1824 902 1855 de
920 1826 1105 1866 Watenhull‚
1121 1827 1154 1858 ad
1171 1827 1281 1867 Nwes,

222 1881 225 1883 ·
300 1862 354 1905 pro
362 1868 505 1905 ‚obsequio
525 1865 621 1896 nostro
635 1887 645 1902 ,
671 1866 706 1894 ab
726 1864 789 1894 Ore
802 1874 883 1902 aquae
898 1865 1067 1904 Thamiliae,
1086 1866 1176 1897 versus
1192 1876 1281 1905 partes

219 1905 419 1937 occidentales
431 1905 584 1936 arestandas
600 1903 752 1941 assignato,
770 1903 905 1933 Salutem.

259 1943 432 2011 Nlanfamus
446 1944 545 1981 vobis,
564 1941 682 1972 firmiter
697 1942 870 1979 injungentes
882 1964 891 1979 ,
916 1942 996 1980 quod
1008 1941 1044 1972 de
1059 1941 1148 1973 Portu
1163 1944 1191 1973 in
1208 1942 1279 1974 Por-

219 1989 281 2012 tum
297 2006 307 2020 ‚
342 1992 360 2016 n
384 1982 455 2013 locis
473 1983 522 2012 ubi
547 1981 645 2010 melius
665 1980 797 2016 expedire
817 1978 938 2010 videritis
953 2004 962 2018 ,
981 1991 1033 2011 vos
1045 1981 1228 2019 transferatis,
1244 1983 1278 2013 &

219 2030 323 2050 omnes
337 2019 438 2050 Naves
447 2043 456 2057 ,
475 2019 668 2057 Qiadraginta
682 2017 768 2048 Dolia
783 2019 816 2048 &
830 2018 899 2049 ultra
912 2027 1068 2057 portanteS,
1088 2030 1159 2057 quasi
1171 2021 1200 2050 in
1207 2020 1279 2051 Por-

220 2058 303 2088 tubus
323 2060 356 2088 &
376 2059 445 2087 locis
461 2057 601 2094 praediffiiis
615 2057 734 2086 inveniri
747 2057 914 2095 contigerit,
932 2057 988 2087 sine
1001 2058 1134 2088 dilatione
1150 2059 1278 2098 arestari,

219 2095 364 2135 Magistris
385 2097 418 2126 &
441 2095 600 2126 Marinariis
622 2095 727 2124 muniri
749 2095 870 2133 faciatis,
889 2096 921 2126 &
936 2095 1123 2127 sufficientem
1139 2096 1280 2128 Securita-

220 2139 280 2164 t'em
299 2158 307 2172 ,
340 2134 375 2164 de
401 2133 537 2164 Dominis
568 2134 601 2164 &
624 2133 767 2170 Magistris
789 2133 920 2164 Navium
940 2135 1124 2173 earumdem,
1151 2138 1280 2175 capiatis,

220 2173 301 2210 quod
323 2172 423 2203 Naves
448 2173 505 2202 illas
527 2174 557 2201 in
578 2172 667 2202 Portu
687 2171 723 2202 de
735 2171 918 2203 Portesmutb
932 2171 977 2202 die
992 2172 1131 2203 Mercurii
1147 2176 1279 2212 proximo

219 2211 285 2248 post
295 2210 458 2242 Crastinum
471 2210 563 2241 Clausi
578 2210 709 2247 Paschae,
728 2212 861 2249 proximo
875 2210 1002 2241 futurum
1012 2234 1021 2249 ,
1039 2211 1087 2241 sub
1102 2213 1280 2245 forisfaetura

218 2250 381 2279 earumdem
398 2273 407 2287 ,
431 2249 577 2279 habebunt
596 2248 746 2285 Promptas
767 2249 800 2279 ὅ(
825 2248 934 2279 Paratas
954 2253 1006 2287 pro
1020 2250 1167 2289 Paffagio,
1185 2252 1280 2283 dilecti

219 2289 254 2319 δε
269 2288 355 2318 fidelis
371 2287 477 2327 nostri,
492 2287 644 2318 Willielmi
655 2287 691 2316 de
707 2286 807 2317 Bohun
823 2286 947 2318 Comitis
968 2289 1228 2330 Norhamptoniae,
1246 2292 1280 2323 ὅ(

217 2327 338 2357 aliorum
354 2327 544 2364 Magnarum,
562 2325 596 2356 ad
610 2334 699 2363 partes
712 2325 862 2356 Britannice
876 2326 1120 2364 profeCmrorum:

256 2364 295 2395 Et
310 2376 361 2396 vos
377 2365 425 2403 ipsi
446 2374 566 2396 omnem
590 2363 764 2401 diligentiam
797 2374 864 2394 uam
879 2366 1005 2402 poteritis
1019 2368 1183 2406 apponatiS,
1202 2368 1282 2406 quod

219 2413 321 2433 omnes
340 2404 439 2434 Naves
461 2403 704 2444 praedictae-didio
723 2402 856 2446 Cra—ino
877 2403 950 2441 apud
970 2403 1084 2435 dietum
1107 2404 1228 2437 Portum
1247 2406 1284 2437 de

219 2441 399 2472 Portesmuth
412 2442 549 2472 ducentur
564 2443 592 2471 in
607 2440 698 2478 torma
713 2440 865 2479 praedic't2i3

258 2480 295 2510 Et
314 2481 373 2511 hoc
387 2503 397 2519 ‚
420 2480 491 2511 sicut
511 2489 626 2519 gravem
648 2479 877 2518 Indignationem
897 2480 1022 2512 nostram
1044 2483 1165 2520 evitare,
1186 2483 1219 2514 &
1232 2494 1285 2515 vos

220 2518 293 2562 ipsos
311 2528 376 2558 erga
394 2528 446 2549 nos
463 2518 634 2557 Indempnes
656 2517 763 2549 servare
785 2518 930 2550 volueritis
946 2544 956 2558 ,
984 2520 1077 2551 modis
1092 2522 1227 2553 omnibus
1243 2522 1285 2553 fa-

221 2565 309 2588 cians.

258 2594 349 2626 Teste
363 2594 449 2635 Rege
463 2595 537 2634 apud
551 2594 664 2626 Eltham
675 2618 685 2633 ,
699 2594 837 2626 vicesimo
850 2595 969 2634 septimo
982 2596 1028 2635 die
1046 2596 1153 2638 Martii:

241 2671 402 2741 ιίόἒῖβῖιῖἱῖἰιι
416 2674 524 2702 Brevia
537 2672 691 2710 diriguntur
707 2671 842 2701 Richardo
858 2673 890 2703 de
901 2673 1064 2704 Cortenhale
1076 2678 1216 2705 Servienti
1231 2679 1285 2707 Re-

216 2720 290 2749 gna
357 2721 425 2740 rma.

310 2836 359 2867 De
378 2833 542 2867 Curialiter
554 2831 764 2880 pertrac'lando
782 2835 941 2868 Nuncium
958 2838 1047 2882 Regis
1067 2835 1200 2879 Castellae.

72 2916 150 2950 Ama.
162 2916 203 2947 D.
223 2912 360 2980 REX
385 2919 520 2949 omnibus
539 2916 650 2949 Amicis
669 2920 703 2950 &
727 2919 852 2951 Subditis
874 2919 927 2950 suis
940 2943 950 2959 ,
969 2919 1003 2950 ad
1017 2929 1108 2960 quOS,
1127 2920 1188 2952 &c.
1205 2921 1286 2954 Salu—

99 2965 186 2995 1342.
303 2966 371 2987 tem-

71 3000 126 3023 An.
143 2996 186 3022 16.
260 2995 357 3026 Sciatis
372 2995 451 3033 quod
465 2995 551 3033 Nos,

68 3038 100 3062 Ε.
124 3042 150 3069 3-
262 3033 399 3064 Volentes
423 3034 569 3065 Securitati
583 3056 592 3071 ‚
615 3033 710 3065 dilecti
731 3035 852 3074 Nobis,
879 3035 1026 3066 Benedicti
1054 3035 1217 3075 Fernandi,
1236 3039 1285 3075 qui

71 3076 133 3101 ΡΜ.
153 3072 194 3098 16.
222 3081 312 3110 nuper
332 3074 360 3102 in
382 3072 495 3110 placido
517 3073 600 3102 nobis
622 3072 744 3104 Nuncio
759 3097 768 3112 ,
796 3073 948 3111 Magnifici
971 3073 1108 3112 Principis
1123 3097 1132 3112 ,
1158 3075 1283 3106 Domini

72 3114 102 3138 Ε.
121 3119 145 3147 3.
161 3116 185 3146 p.
225 3109 317 3148 Regis
338 3110 473 3149 Ispanniae
490 3134 499 3149 ‚
519 3111 732 3148 Consanguinei
755 3112 844 3142 nostri
868 3111 997 3143 cariffimi
1011 3135 1021 3151 ,
1045 3113 1080 3142 ad
1100 3113 1169 3143 Nos
1189 3115 1283 3153 venit,

76 3157 100 3175 1.
116 3158 152 3175 m.
163 3157 206 3182 27.
224 3156 309 3186 prout
325 3151 476 3188 convenit,
494 3149 657 3188 providere,

70 3184 93 3219 ἒ*
104 3188 206 3224 V.305.
263 3188 282 3207 ²¹²
302 3187 480 3225 Suscepimus
493 3188 588 3225 Eum,
603 3189 778 3227 Servientes‚
797 3190 830 3219 &
844 3188 922 3219 Bona
933 3189 994 3228 sua,
1013 3188 1283 3231 inProtecstionem,

222 3225 428 3256 Defensionem
438 3249 447 3264 ,
466 3227 500 3257 &
514 3226 624 3257 Salvam
638 3226 777 3257 Gardiam
790 3227 932 3258 nostram:

260 3264 299 3294 Et
318 3264 386 3295 ideo
407 3274 459 3295 vos
480 3264 599 3295 Amicos
611 3274 761 3304 rogamus,
779 3266 915 3304 vobisque
930 3266 1051 3297 Subditis
1066 3267 1237 3308 injungimus
1248 3269 1282 3300 &

222 3302 389 3333 mandamus
403 3326 413 3340 ,
436 3302 513 3340 quod
534 3303 656 3333 eundem
679 3303 886 3343 Benearnum,
903 3305 961 3335 tam
974 3307 1004 3335 in
1022 3305 1133 3346 Tertii,
1152 3308 1238 3345 quam
1254 3309 1282 3338 in

224 3339 301 3371 Mari
317 3365 325 3378 ,
349 3341 419 3371 curn
441 3351 490 3378 per
511 3351 563 3371 vos
583 3342 715 3372 transierit
728 3366 737 3379 ,
764 3343 943 3374 amicabiliter
963 3345 1134 3384 pertra&etis
1149 3369 1159 3383 ,
1178 3346 1283 3384 sibique

222 3379 307 3410 velud
321 3379 408 3409 Fideli
422 3378 539 3418 nostro,
557 3379 747 3410 Humanitatis
769 3379 912 3412 Debitum
938 3382 1119 3421 impendatis,
1137 3394 1196 3414 non
1210 3385 1283 3415 infe-

223 3426 330 3455 renteS,
347 3427 401 3448 nec
410 3439 420 3455 ‚
438 3426 577 3455 quantum
592 3419 621 3447 in
637 3419 718 3448 vobis
732 3417 789 3456 est⁷
808 3419 842 3448 ab
857 3420 914 3449 aliis
927 3421 1021 3451 inferri
1035 3423 1227 3458 permittentes
1243 3424 1283 3453 ei-

222 3456 289 3486 dem
304 3457 333 3486 in
348 3455 484 3493 Persona,
503 3456 532 3485 in
548 3455 680 3494 Familia,
698 3456 742 3486 vel
755 3456 784 3486 in
800 3456 884 3487 Bonis
903 3458 956 3488 suis
973 3482 982 3495 ,
1001 3459 1189 3497 Dampnum,
1207 3461 1283 3500 lnju-

221 3495 293 3525 riam
308 3519 317 3532 ,
344 3492 509 3524 Molestiam
526 3518 535 3531 ,
556 3502 602 3524 aut
624 3493 790 3524 Gravamen
805 3507 815 3532 3
840 3495 873 3525 &
889 3518 899 3533 ,
927 3497 947 3526 si
961 3497 1028 3534 quid
1042 3498 1091 3527 sibi
1105 3498 1283 3531 forisfastum

222 3534 320 3571 fuerit,
337 3532 365 3562 id
378 3532 482 3562 faciatis
498 3532 625 3563 celeriter
638 3534 669 3563 &
685 3531 780 3563 debite
794 3533 948 3563 reformari.

262 3570 294 3601 In
308 3572 401 3610 cujus,
421 3571 480 3601 &c.
498 3570 584 3608 ustiue
597 3570 631 3600 ad
646 3569 761 3602 Festum
775 3570 939 3603 Nativitatis
951 3571 1046 3602 Saneti
1058 3572 1197 3611 Johannis
1211 3576 1283 3616 Bap-

223 3610 314 3648 dstae,
332 3610 466 3648 proximo
482 3609 625 3647 futurum,
642 3608 794 3639 duraturas.
1278 3615 1280 3617 ’

259 3648 328 3679 Dat.
343 3647 425 3686 apud.
445 3647 518 3687 apud
533 3646 664 3685 Eltham,
682 3647 819 3679 vicesimo
833 3648 940 3680 octavo
953 3648 1000 3680 die
1015 3648 1123 3680 Martii.

225 3772 283 3805 Ad
297 3775 402 3819 Regem
422 3770 565 3815 Castellae,
584 3772 674 3818 fitper
691 3774 766 3805 Pace
781 3783 849 3804 cum
872 3771 1058 3818 Adverfhrio
1086 3772 1122 3806 de
1138 3776 1280 3811 Francia.

266 3855 437 3887 Etenissimo
451 3856 574 3894 Principi
609 3856 743 3887 Domino
760 3856 924 3894 Alphonso,
943 3856 1001 3887 Dei
1014 3857 1119 3896 gratia,
1138 3857 1281 3900 Castellae,

287 3893 421 3932 Legionis
436 3919 445 3933 ‚
470 3897 529 3927 &e
550 3880 654 3934 [liegil
678 3894 899 3938 Consanguineo
915 3895 964 3938 suo
977 3892 1148 3939 Carissimo,
1166 3897 1282 3929 Edwar-

223 3932 274 3962 dus
289 3954 299 3970 ,
320 3932 382 3962 &c.
407 3935 510 3965 votivis
524 3934 629 3973 semper
644 3935 676 3965 &
692 3934 849 3964 vidioriolis
868 3933 984 3970 gloriari
998 3933 1176 3966 Succeffibus
1190 3960 1199 3974 ,
1214 3947 1283 3968 cum

73 3870 150 3902 Ann.
163 3870 205 3901 D.
225 3854 264 3916 S

101 3917 188 3949 1342.

70 3951 123 3976 An.
148 3950 190 3975 16.

244 3968 266 3999 al
300 3979 324 3999 e.
371 3974 376 3981 ‘

68 3990 205 4061 {laisffi’
223 3969 417 4052 S'Sugrenitatis
431 4011 530 4041 vestrae
546 4011 649 4055 Literas
663 4010 727 4041 laeta
743 4020 827 4040 manu
849 4011 1005 4054 recepimus
1019 4035 1028 4049 ,
1047 4021 1096 4049 per
1109 4021 1192 4056 quas,
1209 4013 1281 4046 inter

68 4066 103 4091 13.
112 4072 137 4099 3·
146 4069 170 4099 p·
181 4071 206 4090 Ι.
222 4046 289 4084 alia,
306 4046 553 4080 Reformationem
567 4049 648 4081 Pacrs
662 4059 729 4080 cum
740 4048 904 4079 Adversario
914 4048 1014 4080 nostro
1028 4048 1064 4079 de
1080 4050 1198 4082 Francia
1207 4053 1282 4083 mul-

69 4100 161 4130 φάε,
173 4100 200 4128 d·
222 4085 285 4115 tuni
298 4085 482 4116 amicabiliter
498 4089 624 4119 suasistis:
644 4089 677 4119 &
690 4088 725 4118 de
737 4087 895 4118 ordinando
915 4087 998 4118 celeri
1020 4086 1164 4119 Remedio
1199 4089 1277 4130 super

219 4122 346 4193 faciearz'cl'la
360 4123 551 4195 ΙΙζῗῆἓωῐὶογηε
565 4126 744 4167 quorundam
752 4125 900 4160 Bonorum
908 4149 919 4165 ,
934 4125 971 4159 de
983 4125 1107 4159 Subdita
1120 4113 1217 4161 vetitis
1226 4138 1278 4168 per

1327 229 1792 280 PUBLICA.
2306 246 2384 286 121⁷

1325 314 1458 358 Subditos
1471 318 1582 361 nostros
1599 321 1698 358 injuste
1714 330 1862 359 captorum
1876 323 1909 355 &
1923 324 1952 354 in
1964 323 2093 356 custodia
2106 320 2314 359 constabularii
2329 339 2383 359 no-
2395 324 2468 358 Ann.
2485 327 2528 362 DJ

1324 352 1371 382 stri
1386 354 1476 398 Castri
1489 356 1525 386 de
1541 357 1623 388 Malo
1640 360 1739 390 Leone
1751 360 1944 400 existentium,
1962 373 2015 393 nos
2029 364 2156 400 rogastis.
2423 369 2509 406 1342.

1361 391 1398 422 Et
1415 393 1550 439 quidem,
1567 398 1638 426 inter
1655 408 1749 434 preces
1763 410 2011 438 quorumcumque
2024 402 2207 441 Principum,
2223 413 2320 443 preces
2334 416 2383 437 ve-
2397 405 2462 433 Edv-
2483 414 2507 442 3·

1324 428 1464 461 stiesunt
1479 433 1628 469 specialiter
1643 437 1725 465 nobis
1740 447 1830 475 carae,
1848 439 1966 477 quibus,
1983 449 2034 477 pro
2049 439 2130 470 Bono
2145 441 2283 482 Publico,
2301 444 2383 482 super

1322 467 1397 511 dieta
1422 469 1638 502 Reformatione
1658 473 1739 504 Pacis
1753 497 1763 513 ‚
1789 476 2014 508 condescendere
2029 479 2160 510 volumus
2175 491 2312 518 quantum
2328 493 2382 521 po-

1322 514 1440 573 terimus
1455 518 1523 539 curn
1537 510 1679 550 Honore,
1698 522 1784 550 quem
1798 515 1881 544 etiam
1896 525 1949 546 vos
1963 516 2013 554 ipsi
2027 518 2125 555 cupitis
2133 528 2181 556 ,ut
2195 520 2380 561 confidimus,

1322 554 1379 574 con
1392 555 1494 576 ervare.
2377 573 2381 577 -

1353 582 1398 626 ¹Et
1409 586 1489 627 novit
1503 583 1584 617 Deus
1598 587 1677 625 quod
1686 589 1801 630 semper
1816 589 1921 621 Pacem
1934 592 2041 622 bonam
2063 594 2240 631 quaefivimus
2253 609 2264 634 3
2291 607 2380 635 quam

1321 629 1409 666 etiam·
1425 623 1542 654 libenter
1563 627 1760 662 recepissemus
1774 652 1783 666 ,
1809 638 1876 658 cum
1894 628 2079 660 Detrimento
2102 642 2161 662 non
2176 634 2293 666 modico
2303 636 2381 673 Juris

1320 659 1423 690 nostri:
1442 661 1481 705 set
1496 663 1555 692 satis
1569 666 1667 703 novit,
1686 674 1717 695 ut
1732 666 1870 696 credimus
1879 690 1889 705 ,
1905 667 1993 697 vestra
2009 667 2169 700 Sublimitas
2190 673 2271 709 quod
2286 673 2380 706 didius

1320 697 1497 741 Adversarius
1513 701 1608 731 noster
1622 702 1659 731 fic
1672 703 1713 732 est
1728 704 1757 733 in
1775 703 1908 734 Elationis
1923 705 2026 742 Spiritu
2041 707 2182 739 induratus
2196 732 2207 747 ,
2225 712 2306 747 quod
2322 713 2381 750 ejus

1320 736 1587 803 Animus-haetenus
1603 749 1662 770 non
1683 743 1776 778 potuit
1789 742 1824 772 ad
1843 743 1962 781 aliquam
1983 743 2066 774 Viam
2086 744 2165 777 Pacis
2183 749 2380 781 rationabilem

1321 784 1369 805 mc
1383 786 1456 805 marl,

1359 813 1415 851 [Et
1431 814 1570 854 quamvis]
1584 826 1633 853 per
1648 816 1771 847 diversos
1784 817 1935 850 Tradimus
1948 842 1958 857 ,
1975 830 2024 857 per
2036 820 2152 852 Truffas
2166 824 2200 855 &
2213 825 2380 866 Ambages‚

1320 861 1373 896 nos
1388 852 1435 895 diu
1453 856 1587 891 protraxit
1601 855 1658 884 i'ine
1671 855 1764 885 fruetu
1779 880 1788 893 ,
1804 856 1896 887 adhuc
1935 865 2047 896 tamen,
2062 858 2075 897 ]
2091 862 2314 894 consideratione
2330 875 2380 897 ve-

1321 890 1384 928 stri,
1402 893 1472 922 ίιςυι
1487 892 1548 922 alias
1567 893 1686 924 fecimus
1700 918 1709 932 ‚
1727 895 1894 925 Tradtatum
1941 897 1996 926 acis
2019 898 2151 928 volumus
2171 901 2325 941 resumere,
2346 904 2381 933 ὃς

1321 938 1436 970 propter
1452 930 1509 960 hoc
1531 931 1643 962 nostros
1664 934 1776 962 mittere
1796 933 1949 971 Nuncios,
1968 935 1997 963 in
2019 935 2130 966 instanti
2151 938 2303 976 Qindena
2327 941 2380 971 Pa-

1320 968 1410 1005 ichae,
1428 967 1462 998 ad
1475 968 1591 1008 Iocum,
1609 980 1681 1001 inter
1694 971 1831 1008 Alligatos
1843 971 1953 1002 nostros
1966 974 1999 1003 δε
2015 973 2075 1003 suos
2091 974 2170 1012 super
2185 979 2242 1007 hoc
2255 989 2379 1010 concor-

1321 1005 1433 1074 dafflss'j
1453 1008 1489 1037 ita
1510 1011 1588 1045 quod
1610 1010 1638 1038 in
1660 1009 1742 1039 nobis
1767 1011 1836 1048 quin
1853 1009 1899 1041 fiat
1914 1011 1989 1041 bona
2004 1010 2083 1042 Pacis
2099 1012 2299 1055 Reformatio,
2318 1027 2381 1048 non

1321 1054 1352 1074 re
1378 1055 1391 1074 a
1414 1054 1443 1075 it.

1360 1083 1510 1120 Qantum
1524 1092 1618 1115 autem
1634 1084 1669 1114 ad
1684 1085 1761 1115 Bona
1774 1086 1918 1116 diciorum
1934 1086 2119 1119 Subditorum
2134 1090 2294 1123 vestrorum
2309 1116 2319 1131 ,
2337 1093 2380 1123 di-

1322 1119 1419 1151 stricte
1436 1122 1630 1153 mandavimus
1639 1122 1857 1154 Constabulario
1869 1125 1940 1155 dieti
1949 1125 2042 1155 Castri
2055 1127 2145 1157 nostri
2159 1129 2196 1159 de
2210 1130 2291 1161 Malo
2301 1131 2377 1162 Leo-

1321 1169 1374 1196 ne,
1393 1169 1424 1190 ut
1438 1161 1512 1190 dicta
1526 1160 1604 1190 Bona
1616 1161 1739 1191 Subditis
1754 1162 1852 1192 vestris
1868 1162 2013 1195 restituere
2028 1165 2109 1196 faciat
2125 1167 2246 1198 indilate.

1359 1197 1442 1236 Nam
1458 1199 1553 1229 revera
1568 1201 1669 1237 pungit
1680 1201 1795 1230 interius
1808 1209 1935 1230 mentem
1948 1202 2092 1241 nostram,
2111 1206 2222 1243 quando
2240 1207 2375 1246 Dampna

1322 1237 1384 1266 talia
1404 1236 1501 1267 vestris
1522 1237 1644 1268 Subditis
1666 1248 1715 1275 pei·
1737 1238 1849 1268 nostros
1874 1239 2007 1270 Subditos
2021 1242 2194 1281 inferuntur,
2212 1246 2244 1275 &
2260 1246 2378 1277 libenter

1324 1275 1460 1306 faciemus
1483 1274 1699 1314 Dampnificatis
1722 1276 1882 1315 hujusmodi
1905 1278 1986 1314 (cum
2009 1279 2087 1316 super
2103 1281 2159 1311 hoc
2171 1285 2313 1321 conqueri
2327 1295 2380 1316 vo-

1322 1312 1435 1351 luerint)
1453 1313 1711 1354 Complementum
1722 1315 1842 1353 justitiae
1857 1324 1924 1345 cum
1939 1315 2046 1347 favore,
2378 1354 2381 1357 Δ

1360 1352 1449 1383 Unde
1473 1354 1593 1390 petimus
1616 1353 1697 1392 quod
1718 1363 1748 1383 ea
1759 1376 1769 1392 ,
1789 1363 1853 1392 quae
1867 1353 1906 1383 sic
1920 1353 2035 1385 forsitan
2049 1355 2200 1388 alterutrim
2216 1370 2263 1397 per
2277 1355 2379 1392 Subdiss
2404 1384 2406 1386 v

1322 1398 1418 1420 torum
1432 1391 1606 1422 insolentiam
1621 1393 1777 1430 attemptari
1793 1393 1960 1431 contigerit,
1979 1393 2144 1425 Amicitiam
2160 1397 2230 1427 inter
2244 1399 2311 1429 Nos
2318 1409 2379 1430 non

1321 1438 1479 1460 attenuent·
1501 1430 1538 1460 set
1551 1431 1681 1460 innitatur
1694 1432 1797 1461 mutuo
1812 1431 1999 1462 Facinorosos
2019 1432 2087 1463 tales
2110 1437 2230 1472 urgentis
2246 1437 2381 1469 Animad-

1322 1468 1452 1497 versionis
1513 1478 1618 1499 ucrone
1639 1469 1791 1506 percellere
1805 1492 1815 1506 ‚
1840 1478 1871 1500 ut
1894 1470 1998 1500 nedum
2020 1471 2093 1501 inter
2115 1472 2175 1502 Vos
2190 1473 2224 1503 &
2240 1474 2324 1513 Nos,
2343 1477 2382 1507 set

1323 1505 1396 1535 inter
1419 1506 1524 1537 vestros
1544 1508 1577 1538 δε
1595 1507 1706 1538 nostros
1727 1508 1878 1546 Subditos,
1898 1508 1985 1538 valeat
1999 1508 2032 1539 &
2049 1511 2140 1548 vigeat
2156 1510 2327 1543 Dilectionis
2345 1515 2379 1544 δε

1322 1542 1547 1575 Coinmunionis
1570 1545 1685 1583 pacifica
1704 1546 1864 1583 pulcritudo
1881 1558 1891 1584 3
1916 1546 1950 1576 ad
1964 1547 2055 1585 Qod
2073 1548 2221 1580 offerimus
2235 1560 2269 1581 ex
2285 1553 2381 1583 animo

1320 1590 1373 1611 nos
1384 1592 1501 1619 paratos.

1358 1619 1392 1648 in
1412 1621 1544 1651 felicitate
1555 1621 1652 1652 votiva
1668 1622 1756 1652 valeat
1770 1621 1922 1653 diutissime
1936 1621 2028 1662 Regia
2042 1624 2132 1656 vestra
2149 1624 2306 1659 Celfitudo.

1358 1657 1427 1689 Dat.
1445 1659 1518 1697 apud
1531 1659 1659 1699 Eltham,
1677 1661 1815 1692 vicesimo
1826 1661 1931 1692 06tavo
1945 1660 1992 1691 die
2005 1661 2111 1694 Martii.

1321 1787 1371 1819 Dc
1397 1782 1561 1829 potestate,
1585 1784 1630 1819 ad
1651 1785 1861 1820 Traaana'um
1872 1787 1963 1832 siaper
1989 1789 2066 1820 Pace
2089 1788 2144 1822 vel
2166 1791 2285 1836 Treuga
2310 1803 2381 1826 cum

1726 1834 1840 1868 David
1853 1833 1889 1867 de
1905 1837 1992 1868 Brus.

1320 1920 1451 1992 REt2e{
1471 1919 1639 1968 Universis,
1655 1920 1690 1951 ad
1704 1931 1776 1960 quos
1791 1921 1937 1977 praesentes
1952 1920 2057 1952 Literae
2073 1922 2254 1960 pervenerint
2267 1947 2278 1962 ,
2296 1923 2377 1957 Salu-
2401 1912 2531 1992 ΑῙΠΞἙΡ·

2397 1996 2450 2021 Aa.
2474 1994 2518 2020 16.

1356 1999 1508 2031 Noveritis
1520 1997 1601 2036 quod
1617 1998 1699 2037 Nos,

1356 2039 1406 2069 De
1428 2037 1556 2067 fidelitate
1578 2037 1696 2075 probata
1714 2037 1748 2069 &
1769 2036 2023 2075 circumspeetione
2043 2036 2162 2075 provida
2176 2060 2187 2077 ‚
2211 2038 2379 2073 dileetmum
2398 2035 2451 2068 ΕΞ
2477 2035 2531 2059 1³0⁸-

1320 2078 1354 2110 &
1366 2077 1491 2108 fidelium
1505 2075 1689 2115 nostrorum,
2398 2074 2464 2097 Scot.
2488 2070 2529 2097 ι6ε

1358 2114 1530 2148 Venerabilis
1544 2112 1649 2153 Patris,
2398 2112 2514 2183 ἦςαη.

1332 2207 1336 2209 -
1357 2193 1377 2212 *
1393 2195 1427 2223 R.
1447 2190 1633 2232 Dunolmenfis
1645 2190 1782 2231 Epiſsopt',
2401 2220 2420 2240 *t

1359 2233 1472 2261 Henrici
1483 2231 1515 2260 de
1526 2229 1709 2270 Lancastria‚
1729 2232 1839 2260 Comitis
1855 2229 1986 2269 Derbiae,
2003 2229 2194 2269 Consanguinei
2207 2230 2306 2271 nostri,
2433 2222 2533 2259 V·30⁶0.

1360 2268 1497 2308 Radulphi
1510 2269 1541 2298 de
1555 2268 1672 2306 Nevdl,

1360 2308 1499 2348 Johannis
1513 2309 1545 2337 de
1559 2307 1718 2348 Stryvelyn,

1362 2345 1508 2378 Willielmi
1525 2347 1557 2376 a'e
1565 2345 1729 2385 Carqswell,
1747 2344 1863 2385 custodis
1878 2344 1962 2376 Villae
1978 2344 2074 2385 nostrae
2088 2347 2223 2378 Berewici
2229 2345 2384 2387 fitperssieff

1398 2387 1478 2423 dam,
1514 2418 1517 2421 Δ

1363 2424 1482 2455 Walteri
1494 2424 1525 2453 de
1538 2423 1641 2462 Creyk',

1362 2465 1403 2493 Et
1419 2462 1530 2493 Roberti
1543 2464 1575 2492 de
1589 2466 1711 2493 Maners.

1363 2541 1478 2572 Plenius
1493 2539 1682 2571 confidentes:

1364 2579 1430 2620 Ipfis
1478 2579 1532 2609 Sex
1547 2603 1556 2616 ‚
1584 2579 1666 2617 Qiin
1688 2587 1723 2607 ue
1737 2601 1747 2615 ,
1773 2576 1922 2616 Qatuor,
1936 2576 2065 2615 Tribus,
2080 2578 2114 2609 &
2136 2576 2262 2609 Duobus
2283 2587 2384 2610 eorum

1328 2604 1478 2657 (Qioru'm
1498 2617 1645 2655 praefatum
1666 2588 1816 2646 &ornnem
1838 2614 1943 2645 Unum
1964 2616 2021 2645 effe
2040 2616 2184 2659 volumus)
2201 2617 2234 2647 ad
2247 2617 2387 2648 Tractan-

1326 2651 1414 2695 dum,
1432 2655 1678 2687 Concordandum
1692 2677 1701 2692 ,
1721 2652 1968 2694 Componendum
1986 2678 1995 2692 ,
2013 2654 2239 2692 Tranligendum
2254 2677 2264 2693 ‚
2283 2656 2316 2686 &
2331 2655 2384 2686 Pa-

1327 2695 1498 2727 cificanduin
1514 2718 1523 2731 ,
1539 2699 1599 2733 'pro
1620 2693 1703 2723 nobis
1724 2693 1757 2723 δε
1771 2692 1879 2723 ‘nostro
1902 2693 2019 2722 nomine
2033 2716 2043 2730 ‚
2061 2702 2130 2723 cum
2144 2693 2239 2724 David
2253 2693 2289 2723 de
2301 2693 2385 2732 Brus,

1326 2735 1360 2766 &
1382 2735 1438 2764 aliis
1463 2733 1640 2763 Hominibus
1661 2732 1697 2761 de
1711 2731 1824 2769 Scotia,
1841 2731 1891 2760 sibi
1904 2730 2126 2769 adhaerentibus,
2145 2731 2315 2763 Adversariis
2330 2742 2384 2763 no-

1327 2773 1404 2810 stris⁷
1423 2772 1501 2810 super
1516 2771 1603 2801 Finali
1617 2770 1706 2808 Pace,
1724 2770 1795 2800 inter
1807 2779 1859 2799 nos
1871 2769 1905 2799 ὃς
1921 2768 1993 2806 ipsos
2012 2768 2194 2799 Adversarios
2213 2769 2327 2801 nostros
2342 2772 2386 2801 in-

1328 2811 1436 2848 cunda,

1365 2850 1410 2880 Ac
1422 2850 1500 2886 super
1514 2847 1738 2885 quibuscumque
1751 2845 1885 2884 Debafis,
1903 2846 1974 2875 inter
1992 2854 2045 2876 nos
2062 2845 2095 2876 &
2111 2846 2183 2883 ipsos
2197 2845 2383 2885 dependenti-

1326 2884 1396 2925 bus,
1415 2886 1547 2918 Sedandis
1563 2887 1596 2916 ὃς
1611 2884 1794 2915 amicabiliter
1808 2883 2007 2920 pacificandis,

1361 2926 1397 2957 Et
1411 2926 1445 2957 ad
1459 2935 1508 2963 ea,
1526 2934 1589 2962 quae
1605 2923 1641 2953 sic
1655 2923 1788 2953 Traetata
1804 2924 1836 2953 &
1851 2921 2036 2953 Concordata
2056 2922 2161 2953 fuerint
2176 2947 2186 2961 ,
2205 2933 2385 2963 quacumque

1325 2965 1480 2996 Securitate
1496 2962 1679 2993 Firmandum
1693 2962 1725 2992 &
1741 2960 1926 2998 Vallandurn,
1951 2999 1956 3004 ι
2207 3000 2211 3005 ¹
2239 3000 2244 3006 ῃ
2351 2994 2356 2996 -

1362 3003 1480 3034 Tenore
1499 3001 1675 3039 praesentium
1697 2999 1813 3030 Plenam
1834 2998 2022 3030 concedimus
2044 2999 2078 3030 ὃς
2091 2998 2310 3031 Committimus
2325 2999 2383 3031 Po-

1325 3042 1467 3074 testatem·

1363 3065 1564 3112 Promi⁷ttentes
1584 3077 1654 3108 Nos
1675 3077 1785 3107 Rarum
1808 3077 1842 3108 &
1862 3076 1987 3107 Gratum
2009 3076 2153 3106 habituros
2176 3078 2242 3115 quic
2264 3076 2310 3107 uid
2331 3087 2382 3115 per

1323 3121 1433 3158 ἀίἂοε,
1451 3118 1642 3156 Episcopum,
1661 3115 1827 3153 Comitem,
1847 3113 2047 3152 Radulphum‚
2063 3113 2240 3158 Johannem,
2304 3115 2382 3146 illiel-

1326 3168 1408 3190 mum
1423 3181 1432 3196 ,
1458 3156 1640 3193 Walterum,
1663 3155 1697 3186 &
1721 3154 1886 3184 Robertum
1902 3176 1912 3191 ,
1937 3154 1991 3183 Sex
2007 3177 2016 3190 ,
2079 3162 2181 3191 uirique
2197 3177 2206 3191 ,
2228 3153 2363 3192 Qatuor

1325 3198 1418 3235 Tres,
1436 3197 1469 3227 &
1492 3195 1575 3224 Duos
1595 3203 1694 3224 eorum
1713 3192 1864 3231 (Qorum
1884 3191 2032 3230 praefatum
2054 3190 2205 3222 Comitem
2220 3202 2311 3222 unum
2325 3202 2340 3222 e
2365 3202 2382 3223 e
2435 3232 2437 3234 Ι

1323 3234 1468 3272 volumus)
1485 3233 1593 3264 Actum
1607 3233 1640 3264 ὃ(
1655 3231 1780 3262 Gestum
1791 3231 1871 3262 fuerit
1891 3231 1921 3259 in
1935 3228 2101 3267 praemiffis,
2118 3230 2152 3260 δε
2167 3229 2293 3269 quolibet
2307 3239 2378 3269 prae-

1324 3274 1481 3305 missorum.

1361 3313 1396 3344 In
1408 3312 1502 3349 cujus,
1517 3310 1577 3341 &c.
1892 3347 1897 3351 Π
1956 3345 1961 3351 .
2056 3345 2060 3350 Ι
2075 3344 2081 3350 ¹

1399 3349 1489 3382 Teste
1503 3348 1586 3389 Rege
1600 3348 1673 3386 apud
1685 3347 1798 3378 Eltham
1807 3370 1818 3386 ,
1834 3353 1920 3377 tertio
1935 3344 1980 3376 die
1993 3342 2102 3384 Aprilis.

2014 3422 2066 3450 Per
2079 3417 2160 3458 ipsicm
2169 3421 2274 3456 Regem.

1475 3553 1524 3584 De
1536 3547 1715 3584 Trastandis
1729 3557 1782 3592 per
1794 3544 1943 3591 praedifbos
1960 3546 2033 3589 Regi
2051 3541 2223 3588 referendis.

1323 3640 1377 3694 R
1387 3636 1413 3667 E
1423 3635 1454 3666 X
1481 3635 1582 3666 eisdem
1591 3658 1601 3672 ,
1618 3632 1749 3664 Salutem.
2397 3626 2474 3658 Ann.
2487 3627 2530 3664 Di

1416 3674 1564 3705 Noveritls
1579 3672 1658 3711 quod
1673 3671 1760 3707 Nos,
1849 3710 1854 3714 ι
1877 3709 1881 3714 ¹
2426 3674 2511 3706 1342.

1362 3713 1410 3743 De
1424 3713 1553 3743 fidelitate
1567 3735 1576 3749 ‚
1602 3718 1633 3740 ut
1642 3707 1725 3749 ficpra
1744 3705 1823 3746 usque
1844 3705 1898 3744 ιόι,
1917 3713 2006 3736 unum
2020 3703 2075 3735 esse
2089 3702 2247 3743 Volumus,
2261 3701 2301 3739 ὥ·
2314 3710 2378 3734 tunc
2397 3708 2450 3732 Aa.
2467 3707 2509 3735 16.

1315 3750 1356 3791 sic
1391 3751 1426 3782 ad
1446 3748 1643 3781 Tractandum
1665 3758 1717 3786 pro
1739 3747 1821 3776 nobis
1842 3745 1875 3775 &
1895 3743 1994 3787 nostro
2015 3743 2133 3773 nomine
2146 3766 2156 3780 ,
2173 3739 2376 3786 &qutfirpra
2400 3748 2434 3788 E,
2452 3753 2477 3779 3,

1323 3775 1401 3830 usq'ue
1421 3790 1458 3819 ibi
1472 3812 1481 3828 ,
1503 3799 1537 3818 ac
1556 3787 1635 3826 super
1648 3785 1871 3824 quibuscumque
1887 3781 2022 3820 Debatis,
2040 3780 2077 3815 &
2092 3787 2154 3824 tun'f
2161 3780 2219 3820 fic,
2236 3790 2308 3813 mter
2322 3791 2375 3813 nos
2396 3782 2459 3810 lbra.

1324 3830 1356 3860 &
1371 3829 1443 3866 ipsos
1457 3828 1572 3864 habitis,
1591 3824 1723 3856 Sedandis
1737 3823 1770 3853 &
1785 3822 1968 3852 amicabiliter
1984 3819 2185 3863 pacificandis,
2415 3847 2418 3850 Α

1360 3866 1396 3897 Et
1410 3866 1444 3896 ad
1459 3876 1507 3905 ea,
1525 3873 1589 3904 quae
1604 3864 1641 3894 sic
1654 3861 1787 3892 Traetata
1801 3860 1902 3890 fuerint
1915 3881 1925 3897 ,
1948 3859 2032 3888 nobis
2052 3856 2249 3902 Intimandum
2270 3859 2305 3890 &
2322 3858 2378 3889 Re-

1322 3905 1470 3938 ferendum
1486 3927 1496 3943 ,
1519 3913 1550 3934 ut
1571 3902 1607 3934 sic
1622 3901 1763 3934 Tractatis
1782 3897 1917 3938 posfimus
1929 3921 1940 3936 ,
1958 3905 2043 3935 prout
2063 3898 2194 3935 expedire
2209 3896 2378 3934 viderimus,

1321 3944 1486 3977 consentire.

1359 3983 1394 4015 In
1406 3983 1500 4020 cujus,
1517 3981 1577 4011 ὅτε.
1893 4015 1900 4020 ¹
1957 4014 1962 4020 ι
2060 4012 2065 4018 .
2079 4012 2085 4018 .

1396 4019 1486 4054 Teste
1500 4019 1585 4059 Rege
1600 4017 1674 4058 apud
1686 4016 1821 4055 Eltham‚
1837 4022 1922 4048 tertio
1935 4013 1981 4045 die
1995 4010 2109 4052 Aprilis.

2008 4091 2062 4120 Per
2073 4087 2155 4128 ipsum
2168 4089 2271 4126 Regem.

1839 4162 1876 4200 Ω
2330 4154 2378 4192 Q&
