2562 4279
13 178 90 211 nnn.
105 177 146 208 D.

16 218 130 286 223¹}

37 612 123 642 ³111.

50 662 114 686 7¹0·

21 694 74 718 Aa.
94 698 135 717 ιι.

21 732 51 756 E.
77 737 103 753 2.

58 765 123 793 lbid.

21 1484 100 1516 'Anti
113 1479 155 1514 D.

44 1522 130 1563 1318.

23 1565 78 1590 An.
96 1571 138 1589 ti.

23 1605 55 1628 E.
77 1610 104 1627 π..

22 1643 95 1668 Rom.
125 1637 160 1672 &-

23 1681 66 1705 ἲν.
80 1686 122 1704 11.

23 1719 55 1743 Σ.
78 1725 105 1743 2.
121 1725 158 1744 m.

27 1762 69 1781 n.

65 3309 157 3336 ⁸111.

85 3354 149 3384 7¹¹·

163 103 240 147 152
617 61 1833 126 CONVENTIONE8‚L1TERAE,

167 177 267 210 modio
282 175 374 207 adhue
397 172 564 214 suppositam
580 193 590 209 ,
620 170 699 207 super
729 167 852 204 dignum
875 166 909 196 &
941 165 1071 195 debitum
1093 159 1233 192 Candela-

167 220 364 286 ἱ’,ωῑῖἷῃῑἸυττιεη
385 248 576 288 appetentibus
595 246 685 282 magis
702 244 810 281 luceat,
827 242 862 274 ad
876 242 962 274 nostri
983 242 1016 272 δε
1032 240 1117 271 totius
1134 237 1234 274 Regni

170 293 260 326 nostri
272 292 410 322 honorem
426 289 458 318 δί
472 287 634 322 Utilitatem,
653 284 686 314 &
702 282 862 313 Ortodoxae
877 281 955 312 Fidei
974 278 1236 317 augmentationem

170 331 204 365 ὃς
219 329 466 362 consolidationem
475 347 485 363 ,
502 332 531 354 ut
546 323 701 361 speramu5‚
718 320 831 352 Divino
846 320 956 351 favente
971 317 1111 357 praesidio,

206 369 371 403 Collocare3
388 361 637 399 Procuratoresque
651 359 774 398 ejusdem
788 359 908 400 Negotii
917 382 926 396 ,
943 359 973 388 in
993 355 1188 395 prosecutione
1202 362 1236 384 ac

173 407 351 447 expeditione
365 403 443 433 felici
455 400 576 439 ejusdem
585 421 595 438 ,
612 398 714 430 habere
726 398 879 437 specialiter
894 395 1114 429 commendatos.

210 443 372 519 13:23&ngth
380 441 691 515 Rffiffimonaffirium,
708 475 849 507 tricesimo
867 473 914 504 die
933 471 1016 503 Maii.

177 607 204 633 ὅ·
227 603 389 650 Confimiles
412 603 536 644 Lirem,
558 600 603 633 ad
624 598 818 634 Cardinalem
841 602 873 634 S.
898 600 1010 631 Ciriaci
1035 600 1066 628 in
1087 592 1240 628 Thermis.

175 688 375 760 VEnerabili
386 689 415 718 in
430 682 547 718 Christo
562 684 639 717 Patri
653 685 788 716 Domino
801 685 833 715 G
860 685 918 715 Dei
931 682 1036 721 gratia,
1053 680 1123 711 tituli
1144 677 1241 709 saneti

253 729 362 759 Ciriaci
375 728 404 756 in
419 726 534 756 Termis
551 725 709 756 Presbitero
724 723 884 762 Cardinali,
901 723 997 753 amico
1012 720 1059 751 suo
1081 717 1242 754 carissimo,

176 765 240 800 Rex
254 768 364 798 salutern
373 788 382 804 ,
400 765 433 795 &
449 765 562 795 sincerae
577 763 738 793 dileffionis
750 761 893 793 affectum.

216 808 258 838 Ex
273 805 435 836 testimonio
451 802 516 834 dato
530 803 613 832 nobis
624 801 741 838 intelligi
755 800 915 839 fidedigno,
934 797 1009 837 quod
1025 796 1171 835 negotium
1186 792 1245 823 Ca-

176 845 380 881 nonizationis,
396 840 456 876 &a
475 849 505 870 ut
509 839 594 880 fiepra
609 840 688 880 usque
701 838 838 877 oppreli'i,
858 841 886 868 in
901 836 1006 868 Sancta
1022 833 1158 865 Romana
1180 830 1242 875 Cu-

176 888 234 923 ria,
250 881 420 922 aliquamdiu
435 880 601 910 ventilatum
611 902 621 918 ,
639 879 755 915 receptis
777 878 885 908 Litteris
906 874 1004 906 nostris
1019 873 1244 910 Deprecatorns,

178 925 281 956 resumi
299 919 467 962 procurastis
479 941 489 956 ,
512 918 605 948 noster
626 918 738 947 animus
756 917 786 946 in
811 915 947 953 gaudium
971 913 1151 944 vehementer
1167 907 1245 939 exul-

175 972 254 995 taVit.

216 1001 264 1032 De
279 1009 356 1038 quo,
370 997 451 1028 vobis
465 1004 553 1034 grates
573 994 718 1024 referentes
739 992 884 1031 speciales,
902 990 1102 1021 Paternitatem
1122 984 1242 1028 vestram

176 1038 334 1072 affeftuosrs
349 1037 477 1074 precibus
498 1043 627 1073 rogamus
645 1033 789 1070 quatinus,
806 1039 836 1061 ut
849 1030 960 1060 dictum
979 1027 1145 1069 Negotium
1166 1023 1245 1066 debi-

176 1088 238 1111 tum
254 1079 286 1109 &
299 1075 480 1107 desideratum
495 1072 617 1103 sortiatur
632 1069 785 1104 effectum,
803 1079 868 1105 erga
880 1066 1090 1099 Sanciiffirnum
1105 1074 1134 1094 in
1155 1061 1244 1092 Chri-

176 1118 221 1149 sto
236 1117 348 1148 Patrem
363 1113 527 1144 Dominum
541 1109 694 1141 Summum
716 1107 888 1138 Pontificem
907 1107 966 1145 (cui
987 1115 1039 1144 pro
1063 1102 1246 1146 maturatione

177 1157 211 1187 &
227 1153 404 1193 expeditione
416 1151 493 1182 felici
506 1148 629 1188 ejusdem
643 1147 799 1182 scribimus)
819 1145 908 1176 velitis
921 1143 1071 1175 efficaciter
1087 1149 1247 1183 interpone-

177 1205 207 1227 re
223 1202 309 1232 partes
323 1190 438 1228 vestras,
457 1190 493 1219 ita
510 1187 586 1226 quod
596 1188 678 1218 vobis
691 1185 791 1217 exinde
805 1185 909 1215 merito
925 1191 1067 1214 teneamur
1090 1179 1125 1211 ad
1148 1186 1247 1217 gratia-

179 1243 243 1264 rum
260 1230 426 1267 multiplices
442 1227 576 1258 adriones.

217 1270 285 1301 Dat.
303 1269 364 1300 &c.
384 1266 514 1304 utsupra.

251 1395 310 1430 Ad
330 1397 443 1441 Papam
463 1419 473 1436 ,
506 1402 608 1426 contra
630 1392 677 1426 W.
702 1390 878 1437 Epiftopum
902 1387 1006 1422 Sanffl
1033 1384 1172 1420 Andreae.

232 1480 343 1514 APAE
362 1480 424 1510 Rex
441 1479 542 1510 devota
561 1477 666 1516 pedum
684 1476 777 1507 oscula
795 1476 953 1506 beatorum.

269 1520 418 1558 Quoniam
434 1518 504 1548 cum
519 1517 650 1555 quidam,
669 1514 843 1546 Willielmus
864 1514 900 1544 de
917 1512 1114 1549 Lamberton,
1130 1508 1248 1549 Episco-

180 1568 233 1600 pus
246 1559 340 1590 Sancti
357 1557 479 1588 Andreae
495 1557 524 1585 in
538 1555 651 1593 Scotia,

221 1597 378 1628 Diabolico
398 1596 502 1626 Furore
521 1595 671 1631 exagitatus
684 1615 694 1631 ,
719 1591 814 1622 Famae
837 1591 891 1622 sua:
911 1589 1067 1629 prodigus,
1092 1588 1126 1619 &
1144 1587 1250 1626 proprii

203 1636 340 1668 ersecutor
354 1633 496 1670 Honoris,
514 1632 621 1664 Pacem
640 1632 673 1662 ὅ(
688 1629 936 1668 Tranquilitatem,
954 1627 1067 1658 Illustris
1082 1627 1247 1664 memoriae,

209 1674 314 1706 dwardi
327 1673 414 1712 Regis
425 1672 553 1711 Angliae,
572 1671 659 1701 Patris
681 1668 784 1707 nostri,
803 1668 940 1706 totiusque
962 1666 1059 1703 Regni
1080 1664 1250 1703 Anglicani,

184 1713 318 1744 hostiliter
340 1714 444 1742 irruens
457 1733 467 1749 ,
494 1711 528 1741 &
553 1709 669 1740 feraliter
698 1708 848 1745 invadens,
866 1705 1045 1744 perturbans,
1073 1703 1250 1742 infringens,

180 1752 351 1792 perturbari,
369 1749 485 1785 infringi
497 1758 649 1787 procurans
671 1756 720 1784 per
740 1745 782 1783 se,
800 1746 833 1776 &
849 1755 899 1782 per
919 1743 998 1781 suos,
1013 1751 1146 1781 quatenus
1166 1742 1248 1772 scivit

180 1793 214 1823 &
230 1792 338 1829 potuit,
357 1789 485 1827 nequiter
507 1786 691 1825 perturbavit,
711 1785 739 1814 in
761 1784 841 1822 ipsius
856 1783 953 1819 Regni
976 1782 1009 1812 &
1033 1782 1109 1819 pacis
1128 1780 1250 1817 ejusdem

180 1829 352 1867 Dampnum
364 1837 423 1857 non
441 1826 609 1862 modicum,
628 1823 779 1861 Ecclesiae,
796 1823 828 1853 ὃ(
841 1823 925 1852 totius
941 1819 1019 1851 Cleri
1032 1819 1250 1857 Obprobrium,

180 1869 215 1899 &
228 1865 406 1906 pernitiosum
424 1864 593 1902 Exemplum
607 1862 745 1899 aliorum,

221 1905 377 1943 Fuissetque
394 1903 468 1934 idem
490 1902 644 1940 Episcopus
658 1909 705 1938 per
724 1898 893 1938 praedietum
911 1897 1048 1928 Illustrem
1067 1895 1198 1935 Regem,
1215 1905 1251 1925 eo

182 1944 261 1983 quod
274 1953 374 1981 pacem
393 1942 470 1972 suam
480 1964 490 1979 ,
509 1940 642 1978 ipsiusque
651 1938 749 1975 Regni
765 1936 930 1975 supradicti,
949 1945 977 1966 ut
987 1936 1182 1973 praemittitur,
1194 1935 1251 1963 im-

182 1983 309 2021 pedivit,
329 1990 414 2010 manu
428 1979 543 2009 Armata
558 1980 587 2008 in
604 1977 682 2008 Bello
698 1975 832 2016 publico,
850 1976 958 2012 penitus
973 1974 1023 2004 sibi
1042 1973 1159 2010 illicito,
1174 1982 1251 2002 mor·

182 2029 210 2053 te
224 2020 433 2060 quamplurium
449 2017 514 2048 inde
531 2016 642 2054 secuta,
663 2013 875 2052 Deprehensus,
894 2022 927 2042 ac
943 2012 1020 2050 super
1043 2009 1251 2048 impedimentis

182 2059 325 2098 praediCl-is
339 2056 497 2087 ConviCtus
506 2079 515 2094 ,
534 2065 580 2095 per
595 2053 716 2084 eundern
730 2051 868 2083 illustrem
882 2050 997 2090 Regem
1017 2048 1252 2087 Condempnatus

183 2099 289 2136 extitit,
307 2099 336 2127 in
351 2095 472 2126 Carcere
487 2102 621 2132 perpetuo
633 2090 826 2123 detrudendus.

222 2136 312 2174 Super
345 2145 381 2165 uo
402 2132 596 2165 sanctissimus
611 2130 707 2168 Pater,
725 2131 809 2161 bonae
831 2128 998 2166 memoriae,
1015 2126 1166 2165 Clemens,
1184 2135 1252 2164 pro-

184 2174 309 2205 videntia
325 2146 442 2210 divina,
468 2171 543 2210 Papa
563 2171 688 2209 Quintus
702 2193 711 2207 ,
739 2166 926 2198 Pontificariis
948 2166 988 2197 sui
1009 2166 1096 2196 Anno
1119 2165 1252 2203 Qiinto,

186 2213 292 2245 Mensis
306 2213 447 2243 februarii
462 2211 508 2241 die
529 2211 627 2246 tertio,
644 2208 743 2245 Regni
758 2205 871 2243 Angliae
894 2204 1081 2243 multiplicem
1103 2204 1252 2234 utilitatem

185 2251 379 2288 considerans,
407 2250 440 2279 &
462 2248 611 2284 affectans,
626 2246 660 2277 ad
682 2246 819 2283 majorem
841 2243 982 2282 nostram,
1000 2242 1133 2280 ipsiusque
1156 2241 1254 2278 Regni

183 2290 271 2321 nostri
284 2290 357 2328 pacis
372 2287 566 2323 stabilitatem,
584 2285 775 2321 securitatem,
793 2283 826 2313 ὃ(
848 2281 955 2312 hostilis
972 2280 1096 2312 incursus
1118 2280 1252 2317 expulsio-

184 2339 270 2366 nem,
287 2328 323 2357 ne
339 2326 416 2356 idem
432 2324 611 2365 Episcopatus
630 2324 716 2352 nimis
737 2321 784 2351 diii
801 2320 920 2350 Pastoris
940 2320 1037 2350 solatio
1057 2319 1125 2349 esset
1140 2317 1254 2348 destitu-

184 2375 243 2405 ωε,
263 2364 391 2405 religioso
404 2365 468 2393 viro
481 2363 565 2393 Fratri
581 2362 710 2392 Thomas
732 2360 767 2390 de
787 2358 918 2396 Riveris,
943 2357 1062 2388 Ordinis
1084 2356 1256 2395 Minorum,

188 2415 223 2436 ex
240 2403 333 2435 illustri
349 2402 474 2441 prosapia
491 2400 588 2437 Regni
609 2399 697 2429 nostri
718 2398 830 2435 Angliae
845 2396 999 2427 Nobilium
1021 2395 1119 2425 clarius
1141 2404 1254 2433 exorto,

188 2444 333 2480 moribus,
359 2441 415 2471 vit-a
462 2438 612 2477 doctrina,
637 2448 671 2468 ac
695 2435 906 2467 conversatione
926 2434 1044 2465 honesta
1066 2433 1252 2471 multipliciter

188 2480 409 2517 commendam,
429 2463 579 2516 l'iE‘caviae,
597 2477 642 2507 die
659 2475 811 2514 praedieto,
829 2474 918 2510 dedit,
938 2472 1092 2510 conceffit,
1110 2483 1143 2503 ac
1159 2471 1255 2502 eidem

189 2520 308 2552 contulit
327 2518 351 2548 E
374 2517 526 2555 iscopatum
550 2515 718 2554 pra-edietum
741 2523 808 2544 cum
828 2511 953 2549 effestm,
967 2510 1135 2551 praemiffas,
1153 2509 1256 2540 Dona-

189 2561 318 2596 tionem,
372 2556 582 2592 oncessionem,
608 2553 818 2590 Collationem,
838 2561 887 2589 per
908 2560 1004 2580 veram
1023 2549 1130 2580 Bullam
1151 2548 1255 2580 confir-

187 2597 308 2628 mando:
329 2606 391 2634 quse
403 2596 499 2625 omnia
512 2595 545 2624 ὃς
562 2592 666 2629 lingula
681 2592 709 2620 in
725 2589 905 2621 sacrosancta
921 2588 1009 2619 Curia
1030 2587 1165 2626 praedidla
1185 2588 1256 2618 exti-

190 2644 276 2667 terant
291 2636 419 2672 notoria,
439 2643 472 2663 ac
488 2633 572 2662 etiarn
586 2632 616 2661 in
632 2630 735 2669 Regno
752 2628 866 2666 Angli-ae
881 2627 1032 2665 publicata.

228 2674 294 2704 Hiis
312 2674 396 2710 igitur
413 2670 573 2709 praemissis,
591 2678 621 2700 ut
641 2669 838 2707 praerangitur,
855 2666 1005 2704 expeditis,
1024 2664 1088 2703 post
1107 2664 1255 2695 decessum

190 2712 349 2751 saepedicti,
374 2710 481 2740 illustris
501 2709 664 2745 memoriae,
685 2706 773 2743 Regis
795 2705 922 2745 Angliie,
941 2703 1029 2734 Patris
1051 2703 1154 2742 nostri,
1178 2703 1256 2740 super

189 2752 410 2782 incarceratione
428 2747 583 2787 praemissa,
603 2748 701 2783 pietate
714 2756 747 2775 ac
760 2744 908 2774 visceribus
923 2742 1118 2773 misericordiae
1131 2743 1256 2772 nimium

191 2790 353 2827 commoti,
371 2797 430 2817 non
449 2786 576 2817 obstante
592 2785 685 2822 Papali
706 2783 865 2814 Collatione
881 2781 1033 2820 praediffli,
1051 2779 1201 2818 praefatum
1218 2779 1256 2810 E-

192 2829 342 2866 piscopum
357 2837 372 2856 a
386 2825 508 2856 Carcere
523 2824 715 2860 liberavimus,
735 2822 829 2852 eidem
843 2830 946 2859 pacem
959 2819 1104 2858 nostram,
1122 2828 1257 2857 quantum

192 2868 222 2897 in
238 2867 322 2896 nobis
333 2865 402 2902 fuit,
420 2863 606 2894 concedentes
621 2862 654 2892 ἃ
667 2861 814 2891 donantes:
834 2858 958 2897 praestito
974 2859 1008 2889 ab
1022 2858 1124 2889 eodem
1141 2856 1259 2895 Episco-

192 2916 233 2943 po
253 2904 417 2944 juramento
442 2901 617 2938 voluntario,
641 2899 721 2930 tactis
742 2898 902 2935 Evangeliis
930 2897 1036 2935 Sacris,
1061 2896 1137 2934 quod
1156 2904 1259 2927 extunc

192 2942 385 2979 Consensum,
403 2939 558 2977 assensum,
579 2937 740 2975 Auxilium,
766 2947 820 2967 nec
845 2936 1021 2972 Consilium,
1043 2934 1187 2973 Operam,
1211 2934 1256 2965 seu

192 2982 347 3019 Pavorem,
366 2979 439 3010 clam
455 2978 499 3009 vel
513 2979 620 3016 palam,
638 2986 684 3014 per
701 2976 745 3013 se,
766 2975 810 3005 vel
830 2985 877 3013 per
896 2975 980 3012 alios,
1000 2974 1193 3011 impenderet,
1212 2972 1257 3003 vel

193 3023 348 3059 quicquam
363 3017 437 3048 aliud
453 3024 646 3053 attemptaret,
664 3014 708 3044 vel
724 3014 826 3044 faceret
844 3013 1020 3050 attemptari,
1038 3022 1095 3050 quo
1113 3011 1258 3049 tranquili-

191 3068 229 3090 tas
245 3058 344 3088 nostrae
359 3057 452 3094 pacis,
466 3055 510 3085 seu
524 3055 623 3089 Regni
636 3052 721 3083 nostri
735 3053 833 3090 quovis
846 3051 953 3089 modo,
972 3050 1062 3088 poiset
1075 3050 1210 3089 impediri.

231 3097 310 3127 Cum
325 3105 417 3126 tamen
433 3094 510 3125 idem
529 3093 699 3131 Episcopus,
718 3091 755 3120 sic
777 3100 825 3127 per
844 3100 896 3119 nos
911 3089 1027 3126 gratiose
1049 3090 1178 3119 liberatus
1197 3090 1259 3126 (be-

194 3134 290 3166 neficii
304 3135 456 3168 inmemor)
475 3131 622 3170 praemill'is
643 3130 694 3160 suis
706 3129 818 3159 malitiis
832 3138 889 3158 non
905 3137 1071 3166 contentus,
1090 3127 1126 3158 set
1146 3127 1260 3165 Injurias

194 3173 305 3211 injuriis
315 3172 508 3209 accumulans,
526 3170 659 3200 Roberto
671 3168 706 3198 de
721 3167 805 3204 Erus,
821 3165 1045 3204 nephandissimo
1061 3165 1175 3203 nostrO,
1200 3165 1258 3196 Re-

195 3214 304 3250 gnique
325 3210 410 3240 nostri
426 3209 582 3246 Proditori,
600 3208 646 3238 die
667 3208 700 3237 &
721 3206 808 3236 nodie
832 3215 883 3242 pro
906 3205 1012 3234 viribus
1034 3203 1084 3234 suis
1106 3204 1259 3242 adhaereat,

195 3257 316 3281 eundem
332 3247 529 3285 Proditorem,
544 3248 577 3277 ad
595 3246 670 3284 pacis
690 3244 810 3282 nostrie,
826 3243 858 3274 δε
879 3242 1091 3279 tranquilitatis,
1108 3241 1261 3281 Regnique

196 3289 285 3319 nostri
308 3288 552 3325 impugnationem
569 3308 579 3323 ,
606 3288 620 3301 θ’
645 3282 818 3320 ExcitandO,
842 3281 976 3311 Favendo
997 3281 1030 3311 δε
1054 3280 1205 3318 Fovendo,
1223 3281 1260 3311 sic

197 3326 349 3358 novissima
369 3326 462 3363 pejora
482 3325 620 3362 prioribus
639 3321 855 3359 dampnabiliter
876 3318 1078 3359 perpetrando,
1095 3320 1262 3350 continuan-

201 3366 240 3396 do
251 3389 260 3404 ,
277 3367 309 3396 &
322 3363 502 3400 declarando,
518 3365 546 3392 in
559 3362 664 3392 animae
684 3360 738 3390 suae
759 3358 934 3397 periculum,
951 3365 1049 3388 contra
1067 3357 1263 3394 juramentum

196 3404 277 3435 suurn
292 3402 459 3442 praedietum
471 3401 623 3432 voluntarie
635 3397 794 3436 veniendo,
811 3407 843 3427 nc
863 3397 1032 3433 religionem
1048 3395 1206 3433 hujusmodi
1218 3397 1260 3434 ju-

197 3443 315 3472 ramenti
329 3442 435 3471 temere
452 3439 602 3476 violando,
619 3438 647 3467 in
661 3436 787 3466 nostrum
807 3445 840 3465 ac
854 3434 951 3471 Regni
967 3433 1067 3471 nostri,
1083 3442 1111 3464 ut
1134 3433 1267 3472 praedici-

196 3489 258 3547 gr,
276 3480 470 3517 praejudicium
485 3488 546 3508 non
559 3476 726 3514 modicum,
743 3473 916 3505 intolerabile
931 3472 1098 3511 Dampnum
1114 3475 1212 3513 pariter
1231 3474 1264 3503 &

233 3527 369 3548 ravamen.

237 3555 325 3593 Super
342 3556 456 3593 quibus,
473 3564 575 3592 pacem
592 3552 717 3584 nostram
732 3550 887 3588 Regnique
905 3549 991 3580 nostri
1006 3549 1116 3586 gravius
1132 3548 1267 3585 multipli-

201 3594 269 3624 citer
285 3593 497 3630 infringentibus
517 3595 550 3624 δε
574 3591 795 3631 perturbantibus
808 3613 817 3628 ,
843 3587 1050 3619 sanctissimam
1071 3586 1267 3617 paternitatem

204 3631 324 3674 vestram
335 3632 467 3673 obnixius
486 3631 688 3668 imploramus,
707 3629 870 3665 Rogamus,
889 3628 922 3657 &
943 3626 1145 3663 Obsecramus,
1162 3633 1192 3655 ut
1215 3624 1268 3656 sae-

202 3669 310 3711 pedit-,li
324 3669 454 3707 Episcopi
467 3669 620 3699 NVillielrni
632 3670 735 3698 merito
751 3666 986 3704 Depositionem,
1005 3674 1038 3695 ac
1055 3664 1151 3694 dilecti
1167 3664 1200 3694 &
1212 3664 1267 3693 cari

204 3706 309 3744 nostri,
328 3707 425 3737 Fratris
436 3708 561 3738 Thornae
575 3707 735 3744 supraditffti,
754 3705 835 3743 ipsius
846 3702 1028 3742 Episcopatus
1036 3701 1268 3741 Restitutionem,

205 3754 256 3788 per
270 3744 417 3787 gratiosam
430 3745 549 3776 Vestram
559 3744 765 3781 Collationein,
785 3754 836 3781 pro
852 3742 1005 3773 communi
1021 3751 1091 3780 pace
1105 3740 1200 3771 nostra
1206 3739 1268 3772 Re-

204 3792 313 3822 gnique
326 3783 413 3813 nostri
423 3805 432 3820 ,
450 3783 579 3814 ordinare
592 3783 749 3820 dignemini
763 3782 879 3812 celerius
892 3791 957 3811 cum
974 3778 1087 3810 effectu.

242 3819 370 3851 Vestram
399 3820 580 3852 Sandititatern
606 3820 788 3852 reverendam
806 3843 816 3858 ,
838 3829 887 3857 per
910 3818 1036 3857 prospera
1059 3816 1171 3848 dierum
1199 3826 1269 3853 aug-

201 3868 295 3902 menta
304 3881 314 3896 ,
331 3857 366 3887 ad
377 3857 508 3901 Ecclesice
523 3859 664 3889 honorem
679 3860 712 3889 &
724 3858 847 3889 fidelium
863 3857 976 3889 salutem
985 3880 995 3895 ,
1012 3856 1146 3894 dignetur
1159 3854 1266 3889 Altiisi·

204 3907 269 3929 mus
282 3906 312 3926 in
332 3899 464 3933 prosperis
478 3897 646 3927 conservare.

237 3935 299 3967 Dat
317 3933 448 3965 London.
463 3934 534 3972 apud
552 3933 855 3973 Westmonasterium,
874 3934 968 3971 primo
982 3933 1028 3965 die
1035 3932 1121 3972 Junii.

1275 242 1324 274 De
1348 236 1587 279 Par-donatione,
1604 236 1695 283 saper
1718 237 1824 269 Morte
1843 231 1969 267 hominis
1986 233 2135 280 interfesbi
2147 244 2202 280 per
2220 195 2488 303 Justas.2331{.)

2396 285 2424 303 v.
2443 285 2470 303 2.

1280 322 1403 379 REX
1421 322 1554 353 omnibus
1565 320 1676 353 Ballivis
1688 321 1721 353 &
1733 319 1860 351 fidelibus
1874 318 1940 358 suis,
1957 318 1992 350 ad
2006 328 2078 358 quos
2110 319 2174 350 &c.
2189 319 2314 352 salutem.
2359 315 2413 340 An.
2430 323 2472 342 ¹¹·

1357 401 1362 405 .
1396 360 1496 405 Sciatis
1516 360 1611 399 quod,
1633 361 1705 404 curn
1725 369 1830 398 nuper,
1855 369 1905 397 per
1925 358 2048 396 singulos
2070 341 2231 389 Comitatus
2252 358 2281 388 R
2338 359 2345 365 '
2360 354 2429 378 Ε-ῑ·

1277 397 1382 441 nostri,
1398 399 1514 437 publice
1528 400 1692 437 proclamari
1729 399 1762 429 &
1776 398 1825 428 sub
1842 398 1922 434 gravi
1937 396 2112 428 forisfactura
2134 396 2281 428 fecerimus
2332 415 2345 421 -
2359 393 2417 417 ΡΜ·
2430 399 2472 418 ¹¹·

1279 446 1364 468 miter
1378 438 1521 482 Inbiberi,
1537 447 1575 468 ne
1588 438 1666 476 quis,
1684 421 1809 474 Comes,
1830 435 1918 473 Baro,
1935 434 2039 474 Miles,
2055 434 2101 466 seu
2113 434 2180 466 alius
2195 434 2298 466 Homo
2309 435 2344 467 ad
2358 431 2388 455 E.
2403 437 2429 456 2·

1279 476 1367 507 Arma
1381 486 1571 515 quicumque,
1588 476 1658 507 infra
1667 476 1807 514 Regnum
1821 473 1947 505 nostrum
1957 473 2114 512 Turneare,
2128 472 2284 514 Burdeare,
2295 474 2345 514 Ju-
2359 473 2384 503 P·
2394 475 2419 493 2·
2435 475 2474 497 θ’·

1281 513 1333 544 stas
1347 514 1459 553 facere,
1476 514 1632 545 Aventuras
1671 524 1790 553 uaerere,
1807 513 1851 544 seu
1872 512 1923 543 alia
1941 510 2016 543 facta
2036 513 2196 543 Armorum
2220 521 2348 545 exercere
2365 513 2408 534 ¹0·

1281 553 1475 592 praesumeret,
1493 553 1550 583 fine
1565 552 1656 584 nostra
1679 553 1780 584 icentia
1794 551 1916 590 speciali:

1317 591 1362 622 Ac
1373 615 1383 630 ,
1399 592 1466 622 licet
1476 591 1618 631 johannes
1632 590 1774 631 Manduyt
1795 591 1829 621 &
1849 589 1982 627 Rogerus
2001 588 2037 620 de
2061 587 2204 630 Chedele,
2222 589 2353 630 Milites,

1281 629 1469 674 postmodum
1479 629 1571 668 Justas
1584 630 1701 660 fecerint
1711 629 1785 668 apud
1797 627 2019 659 Cirencestriarn
2027 650 2038 667 ,
2059 627 2089 658 in
2105 627 2250 660 Comitatu
2256 628 2350 660 Glou-

1281 667 1411 712 cestriae,
1423 676 1521 699 contra
1542 667 1804 699 Proclamationem
1825 668 1860 698 &
1881 666 2086 697 Inhibitionem
2106 666 2281 706 hujusmodi,
2299 678 2347 708 per

1282 717 1347 745 quas
1366 707 1480 745 quidem
1491 705 1582 745 Justas
1592 705 1688 749 'dictus
1697 705 1836 745 johannes
1849 705 2018 744 praedictum
2032 704 2185 744 Rogerum
2200 706 2350 738 interfecit.

1321 745 1451 776 Volentes
1465 753 1559 775 tamen
1573 744 1666 775 eidem
1678 744 1812 782 Johanni,

1319 783 1366 826 Ad
1389 783 1614 821 requisitionem,
1632 782 1729 813 dilecti
1751 782 1962 821 Consanguinei
1983 783 2017 814 &
2035 781 2123 814 fidelis
2141 782 2229 813 nostri
2267 783 2350 815 Ado-

1283 830 1352 867 mari
1370 821 1407 865 de
1434 821 1557 852 Valentia
1583 820 1707 851 Comitis
1732 820 1933 851 Pembrochiae
1946 843 1958 859 ‚
1981 830 2030 859 per
2056 832 2143 860 quem
2167 806 2352 853 intelleximus

1284 859 1362 901 quod
1374 860 1469 903 *didius
1483 859 1634 903 Rogetus,
1653 869 1702 897 per
1717 859 1918 898 infortunium,
1934 859 1968 890 &
1987 869 2046 890 non
2061 870 2111 898 per
2126 859 2288 898 Feloniam,
2305 869 2352 892 aut

1283 896 1429 941 Malitiam
1442 897 1573 941 praedieti
1582 897 1716 935 Johannis
1727 898 1960 935 praecogitatam,
1978 907 2103 929 mortem
2117 899 2154 929 sic
2171 898 2312 939 sustinuit,

1320 935 1450 980 Gratiam
1465 946 1495 966 in
1510 936 1563 966 hac
1580 944 1656 974 parte
1669 935 1758 966 facere
1772 935 1936 973 specialem,
1954 935 2170 973 pardonavimus
2190 938 2287 968 eidem
2298 939 2354 977 Jo-

1283 974 1368 1018 hanm
1383 973 1641 1013 transgreffionem,
1659 984 1745 1013 quam
1761 973 1829 1004 fecit
1838 973 1926 1012 Justas
1937 972 2069 1004 faciendo
2084 984 2183 1006 contra
2190 975 2352 1008 Proclama-

1283 1021 1393 1044 tionem
1410 1015 1443 1044 ὃς
1466 1012 1669 1044 inhibitionem
1690 1011 1852 1051 praedictas,
1868 1012 1903 1042 &
1924 1010 2039 1041 &Ciam
2061 1013 2137 1049 pacis
2149 1013 2252 1046 nostrae
2287 1026 2353 1054 quae

1284 1052 1319 1095 ad
1335 1053 1542 1095 nos-pertinet,
1561 1061 1612 1095 pro
1627 1060 1721 1082 morte
1744 1049 1900 1088 praediecfa3
1916 1049 1953 1080 ita
1972 1058 2068 1079 tamen
2082 1051 2162 1087 quod
2180 1051 2233 1083 stet
2253 1038 2354 1085 ite-ste

1284 1089 1418 1159 {sagma
1432 1089 1546 1129 nostra,
1561 1094 1582 1121 ii
1597 1091 1657 1129 quis
1669 1088 1760 1122 versus
1771 1098 1838 1120 eum
1853 1088 1932 1127 loqui
1950 1087 2070 1120 voluerit
2085 1089 2123 1120 de
2143 1098 2238 1122 morte
2259 1091 2353 1131 supra·

1308 1139 1316 1158 i
1351 1140 1373 1159 a.

1322 1166 1355 1198 In
1368 1168 1445 1205 cujus
1453 1191 1463 1206 ,
1480 1168 1540 1199 &c.

1366 1205 1454 1237 Teste
1472 1206 1555 1246 Rege
1577 1205 1650 1246 apud
1666 1204 1971 1245 westmonasterium,
1987 1213 2014 1245 5.
2026 1205 2073 1238 die
2080 1205 2168 1245 Junii,
2209 1242 2248 1261 ἦ,

1836 1268 1891 1296 Per
1908 1268 2002 1296 Breve
2020 1265 2052 1296 de
2065 1268 2181 1305 privato
2198 1266 2298 1305 Sigillo.

1313 1398 1422 1442 Bulla,
1446 1407 1549 1430 contra
1562 1394 1724 1431 Robertum
1744 1394 1780 1428 de
1795 1397 1892 1436 Erus,
1910 1393 2002 1441 fhper
2020 1397 2133 1429 Literis
2152 1397 2330 1437 Laceratis,

1485 1448 1616 1479 Nunciis
1631 1445 1787 1492 spoliatis,
1812 1447 1848 1482 ω’*
1866 1443 1994 1490 Treugis
2010 1445 2144 1478 violatis.

1283 1530 1452 1601 JOhannes
1469 1530 1644 1570 Episcopus,
1669 1530 1762 1562 servus
1779 1529 1921 1560 servorum
1939 1527 1997 1559 Dei
2034 1527 2176 1560 cariffimo
2193 1531 2223 1561 in
2241 1530 2359 1563 Christo
2379 1534 2445 1566 Arm
2467 1534 2504 1566 D

1289 1609 1312 1641 B
1334 1570 1591 1640 Fssi‘bassdwa‘do’
1609 1570 1683 1609 Regi
1708 1568 1824 1607 Angliae
1843 1567 1961 1608 Illustri,
1977 1551 2091 1600 salutem
2108 1569 2142 1600 &
2157 1569 2357 1608 Apostolicam
2399 1559 2485 1613 13{8‚
2501 1559 2509 1566 ⁵

1313 1620 1348 1640 en
1434 1620 1531 1640 onem.

1325 1647 1417 1679 Ecce!
1435 1648 1487 1678 Fili
1511 1646 1647 1679 carissime
1664 1670 1674 1686 ,
1696 1647 1734 1677 ne
1754 1653 1954 1684 contemptus,
1970 1654 2019 1683 per
2036 1643 2204 1678 Robertum
2220 1646 2258 1678 de
2272 1646 2358 1686 Brus,
2381 1616 2460 1680 agn:
2470 1623 2491 1641 ι’

1290 1685 1430 1724 Regnum
1449 1686 1557 1718 Scotiae
1571 1686 1759 1723 detinentem,
1780 1686 1811 1714 in
1828 1694 1879 1714 nos
1915 1684 1949 1715 &
1969 1683 2169 1722 Apostolicam
2186 1685 2289 1717 Sedem
2324 1696 2361 1717 ac
2379 1694 2420 1718 Ex
2433 1693 2491 1717 ΛιιΒ

1290 1725 1423 1772 Nuncios
1439 1725 1569 1770 nostros,
1587 1723 1860 1767 Sanetaessomanae
1877 1707 2010 1753 Ecclefiae
2029 1721 2206 1762 Cardinales,
2223 1710 2360 1762 pernitio-
2377 1737 2441 1766 togr.
2489 1720 2492 1722 ’

1288 1773 1319 1794 se
1337 1763 1518 1802 commissus,
1537 1773 1587 1801 per
1605 1764 1804 1801 impunitatem
1823 1761 1937 1792 transm
1955 1759 2012 1792 aliis
2028 1762 2059 1790 in
2077 1760 2266 1800 Exemplum:

1304 1842 1309 1846 -
1328 1802 1417 1840 Super
1433 1802 1629 1845 eonpraecipue
1646 1800 1727 1840 quod
1745 1800 1862 1831 Litteras
1879 1799 1983 1830 nostras
1995 1822 2005 1838 ,
2022 1799 2143 1831 salutaria
2159 1803 2268 1832 monita
2285 1811 2359 1833 con-

1290 1849 1407 1872 tinentes
1439 1840 1533 1871 miffas
1549 1841 1575 1871 ei
1591 1849 1641 1878 per
1659 1838 1825 1870 Cardinales
1841 1837 1953 1869 eosdem
1964 1862 1974 1877 ‚
1991 1839 2116 1876 recipere
2134 1839 2284 1871 recusavit:

1328 1864 1476 1918 Qiodque
1493 1879 1616 1918 ipsorum
1635 1877 1829 1909 Cardinalium
1854 1876 1989 1915 Litterae,
2007 1876 2085 1914 super
2102 1877 2298 1918 Treugarum,
2316 1879 2361 1908 in<

1290 1926 1331 1962 ter
1349 1926 1377 1949 te
1394 1918 1427 1949 &
1445 1917 1555 1956 ipsum,
1572 1927 1623 1955 per
1640 1926 1693 1947 nos
1706 1939 1716 1955 ‚
1733 1915 1897 1948 auetoritate
1915 1914 2102 1954 Apostolica,
2119 1915 2291 1948 indictarum
2308 1927 2362 1955 pu-

1290 1956 1443 2000 blicatione
1456 1979 1466 1994 ,
1493 1955 1637 1988 confeetae
1650 1978 1661 1994 ,
1684 1965 1750 1996 quae
1771 1965 1820 1993 per
1842 1953 1912 1984 duos
1934 1953 2040 1985 Fratres
2065 1953 2193 1985 Minores
2212 1956 2241 1984 in
2261 1955 2362 1986 scotia

1292 1995 1475 2026 mittebantur
1490 2017 1500 2032 ,
1525 1996 1555 2025 in
1574 1995 1688 2024 introitu
1706 1994 1812 2024 Scotiae
1828 2015 1837 2030 ,
1855 2002 1915 2022 non
1931 1992 2032 2030 absque
2050 1992 2134 2030 ipsius
2149 1992 2361 2031 Conniventia,

1292 2032 1419 2064 laceratae
1437 2032 1566 2070 fuerunt,
1583 2031 1724 2063 Fratribus
1738 2033 1800 2069 ipsis
1818 2031 1978 2061 immaniter
1995 2030 2130 2068 spoliatis:

1331 2071 1425 2111 Qod
1450 2072 1536 2102 etiam
1561 2070 1692 2107 Treugas
1717 2070 1785 2108 ipsas
1800 2093 1811 2108 ,
1838 2078 1956 2107 quarum
1974 2068 2217 2109 publicationem,
2234 2079 2298 2109 quae
2317 2079 2369 2109 per

1291 2117 1383 2141 totam
1408 2110 1545 2147 Angliam
1567 2108 1642 2140 facita
1667 2107 1720 2139 fuit
1733 2134 1742 2149 ‚
1770 2107 1951 2138 verisimiliter
1974 2107 2115 2147 ignorasse
2139 2118 2201 2139 non
2224 2108 2367 2148 creditur,

1292 2148 1411 2180 Ausibus
1436 2149 1588 2179 temerariis
1613 2147 1730 2178 violavit
1744 2170 1754 2185 ,
1780 2145 1888 2178 Villam
1902 2145 2053 2186 Berruychi
2067 2169 2078 2184 ,
2140 2146 2175 2178 asi
2192 2147 2365 2187 proditorie,
2407 2151 2492 2181 2111.-

1292 2185 1312 2205 ²¹⁸
1327 2186 1497 2226 occupando
1505 2188 1555 2226 „&
1573 2188 1602 2217 in
1620 2186 1664 2216 illa
1677 2184 1799 2216 Caedern
1818 2185 2031 2216 committendo
2049 2195 2098 2215 cru
2118 2185 2208 2215 elem:
2417 2200 2482 2227 7²²-

1332 2227 1443 2265 Qiod,
1460 2227 1590 2265 praeterea
1603 2247 1614 2263 ,
1638 2225 1690 2255 alia
1705 2224 1843 2254 nonnulla
1856 2245 1865 2261 ‚
1883 2224 1966 2253 nobis
1982 2233 2031 2261 per
2049 2223 2124 2261 ipsos
2142 2222 2302 2255 cardinales
2319 2226 2364 2256 in-
2494 2220 2499 2223 ’

1292 2266 1407 2303 rimata,
1427 2264 1591 2302 commilit,
1609 2272 1673 2301 quae
1688 2262 1795 2293 silentio
1810 2262 1998 2300 praeterimus3

1331 2304 1409 2334 Scire
1426 2311 1454 2333 te
1472 2303 1589 2334 facimus
1609 2300 1688 2339 quod
1714 2310 1762 2339 per
1784 2300 1847 2330 alias
1864 2299 1932 2330 certi
1955 2301 2058 2331 tenoris
2074 2299 2190 2332 Litteras
2207 2300 2367 2332 Cardinali-

1294 2341 1506 2379 busseripsimus
1518 2339 1683 2378 antedictis,
1700 2347 1730 2370 ut
1745 2338 1906 2369 Robertum
1915 2337 2022 2378 ipsum,
2039 2339 2181 2370 &omnes
2195 2341 2253 2377 ejus
2268 2338 2364 2370 Com-

1296 2381 1382 2419 plicffi
1406 2382 1436 2409 in
1455 2380 1508 2410 hac
1527 2387 1604 2417 parte
1620 2401 1630 2417 ,
1655 2378 1791 2408 nuncient
1806 2400 1816 2415 ,
1831 2376 1865 2407 &
1884 2378 2011 2407 nunciati
2030 2377 2133 2409 faciant
2151 2378 2283 2416 publice,
2299 2388 2366 2416 pro-

1295 2427 1327 2450 ut
1341 2418 1446 2458 justum
1463 2417 1584 2449 viderint
1597 2440 1608 2455 ,
1633 2415 1948 2447 Excommunicationis
1965 2415 2127 2447 sententiam
2141 2439 2151 2454 ,
2169 2425 2284 2454 propter
2301 2418 2366 2447 vio-

1295 2458 1428 2488 lationem
1445 2456 1623 2494 Treugarum
1637 2454 1810 2494 hujusmodi,
1828 2452 1988 2492 incurrisse,
2004 2453 2064 2484 suos
2077 2454 2280 2485 nichilominus
2294 2464 2367 2485 con—

1295 2505 1336 2528 tra
1352 2496 1412 2527 illos
1429 2519 1439 2535 ,
1462 2503 1545 2536 prout
1562 2495 1600 2525 eis
1616 2493 1778 2531 videbitur,
1803 2502 1839 2530 ag
1861 2493 1978 2523 ravaturi
2005 2491 2178 2531 Proceffus3
2199 2492 2234 2523 ὃς
2257 2493 2367 2531 insuper

1295 2543 1395 2566 contra
1413 2545 1460 2566 eos
1473 2557 1483 2573 ,
1505 2534 1539 2565 &
1557 2532 1694 2571 quossibet
1710 2532 1779 2561 alios
1792 2554 1802 2569 ,
1857 2531 1956 2561 lericos
1973 2531 2006 2561 &
2027 2530 2130 2562 Laicos
2143 2554 2155 2570 ,
2179 2531 2368 2572 cujuscunque

1297 2573 1452 2611 Dignitatis
1465 2596 1476 2611 ,
1500 2570 1618 2602 Ordinis
1631 2593 1641 2609 ,
1659 2570 1705 2600 seu
1721 2568 1822 2606 status,
1841 2568 2024 2606 impeditores
2040 2569 2085 2600 seu
2103 2569 2274 2600 Turbatores
2292 2572 2368 2608 pacis

1296 2612 1427 2650 Angliae,
1444 2611 1480 2642 ad
1503 2609 1606 2640 Poenas
1627 2607 1784 2646 Spirituales
1809 2608 1843 2638 δε
1866 2608 2052 2645 Temporales
2073 2609 2171 2639 acriter
2194 2607 2369 2648 processuri,

1297 2659 1379 2689 prout
1389 2651 1419 2680 in
1433 2649 1574 2688 praedic'tis
1592 2647 1704 2677 Litteris
1717 2646 1824 2683 plenius
1838 2648 2010 2677 continetur.

1335 2689 1413 2727 Qiae
1430 2688 1528 2719 omnia
1551 2687 1603 2717 tibi
1626 2685 1799 2723 providimus
1820 2684 1976 2715 intimanda
1990 2707 2000 2722 ,
2024 2692 2054 2715 ut
2074 2684 2217 2716 evidenter
2232 2684 2368 2723 agnoscas

1317 2735 1431 2758 uantum
1458 2726 1642 2757 devotionem
1662 2724 1695 2754 &
1719 2723 1910 2753 obedientiam
1934 2732 2060 2753 amamus
2082 2723 2246 2754 Humilium
2261 2747 2271 2762 ,
2296 2724 2369 2755 dum

1345 2766 1517 2796 ntumacium
1538 2772 1620 2802 atque
1653 2761 1815 2792 Rebellium
1853 2761 1890 2792 sic
1917 2761 2082 2792 mandamus
2114 2763 2205 2800 puniri
2237 2771 2371 2793 contem-

1295 2814 1401 2874 Ptfflt.
1419 2841 1555 2875 Avinion.
1573 2841 1600 2871 8.
1618 2839 1664 2871 die
1677 2838 1774 2879 Junii,
1790 2837 1975 2870 Pontificatfis
1986 2837 2073 2869 nostri
2087 2838 2175 2870 Anno
2189 2838 2322 2870 secundo.

1369 2971 1418 3002 De
1443 2966 1612 3012 Beneficiis,
1630 2977 1687 3013 pro
1720 2963 1902 2999 Cancellarii
1927 2964 2069 3007 Clericis,
2087 2962 2295 3011 providendis.

1298 3063 1344 3126 P
1354 3053 1414 3087 ΑΡ
1424 3053 1466 3085 AE
1486 3052 1551 3083 Rex
1565 3053 1667 3098 devota
1683 3051 1788 3090 pedum
1803 3050 1896 3082 oscula
1908 3051 2062 3081 beatorum.
2147 3088 2152 3093 1
2167 3087 2172 3093 ·
2384 3064 2451 3096 Am
2472 3064 2505 3095 D

1377 3093 1474 3138 'Cogit
1491 3091 1608 3135 affefitio
1622 3114 1632 3130 ,
1658 3100 1744 3134 quarn
1762 3090 1801 3134 'ad
1860 3088 1968 3132 rsonarn
1978 3110 1988 3125 ,
2014 3086 2185 3131 Venerabilis
2198 3086 2368 3158 PatrishJo-
2405 3089 2490 3143 131'8·

1299 3135 1397 3164 hannis
1409 3131 1453 3161 W
1454 3130 1620 3171 yntoniensis
1635 3128 1788 3167 Episcopi,
1833 3126 1970 3157 ancellarii
1984 3125 2087 3163 nostri,
2104 3135 2228 3163 gerimus
2241 3137 2270 3156 in
2280 3137 2297 3156 v
2319 3137 2368 3158 ce-

1301 3172 1378 3202 ribus
1401 3171 1537 3206 caritatis,
1555 3168 1589 3198 &
1613 3168 1694 3204 ipsius
1715 3166 1864 3196 desiderata
1884 3164 2047 3208 prosperitas
2068 3174 2119 3194 nos
2132 3164 2257 3203 inducit,
2274 3174 2304 3196 ut
2318 3176 2366 3205 ea,
2382 3147 2497 3209 {izin

1300 3212 1376 3241 circa
1387 3209 1447 3252 ‘ejus
1460 3206 1621 3249 personam,
1638 3215 1654 3234 a
1668 3203 1757 3248 yestra
1777 3202 1950 3246 Beatitudine
1973 3202 2081 3233 solicite
2097 3212 2299 3242 procuremus,
2317 3214 2368 3242 per
2382 3224 2401 3247 R
2470 3216 2504 3251 ὁ,

1322 3258 1366 3278 uae
1384 3245 1610 3276 incumbentium
1631 3243 1681 3272 sibi
1703 3240 1891 3285 diveriimode
1912 3241 2244 3285 laborumgravedinem
2258 3242 2369 3274 facilius
2384 3229 2456 3286 fgm‘,
2467 3266 2476 3284 ι

1313 3279 2279 3359 “Ῑέ3ῗὲαζῖῗὲὒέεῗέἓὲἀῗῑὲἒέἶὲαἑξᾟῗέὲῗὲἒέἕῗέἱὲ·κ
2301 3319 2367 3348 imi-
2383 3280 2459 3323 2'2·
2476 3278 2512 3322 ’³¹¹²

1303 3364 1362 3401 nis,
1381 3362 1465 3401 quam
1479 3359 1583 3403 Officii
1604 3329 1787 3388 Cancelssriae
1810 3341 1929 3395 nost’rae,
1948 3356 2106 3387 multorum
2123 3328 2316 3388 Litteratoruffn
2335 3356 2369 3387 ὅ(
2388 3343 2430 3362 ¹¹'

1303 3400 1484 3431 Prudentium
1505 3406 1633 3440 virorum
1654 3404 1779 3434 oporteat
1803 3395 1903 3426 habere
1922 3394 2069 3433 obsequia,
2085 3405 2208 3433 quorum
2233 3392 2370 3431 suffragiis

1305 3439 1450 3470 iminentia
1473 3444 1587 3473 negotia
1608 3434 1708 3478 discuti
1720 3434 1828 3465 valeant
1843 3435 1876 3464 &
1891 3434 1976 3464 etiam
1990 3433 2129 3471 expediri:
2145 3443 2199 3464 nec
2215 3432 2327 3462 facultas
2341 3433 2369 3463 ei

1304 3478 1421 3515 suppetit
1444 3484 1544 3506 eorum
1565 3473 1678 3511 singulis
1698 3472 1736 3503 de
1755 3471 1901 3503 Beneficiis
1921 3473 2163 3512 competentibuS,
2176 3472 2251 3509 juxta
2269 3480 2369 3501 eorum

1306 3517 1420 3553 merita,
1460 3512 1586 3544 rovidere
1601 3523 1611 3549 ς
1634 3511 1784 3550 praesertim
1798 3512 1868 3541 curn
1885 3510 1974 3548 plures
1988 3510 2069 3540 solito
2079 3519 2114 3540 ex
2128 3509 2211 3540 caufiS
2223 3509 2371 3547 praemiffis

1306 3555 1405 3585 habeat
1450 3553 1548 3583 lericos
1563 3561 1569 3579 :
1597 3551 1649 3593 ὅς,
1669 3552 1698 3580 in
1712 3549 1917 3592 Beneficiorum
1936 3548 2178 3586 Collatione,‘per
2193 3545 2372 3578 Provifiones

1306 3594 1393 3623 varias
1407 3591 1485 3622 Sedis
1500 3588 1672 3632 Apostolicae
1707 3597 1766 3626 ejus
1777 3587 1898 3625 potestas
1911 3587 1941 3619 sit
1956 3586 2092 3618 restricta:

1346 3630 1454 3660 Vestrae
1476 3627 1645 3659 Clementiae
1689 3627 1777 3656 evotis
1800 3627 1929 3663 precibus
1942 3625 2142 3663 supplicamus,
2159 3624 2284 3660 quatinus
2296 3633 2370 3660 prae-

1307 3669 1367 3700 fato
1382 3668 1546 3705 Episcopo,
1563 3664 1772 3703 praemifforum
1792 3665 1891 3695 intuitu
1904 3687 1914 3702 ,
1933 3664 2072 3700 nostrique
2094 3660 2266 3700 Rogaminis
2287 3662 2372 3692 inter-

1307 3716 1410 3744 ventu,
1428 3705 1589 3737 concedere
1610 3702 1772 3739 dignemini
1792 3704 1911 3740 gratiose
1925 3725 1936 3740 ‚
1960 3709 1990 3732 ut
2009 3698 2170 3736 Beneficia,
2193 3708 2293 3729 coram
2309 3700 2372 3740 ipso

1307 3745 1435 3782 dimifla,
1454 3746 1561 3774 ratione
1575 3741 1778 3773 constitutionis
1793 3741 1907 3778 vestrae,
1927 3746 2023 3771 contra
2036 3736 2199 3774 pluralitates
2211 3746 2300 3774 nuper
2313 3739 2374 3768 edi-

1308 3792 1362 3821 tae,
1380 3784 1440 3812 tam
1461 3783 1491 3812 in
1514 3780 1687 3848 Episcffiu
1709 3779 1776 3818 su0,
1793 3780 1877 3818 quan-i
1897 3778 1988 3809 alieno
2016 3776 2025 3814 (
2054 3785 2099 3805 uae
2113 3774 2150 3804 de
2165 3773 2373 3812 Episcoporum

1307 3821 1459 3852 Patronatu
1482 3830 1541 3850 non
1565 3819 1610 3849 exi
1672 3818 1701 3855 t)
1729 3818 1858 3848 conferre
1879 3815 1960 3855 poffit
1978 3814 2029 3845 suis
2072 3812 2161 3842 lericis
2197 3812 2289 3850 eisque
2302 3823 2372 3852 pro-

1306 3859 1402 3929 veifiere
1415 3858 1450 3889 de
1461 3858 1566 3888 eisdem
1575 3880 1584 3896 ,
1598 3866 1632 3888 ex
1641 3855 1774 3887 concessa
1787 3856 1839 3886 fibi
1852 3866 1869 3886 a
1882 3852 1974 3887 vestra
1988 3850 2140 3884 Sanffltate
2154 3834 2233 3888 si'iper
2245 3852 2305 3891 lioe
2319 3861 2373 3891 po·

1306 3907 1318 3929 t
1360 3906 1414 3928 ate·
2376 3894 2380 3899 ’

1345 3920 1418 3973 Vel}
1434 3935 1455 3965 fi
1469 3934 1567 3965 vestrae
1582 3933 1716 3972 placuerit
1730 3931 1945 4002 bffiolentiaffi
1963 3926 2039 3958 di&
2054 3926 2190 3958 beneficia
2205 3929 2286 3958 certis
2308 3939 2372 3967 per-

1307 3975 1397 4012 sonis,
1416 3972 1452 4004 de
1466 3974 1547 4011 ipsius
1555 3971 1723 4005 Canceuarii
1738 3982 1758 4003 n
1812 3972 1824 3994 Γ
1841 3967 1974 4005 clericis,
1991 3975 2060 4005 per,
2076 3965 2213 3998 dilectum
2227 3965 2374 3998 Clericum

2306 4014 2362 4037 ΠΟ·
