2562 4279
744 230 854 271 ET
939 230 1205 272 ACTA

16 326 92 360 Arm,
107 326 145 358 D,
162 318 293 387 cIlflorenis
307 319 343 349 de
357 319 465 357 Scuto,
484 328 554 357 quos
566 328 619 358 pro
635 317 755 357 quadam
767 317 853 357 parva
872 315 991 346 Corona
1009 316 1131 345 similiter
1148 315 1225 344 inv-a-

183 367 236 387 iata

15 377 125 443 Εξιῇῳὸ
201 381 289 426 Ac’in
303 395 409 426 Tribus
427 395 544 425 Milibus
558 395 746 424 Florenorum
760 393 796 423 de
810 394 916 429 Scuto,
934 392 963 421 in
980 391 1078 428 quibus
1090 390 1224 420 Domino

163 433 199 464 de
223 433 307 474 Kuyc
329 444 364 463 ex
379 436 460 464 certis
475 434 559 464 caulis
574 442 703 463 tenemur
718 455 727 470 ,
747 433 779 462 δε
794 441 865 469 quos
880 439 978 459 coram
999 429 1079 471 nobis
1094 430 1126 458 ἃ
1140 429 1223 471 Con-⁴

162 474 229 541 ‹szilio
249 472 349 540 postte
364 482 416 512 pro
439 473 521 502 nobis
535 471 660 509 solvere,
684 472 728 501 vel
743 471 805 500 alias
821 467 1046 499 Satisfaetionem
1060 470 1169 505 tacere,
1187 473 1225 497 al-

177 521 225 541 um
259 520 278 540 1t

203 521 264 588 (fiii
278 533 391 587 q’uidem
408 548 520 578 Floreni
534 549 567 578 ad
587 547 737 578 Undecim
756 545 853 586 Milia,
867 543 1049 582 septingentas
1070 545 1102 575 &
1118 544 1223 583 Viginti

166 588 284 655 LibNraS,
302 588 335 617 ὃς
349 587 420 617 duos
433 587 562 624 Solidos,
581 586 788 621 Sterlingorum
804 587 829 612 le
843 582 1012 619 extendunt,

235 635 267 654 os

201 647 337 693 Voie'ntes
355 662 448 693 eidem
473 664 603 693 Antonio
620 662 655 691 de
675 658 812 697 praedie‘tis
828 658 1013 689 Pecuniarum
1029 658 1141 689 summis
1154 659 1227 689 satis-

166 702 225 733 fieri
241 709 325 740 prout
339 700 435 740 decet,

203 738 402 769 Conceffimus
418 742 441 769 ei
459 741 491 770 &
507 738 700 777 assignavimus
713 745 812 765 omnes
827 735 984 774 Denarios,

208 777 256 807 De
271 777 400 808 Subsidio
424 779 574 814 Agnorunt
596 774 739 804 Vellerum
754 775 786 804 &
802 774 981 811 Garbarum,
999 774 1080 804 nobis
1092 784 1138 811 per
1152 774 1228 804 Prte-

166 816 252 855 latos,
271 815 402 846 Comites
417 840 426 854 ,
442 816 563 846 Barones
584 814 617 844 &
639 812 868 843 Communitates
884 836 892 851 ,
910 812 1107 843 Comitatuum
1128 813 1229 850 Berks,

166 855 243 885 Buks
253 878 263 893 ‚
281 856 314 885 &
326 854 521 890 Rotelandiae,

207 894 253 923 Ac
261 916 272 932 ,
290 893 326 923 de
339 891 431 922 Nona
446 901 494 929 per
507 889 594 920 Cives
607 890 640 920 δε
653 889 815 929 Bergenses,

208 930 484 969 Qintadecimfiquc
499 939 548 967 per
564 928 753 967 hs'lercatores,
771 929 799 958 in
817 927 988 958 Civitatibus
1009 928 1042 958 δε
1057 927 1156 965 Burgis
1171 937 1231 957 non

169 978 379 1000 commorantes
394 991 403 1005 ,
423 968 455 998 8<
470 967 536 997 alios
553 968 580 997 in
604 968 689 997 Locis
711 967 901 997 Solitudinum
922 975 1082 1005 manentes,
1101 966 1232 997 caeteros-

170 1019 227 1047 que
239 1008 288 1047 qui
303 1006 338 1036 de
356 1006 458 1036 Stauro
472 1007 571 1036 ovium
591 1006 635 1035 vel
653 1004 831 1044 Agricultura
846 1016 905 1035 non
921 1006 1037 1043 vivunt,

208 1046 242 1076 In
257 1045 358 1075 eisdem
373 1043 561 1075 Comitatibus
575 1044 730 1082 concellis,
748 1045 958 1083 provenientes,

206 1082 364 1113 Habendos
387 1083 419 1113 ὃς
440 1083 637 1122 percipiendos
663 1093 712 1120 per
734 1093 830 1113 manus
851 1082 1049 1119 Receptorum
1070 1081 1233 1112 nostrorum

167 1124 253 1162 (quos
271 1121 306 1151 ad
323 1121 474 1159 praedidtos
495 1121 654 1158 Denarios,
671 1131 739 1151 cum
755 1121 817 1151 illos
837 1121 920 1150 levari
933 1121 1104 1159 contigerit,
1125 1121 1154 1149 in
1169 1119 1232 1150 Co-

168 1160 311 1192 mitatibus
332 1159 473 1199 praediCtis
501 1159 674 1197 recipiendos
693 1159 853 1190 duxerimus
876 1158 1062 1196 Deputandos
1079 1160 1088 1196 )
1115 1168 1163 1197 per
1184 1158 1233 1188 In-

169 1200 315 1237 denturas,
334 1198 401 1228 inde
416 1199 487 1228 inter
502 1199 588 1239 ipfiim
603 1198 778 1236 Antonium,
797 1198 841 1227 vel
858 1198 914 1233 ejus
928 1199 958 1226 in
972 1197 1024 1227 hac
1044 1205 1119 1234 parte
1135 1197 1235 1227 Attor—

171 1246 288 1275 natum,
308 1238 340 1268 ὃς
356 1237 505 1276 praedietos
523 1238 714 1274 Receptores,
735 1236 825 1266 modo
838 1235 935 1265 debito
950 1234 1154 1272 conficxendas3

210 1275 251 1306 Ita
271 1275 349 1314 quod
365 1299 375 1314 ,
401 1276 419 1305 fi
443 1276 554 1306 dictum
575 1274 735 1305 Subsidium
751 1275 777 1304 A
799 1284 900 1303 norum
917 1272 1062 1303 Vellerum
1077 1274 1110 1304 &
1124 1273 1236 1303 Garba-

170 1324 253 1352 rum,
273 1325 305 1344 ac
321 1313 411 1344 Nona
425 1315 457 1345 &
475 1313 697 1353 Qintadecima
712 1322 768 1349 prae
790 1311 986 1350 i6tae,di&am
1001 1312 1150 1342 Summam
1166 1312 1236 1342 Un—

173 1353 269 1383 decim
294 1352 413 1382 Milium
434 1353 676 1391 Septingentarum
701 1351 734 1381 &
755 1350 864 1389 Viginti
888 1350 1037 1380 Librarum
1058 1351 1090 1380 &
1106 1349 1239 1380 Duorum

173 1391 336 1421 Solidorum
353 1391 558 1430 Sterlingorum
574 1389 723 1427 excedant,
741 1398 809 1420 tunc
829 1389 863 1419 de
883 1399 919 1419 co
933 1412 943 1427 ,
961 1389 1038 1428 quod
1053 1388 1216 1426 superfuerit
1232 1411 1242 1427 ,

173 1431 273 1468 nobis,
291 1438 374 1466 prout
388 1429 486 1467 decet,
505 1428 699 1468 respondeatur
708 1451 717 1466 ,

211 1468 263 1506 Et,
283 1469 302 1497 si
317 1467 390 1498 forte
406 1468 439 1498 ad
457 1467 609 1498 Summam
622 1466 697 1496 illam
712 1476 771 1497 non
784 1466 934 1504 attingant,
952 1473 1021 1496 tunc
1041 1465 1076 1495 de
1091 1475 1144 1504 e0,
1162 1465 1240 1503 quod

174 1507 241 1537 inde
256 1506 390 1544 desuerit,
409 1505 500 1535 eidem
516 1506 663 1543 Antonio,
681 1505 725 1535 vel
738 1506 794 1542 ejus
811 1505 961 1534 Attornato
974 1504 1112 1543 praedi&o
1129 1526 1138 1541 ,
1158 1504 1242 1534 Solu—

174 1546 282 1612 tionepi
292 1568 301 1582 ,
320 1545 365 1587 seu
377 1545 444 1613 aliffigsc
451 1543 692 1584 Assignationem,
711 1543 769 1572 fieri
783 1543 918 1573 faciemus
932 1551 1153 1580 competentem.

266 1593 283 1612 n
299 1593 332 1612 cu
348 1593 377 1611 us
447 1592 472 1612 c.

211 1621 301 1652 Teste
317 1593 400 1661 dege
414 1620 488 1659 apud
502 1619 807 1658 Westmonasterium,
825 1619 939 1650 decimo
954 1619 1072 1659 septimo
1088 1618 1133 1648 die
1142 1615 1224 1646 Maii.

638 1699 693 1727 Per
707 1695 789 1736 ipfitm
802 1700 898 1734 Regem
914 1694 951 1730 (ῥ’
965 1693 1117 1724 Concilium.

176 1773 274 1837 ET
298 1776 462 1824 mandatum
490 1775 532 1805 est
550 1774 723 1813 Receptori,
744 1774 804 1816 &c.
831 1773 859 1802 in
880 1770 961 1815 dioto
975 1771 1124 1815 Comitatu
1139 1768 1244 1807 Berks,

255 1815 333 1854 quod
343 1815 398 1854 ipse
412 1815 498 1852 usque
512 1813 546 1844 ad
561 1813 711 1843 Summam
761 1820 865 1850 umque
878 1809 995 1840 Mllium
1012 1810 1159 1840 Librarum
1168 1806 1245 1847 ,&c.

180 1860 213 1882 ut
237 1861 305 1892 upra
321 1857 351 1883 in
371 1852 435 1883 aliis
449 1851 593 1882 Brevibus.

175 1928 272 1989 ET
291 1928 452 1959 mandatum
462 1927 503 1958 est
517 1928 673 1964 Receptori
685 1927 767 1971 ‚·&c.
776 1927 805 1956 in
818 1925 898 1969 dieto
907 1924 1055 1969 Comitatu
1070 1923 1247 1974 Buk53quod

253 1968 309 2005 ipse
326 1968 409 2008 usque
423 1967 458 1998 ad
474 1967 628 1998 Summam
648 1966 786 2005 Quique
810 1964 930 1994 Milium
951 1964 1119 2002 Librarum,
1135 1974 1196 1998 wc.
1215 1970 1247 1993 ut

171 2005 270 2046 fiepra.

177 2080 234 2141 E
244 2081 342 2112 Odem
358 2083 448 2128 modo
468 2083 631 2132 mandatum
645 2082 687 2113 est
695 2082 851 2122 Receptori
863 2104 871 2119 ,
880 2080 940 2111 &c.
961 2080 989 2108 in
1006 2078 1088 2122 *dieto
1102 2079 1249 2124 Comitum

259 2120 457 2160 Rotelandiae,
476 2123 557 2161 quod
571 2122 625 2161 ipse
638 2122 722 2161 usque
736 2121 770 2151 ad
793 2121 942 2150 Summam
963 2117 1046 2147 Mille
1064 2119 1250 2158 septingenta-

179 2169 243 2190 rum
258 2159 291 2190 &
306 2160 407 2199 viginti
422 2160 572 2192 Librarum
589 2161 622 2192 ὃς
637 2161 761 2191 duorum
775 2158 959 2195 Solidorum,
975 2154 1036 2191 &a
1055 2164 1086 2187 ut
1094 2157 1187 2196 fitpra.

184 2236 241 2298 E
252 2236 283 2267 T
298 2237 465 2306 saer
480 2275 674 2317 W
1095 2295 1104 2311 ,

179 2314 310 2346 Huscarll
324 2337 334 2352 ,
356 2313 485 2345 Thomae
507 2315 544 2345 de
565 2314 715 2345 Hunstane
726 2337 737 2352 ,
757 2312 884 2344 Ricatdo
910 2311 1017 2351 Peynel
1031 2335 1040 2350 ,
1065 2312 1099 2342 ὃς
1119 2311 1252 2342 Robetto

181 2353 293 2390 Maric,
312 2354 341 2382 in
356 2353 438 2383 dieto
448 2353 596 2384 Comitatu
609 2353 708 2383 Berks:

218 2391 256 2422 Et
270 2391 376 2421 Abbati
390 2391 425 2421 de
438 2391 473 2422 N
475 2392 582 2430 oteley,
591 2391 722 2428 Philippo
735 2391 771 2421 de
786 2389 959 2430 Aylesbury‚
974 2388 1101 2419 Ricardo
1111 2388 1137 2419 le
1145 2388 1253 2426 Ward,

184 2431 217 2462 ὃ(
235 2430 306 2460 Adae
321 2429 507 2473 atteGlorie,
522 2431 552 2460 in
566 2430 647 2460 dieto
660 2429 809 2460 Comitatu
823 2428 931 2472 Buclgs:
1009 2466 1013 2471 ·
1037 2466 1043 2471 .

219 2467 259 2497 Et
280 2468 386 2498 Abbatl
401 2468 497 2499 Sanffl
512 2468 615 2507 jacobi
632 2468 668 2498 de
682 2467 920 2505 Norhamptonia
960 2465 1125 2496 W'illrelmo
1145 2464 1255 2504 Lovel,

181 2505 312 2536 Thomae
325 2506 362 2549 de
377 2505 489 2536 Bukton
498 2530 507 2545 ,
525 2506 680 2537 Eustachio
692 2507 728 2537 de
741 2506 903 2546 Brumeby,
917 2489 1043 2544 J⁷ohanni
1055 2504 1093 2548 de
1104 2503 1256 2542 Hegham,

183 2543 403 2613 &dfflmfflisde
415 2545 619 2585 W'aldegrave,
638 2546 666 2576 in
678 2545 758 2576 dieto
775 2543 926 2575 Comitatu
941 2543 1138 2581 Rotelandiae,

272 2595 279 2612 1
301 2593 335 2612 na

221 2592 315 2660 di
338 2605 387 2658 ipsi
414 2630 514 2651 omnes
540 2621 679 2652 Denarios
694 2645 704 2660 ,
728 2621 763 2652 de
784 2622 863 2652 dieto
888 2618 1018 2651 Subsidio
1041 2619 1254 2659 provenientes,

184 2661 305 2700 praetatis
318 2659 527 2697 Receptoribus
540 2659 656 2690 liberent
670 2662 700 2690 in
712 2660 806 2691 forma
819 2659 982 2700 supradidta.

222 2697 313 2730 Teste
328 2707 358 2729 ut
372 2698 458 2736 supra.

664 2739 718 2767 Per
732 2734 814 2776 ipfitm
829 2739 926 2774 Regem
941 2735 979 2771 ὠ
995 2733 1148 2766 Concilium.

396 2864 503 2894 Litera
524 2864 613 2908 Regis
631 2861 716 2908 miffiz
734 2860 837 2908 Insttlae
861 2860 898 2894 de
917 2862 1048 2911 Gerest’y.

36 2961 114 2994 Arm·
128 2959 171 2991 D.
186 2945 334 3016 REIX,
348 2947 483 3016 (Pilleestils
493 2948 527 2978 ὃς
542 2947 686 3016 s{ideliibtg
698 2948 768 3016 Γυίῗ,
786 2947 911 3016 Βειὲὶίὶιο,
926 2946 1028 2984 Juratis
1040 2969 1050 2985 ‚
1068 2946 1102 2977 &
1118 2944 1253 2976 omnibus

35 2996 487 3075 ,4171345'34Fiilellist'atisev'eiikizid⁸
497 2993 1125 3070 ssssqffanffiamffeess&Nsssstfgss'nostfpmn,
1140 3022 1251 3066 conser-

36 3082 60 3105 E
91 3087 103 3114 3
188 3069 334 3094 varronem
343 3063 456 3103 Jurium
465 3086 475 3101 ,
492 3063 600 3093 nedum
611 3063 744 3103 Relat1o,
761 3064 800 3094 set
813 3059 940 3092 Effec‘tus
953 3061 1072 3099 Operis,
1086 3061 1168 3091 didus
1181 3070 1254 3100 prae-

37 3100 176 3153 &auf-14·
189 3102 363 3147 ponderans,
379 3102 453 3147 clare
465 3102 600 3140 probant:
620 3112 686 3132 nam
695 3102 801 3147 semper
818 3102 846 3145 in
861 3100 1014 3144 diledtione
1028 3098 1124 3144 nostra
1138 3110 1189 3143 vos
1198 3100 1254 3143 fer*

36 3158 68 3181 E.
87 3163 113 3190 3-
189 3147 328 3170 ventrores
340 3150 516 3179 mvenlmUS,
533 3151 591 3180 quo
604 3151 657 3179 pro
671 3141 754 3185 nobis
769 3148 896 3180 gravrora
910 3137 1063 3182 D-ispend1a
1077 3137 1233 3182 pertulistis.

37 3199 64 3230 p·
85 3202 109 3219 ι,
225 3176 344 3217 Propter
364 3179 441 3217 quod
453 3202 462 3216 ‚
486 3179 554 3210 ficut
575 3179 692 3210 Honori
709 3179 808 3210 nostro
823 3185 959 3209 convenit
974 3199 983 3212 ,
1001 3175 1248 3206 Communitatem

38 3239 74 3258 m·
93 3239 124 3268 ,3
143 3229 169 3257 d,
184 3215 323 3255 vestram,
341 3217 374 3248 &
389 3218 531 3257 singulares
551 3217 682 3249 Personas
693 3217 833 3256 ejusdem,
851 3216 889 3247 fic
908 3215 1065 3246 curabimus
1082 3214 1168 3251 (Deo
1181 3214 1250 3245 dan-

129 3252 136 3260 '
181 3263 208 3285 te
217 3255 321 3323 {sgffte
341 3256 491 3295 respicere,
518 3256 598 3295 quod
616 3255 768 3296 gaudebitis
787 3264 853 3294 erga
867 3264 921 3285 nos
934 3262 993 3285 tam
1007 3252 1177 3283 laudabiliter
1192 3262 1244 3285 vos

205 3304 220 3324 e
245 3305 253 3323 1
279 3303 302 3322 e.

185 3302 203 3333 g
220 3331 319 3362 Velitis
339 3331 420 3371 igitur
433 3355 443 3370 ,
461 3331 626 3363 Affeffione
647 3332 741 3371 solita,
755 3333 832 3371 juxta
852 3328 966 3361 firmam
980 3353 990 3368 ,
1008 3339 1093 3368 quam
1113 3329 1149 3360 de
1168 3329 1251 3360 vobis

183 3371 363 3408 optinemus,
382 3370 544 3409 Fiduciam,
560 3372 634 3401 circa
655 3370 861 3401 Defensionem
875 3369 1019 3400 di&orum
1035 3369 1162 3407 jurium,
1179 3379 1252 3399 con-

187 3417 228 3438 tra
248 3409 330 3438 nobis
350 3408 531 3439 Adversantes
545 3431 554 3446 ,
569 3418 628 3439 tam
650 3410 864 3448 magnanimiter
886 3418 939 3438 vos
953 3408 1072 3443 habere,
1088 3416 1136 3446 ut,
1154 3415 1252 3446 praeter

188 3446 274 3477 laudis
289 3448 483 3485 praeconium,
497 3447 575 3486 quod
588 3456 622 3477 ex
637 3446 694 3477 hoc
708 3447 829 3477 mirifice
843 3447 968 3485 poteritis
983 3446 1095 3483 adipisci
1114 3469 1123 3484 ,
1139 3456 1154 3476 a
1169 3446 1253 3476 nobis

189 3485 423 3516 Retributionem
445 3486 561 3515 uberem
572 3486 724 3521 reportetis.

225 3524 314 3562 Super
333 3524 388 3552 aliis
411 3525 500 3561 vero,
515 3524 574 3552 tam
592 3523 746 3554 Honorem
765 3522 894 3553 nostrum
943 3523 1027 3561 quam
1046 3520 1249 3551 Commodum

191 3562 418 3601 contingentibus
430 3584 439 3599 ‚
458 3561 564 3591 dilecto
578 3562 659 3591 nobis
675 3584 684 3599 ,
702 3561 830 3591 Thomae
844 3560 880 3590 de
896 3544 982 3590 Cerfe
996 3582 1005 3598 ‚
1023 3559 1140 3590 Clerico
1153 3559 1189 3589 de
1204 3559 1251 3590 In·

192 3600 247 3632 sula
258 3600 353 3631 nostra
364 3599 516 3640 praedidia,
534 3600 657 3639 praebere
670 3609 721 3630 vos
736 3599 868 3630 volumus
880 3597 991 3635 plenam
1007 3598 1114 3628 Fidem.

228 3638 296 3670 Dat.
315 3638 388 3678 apud
402 3637 690 3669 Westmonasterium
698 3660 708 3676 ,
728 3638 862 3668 vicesimo
875 3635 921 3666 die
936 3637 1017 3668 Maii.

648 3715 702 3743 Per
717 3713 799 3753 ipficm
807 3716 902 3752 Regem
919 3711 956 3749 όν
972 3711 1123 3743 Concilium.

44 3850 121 3881 Ann.
138 3848 179 3880 D.
368 3843 427 3874 Pro
447 3842 523 3886 Rege
540 3841 640 3872 Scotiae
651 3860 662 3876 ‚
678 3838 768 3884 fitper
785 3838 925 3883 Expenfis
941 3836 1084 3882 Hospitii.

46 3897 163 3963 “1734104
267 3923 333 3954 ΕΧ
351 3925 514 3973 Omnibus,
532 3924 567 3955 ad
581 3934 670 3964 quos,
686 3923 747 3954 &c.
763 3922 896 3953 Salutem.

47 3970 115 4032 {oti
119 3988 161 4039 1⁷4-
230 3962 569 4040 Juxtasgartdsinffiigrdrdm,
587 4010 635 4041 per
654 3999 723 4031 Nos
738 3999 770 4030 &
785 3996 953 4029 Concilium
966 3991 1094 4028 nostrum
1113 4006 1204 4035 nuper
1217 3996 1257 4029 fa—

47 4046 140 4145 {²3⁶6
198 4039 629 4147 &ffiggssffimff'PMigssffico
643 4077 783 4116 Principi,
802 4075 936 4107 Domino
949 4073 1091 4108 Edwardo
1105 4074 1142 4106 de
1156 4073 1257 4107 Ballie—

51 4127 88 4146 Μ.
106 4129 120 4145 2
144 4140 150 4146 .
331 4127 378 4146 0711.
430 4140 436 4146 .
481 4139 488 4146 ι
553 4139 560 4147 ι

1291 227 1763 270 PUBLICA.
2274 234 2330 280 75³

1271 312 1313 348 lo,
1332 311 1542 355 Regi-Scotiae‚
1561 323 1612 352 pro
1625 313 1756 352 Expensis
1770 314 1894 354 Hospitii
1910 314 1965 352 sui,
1986 314 2177 354 Qadraginta
2197 307 2324 353 Solidos,
2341 308 2465 347 Annffl:

1269 350 1377 388 singulis
1391 351 1489 380 dicbus
1503 360 1630 390 tempore
1643 352 1743 390 Pacis,
2358 357 2440 392 1346:

1306 388 1502 431 &Sexaginta
1514 389 1625 420 Solidos
1639 391 1747 429 singulis
1759 390 1854 422 diebus
1866 399 1993 430 tempore
2005 392 2105 430 quode
2119 393 2231 424 Guerrfi
2241 391 2322 432 equi·
2336 394 2402 420 Edv-
2424 403 2449 428 3:

1267 433 1383 463 tavent,

1283 503 1287 507 ⁴
1304 464 1501 503 percipiendos
1515 488 1524 503 ,
1542 476 1557 496 a
1578 466 1662 496 Festo
1682 466 1795 497 Paschae
1816 468 1950 507 proximo
1970 470 2109 508 praeterito
2122 493 2131 508 ,
2156 470 2190 500 ad
2205 470 2324 501 Scacca-

1267 512 1339 545 rium
1361 502 1489 533 nostrum
1503 525 1511 540 ‚
1537 503 1570 534 ad
1592 504 1771 535 Voluntatem
1794 506 1916 536 nostram
1933 530 1942 545 ,
1970 508 2013 536 vel
2035 512 2178 547 quousque
2194 509 2229 539 de
2245 509 2323 540 Statu

1266 540 1485 583 ejusdem-Regis
1499 542 1574 572 aliter
1585 542 1744 573 duxerimus
1756 545 1952 574 ordinandum.

1304 578 1336 608 In
1352 588 1446 616 cunm,
1460 580 1518 609 &c.

1343 616 1432 647 Teste
1445 616 1525 657 Rege
1538 618 1611 655 apud
1619 619 1905 651 Westmonasterium
1914 643 1922 658 ,
1941 622 2075 651 vicesimo
2085 623 2160 653 sexto
2172 624 2217 655 die
2226 623 2306 654 Maii.

1747 699 1800 725 Per
1813 697 1894 735 ipsum
1908 700 2000 734 Regem
2015 696 2052 731 (ῤ’
2064 699 2216 730 Concilium.

1272 769 1327 830 E
1338 770 1368 800 T
1387 770 1547 801 mandatum
1562 770 1603 800 est
1616 771 1816 810 Triennium,
1825 774 1857 803 δε
1873 772 2052 812 camerariis,
2071 776 2150 814 qubd
2159 776 2252 807 eidem
2265 776 2328 807 Re-

1345 810 1372 847 gi
1393 809 1585 848 Qradraginta
1603 810 1710 840 Solidos
1724 812 1831 849 lingulis
1847 812 1943 842 diebus
1959 822 2085 849 tempore
2100 814 2195 853 Pacis,

1309 846 1509 890 EtlSexaginta
1521 848 1630 878 Solidos
1644 849 1748 887 lingulis
1763 850 1859 879 diebus
1872 860 2000 890 tempore
2013 861 2070 888 quo
2081 852 2115 882 de
2124 852 2232 883 Gucrra
2247 855 2327 891 equi-

1272 893 1384 923 taverit,
1404 896 1417 915 a
1438 887 1516 916 (licto
1536 886 1619 916 Festo
1644 887 1771 923 Paschae,
1791 888 1826 916 de
1846 888 1992 919 Thesauro
2012 889 2098 927 Regis
2112 890 2234 930 solvant,
2249 893 2326 930 juxta

1273 932 1400 953 tenorem
1416 924 1570 954 Litcrarum
1584 924 1673 964 Regis
1684 926 1888 963 praedictarum.

1311 961 1398 992 Teste
1414 971 1442 993 ut
1459 964 1542 1000 supra.

1753 1003 1806 1031 Per
1818 1002 1899 1040 ipsmn
1913 1006 2006 1040 Regem
2018 1001 2054 1037 ὠ
2071 1003 2223 1034 Concilium.

1533 1146 1553 1166 *
1579 1147 1625 1178 De
1646 1145 1764 1189 Custode
1781 1148 1894 1194 Anglire
1911 1147 2070 1190 constitutor

2351 1169 2367 1186 ἦ
2378 1172 2413 1197 V.
2426 1168 2488 1203 187:

1279 1235 1331 1288 R
1341 1231 1365 1261 E
1375 1230 1405 1261 X
1425 1231 1587 1278 Omnibus,
1602 1231 1636 1261 ad
1651 1241 1736 1271 quos,
1753 1232 1814 1263 &e
1834 1232 1966 1263 Salutem.
2357 1233 2484 1267 Ann.D.

1389 1271 1484 1300 &cratis
1497 1269 1575 1308 quod
1584 1293 1594 1308 ‚
2375 1283 2461 1314 1340.

1316 1308 1396 1338 Cum
1414 1308 1497 1346 Nos,
2353 1318 2405 1341 Aa.
2424 1322 2466 1347 ¹4-

1318 1347 1365 1377 De
1385 1345 1514 1377 Consilio
1538 1347 1570 1377 ὅτ
1592 1346 1709 1377 Assensu
1733 1346 1937 1385 Praelatorum,
1956 1347 2105 1378 Comitum
2120 1373 2129 1386 ,
2147 1349 2286 1380 Barohum
2304 1352 2337 1382 &
2356 1356 2385 1380 E.
2407 1362 2431 1387 3-

1281 1384 1452 1423 Procerum,
1471 1395 1504 1415 ac
1521 1384 1759 1423 communitatis,
1777 1385 1873 1424 Regni
1887 1386 1975 1416 nostri
1991 1387 2118 1425 Anglic,
2136 1398 2187 1424 pro
2198 1390 2339 1419 Tuitione
2356 1394 2415 1417 Par.
2429 1397 2470 1423 14.

1281 1425 1314 1454 &
1328 1424 1485 1454 salvatione
1499 1423 1620 1462 ejusdem
1637 1424 1747 1462 Regni,
1765 1434 1798 1454 ac
1812 1425 1998 1462 quorumdam
2013 1425 2129 1455 aliorum
2143 1426 2255 1463 jurium
2277 1426 2339 1457 Co·
2360 1433 2386 1455 Ε.
2406 1438 2430 1461 2.

1280 1471 1361 1492 ronae
1383 1461 1486 1491 nostra:
1501 1485 1510 1499 ,
1526 1472 1639 1491 necnon
1661 1472 1713 1501 pro
1735 1463 1897 1501 quibusdam
1919 1463 1975 1493 aliis
1995 1463 2143 1503 Negotiis,
2159 1464 2283 1494 nostram
2307 1466 2340 1495 &
2355 1474 2379 1503 pr
2398 1462 2425 1493 i.

1282 1500 1361 1537 ipsius
1377 1500 1470 1538 Regni
1486 1500 1574 1530 nostri
1591 1501 1738 1531 utilitatem
1753 1502 1944 1540 tangentibus,
2357 1515 2393 1532 771.
2414 1515 2457 1536 ²:-

1320 1539 1412 1568 Simus
1426 1539 1459 1567 ad
1473 1547 1560 1575 partes
1573 1538 1779 1569 Transmarinas
1793 1541 1821 1568 in
1837 1541 1968 1578 proximo
1983 1540 2159 1578 personaliter
2169 1541 2322 1579 prostituti
2331 1565 2341 1580 ,
2434 1537 2443 1542 .

1321 1576 1357 1607 Et
1379 1577 1503 1617 intimius
1524 1577 1638 1607 insideat
1653 1578 1735 1607 nobis
1754 1577 1850 1614 cordi,
1866 1578 1945 1616 quod
1967 1579 2023 1608 Pax
2039 1578 2131 1609 nostra
2145 1602 2155 1618 ,
2174 1581 2233 1609 tam
2247 1581 2275 1610 in
2288 1590 2344 1610 no-

1284 1615 1337 1645 stra
1357 1615 1476 1644 absentia
1491 1637 1499 1652 ,
1537 1615 1602 1643 uam
1621 1615 1763 1654 praesentia
1779 1638 1788 1653 ,
1806 1616 2004 1647 inviolabiliter
2018 1618 2178 1648 observetur
2189 1642 2199 1656 ‚
2217 1619 2250 1649 δε
2264 1618 2346 1657 quod

1284 1653 1332 1729 ί-(ῑίῑ
1345 1654 1505 1721 conlimunis
1515 1624 1624 1690 ‚iustitia
1638 1654 1749 1691 lingulis
1767 1655 2003 1692 conquerentibus
2015 1657 2043 1686 in
2056 1655 2107 1686 suis
2127 1656 2295 1688 Afflonibus
2311 1658 2345 1688 &

1322 1701 1394 1721 uaere
1406 1701 1441 1729 is,

1401 1753 1410 1767 5

1325 1768 1375 1798 De
1391 1768 1549 1807 Fidelitate,
1567 1767 1674 1798 Dilee'ti
1695 1769 1728 1799 ὃς
1742 1768 1842 1798 Fidelis
1856 1768 1959 1808 nostri,
1976 1769 2107 1801 Edwardi
2126 1771 2218 1802 Ducis
2232 1771 2348 1802 Cornu-

1287 1807 1343 1876 Eiae
1365 1807 1397 1837 &
1419 1806 1544 1838 Comitis
1557 1805 1692 1846 Cestriae,
1711 1807 1775 1838 Filii
1787 1806 1876 1837 nostri
1892 1806 2078 1848 Primogeniti
2091 1832 2101 1848 ‚
2121 1810 2242 1847 plenarie
2258 1810 2348 1841 confi-

1308 1854 1384 1875 entes

1329 1868 1538 1914 Con'stituimus
1564 1883 1650 1923 ipsum
1673 1882 1834 1914 Custodem
1856 1883 1925 1914 dieti
1945 1883 2040 1922 Regni
2062 1884 2151 1916 nostri
2167 1886 2299 1926 Anghae,
2316 1896 2350 1917 ac

1292 1923 1407 1952 Locum
1427 1922 1556 1952 nostrum
1578 1930 1722 1952 tenentem
1746 1923 1774 1952 in
1797 1921 1900 1952 eodem
1924 1922 2046 1960 Regno,
2065 1925 2200 1963 quamdiu
2222 1927 2251 1956 in
2269 1925 2353 1956 dietis

1290 1961 1494 1991 Transmarinis
1507 1962 1630 1997 partibus
1645 1970 1756 1991 moram
1771 1960 1935 1999 fecerimus,
1948 1961 1994 1992 vel
2015 1961 2109 1992 donec
2129 1963 2202 1994 aliud
2216 1963 2282 1994 inde
2299 1964 2352 1995 du-

1290 2000 1410 2029 xerimus
1424 1998 1626 2029 ordinandum.

1329 2037 1440 2068 Damus
1460 2047 1552 2067 autem
1574 2037 1720 2068 Universis
1740 2037 1774 2068 δε
1793 2037 1901 2077 singulis
1923 2037 2165 2078 Archiepiscopis‚
2189 2039 2351 2081 Episcopis5

1293 2076 1451 2107 Abbatibus
1463 2099 1473 2114 ,
1492 2076 1634 2106 Prioribus
1650 2099 1659 2113 ‚
1677 2076 1857 2113 Cornitibus,
1881 2075 2034 2106 Batonibus
2045 2100 2054 2115 ,
2074 2077 2214 2109 Militibus
2228 2102 2238 2118 ,
2257 2078 2353 2109 Corn-

1294 2116 1492 2153 munitatibus,
1511 2114 1756 2152 Vicecomitibus,
1776 2114 1882 2144 Liberis
1896 2114 2072 2146 Hominibus
2085 2140 2095 2155 ‚
2114 2116 2238 2155 BaHivis,
2258 2118 2352 2149 Mini-

1295 2153 1372 2192 stris,
1393 2153 1427 2184 &
1446 2153 1581 2183 omnibus
1599 2153 1655 2183 aliis
1679 2153 1817 2183 Fidelibus
1838 2152 1940 2183 nostris
1952 2175 1962 2190 ‚
1980 2162 2080 2184 tenore
2100 2155 2277 2192 praesentiurn
2292 2180 2301 2195 ‚
2320 2159 2352 2187 in

1293 2191 1447 2230 mandatis,
1464 2191 1543 2231 quod
1558 2191 1673 2228 praefato
1688 2191 1921 2230 Duci,tanquam
1938 2191 2059 2222 Custodi
2077 2193 2177 2224 nostro
2192 2194 2257 2225 disti
2274 2194 2354 2234 Reg-

1292 2232 1322 2260 ni
1346 2231 1391 2260 An
1413 2231 1456 2260 liae
1470 2253 1479 2268 ,
1497 2230 1530 2260 &
1549 2229 1665 2260 Locum
1679 2231 1786 2260 tenenti
1799 2232 1827 2260 in
1841 2228 1943 2259 eodem
1980 2231 2007 2259 in
2026 2231 2078 2261 hiis
2091 2254 2101 2269 ,
2121 2242 2184 2272 quae
2201 2232 2235 2262 ad
2248 2233 2355 2264 dietam

1294 2268 1389 2300 Custo
1410 2271 1467 2299 iam
1486 2269 1647 2307 pertinent,
1666 2267 1845 2300 Intendentes
1857 2267 1925 2306 lint,
1944 2253 2173 2309 Respondentes,
2191 2271 2355 2302 Consulens

1294 2315 1334 2338 tes
1350 2308 1384 2338 ὃς
1399 2307 1576 2338 Auxiliantes.

1370 2345 1401 2375 In
1417 2346 1510 2384 cujus,
1529 2346 1590 2377 &c.

1332 2384 1420 2415 Teste
1432 2383 1512 2424 Rege
1526 2383 1599 2424 apud
1611 2382 1916 2424 Westmonasterium,
1932 2383 2066 2416 vicesimo
2080 2385 2202 2423 septimo
2217 2386 2264 2418 die
2271 2386 2354 2418 Maii.

1932 2463 1986 2491 Per
2001 2461 2081 2501 ipfitm
2096 2464 2199 2500 Regem.

1300 2541 1355 2595 R
1367 2539 1391 2570 E
1402 2538 1450 2579 X,
1470 2539 1590 2570 Βίῐεᾶο
1609 2539 1642 2570 &
1665 2537 1750 2568 Fideli
1770 2538 1837 2577 suo,
1855 2536 2015 2569 Willielmo
2029 2538 2065 2570 de
2080 2538 2225 2580 Clymen,
2242 2540 2358 2573 Comiti

1379 2578 1634 2618 Huntyngdoniae,
1655 2577 1789 2608 Salutem.

1334 2615 1414 2646 Cum
1431 2617 1515 2655 Nos,

1333 2653 1382 2684 De
1404 2654 1533 2686 Consilio
1553 2654 1586 2684 &1
1609 2652 1725 2683 Assensu
1747 2651 1931 2683 Praelatorum
1947 2676 1957 2691 ,
1976 2653 2128 2685 Comitum
2140 2679 2148 2693 ,
2165 2655 2306 2686 Baronum
2323 2657 2358 2688 δε

1298 2691 1474 2731 Procerum,
1489 2703 1521 2723 ac
1538 2691 1775 2729 Cominunitatis,
1794 2691 1888 2731 Regni
1903 2692 1991 2722 nostri
2006 2693 2133 2732 Angliae,
2153 2702 2206 2731 pro
2219 2695 2360 2725 Tuitione

1296 2732 1329 2762 &
1351 2731 1509 2762 Salvatione
1531 2730 1653 2767 ejusdem
1676 2730 1796 2768 Regni,
1814 2739 1877 2763 erc.
1894 2738 1976 2767 prout
1985 2729 2070 2768 fiapra
2090 2731 2168 2771 usque
2183 2731 2239 2762 haec
2253 2732 2360 2770 verba;

1297 2773 1359 2799 viz.
1378 2772 1411 2802 &
1427 2779 1456 2800 ut
1471 2769 1565 2801 nostra
1580 2769 1613 2799 &
1628 2768 1697 2799 diCti
1713 2768 1808 2807 Regni
1828 2769 1941 2807 Angliae
1952 2791 1962 2806 ‚
1978 2778 2010 2797 ac
2024 2769 2137 2799 aliarum
2153 2770 2309 2801 Terrarum
2326 2773 2361 2803 ὃς

1298 2808 1449 2839 Locorum
1458 2833 1467 2847 ‚
1487 2809 1615 2846 Negotia
1629 2806 1779 2837 consultius
1793 2805 1979 2844 deducantur,
1998 2807 2031 2836 ὃς
2046 2808 2176 2839 salubrius
2189 2809 2362 2849 dirigantur,

1296 2847 1333 2877 de
1348 2847 1530 2881 Avisamento
1550 2845 1678 2875 Concilii
1698 2845 1786 2875 nostri
1801 2866 1809 2879 ,
1829 2844 2019 2875 ordinavimus
2033 2846 2114 2884 quod
2129 2856 2181 2877 vos
2195 2870 2205 2886 ,
2222 2849 2277 2878 una
2292 2858 2361 2878 cum

1298 2885 1464 2923 quibusdam
1477 2885 1534 2915 aliis
1547 2883 1726 2923 Magnatibus
1740 2885 1773 2914 &
1789 2881 1812 2911 F
1813 2883 1929 2913 idelibus
1942 2882 2059 2922 nostris,
2076 2894 2144 2914 cum
2163 2886 2280 2925 praefato
2294 2886 2362 2917 Du-

1296 2934 1330 2954 ce
1345 2947 1354 2961 ,
1373 2934 1422 2961 per
1444 2932 1530 2960 partes
1551 2922 1621 2952 dieti
1642 2922 1737 2960 Regni
1756 2920 1845 2951 nostri
1866 2917 1977 2961 Angliae
1991 2944 2000 2958 ‚
2018 2923 2064 2952 ubi
2079 2923 2135 2961 ipse
2149 2924 2300 2964 transierit,
2316 2924 2362 2955 vel

1295 2962 1368 2992 inibi
1380 2972 1491 2992 moram
1510 2961 1625 2999 fecerit,
1641 2959 1797 2998 proficisci,
1812 2961 1845 2991 &
1860 2960 1952 2990 eidem
1974 2960 2105 2991 Consiliis
2119 2962 2152 2992 &
2168 2962 2285 2993 Auxiliis
2298 2962 2361 2993 affi-

1295 3000 1366 3031 stere
1380 3000 1516 3038 debeatis,
1534 3000 1618 3029 nobis
1636 3000 1674 3030 fic
1689 3000 1838 3035 agentibus
1851 2999 1880 3028 in
1893 2999 2018 3036 partibus
2034 2998 2252 3039 Transmarinis,

1333 3039 1393 3070 Vos
1413 3047 1544 3078 rogamus
1556 3061 1565 3076 ,
1584 3038 1665 3068 vobis
1685 3037 1885 3067 nichilominus
1896 3036 2045 3068 distriffius
2064 3038 2237 3076 injunoendo
2251 3061 2261 3076 ,
2276 3047 2357 3069 mana

1296 3077 1413 3114 dantes,
1434 3077 1512 3114 quod
1534 3077 1628 3106 eidem
1650 3076 1725 3106 Duci
1746 3077 1776 3105 in
1799 3075 1891 3106 forma
1912 3075 2043 3114 praedieta
2057 3062 2224 3114 intendatis,
2243 3078 2276 3107 ὃς
2289 3078 2357 3117 fibi,

1296 3117 1349 3146 una
1363 3125 1430 3146 cum
1444 3115 1502 3145 aliis
1517 3115 1551 3145 de
1565 3114 1703 3149 Concilio
1717 3115 1781 3152 suo,
1801 3116 1858 3145 tam
1880 3116 1908 3144 in
1923 3115 1974 3145 hiis
1986 3138 1995 3153 ‚
2014 3124 2077 3152 quae
2091 3113 2290 3145 Direetionern
2305 3122 2356 3146 ne-

1293 3155 1438 3194 gotiorum
1472 3153 1672 3191 raeffldtowm,
1691 3154 1723 3184 &
1740 3152 1992 3183 Conservationem
2008 3152 2087 3182 Pacis
2102 3152 2206 3183 nostrae
2220 3176 2230 3191 ‚
2248 3164 2281 3184 ac
2297 3153 2356 3185 Pu-

1293 3193 1432 3222 nitionem
1474 3191 1689 3229 talefaetornm,
1707 3192 1793 3229 quam
1810 3191 1876 3222 Aliis
1889 3215 1899 3229 ‚
1918 3202 1982 3229 qua:
2004 3190 2158 3221 Honorem
2171 3191 2301 3222 nostrum
2321 3193 2356 3224 &

1293 3230 1484 3262 commodum
1494 3254 1504 3269 ‚
1521 3241 1555 3261 ac
1569 3231 1706 3269 Qietem
1721 3231 1754 3260 ὃς
1767 3229 2001 3269 Tranquilitatem
2020 3229 2122 3268 Populi
2135 3252 2145 3267 ‚
2170 3231 2252 3260 nobis
2264 3231 2355 3269 subje-

1293 3269 1350 3308 ἂί,
1369 3278 1567 3306 concernunt,
1584 3270 1616 3299 &
1637 3278 1810 3299 concernere
1825 3277 1956 3305 poterunt
1969 3291 1979 3306 ,
2002 3267 2124 3297 vestrum
2139 3266 2298 3299 Consilium
2317 3270 2352 3300 <Sc

1293 3307 1437 3338 Auxilium
1452 3307 1627 3346 diligentius,
1636 3307 1705 3337 sicut
1718 3307 1754 3337 de
1762 3308 1843 3337 vobis
1856 3305 2042 3343 confidimus,
2056 3306 2240 3345 impendatis,
2252 3316 2354 3346 quam-⁷

1292 3346 1393 3415 giudsic
1408 3346 1531 3376 absentes
1545 3346 1678 3376 fuerimus
1690 3369 1699 3384 ,
1717 3346 1761 3375 vel
1781 3345 1874 3375 donec
1896 3344 1970 3374 aliud
1984 3345 2049 3374 inde
2063 3344 2222 3375 duxerimus
2235 3345 2354 3376 demand

1312 3395 1344 3414 an
1368 3394 1427 3415 um.

1328 3423 1420 3454 Teste
1433 3422 1514 3462 Rege
1526 3422 1600 3460 apud
1614 3421 1897 3454 Westmonasterium
1906 3444 1916 3460 ‚
1934 3421 2071 3452 vicefimo
2083 3420 2189 3451 ottavo
2196 3421 2242 3452 die
2251 3420 2331 3453 Maii.

1930 3500 1983 3527 Per
1995 3496 2075 3536 ipſsml
2090 3499 2193 3535 Regem.

1583 3570 1750 3606 Confimiles
1765 3574 1869 3605 Literae
1885 3574 2055 3614 diriguntur,

1330 3653 1366 3692 J.
1381 3651 1566 3693 Cantuarierfi
1583 3652 1782 3691 Archiepifiopo
1798 3674 1808 3689 ,
1825 3653 1907 3680 totius
1922 3649 2034 3688 Angliae
2048 3652 2167 3681 Primati
2182 3650 2247 3690 ‚sirb
2261 3648 2353 3682 eadem

1331 3693 1501 3759 Henz'tifvaile
1523 3731 1619 3768 Percy,
1681 3759 1684 3761 Α

1334 3768 1440 3798 Thomae
1455 3767 1539 3797 Wake
1552 3768 1583 3796 de
1596 3764 1699 3804 Lydel,

1334 3805 1475 3844 Radulpho
1489 3806 1520 3835 de
1533 3802 1639 3834 Nevill.

1337 3881 1426 3913 Teste
1441 3881 1522 3921 Rege
1535 3880 1609 3919 apud
1622 3879 1747 3912 Shottele
1755 3902 1765 3918 ‚
1783 3880 1918 3911 vicesimo
1930 3880 2024 3917 primo
2036 3878 2176 3917 dieJunii.

1934 3958 1989 3985 Per
2001 3955 2082 3996 ipsium
2093 3958 2198 3995 Regem«.

1775 4102 1842 4137 Ka
2280 4105 2362 4137 ‘De
