2562 4279
0 249 38 270 111.
52 236 94 267 D.

5 285 67 318 322.

0 318 30 343 ἔν.
44 323 70 342 2.

7 2464 62 2493 111.

0 2511 40 2539 74·

0 3068 57 3092 mn.
67 3061 107 3093 D.

1 3109 80 3141 ¹3²2·

2 3142 29 3168 η.
42 3141 88 3168 16.

3 3198 111 3254 ὶαιιῂιό.

3 3264 51 3284 .2·
75 3264 112 3283 m.

665 155 777 194 ET
862 152 1131 195 ACTA

108 249 171 271 rum
187 242 245 272 tam
260 252 309 280 per
323 252 376 273 nos
389 265 400 281 ,
426 242 509 279 quam
527 240 594 271 alios
612 239 764 278 deputatis,
783 239 816 270 &
838 240 867 270 in
880 238 983 269 eisdem
999 237 1103 268 Castris
1118 237 1175 267 exi*

106 279 260 319 stentibuS,
275 281 310 312 ad
325 291 412 320 quo5,
425 282 483 311 &c.
500 279 623 309 salutem.

140 318 240 350 Sciatis
253 320 331 358 quod
348 329 415 358 nos,
434 318 469 348 de
488 316 746 354 circumspectione
764 315 883 354 provida
904 315 937 346 ὃ(
956 312 1086 345 fidelitate
1107 323 1174 350 pro-

108 356 191 397 barri,
207 357 302 388 dilecti
315 359 348 389 δε
365 357 450 388 fidelis
461 355 548 386 nostri
585 355 705 384 Andre-x
719 354 755 384 de
770 354 905 391 Hartcla,
921 352 1045 383 Comitis
1060 351 1175 382 Karlio-

108 397 146 435 li,
171 396 276 434 plenius
295 395 466 427 confidentes
481 417 490 433 ,
517 378 709 432 affi'gnavimus
729 392 820 429 ipsum
844 390 993 422 Comitem
1014 390 1173 429 Capitalem

108 435 270 466 Custodem
293 434 490 465 Comitatuum
511 432 712 470 praedistorum
735 431 768 461 δε
794 430 989 460 Marcbiarum
1013 429 1174 459 nostrarum

108 474 315 512 adjacentium,
334 474 366 504 &
384 472 552 512 superiorem
576 469 764 499 Arraiatoretn
785 469 818 498 &
839 467 974 506 Ducem,
994 469 1052 498 tam
1068 467 1175 498 Homi-

110 523 181 543 num
196 512 230 543 ad
251 512 355 550 Arma,
372 511 454 548 quiim
474 507 624 545 Peditum,
642 506 809 537 eorumdem
824 505 1025 537 Comitatuum
1042 507 1075 537 &
1095 505 1175 536 Mar-

109 552 251 587 cbiarum,
270 548 402 588 quamdiu
415 548 496 577 nobis
510 546 656 584 placuerit:
785 583 790 588 .
851 583 856 588 ⁵
881 583 885 588 ⁴

148 588 187 620 Et
200 589 266 619 ideo
281 588 379 625 vobis,
396 586 528 616 omnibus
542 584 574 614 ὃς
595 583 702 622 singulis
719 582 833 613 firmiter
849 582 1041 621 iniungendo,
1061 582 1176 612 manda-

113 638 192 666 mus,
212 625 341 665 quatinus
355 624 471 662 praefato
486 622 613 659 Comiti,
630 630 760 660 tanquam
770 619 889 660 Capitali
903 620 1027 651 Custodi
1041 620 1173 651 Comita-

110 675 193 697 tuum
209 666 242 697 80
263 663 458 694 Μ31011131·11111
481 660 680 700 predictorum
695 682 704 697 ,
728 660 760 690 ὅ(
777 659 919 698 Superiori
943 660 1093 691 Arraiatori
1107 682 1116 698 ,
1142 660 1176 689 &

110 703 363 735 DuciHominurn
378 699 549 738 hujusmodi,
568 699 596 728 in
611 699 745 728 omnibus
762 698 795 728 &
811 698 939 738 singuliS,
958 708 1021 738 quae
1036 697 1175 736 praeniissa

110 743 280 780 contingunt
294 764 304 778 .,
329 740 382 770 sitis
402 737 576 768 intendentes
591 758 601 774 ,
624 736 788 766 obedientes
801 760 811 774 ,
836 737 1029 774 consulentes,
1054 737 1087 767 &
1101 737 1177 766 auxi-

110 782 219 817 liantes,
238 779 366 815 quotiens
381 777 413 807 &
426 775 540 815 quando
556 784 604 812 per
626 774 716 812 ipsum
736 773 887 806 Comitem
903 798 914 814 ,
938 776 1018 814 super
1039 775 1117 814 hoc,
1143 784 1177 805 ex

109 827 187 860 parte
202 816 313 855 nostra,
330 814 432 846 fueritis
444 814 615 850 praemuniti.

149 855 239 886 Vobis
254 855 379 892 insuper,
397 852 511 895 praefate
527 851 742 882 Constabularie
756 875 766 891 ,
791 853 823 883 &
843 852 958 883 cuilibet
979 850 1109 882 vestrsim
1129 851 1177 882 da-

109 905 190 931 muS,
213 902 310 924 tenore
329 892 504 930 praesentium
521 913 530 929 ,
553 891 581 919 in
602 891 738 921 mandatis
758 890 839 929 quod
861 891 1010 928 praefatum
1027 889 1178 920 Comitem

113 934 143 963 in
157 931 262 963 Castris
275 929 439 970 praediffis,
455 929 525 959 cum
539 928 572 960 ad
592 939 639 967 ea,
659 930 705 960 vel
719 929 835 967 aliquod
855 939 956 960 eorum
973 930 1111 960 declinare
1125 939 1178 958 vo-

112 972 212 1009 luerit,
232 968 384 1008 ingressum
407 968 508 999 habere
528 968 710 1007 permittatis,
727 968 778 1006 δε,
797 967 910 998 dimisti)
931 967 1079 998 sufficienti
1100 967 1178 1005 posse

110 1019 166 1048 pro
176 1006 314 1039 Custodi&
334 1006 500 1037 Castrorum
515 1006 699 1044 eorumdem,
718 1016 785 1036 cum
802 1006 904 1036 eodem
920 1006 1037 1038 Comite
1058 1005 1092 1036 ad
1114 1016 1179 1043 gra-

111 1048 237 1079 vandum
251 1045 390 1076 Inimicos
405 1045 516 1075 nostros
532 1068 541 1083 ,
564 1047 672 1084 quanto
693 1045 834 1082 potentius
849 1046 972 1085 poteritis
986 1069 997 1084 ,
1017 1043 1179 1086 proficisca-

109 1086 197 1155 milni,
214 1093 298 1128 prout
310 1085 392 1153 {5¹³ss
405 1085 534 1123 injunget
549 1093 582 1113 ex
598 1093 676 1122 parte
691 1082 794 1115 nostra.

163 1134 181 1154 n
197 1133 232 1153 cu
245 1133 273 1153 us
345 1132 370 1152 c.

183 1162 213 1191 T
214 1134 271 1191 eiie
281 1146 377 1197 ³Rege
397 1161 470 1198 apud
494 1160 622 1192 Novum
643 1160 776 1191 Castrum
801 1160 880 1198 super
897 1160 1015 1201 Tyriam
1029 1183 1039 1198 ,
1063 1160 1179 1191 decimo

147 1201 249 1239 quinto
265 1199 311 1230 die
322 1200 503 1237 Septembris.

135 1240 139 1245 '
605 1239 658 1267 Per
672 1240 766 1267 Breve
780 1238 811 1267 de
818 1240 934 1276 privato
951 1236 1048 1274 Sigillo.

165 1315 277 1347 Eodem
291 1315 382 1346 modo
393 1313 740 1383 3111ξς11311ξ11ἴπῖ01110111111,ι
758 1316 787 1345 111
804 1313 994 1345 Comitatibus
1010 1314 1043 1345 ὃς
1056 1314 1125 1344 locis

532 1364 548 1383 u
579 1361 692 1392 criptis,
713 1363 769 1384 viz.

147 1431 247 1462 David
258 1433 346 1460 Comes
359 1428 486 1459 Atholrae
502 1432 530 1458 in
545 1432 683 1462 Comitatu
697 1429 904 1462 Nerthumbriae
921 1428 959 1465 ῤ’
976 1429 1112 1460 Mari-hiis
1126 1428 1178 1460 ad-

181 1469 352 1509 jacentibus,
369 1478 431 1503 wc.
453 1476 485 1498 ut
514 1476 589 1506 upra.

779 1509 831 1538 Per
846 1506 927 1546 ipsum
942 1509 1046 1544 Regem.

110 1585 191 1641 ET
208 1584 372 1616 mandatum
387 1583 428 1614 est
439 1583 569 1614 Henrico
582 1583 617 1614 de
638 1583 727 1624 Percy
742 1607 752 1621 ,
777 1583 857 1623 quod
878 1583 994 1621 praefato
1009 1583 1121 1614 Comiti
1138 1583 1180 1614 A-

164 1625 280 1663 tholi-z,
299 1632 432 1662 tanquam
447 1621 566 1661 Capitali
582 1622 704 1653 Custodi
719 1622 861 1652 (1ὶᾶ0111111
877 1621 1037 1652 Comitatus
1051 1623 1084 1653 ὃ(
1098 1622 1180 1652 Mar-

111 1663 259 1701 cbiarum,
277 1663 310 1693 &
326 1662 468 1698 Superiori
489 1661 654 1698 Arraiatori,
673 1662 705 1691 ὃς
727 1660 806 1690 Duci
822 1660 987 1691 Hominum
1001 1660 1179 1699 hujusmodi,

113 1704 142 1732 in
159 1702 292 1733 omnibus
305 1701 338 1731 &
358 1699 467 1738 singulis
479 1721 490 1737 ,
512 1709 575 1738 quae
595 1698 734 1738 praemisia
749 1699 919 1738 contingunt
930 1722 941 1737 ,
963 1699 995 1729 sit
1014 1699 1179 1738 intendens,

114 1741 267 1784 obediens,
286 1738 432 1769 consulens
445 1737 638 1781 80311111113113,
657 1737 828 1775 faciensque,
844 1748 914 1781 cum
934 1746 998 1781 toto
1013 1737 1093 1776 poffe
1112 1738 1180 1776 suo,

112 1789 154 1848 Ξῖ)
161 1789 225 1856 ἶὲῗ
232 1777 329 1856 1ῒὲιῖ
333 1775 637 1858 ᾗῗεῗὲῗεὶἓιὲᾛῖἐὲξὲ
643 1785 770 1844 ciffi}
782 1775 894 1854 ἓῗὲῥέῑ
904 1778 1180 1846 (13οἓἒίῗέῑὲῗὲἓὲἓὲ

112 1855 250 1893 Alnewyk
262 1853 411 1884 sufficienti
455 1852 565 1897 1111011ιᾷ
581 1863 638 1897 Ρῐο
657 1852 760 1897 eodem
776 1862 782 1882 ε
808 1853 846 1883 Et
859 1853 1000 1890 praemiffa
1010 1877 1019 1893 ,
1037 1854 1105 1884 sicut
1119 1854 1181 1884 Re-

110 1902 178 1934 gem
190 1894 223 1924 &
238 1892 392 1923 Honorem
408 1890 497 1931 Regis
509 1891 618 1932 diligit,
635 1892 728 1923 modis
743 1892 878 1923 omnibus
898 1892 990 1923 faciat.

150 1931 240 1964 Teste
255 1931 338 1972 Rege
353 1939 382 1962 ut
395 1930 483 1970 supra.

754 1971 808 1999 Per
820 1967 903 2007 ipftaem
914 1971 1020 2007 Regem.

147 2046 265 2079 Eodem
279 2045 371 2077 modo
388 2044 611 2114 mandatumcest
626 2045 795 2090 subscriptis,
813 2045 849 2075 de
862 2045 1037 2077 intendendo
1053 2045 1146 2076 eidem

571 2092 673 2123 omiti,
690 2093 747 2114 νη.

151 2159 293 2199 Radulpho
308 2161 339 2189 de
356 2159 473 2198 Nevill,
493 2159 694 2200 Constabulario
709 2159 798 2200 Castri
810 2160 842 2189 de
859 2160 1054 2199 W'erkworth,

150 2203 252 2236 Rogero
265 2200 298 2229 de
313 2198 426 2238 Horfle,
445 2198 647 2238 Constabulario
662 2198 750 2237 Casiri
767 2199 798 2228 de
814 2199 1009 2237 Baumburgh,

152 2238 281 2283 Joha317zi
304 2238 334 2266 de
350 2236 509 2266 Lillebaurn
522 2261 532 2276 ,
557 2236 595 2272 &
611 2241 712 2276 Rogero
733 2237 889 2277 Manduyt,
908 2236 1119 2277 Constabulariis
1133 2241 1187 2267 Ca-

155 2275 515 2382 (ὸζιῖἱέιαῗῑῖᾒῖἔίὲξῖὶξῖἕνῇξ
523 2299 652 2344 Prudhon
663 2336 674 2352 ,

153 2354 396 2431 Rilcjaeyrdqoycijafiisae
409 2353 459 2383 don
475 2356 608 2392 Superiori
623 2351 727 2393 Ctstodi
749 2354 777 2382 V
778 2350 834 2382 illae
854 2354 936 2390 Regis
950 2355 1030 2383 Novi
1045 2351 1189 2393 Castrifit-

118 2469 138 2489 ³*
190 2466 309 2498 Ohanni
323 2468 359 2498 de
373 2466 517 2509 Wermyn
538 2467 605 2498 bam
620 2466 734 2498 Comiti
752 2467 787 2498 de
802 2467 933 2506 Loveth,
947 2467 1113 2506 Justiciario
1131 2467 1189 2498 Hi-

189 2507 313 2545 berniae,
323 2506 403 2544 quod
419 2516 487 2537 cum
530 2508 676 2537 ominibus
690 2507 724 2536 de
733 2506 931 2545 Hibernia,&
946 2507 1001 2536 aliis
1014 2517 1085 2546 quos
1101 2507 1188 2537 liabe-

117 2556 149 2578 re
161 2546 278 2585 poterit,
295 2555 348 2582 pro
369 2544 440 2575 salvia
460 2546 494 2576 ὃς
511 2544 605 2575 secura
621 2544 764 2576 Custodi&
779 2545 924 2575 dierorum
938 2545 1138 2576 Comitatuum
1155 2546 1188 2575 δε

119 2584 317 2616 Marchiarurn
332 2606 343 2621 ,
368 2584 402 2614 ὃ(
424 2583 581 2621 repulsione
599 2593 632 2614 ac
650 2584 811 2623 gravamine
832 2583 975 2614 dierorum
998 2583 1190 2614 Inimicorum

118 2623 304 2661 nostrorum,
322 2622 378 2652 una
393 2631 459 2652 curn
480 2622 596 2660 praefato
614 2621 732 2652 Comite
754 2622 879 2652 Atboliae
895 2645 904 2660 ,
931 2630 1014 2662 prout
1028 2624 1100 2652 inter
1115 2622 1141 2652 se
1156 2623 1189 2653 &

118 2664 130 2694 i
148 2663 211 2693 sum
224 2661 326 2694 melius
343 2660 445 2691 viderit
464 2660 626 2692 faciendum
639 2684 650 2699 ,
675 2661 791 2692 viriliter
811 2661 952 2698 intendat,
971 2662 1005 2692 ὃς
1026 2661 1101 2698 hoc,
1120 2661 1191 2691 sicut

141 2712 157 2731 e
172 2702 198 2731 se
217 2699 338 2731 confidit
360 2698 443 2737 Rex,
468 2700 501 2730 &
520 2698 676 2730 Honorem
697 2700 776 2729 suurn
792 2720 802 2736 ,
826 2710 860 2730 ac
882 2699 1075 2730 Salvationem
1096 2699 1191 2738 Regni

119 2740 213 2776 Regis
224 2739 330 2777 diligit,
347 2739 457 2771 curiose
475 2739 507 2770 &
524 2738 730 2778 circumspetste
743 2738 835 2769 facere
853 2737 960 2769 studeat
973 2763 983 2777 ,
1009 2737 1090 2779 quod
1110 2738 1188 2769 suatn

123 2778 290 2816 probitatem
304 2776 403 2807 debeat
418 2776 482 2807 Rex
496 2778 600 2807 merito
613 2776 824 2808 commendate.

163 2852 254 2884 Teste
265 2852 348 2892 Rege
360 2853 432 2891 apud
447 2853 581 2884 Dunolm
590 2876 600 2892 ,
618 2854 656 2885 28
671 2853 716 2884 die
730 2853 911 2894 Septembris.

151 2981 201 3013 De
215 2978 411 3026 Elongatione
426 2978 560 3024 Treugae‚
588 2989 656 3010 cum
668 2980 753 3011 Duce
770 2980 929 3011 Britannia
941 2977 1171 3025 proclamanda.

130 3063 262 3122 REX
272 3061 402 3107 ⁰Custodi
418 3063 555 3103 Qiinque
570 3061 710 3094 Portuum
729 3063 844 3094 suorum
860 3086 871 3103 ,
892 3064 936 3095 vel
950 3064 1006 3102 eius
1019 3063 1138 3095 Locum
1154 3073 1197 3096 te-

199 3111 296 3140 nena,
313 3101 435 3132 salutem.

169 3139 251 3171 Cum
265 3150 317 3171 nos
331 3140 478 3179 Treugatn
487 3163 497 3179 ‚

165 3178 272 3218 Nuper
285 3187 397 3217 captam
417 3180 489 3209 inter
503 3188 576 3217 nos,
590 3187 644 3216 pro
660 3177 883 3218 Mercatoribus,
902 3179 1074 3217 Marinariis,
1089 3180 1122 3211 ὃ(
1138 3180 1196 3210 aliis

131 3216 167 3247 de
180 3217 288 3256 Regno
300 3216 400 3247 nostro
415 3216 542 3256 Angliae,
560 3218 592 3247 &
610 3215 709 3247 Terris
730 3218 832 3248 nostris
846 3218 962 3249 Walliae
978 3220 1011 3250 ὃς
1028 3218 1197 3257 Hiberniae,

131 3265 252 3296 exparte
263 3254 336 3292 uni,
353 3255 386 3287 ὃς
396 3278 405 3293 ,
422 3255 557 3286 (111οᾶοω
571 3254 824 3294 Consanguineutn
839 3257 983 3293 nostrum,
1004 3257 1124 3288 Ducem
1135 3257 1195 3287 Bri-

131 3295 251 3333 tanniae,
268 3303 322 3332 pro
335 3292 555 3332 Mercatoribus,
572 3294 731 3324 Marinariis
744 3318 754 3334 ,
779 3296 812 3327 ὃ(
833 3295 889 3326 aliis
904 3296 941 3326 de
956 3296 1071 3326 Ducatu
1088 3295 1195 3326 Britan-

131 3334 205 3370 niae,
221 3341 254 3363 ex
269 3339 344 3369 parte
357 3331 456 3369 altera,

166 3372 256 3410 Super
271 3369 496 3400 Dissensionibus
517 3371 589 3400 inter
607 3370 699 3400 (116103
717 3370 891 3402 Mercatores
908 3395 918 3410 ,
945 3372 1113 3403 Marinarios
1125 3397 1134 3411 ,
1161 3374 1193 3403 80

127 3410 212 3447 alios,
230 3410 298 3439 111110
318 3408 384 3438 inde
405 3409 524 3438 subortis
538 3431 548 3446 ,
573 3410 658 3446 usque
671 3409 706 3438 ad
726 3408 843 3438 Festum
860 3411 995 3441 omnium
1019 3411 1193 3442 Sanctorum

127 3450 262 3488 proximo
272 3450 332 3486 jam
346 3447 535 3487 praeteritum,
551 3447 626 3485 prius
640 3455 751 3484 captam
763 3470 772 3485 ,
787 3447 820 3477 ὃς
837 3449 922 3486 usque
936 3450 969 3479 ad
985 3450 1098 3479 Festum
1116 3450 1194 3480 Om-

125 3488 207 3518 nium
221 3486 392 3518 Santi-orum
414 3485 549 3522 proximo
569 3493 721 3515 venturum
741 3485 930 3524 postmodum
949 3488 1106 3527 elongatam
1121 3511 1130 3526 ,
1155 3489 1191 3518 ab

127 3526 232 3556 eodem
246 3525 358 3555 instanti
372 3523 456 3554 Festo
472 3522 616 3553 Omnium
623 3523 812 3562 811ῃᾶ010111,
832 3534 881 3562 per
893 3525 964 3556 duos
979 3526 1079 3556 Annos
1094 3528 1189 3564 proxi—

127 3566 180 3595 mo
197 3564 337 3603 sequentes
349 3563 469 3600 plenarie
484 3562 660 3600 completos,
678 3562 839 3592 duxerimus
851 3565 1078 3604 prorogandam3

164 3602 257 3633 Vobis
274 3602 439 3632 mandamus
460 3599 539 3643 quod
560 3599 642 3630 istam
657 3600 786 3631 ultimam
807 3601 1041 3642 Prorogationem
1063 3603 1191 3644 Treugae

130 3641 161 3671 in
174 3641 287 3679 singulis
298 3640 367 3671 locis
382 3663 392 3678 ,
416 3641 445 3670 in
459 3637 564 3669 Ballivzi
579 3637 688 3678 vestra,
707 3640 755 3670 ubi
769 3641 899 3679 expedire
919 3641 1059 3679 videritis,
1077 3643 1191 3681 publice

149 3680 295 3710 roclamari
313 3679 418 3710 faciatis
433 3690 443 3717 3
469 3677 625 3708 inhibentes
643 3678 775 3708 omnibus
790 3680 823 3710 &
844 3679 957 3717 singulis
973 3680 1007 3710 de
1026 3679 1129 3719 Regno
1148 3681 1191 3712 seu

119 3725 124 3757 j
151 3718 271 3750 otcstate
283 3717 380 3748 nostra
389 3740 398 3756 ,
418 3727 454 3747 ne
468 3716 568 3753 alicui,
587 3715 624 3745 de
638 3714 780 3748 Potestate
794 3718 827 3748 ὃ(
841 3717 987 3749 Dominio
998 3718 1068 3748 111611
1082 3719 1193 3758 Ducis,

128 3757 278 3787 occasione
290 3755 505 3786 Diffemfionum
525 3754 737 3794 praeditstarum,
756 3755 912 3793 dampnum
928 3757 1048 3786 inferant
1068 3767 1114 3788 aut
1129 3768 1193 3794 gra-

127 3804 231 3825 vamen
246 3819 255 3834 ,
279 3795 397 3825 durante
412 3794 617 3833 Prorogatione
632 3792 758 3832 Treugae
772 3793 936 3831 supradictae
951 3806 956 3824 :
986 3795 1021 3826 Et
1038 3795 1097 3826 hoc
1113 3797 1192 3827 nullo

130 3833 220 3863 modo
233 3834 372 3863 omittatis.
1059 3860 1061 3862 .

167 3869 257 3902 Teste
271 3871 354 3911 Rege
365 3871 437 3909 apud
454 3870 581 3902 Novum
597 3869 730 3901 Castrum
743 3870 822 3908 super
834 3871 948 3911 Tyriam
956 3895 966 3911 ,
984 3872 1100 3904 decimo
1112 3874 1193 3905 osta-

121 3918 170 3939 »vo
180 3908 227 3939 die
240 3910 421 3947 Septembris.

164 3945 382 3991 Eodemmodo
390 3948 522 3981 scribitur
535 3947 764 3980 Vicecomitibus
784 3947 957 3989 subscriptis,
975 3949 1035 3981 &c.

1219 151 1696 201 PUBLICA.
2219 170 2272 213 55

2295 237 2375 272 Ann.
2387 236 2428 273 D2

2310 290 2385 321 1322

1386 327 1436 358 De
1457 330 1578 374 Magno
1597 330 1722 362 Concilio
1740 330 1860 364 tenendo
1875 331 1959 378 apud
1975 333 2096 379 Rippom
2294 324 2361 348 Eav.
2381 330 2408 348 ²⁸

1214 407 1276 469 R
1286 407 1348 452 EX
1358 432 1367 447 ,
1386 412 1536 442 venerabili
1550 414 1584 456 ina
1595 412 1711 458 Christo
1733 414 1824 459 Patri,
1843 416 1895 461 W.
1911 417 2009 448 eadem
2022 417 2110 458 gratia
2124 439 2135 458 2
2161 413 2282 450 Archie-
2298 410 2373 442 Ann-
2387 408 2428 444 Di

1255 448 1403 515 Cptscopo
1417 449 1605 490 Eboracenii,
1624 452 1736 491 Angliae
1750 453 1884 493 Primati,
1903 456 2025 487 salutem.
2320 460 2404 490 13²2-

1236 524 1242 529 ·
1285 485 1402 529 umjam
1416 489 1530 525 regressi
1545 489 1638 520 sumus
1648 491 1685 520 de
1700 493 1820 528 partibus
1834 493 1955 533 Scotiae,
1974 495 2008 526 &
2030 496 2060 524 in
2075 495 2197 535 partibus
2210 494 2281 526 No·
2297 493 2349 517 An.
2366 493 2408 518 ¹⁶·

1215 534 1243 554 vr
1258 522 1350 553 Castri
1363 525 1442 569 super
1456 528 1591 567 Tynam,
1609 529 1643 559 ad
1659 530 1865 560 refrenandum
1886 532 2040 563 Scotorum
2056 556 2066 572 ,
2091 533 2279 564 Inimicorum
2296 532 2324 554 E.
2345 538 2368 557 ²·

1214 563 1248 592 &
1262 561 1426 608 Rebelliutn
1442 565 1605 596 nostrorum
1618 589 1629 605 ,
1653 567 1843 598 obstinantem
1865 571 1996 602 malitiam
2012 594 2021 608 ,
2047 573 2066 602 si
2082 572 2171 602 forsan
2192 582 2282 610 partes
2295 566 2416 604 claustr»

1215 600 1312 643 Regni
1332 601 1423 632 nostri
1445 603 1580 634 hostiliter
1600 605 1706 645 ingredi
1726 610 1950 645 attemptaverint
1964 633 1973 647 ,
1996 610 2050 640 isto
2072 618 2203 649 ternpore
2221 611 2281 642 hie·
2296 605 2363 641 dorso
2377 614 2412 632 '⁷¹³

1215 640 1297 677 mali,
1315 649 1385 684 curn
1400 651 1485 671 manu
1505 651 1638 682 potente,
1656 653 1766 674 moram
1783 644 1886 675 facere:
2298 646 2342 671 2⁶·

1218 717 1223 721 .
1255 677 1312 716 Et,
1330 687 1358 707 in
1375 679 1485 709 instanti
1505 681 1620 711 Seisona
1640 681 1772 712 AEstivali
1785 705 1794 720 ,
1818 682 1852 712 ad
1869 682 1975 713 easdem
1996 694 2083 724 partes
2105 687 2230 726 Scotiae,
2248 682 2284 719 ad

1216 715 1337 760 lpsorum
1353 716 1542 748 Inimicorum
1558 719 1719 750 nostrorum
1741 720 1914 751 Proterviam
1939 723 2026 759 (cum
2048 725 2107 755 Dei
2123 727 2281 765 adjutorio)

1216 755 1332 785 finaliter
1348 757 1573 795 conterendum,
1590 757 1730 797 proficisci
1745 768 1951 797 proponamus:

1257 795 1301 838 Ac
1316 794 1457 838 superbiis
1472 797 1506 826 &
1522 797 1579 826 aliis
1593 796 1682 827 arduis
1695 796 1828 835 Negotiis
1842 821 1852 835 ,
1877 807 1927 828 nos
1939 799 1972 829 &
1986 798 2088 831 statum
2103 802 2172 834 dieti
2188 798 2285 844 Regni

1216 832 1319 870 nostri,
1335 843 1368 863 ac
1382 834 1488 863 dieram
1496 835 1617 865 Terram
1626 835 1732 865 Scotiae
1744 836 1897 872 specialiter
1910 839 2102 877 tangentibus,
2120 843 2281 873 vobiscum-

1216 871 1250 901 &
1266 881 1336 901 cum
1348 872 1457 902 caeteris
1471 871 1593 903 Praelatis
1607 896 1617 911 ,
1637 872 1837 912 Magnatibus,
1866 875 1899 904 &
1922 873 2088 906 Proceribus
2108 878 2175 909 dieti
2191 865 2286 919 Regni

1216 909 1323 947 nostri,
1343 909 1416 949 apud
1429 908 1567 950 Rippon,
1585 912 1630 942 die
1645 911 1805 942 Dominico
1826 914 1957 949 proximo
1979 914 2043 952 post
2060 914 2173 946 Festum
2188 918 2285 950 Sancti

1217 947 1340 1016 &Aahtini
1363 950 1496 988 proximo
1521 950 1615 981 futuro
1630 973 1640 989 ‚
1664 950 1885 981 ordinaverimus
1911 950 2012 981 habere
2034 951 2221 993 Colloquium
2246 958 2279 988 ὃ(

1249 996 1276 1015 ra
1308 995 1402 1024 atum,

1255 1024 1539 1069 Vobis-mandamus,
1557 1027 1587 1056 in
1602 1026 1658 1057 fide
1672 1027 1705 1057 ὃς
1721 1025 1889 1065 dileffione,
1909 1028 2012 1065 quibus
2034 1029 2117 1059 nobis
2132 1034 2286 1071 tenemini,

1218 1062 1334 1093 firmiter
1347 1073 1544 1102 injungentes,
1564 1065 1662 1104 quod,
1680 1066 1816 1095 omnibus
1836 1066 1894 1095 aliis
1912 1066 2098 1103 praetermiffis
2111 1091 2120 1105 ,
2147 1069 2228 1099 (116113
2242 1071 2289 1101 die

1217 1101 1250 1131 &
1265 1102 1333 1132 loco
1345 1102 1522 1142 personaliter
1544 1104 1671 1134 intersitis
1692 1104 1816 1141 ibidem,
1835 1104 1983 1134 nobiscum
2001 1130 2010 1142 ,
2035 1106 2068 1136 &
2090 1117 2157 1136 cum
2181 1110 2288 1139 caeteris

1219 1139 1360 1178 Praelatis,
1379 1140 1575 1180 Magnatibus,
1593 1141 1804 1172 &Proceribus
1817 1142 1975 1179 praedietis,
1993 1143 2021 1173 su
2044 1154 2073 1173 er
2087 1145 2169 1175 dietis
2184 1146 2288 1186 Nego-

1218 1178 1444 1223 tiisTrarstaturi,
1462 1180 1644 1219 vestrumque
1657 1179 1818 1210 Consilium
1832 1180 1998 1219 impensuri,
2064 1182 2119 1213 hoc
2135 1184 2290 1216 nullatenus

1219 1226 1363 1247 omittatis.

1258 1254 1347 1286 Teste
1361 1255 1445 1293 Rege
1457 1256 1531 1296 apud
1546 1256 1673 1288 Novum
1685 1255 1820 1287 Castrum
1832 1256 1911 1297 super
1928 1255 2046 1296 Tyriam
2055 1280 2064 1296 ,
2083 1258 2198 1291 decimo
2210 1261 2292 1293 odrae

1219 1304 1258 1324 vo
1271 1295 1317 1324 die
1333 1295 1517 1333 Septembris.

1863 1335 1917 1364 Per
1930 1334 2012 1373 ilasum
2026 1336 2133 1372 Regem„

1255 1370 1366 1401 Eodem
1381 1372 1473 1403 modo
1488 1372 1614 1403 scribitur
1627 1371 1801 1411 subscriptis,
1818 1371 1879 1404 &c.

1268 1493 1288 1515 ἢ(
1308 1498 1403 1542 Super
1421 1496 1577 1539 Invasione
1590 1523 1599 1538 ‚
1620 1506 1675 1542 per
1689 1499 1806 1538 Scottis,
1831 1494 1867 1527 de
1879 1493 2048 1539 festinando
2066 1494 2110 1528 ad
2125 1498 2246 1543 Regem.
2311 1490 2327 1561 Ξ
2333 1490 2390 1562 71?

1218 1580 1271 1634 R
1281 1579 1305 1609 E
1315 1578 1364 1618 X,
1383 1580 1491 1611 dilecto
1506 1581 1539 1611 &
1553 1580 1627 1611 fideli
1643 1581 1693 1612 suo
1707 1603 1717 1619 ,
1740 1580 1866 1618 Johanni
1881 1580 1917 1611 de
1931 1580 2087 1620 Britannis,
2106 1580 2219 1613 Comiti
2240 1582 2295 1613 Ri-
2310 1573 2385 1603 Asm-
2401 1572 2442 1604 DA

1281 1618 1478 1656 chemundiae,
1497 1619 1621 1649 salutem.
2334 1621 2417 1651 1322·

1256 1655 1336 1687 Cum
1349 1657 1446 1696 Scoti,
1464 1657 1579 1688 Inimici
1598 1659 1632 1689 &
1647 1656 1780 1687 Rebelles
1799 1656 1905 1695 nostri,
1922 1657 1981 1695 jam
2000 1657 2139 1697 Regnum
2160 1659 2291 1690 nostrum
2311 1655 2353 1678 ΑΗ
2384 1653 2427 1678 ¹⁶·

1219 1694 1283 1725 sunt
1296 1695 1426 1736 ingreffi,
1444 1697 1474 1726 in
1491 1696 1595 1727 eodem
1614 1696 1801 1733 Homicidia,
1820 1694 2072 1734 Depraedationes,
2089 1695 2239 1737 Incendia,
2259 1699 2293 1729 δε
2311 1693 2341 1732 E:
2363 1699 2388 1716 ²·

1217 1733 1267 1763 alia
1282 1733 1414 1772 Dampna
1428 1736 1575 1765 innumera
1595 1743 1798 1775 perpetrantes,
1819 1735 1852 1765 ὃς
1868 1733 2002 1764 Castrum
2019 1734 2055 1764 de
2076 1734 2230 1774 Norbam,
2248 1737 2293 1766 in·
2310 1728 2444 1764 C“ms-¹⁶⁶

1218 1772 1258 1802 fra
1270 1772 1348 1803 idem
1368 1774 1507 1810 Regnum
1528 1773 1659 1804 nostrum
1673 1796 1683 1811 ,
1709 1772 1847 1803 hostiliter
1870 1772 2054 1811 obsederint,
2079 1773 2113 1802 &
2135 1773 2242 1805 Fideles
2259 1785 2293 1806 ac
2309 1769 2330 1792 E
2359 1776 2384 1792 2·

1220 1810 1355 1842 Subditos
1370 1812 1481 1843 nostros
1497 1835 1506 1850 ,
1531 1813 1560 1841 in
1580 1811 1719 1842 Custodi&
1740 1811 1863 1841 eusdem
1880 1810 1973 1841 Castri
1992 1811 2029 1841 de
2049 1810 2183 1842 mandato
2196 1813 2295 1844 nostro
2307 1813 2345 1833 ⁷⁷³·
2366 1803 2445 1831 2⁶³3*

1220 1849 1386 1918 Fisckistentes,
1403 1851 1515 1882 diversis
1527 1850 1650 1890 Ingeniis
1668 1851 1701 1881 &
1759 1849 1867 1882 achinis
1888 1850 2053 1890 impugnare
2067 1849 2155 1881 indies
2169 1861 2230 1881 non
2247 1852 2296 1882 de-

1232 1900 1240 1918 i
1267 1897 1328 1919 ant·

1258 1926 1313 1957 Per
1322 1913 1406 1967 ’quod
1415 1950 1425 1966 ,
1441 1927 1476 1958 de
1492 1926 1641 1966 Consilio,
1658 1926 1830 1957 diletfi’mrum
1846 1926 1879 1956 &
1893 1925 2017 1956 fidelium
2031 1925 2214 1966 nostrorum,
2232 1927 2297 1960 Co—

1220 1966 1341 2002 mitum,
1355 1965 1517 2005 Baronum,
1535 1967 1568 1997 ὅ(
1582 1966 1701 1997 3110111111
1716 1964 1875 1995 Procerum
1891 1963 1986 2004 Regni
2009 1964 2116 2003 nostri,
2133 1966 2217 1996 nobis
2233 1967 2298 1996 affi-

1220 2004 1373 2042 stentium,
1392 2004 1584 2035 ordinavimus
1599 2028 1609 2043 ,
1634 2005 1668 2035 80
1691 2012 1803 2034 moram
1825 2003 1915 2032 facere
1937 2004 2141 2042 proponimus,
2160 2003 2298 2036 Domino

1221 2043 1415 2080 concedente,
1428 2043 1502 2081 apud
1518 2043 1644 2074 Novum
1658 2041 1793 2072 Castrum
1805 2040 1885 2079 super
1897 2041 2017 2081 Tyriam
2034 2042 2095 2078 (ubi
2117 2043 2170 2071 'am
2190 2042 2294 2079 sumus)

1220 2080 1305 2119 usque
1326 2081 1359 2111 ad
1381 2080 1458 2111 diem
1480 2081 1676 2112 Dominicum
1697 2081 1727 2111 in
1750 2079 1854 2118 vigilia
1879 2078 1975 2110 8311611
2002 2079 2091 2110 Lucae
2138 2081 2297 2119 vangelistae

1221 2120 1356 2157 proximo
1370 2119 1497 2150 futurum
1509 2143 1518 2158 ,
1543 2120 1576 2150 &
1593 2127 1660 2150 tunc
1680 2129 1765 2149 manu
1786 2118 1896 2155 potenti
1916 2117 2056 2155 proficisci
2075 2119 2177 2149 exinde
2199 2128 2297 2150 contra

1220 2158 1312 2188 (116103
1326 2158 1465 2188 Inimicos
1479 2159 1512 2188 &
1527 2158 1658 2188 Rebelles
1677 2157 1788 2188 nostros
1804 2180 1814 2195 ,
1839 2157 1873 2186 ad
1892 2166 1992 2186 eorum
2013 2156 2145 2186 malitiam
2163 2157 2299 2194 repellen-

1220 2196 1307 2235 dum,
1328 2197 1361 2227 &
1376 2197 1409 2227 ad
1426 2197 1539 2227 eosdem
1554 2195 1743 2237 gravandum,
1783 2203 1846 2225 rout
1861 2194 2007 2225 Dominus
2023 2195 2208 2226 ministrabit:

1260 2235 1353 2266 Vobis
1365 2235 1548 2274 mandamus,
1567 2237 1596 2265 in
1616 2235 1684 2265 Fide
1698 2235 1731 2265 &
1779 2234 1910 2272 omagio,
1927 2234 2029 2271 quibus
2050 2234 2132 2264 nobis
2146 2235 2298 2273 tenemini,

1221 2273 1339 2304 firmiter
1354 2274 1532 2313 injungentes
1547 2298 1556 2313 ,
1579 2273 1659 2313 quod
1681 2282 1749 2303 curn
1770 2272 1859 2310 Equis
1882 2272 1914 2302 &
1931 2272 2027 2302 Armis
2040 2294 2050 2309 ,
2074 2282 2107 2302 ac
2123 2271 2300 2303 Hominibus

1223 2311 1385 2350 PeditibuS,
1404 2315 1513 2350 quanto
1528 2312 1671 2351 potentius
1685 2312 1811 2349 poteritis
1849 2310 1904 2340 sitis
1917 2310 1950 2340 ad
1965 2320 2018 2340 nos
2029 2310 2102 2349 apud
2116 2310 2225 2341 (1ίᾶ13111
2236 2310 2302 2342 Vil-

1224 2351 1279 2381 lam
1292 2351 1328 2381 de
1344 2350 1440 2381 Novo
1457 2350 1577 2389 Castro,
1596 2351 1624 2380 iii
1634 2349 1737 2381 Vioilia
1752 2333 1902 2387 praedistti,
1920 2349 1954 2378 ad
1969 2348 2205 2388 proficiscendum
2220 2351 2301 2379 exin-

1225 2389 1261 2420 de
1276 2389 1425 2420 nobiscum
1441 2399 1540 2420 contra
1554 2389 1646 2419 (116103
1662 2375 1799 2418 ffiimicos
1811 2388 1844 2418 &
1860 2386 1990 2417 Rebelles
2004 2386 2132 2424 nostros,
2149 2387 2183 2418 ad
2199 2397 2300 2418 eorum

1225 2428 1380 2465 malitiam,
1399 2437 1466 2458 curn
1482 2427 1541 2457 Dei
1557 2428 1714 2465 adjutorio,
1734 2424 1944 2465 repellendum,
1962 2426 1995 2456 δε
2015 2425 2049 2455 ad
2065 2425 2181 2456 eosdem
2197 2425 2299 2456 Inimi-

1225 2477 1276 2497 cos
1291 2466 1402 2497 nostros
1420 2466 1611 2504 gravandum,
1630 2466 1698 2495 sicut
1714 2464 1837 2504 superius
1853 2462 1894 2493 est
1908 2463 2074 2501 expressum.

1263 2505 1300 2536 Et
1316 2506 1392 2543 hoc,
1411 2506 1481 2535 sicut
1504 2515 1571 2542 nos,
1589 2506 1622 2535 δε
1638 2503 1792 2534 Honorem
1808 2502 1955 2540 nostrum,
1975 2502 2008 2533 ὃς
2030 2501 2174 2540 vestrum,
2191 2511 2224 2533 ac
2241 2500 2300 2534 Sal-

1226 2546 1372 2576 vationem
1389 2543 1484 2582 Regni
1497 2544 1585 2574 nostri
1602 2542 1736 2579 diligitis,
1755 2541 1848 2572 modis
1862 2542 1996 2571 omnibus
2012 2540 2123 2571 faciatis.

1265 2582 1355 2613 Teste
1370 2581 1452 2622 Rege
1466 2582 1540 2621 apud
1556 2581 1683 2612 Novum
1699 2580 1835 2611 Castrum
1851 2580 1929 2620 super
1943 2579 2059 2619 Tynam
2072 2603 2083 2618 ,
2108 2579 2244 2611 vicesimo
2258 2579 2304 2611 die

1226 2622 1406 2661 Septembris.

1869 2658 1923 2686 Per
1938 2656 2019 2695 ipfimz
2034 2659 2140 2694 Regem.

1266 2696 1380 2728 Eodem
1394 2697 1487 2729 modo
1502 2697 1668 2729 mandatum
1682 2696 1723 2727 est
1738 2695 1909 2733 subscriptis,
1927 2695 1988 2726 &c.

1414 2825 1509 2870 Super
1527 2818 1668 2856 Motibus
1680 2845 1689 2859 ‚
1713 2824 1749 2859 <vj⁹
1772 2821 1870 2866 Brigis
1881 2844 1891 2862 ,
1916 2822 1948 2851 in
1965 2818 2121 2864 Wasbonia.

1299 2907 1363 2938 EX
1374 2930 1384 2946 ,
1401 2908 1508 2939 diled’to
1527 2909 1560 2939 &
1579 2907 1655 2938 fideli
1676 2907 1725 2937 suo
1738 2929 1748 2945 ,
1775 2904 1899 2936 Fulconi
1917 2903 2095 2943 l'Estraunge
2107 2926 2117 2942 ,
2144 2903 2300 2936 senescallo
2313 2903 2390 2936 Arm.
2406 2903 2448 2939 D.

1301 2947 1350 2977 suo
1365 2947 1533 2985 Vasconiae,
1551 2946 1672 2977 salutern.
1901 2982 1906 2987 ¹
2331 2953 2416 2984 1322.

1266 2985 1373 3023 Nuper
1390 2986 1505 3016 Litteras
1517 2985 1620 3016 vestras
1635 2983 1812 3021 recepimus,
1827 2989 2006 3013 continentes
2022 2980 2102 3020 quod
2118 2980 2195 3020 super
2204 2981 2299 3012 Guer-
2312 2987 2366 3010 An.
2387 2987 2429 3013 16.

1231 3025 1285 3062 ris,
1310 3025 1398 3055 motis
1418 3025 1446 3054 in
1463 3023 1580 3054 Ducatu
1599 3021 1739 3063 praedic’co
1754 3045 1764 3062 ,
1786 3021 1860 3051 inter
1873 3044 1882 3060 ,
1903 3020 2040 3062 (111εᾶὶο111
2059 3020 2092 3050 &
2112 3019 2224 3050 fidelem
2244 3030 2300 3050 no·
2312 3026 2342 3048 Ε.
2361 3030 2387 3050 κ.
2425 3060 2428 3061 ⁷

1232 3061 1340 3100 strum,
1359 3063 1522 3093 Amaneum
1539 3062 1701 3092 Dominum
1717 3059 1753 3090 de
1766 3060 1894 3090 Lebreto
1909 3082 1918 3096 ,
1941 3059 1974 3089 &
1993 3059 2043 3088 iibi
2057 3057 2246 3096 adhaerentes,
2266 3067 2299 3088 ex
2312 3060 2378 3096 Vasc.
2400 3062 2442 3090 16.

1232 3101 1289 3131 111113,
1303 3110 1398 3140 parte,
1416 3102 1448 3132 &
1461 3101 1594 3140 quosdam
1610 3099 1737 3131 Nobiles
1750 3099 1871 3136 ejusdem
1890 3097 2020 3127 Ducatsis
2034 3119 2044 3134 ,
2069 3097 2102 3126 &
2113 3097 2180 3139 alios
2193 3098 2232 3127 eis
2247 3096 2298 3126 ad·-
2311 3102 2340 3125 Ε.
2362 3107 2388 3125 ι.

1232 3139 1370 3170 haerentes
1385 3149 1417 3170 ex
1431 3139 1532 3178 alterii,
1548 3139 1733 3170 Inhibitiones
1748 3138 1855 3168 debitas
1876 3136 1997 3173 partibus
2019 3134 2159 3172 praedictis
2173 3144 2206 3164 ex
2220 3143 2298 3173 parte
2310 3145 2347 3164 m.
2361 3144 2368 3162 1
2377 3145 2403 3173 Ξ,

1233 3177 1328 3209 nostra
1342 3178 1464 3215 fecistis,
1482 3179 1515 3209 &
1529 3178 1680 3215 quosdam,
1698 3177 1785 3215 quise
1803 3173 2163 3217 Justiciarinpermiserunt,
2180 3175 2210 3203 in
2227 3174 2299 3204 Are-

1233 3216 1295 3256 sto,
1312 3226 1344 3248 ut
1358 3217 1493 3255 decebat,
1508 3217 1653 3256 posuistis,
1672 3224 1772 3246 contra
1786 3216 1870 3251 alios,
1888 3212 1969 3242 nobis
1990 3221 2049 3241 non
2070 3211 2252 3250 obedientes,
2271 3220 2302 3242 ut

1231 3256 1367 3286 deberent
1379 3279 1388 3295 ,
1414 3257 1469 3287 vias
1483 3279 1492 3295 ,
1520 3265 1568 3294 per
1588 3265 1654 3295 quas
1674 3253 1708 3285 ad
1730 3252 1920 3284 obediendum
1936 3249 2174 3290 compellerentur
2188 3273 2198 3289 ,
2225 3251 2304 3280 ordi-

1231 3304 1335 3324 nantes.

1267 3333 1471 3371 Subsequenter
1485 3334 1555 3363 verb
1572 3332 1654 3362 nobis
1675 3340 1723 3368 per
1737 3331 1805 3361 alios
1826 3328 1877 3358 fuit
1892 3328 2071 3364 intimatum,
2087 3326 2182 3370 quod,
2200 3325 2233 3356 ad
2253 3325 2299 3356 in-

1232 3370 1362 3402 stantiam
1376 3371 1564 3411 quorumdam
1586 3370 1621 3400 de
1643 3369 1799 3400 Nobilibus
1818 3366 1957 3407 pnedidfis
1971 3389 1981 3405 ,
2003 3366 2210 3404 imponentium
2226 3373 2300 3403 ptae-

1230 3410 1289 3441 fato
1299 3411 1449 3441 Amaneno
1464 3409 1585 3440 Crimen
1601 3408 1785 3444 Proditionis,
1804 3415 1902 3436 contra
1913 3404 2034 3435 eundem
2050 3403 2251 3441 Amanenum‚
2267 3411 2300 3434 ut

1232 3449 1267 3479 ad
1280 3457 1372 3480 certos
1385 3449 1462 3479 diem
1477 3449 1509 3478 ὃ(
1523 3449 1618 3477 locum
1633 3454 1825 3485 compareret,
1841 3444 1907 3484 inde
1917 3442 2058 3482 justitiam
2070 3440 2193 3470 facturus
2204 3441 2239 3470 &
2255 3451 2298 3472 re-

1233 3496 1382 3526 cepturus,
1400 3486 1507 3518 Citatio
1522 3486 1678 3522 emanavit,
1696 3484 1828 3523 quodque
1846 3482 1937 3512 (11151113
1958 3481 2120 3510 Amanenus
2135 3502 2144 3517 ,
2168 3488 2298 3524 reputans

1231 3526 1328 3556 locum
1347 3526 1515 3567 praediustum
1539 3525 1589 3554 sibi
1610 3523 1767 3561 suspectum
1782 3545 1791 3560 ‚
1812 3521 1847 3551 de
1867 3519 2006 3550 veniendo
2028 3517 2062 3547 ad
2076 3517 2201 3563 euridem
2217 3540 2226 3556 ,
2240 3518 2298 3561 *die

1231 3565 1282 3594 sibi
1295 3563 1427 3603 praefixo,
1445 3566 1471 3594 {e
1485 3563 1624 3593 excusavit
1639 3574 1648 3600 3
1673 3570 1769 3599 petens
1785 3560 1869 3590 alium
1886 3559 1983 3587 locum
2005 3565 2038 3586 ex
2057 3563 2140 3586 causa
2159 3556 2297 3595 praedietfi

1231 3603 1277 3633 assi
1302 3605 1370 3634 nari.

1268 3613 1356 3682 Sciiper
1375 3642 1475 3679 quibus
1488 3640 1635 3674 volumus,
1653 3638 1686 3668 ὃ(
1704 3637 1784 3666 vobis
1798 3635 1966 3673 injungimus
1978 3633 2012 3664 &
2028 3632 2211 3671 mandamus,
2228 3642 2298 3672 qua-

1231 3681 1303 3710 tinus
1319 3682 1347 3710 in
1364 3680 1500 3719 Negotiis
1517 3677 1672 3716 praedictis,
1686 3675 1722 3705 de
1733 3674 1901 3704 avisimento
1919 3670 2045 3701 Concilii
2065 3670 2153 3700 nostri
2171 3671 2297 3702 Ducatfis

1232 3718 1374 3756 praedic‘ti,
1392 3728 1459 3748 cum
1481 3719 1571 3754 rigore
1591 3715 1688 3744 debito
1705 3715 1737 3744 ὃζ
1757 3711 1857 3749 justitia
1878 3711 1987 3754 ulterius
2007 3709 2188 3752 procedatis,
2211 3718 2297 3749 prout

1231 3757 1386 3787 secundum
1407 3756 1494 3785 Foro<
1516 3756 1548 3785 δε
1572 3751 1797 3782 Consuetudines
1819 3758 1939 3788 partium
1959 3747 2071 3778 illarum
2087 3748 2168 3778 fuerit
2190 3747 2296 3779 facien-

1231 3795 1318 3833 dum,
1337 3796 1447 3825 Statum
1462 3793 1590 3823 nostrum
1603 3793 1636 3821 ἃ
1655 3790 1809 3820 Honorem
1822 3791 1851 3818 in
1870 3787 2005 3817 omnibus
2018 3786 2052 3817 &
2065 3796 2114 3826 per
2128 3788 2227 3817 omnia
2242 3797 2297 3826 pto

1232 3835 1336 3864 viribus
1351 3834 1550 3862 coniervantes.
1965 3864 1970 3869 .
2129 3864 2134 3868 ¹

1269 3871 1306 3901 Et
1315 3894 1325 3909 ,
1346 3880 1375 3901 ut
1389 3872 1416 3900 iii
1431 3871 1534 3900 eisdem
1548 3867 1700 3899 consultius
1712 3865 1864 3906 procedere
1875 3864 2001 3902 valeatis,
2020 3862 2218 3906 transcriptum
2232 3863 2294 3894 Lit-

1231 3919 1350 3941 terarum
1373 3909 1532 3940 nostrarum
1546 3930 1555 3945 ,
1578 3906 1657 3937 dieto
1679 3905 1812 3935 Domino
1834 3904 1986 3946 Amaneno
1999 3925 2007 3940 ,
2030 3906 2109 3946 iuper
2129 3902 2295 3945 quibusdam

1231 3949 1456 3979 excusationibus
1477 3946 1545 3983 suis,
1562 3945 1598 3975 de
1619 3942 1765 3984 praemiffis
1787 3943 1868 3973 nobis
1887 3941 1986 3979 factis,
2011 3941 2198 3978 (111εᾶ310111,
2213 3941 2295 3970 vobis

1231 3988 1368 4018 mittimus
1380 3986 1429 4016 sub
1444 3985 1558 4015 Privato
1572 3983 1671 4022 sigillo
1685 3981 1792 4014 nostro.
1976 4019 1980 4023 Ι
2272 4014 2278 4020 .

1268 4025 1426 4062 Praeterea,
1449 4025 1486 4054 rie
1501 4023 1700 4054 inobedientiae
1720 4022 1748 4050 in
1763 4019 1879 4050 Ducatu
1895 4018 2033 4056 praedieco
2046 4040 2056 4056 ,
2082 4016 2235 4048 secundum
2249 4013 2293 4045 di-

1230 4064 1387 4096 versitatern
1399 4071 1562 4102 tempotum
1571 4084 1581 4101 ,
1598 4069 1697 4094 contra
1711 4058 1908 4099 progenitores
1923 4056 2033 4091 nostros
2051 4056 2085 4088 &
2103 4066 2155 4087 nos
2169 4054 2294 4123 01(εὲἓέ-

2286 4111 2296 4128 2
