<?xml version="1.0" encoding="UTF-8"?>
<!DOCTYPE html PUBLIC "-//W3C//DTD XHTML 1.0 Transitional//EN"
    "http://www.w3.org/TR/xhtml1/DTD/xhtml1-transitional.dtd">
<html xmlns="http://www.w3.org/1999/xhtml" xml:lang="en" lang="en">
 <head>
  <title>
</title>
<meta http-equiv="Content-Type" content="text/html;charset=utf-8" />
  <meta name='ocr-system' content='tesseract 3.04.00' />
  <meta name='ocr-capabilities' content='ocr_page ocr_carea ocr_par ocr_line ocrx_word'/>
</head>
<body>
  <div class='ocr_page' id='page_1' title='image "./fderaconventione02ryme_0750.png"; bbox 0 0 2562 4279; ppageno 0'>
   <div class='ocr_carea' id='block_1_1' title="bbox 125 139 204 167">
    <p class='ocr_par' dir='ltr' id='par_1_1' title="bbox 125 139 204 167">
     <span class='ocr_line' id='line_1_1' title="bbox 125 139 204 167; baseline 0 0"><span class='ocrx_word' id='word_1_1' title='bbox 125 139 204 167; x_wconf 85' lang='lat'>100</span> 
     </span>
    </p>
   </div>
   <div class='ocr_carea' id='block_1_2' title="bbox 0 213 141 296">
    <p class='ocr_par' dir='ltr' id='par_1_2' title="bbox 0 213 141 296">
     <span class='ocr_line' id='line_1_2' title="bbox 0 213 111 247; baseline -0.027 -2"><span class='ocrx_word' id='word_1_2' title='bbox 0 226 55 247; x_wconf 73' lang='lat' dir='ltr'>mn.</span> <span class='ocrx_word' id='word_1_3' title='bbox 68 213 111 243; x_wconf 76' lang='lat' dir='ltr'>D·</span> 
     </span>
     <span class='ocr_line' id='line_1_3' title="bbox 2 260 141 296; baseline -0.022 -11"><span class='ocrx_word' id='word_1_4' title='bbox 2 263 88 296; x_wconf 74' lang='lat'>1341.</span> <span class='ocrx_word' id='word_1_5' title='bbox 135 260 141 265; x_wconf 79' lang='grc'><strong>”</strong></span> 
     </span>
    </p>
   </div>
   <div class='ocr_carea' id='block_1_3' title="bbox 0 296 1204 809">
    <p class='ocr_par' dir='ltr' id='par_1_3' title="bbox 0 296 88 323">
     <span class='ocr_line' id='line_1_4' title="bbox 0 296 88 323; baseline -0.034 0"><span class='ocrx_word' id='word_1_6' title='bbox 0 296 47 323; x_wconf 59' lang='lat' dir='ltr'>dv.</span> <span class='ocrx_word' id='word_1_7' title='bbox 62 303 88 321; x_wconf 73' lang='lat'>2.</span> 
     </span>
    </p>

    <p class='ocr_par' dir='ltr' id='par_1_4' title="bbox 0 378 811 452">
     <span class='ocr_line' id='line_1_5' title="bbox 0 378 811 452; baseline -0.009 -37"><span class='ocrx_word' id='word_1_8' title='bbox 0 385 35 410; x_wconf 75' lang='lat'>1²·-</span> <span class='ocrx_word' id='word_1_9' title='bbox 55 388 100 414; x_wconf 82' lang='lat'>15·</span> <span class='ocrx_word' id='word_1_10' title='bbox 135 387 265 445; x_wconf 79' lang='lat' dir='ltr'>REX</span> <span class='ocrx_word' id='word_1_11' title='bbox 284 384 446 452; x_wconf 59' lang='lat' dir='ltr'>Omnibusd,</span> <span class='ocrx_word' id='word_1_12' title='bbox 464 381 498 412; x_wconf 84' lang='lat' dir='ltr'>ad</span> <span class='ocrx_word' id='word_1_13' title='bbox 513 390 582 419; x_wconf 88' lang='lat' dir='ltr'>quos</span> <span class='ocrx_word' id='word_1_14' title='bbox 596 380 656 411; x_wconf 67' lang='grc' dir='ltr'>δερ.</span> <span class='ocrx_word' id='word_1_15' title='bbox 675 378 811 410; x_wconf 82' lang='lat' dir='ltr'>Salutem.</span> 
     </span>
    </p>

    <p class='ocr_par' dir='ltr' id='par_1_5' title="bbox 0 433 398 453">
     <span class='ocr_line' id='line_1_6' title="bbox 0 433 398 453; baseline -0.013 4"><span class='ocrx_word' id='word_1_16' title='bbox 0 442 14 447; x_wconf 52' lang='lat' dir='ltr'>v·</span> <span class='ocrx_word' id='word_1_17' title='bbox 55 439 61 445; x_wconf 90' lang='lat'><strong>·</strong></span> <span class='ocrx_word' id='word_1_18' title='bbox 299 434 311 452; x_wconf 80' lang='lat' dir='ltr'>a</span> <span class='ocrx_word' id='word_1_19' title='bbox 325 433 346 453; x_wconf 75' lang='grc' dir='ltr'>ις</span> <span class='ocrx_word' id='word_1_20' title='bbox 380 433 398 452; x_wconf 88' lang='lat' dir='ltr'>u</span> 
     </span>
    </p>

    <p class='ocr_par' dir='ltr' id='par_1_6' title="bbox 0 425 1200 495">
     <span class='ocr_line' id='line_1_7' title="bbox 0 425 1200 495; baseline -0.017 3"><span class='ocrx_word' id='word_1_21' title='bbox 0 428 99 492; x_wconf 57' lang='lat' dir='ltr'>&#39;at-3¹5·</span> <span class='ocrx_word' id='word_1_22' title='bbox 171 464 204 495; x_wconf 88' lang='lat' dir='ltr'>In</span> <span class='ocrx_word' id='word_1_23' title='bbox 223 425 682 495; x_wconf 54' lang='lat' dir='ltr'>Susbcrlzetntigngm&#39;Sustentationis</span> <span class='ocrx_word' id='word_1_24' title='bbox 703 454 834 487; x_wconf 87' lang='lat' dir='ltr'>Leonelli</span> <span class='ocrx_word' id='word_1_25' title='bbox 848 478 857 494; x_wconf 93' lang='lat'>,</span> <span class='ocrx_word' id='word_1_26' title='bbox 879 450 1039 493; x_wconf 75' lang='lat' dir='ltr'>JohanniS,</span> <span class='ocrx_word' id='word_1_27' title='bbox 1057 447 1200 487; x_wconf 87' lang='lat' dir='ltr'>Isabellae‚</span> 
     </span>
    </p>

    <p class='ocr_par' dir='ltr' id='par_1_7' title="bbox 0 493 1201 576">
     <span class='ocr_line' id='line_1_8' title="bbox 0 493 1064 539; baseline -0.011 -7"><span class='ocrx_word' id='word_1_28' title='bbox 0 501 14 524; x_wconf 71' lang='grc' dir='ltr'>ἶ·</span> <span class='ocrx_word' id='word_1_29' title='bbox 37 505 63 532; x_wconf 84' lang='lat'>3·</span> <span class='ocrx_word' id='word_1_30' title='bbox 133 504 166 535; x_wconf 88' lang='lat'>&amp;</span> <span class='ocrx_word' id='word_1_31' title='bbox 181 503 330 539; x_wconf 73' lang='lat' dir='ltr'>Iohannae,</span> <span class='ocrx_word' id='word_1_32' title='bbox 350 499 522 529; x_wconf 84' lang='lat' dir='ltr'>Liberorum</span> <span class='ocrx_word' id='word_1_33' title='bbox 540 495 705 526; x_wconf 86' lang='lat' dir='ltr'>nostrorum</span> <span class='ocrx_word' id='word_1_34' title='bbox 718 493 942 530; x_wconf 75' lang='lat' dir='ltr'>carissimorum,</span> <span class='ocrx_word' id='word_1_35' title='bbox 1057 528 1064 533; x_wconf 44' lang='lat'><strong>·</strong></span> 
     </span>
     <span class='ocr_line' id='line_1_9' title="bbox 169 527 1201 576; baseline -0.016 -3"><span class='ocrx_word' id='word_1_36' title='bbox 169 537 368 572; x_wconf 83' lang='lat' dir='ltr'>Conceffimus</span> <span class='ocrx_word' id='word_1_37' title='bbox 381 561 390 576; x_wconf 93' lang='lat'>,</span> <span class='ocrx_word' id='word_1_38' title='bbox 416 538 449 569; x_wconf 68' lang='grc' dir='ltr'>ὃς</span> <span class='ocrx_word' id='word_1_39' title='bbox 469 535 515 567; x_wconf 84' lang='lat' dir='ltr'>affi</span> <span class='ocrx_word' id='word_1_40' title='bbox 538 535 664 564; x_wconf 84' lang='lat' dir='ltr'>navimus</span> <span class='ocrx_word' id='word_1_41' title='bbox 679 557 688 573; x_wconf 78' lang='lat'>‚</span> <span class='ocrx_word' id='word_1_42' title='bbox 713 533 816 564; x_wconf 89' lang='lat' dir='ltr'>eisdem</span> <span class='ocrx_word' id='word_1_43' title='bbox 845 532 956 563; x_wconf 87' lang='lat' dir='ltr'>Liberis</span> <span class='ocrx_word' id='word_1_44' title='bbox 976 527 1080 573; x_wconf 78' lang='lat' dir='ltr'>nostris</span> <span class='ocrx_word' id='word_1_45' title='bbox 1099 535 1201 572; x_wconf 66' lang='lat' dir='ltr'>omnes</span> 
     </span>
    </p>

    <p class='ocr_par' dir='ltr' id='par_1_8' title="bbox 131 565 1202 613">
     <span class='ocr_line' id='line_1_10' title="bbox 131 565 1202 613; baseline -0.015 -2"><span class='ocrx_word' id='word_1_46' title='bbox 131 579 230 611; x_wconf 79' lang='lat' dir='ltr'>Exitus</span> <span class='ocrx_word' id='word_1_47' title='bbox 250 579 284 610; x_wconf 87' lang='lat'>&amp;</span> <span class='ocrx_word' id='word_1_48' title='bbox 306 576 450 613; x_wconf 75' lang='lat' dir='ltr'>proficua,</span> <span class='ocrx_word' id='word_1_49' title='bbox 467 576 503 606; x_wconf 93' lang='lat' dir='ltr'>de</span> <span class='ocrx_word' id='word_1_50' title='bbox 551 575 619 604; x_wconf 82' lang='lat' dir='ltr'>erris</span> <span class='ocrx_word' id='word_1_51' title='bbox 636 573 669 603; x_wconf 91' lang='lat'>&amp;</span> <span class='ocrx_word' id='word_1_52' title='bbox 690 571 879 603; x_wconf 79' lang='lat' dir='ltr'>Tenet-nentis</span> <span class='ocrx_word' id='word_1_53' title='bbox 894 593 904 608; x_wconf 90' lang='lat'>,</span> <span class='ocrx_word' id='word_1_54' title='bbox 924 565 1202 612; x_wconf 36' lang='lat' dir='ltr'>cum-Pertinentus,</span> 
     </span>
    </p>

    <p class='ocr_par' dir='ltr' id='par_1_9' title="bbox 131 604 1203 656">
     <span class='ocr_line' id='line_1_11' title="bbox 131 604 1203 656; baseline -0.017 -5"><span class='ocrx_word' id='word_1_55' title='bbox 131 628 196 656; x_wconf 64' lang='lat' dir='ltr'>quse</span> <span class='ocrx_word' id='word_1_56' title='bbox 211 620 323 650; x_wconf 86' lang='lat' dir='ltr'>fuerunt</span> <span class='ocrx_word' id='word_1_57' title='bbox 334 615 472 654; x_wconf 83' lang='lat' dir='ltr'>Johannis</span> <span class='ocrx_word' id='word_1_58' title='bbox 495 613 587 643; x_wconf 85' lang='lat' dir='ltr'>Ducis</span> <span class='ocrx_word' id='word_1_59' title='bbox 607 612 755 642; x_wconf 67' lang='lat' dir='ltr'>Britannice</span> <span class='ocrx_word' id='word_1_60' title='bbox 775 612 809 642; x_wconf 90' lang='lat'>&amp;</span> <span class='ocrx_word' id='word_1_61' title='bbox 823 609 950 640; x_wconf 86' lang='lat' dir='ltr'>Comitis</span> <span class='ocrx_word' id='word_1_62' title='bbox 964 604 1203 650; x_wconf 69' lang='lat' dir='ltr'>Rxchemundiae,</span> 
     </span>
    </p>

    <p class='ocr_par' dir='ltr' id='par_1_10' title="bbox 132 642 1203 693">
     <span class='ocr_line' id='line_1_12' title="bbox 132 642 1203 693; baseline -0.013 -7"><span class='ocrx_word' id='word_1_63' title='bbox 132 658 203 688; x_wconf 87' lang='lat' dir='ltr'>infra</span> <span class='ocrx_word' id='word_1_64' title='bbox 218 657 356 693; x_wconf 84' lang='lat' dir='ltr'><strong>Regnum</strong></span> <span class='ocrx_word' id='word_1_65' title='bbox 373 653 502 684; x_wconf 86' lang='lat' dir='ltr'>nostrum</span> <span class='ocrx_word' id='word_1_66' title='bbox 517 650 630 690; x_wconf 83' lang='lat' dir='ltr'>Angliae</span> <span class='ocrx_word' id='word_1_67' title='bbox 647 651 731 687; x_wconf 84' lang='lat' dir='ltr'>(quae</span> <span class='ocrx_word' id='word_1_68' title='bbox 744 659 778 681; x_wconf 80' lang='lat' dir='ltr'>ex</span> <span class='ocrx_word' id='word_1_69' title='bbox 793 650 874 681; x_wconf 86' lang='lat' dir='ltr'>certis</span> <span class='ocrx_word' id='word_1_70' title='bbox 893 647 983 690; x_wconf 72' lang='lat' dir='ltr'>causis</span> <span class='ocrx_word' id='word_1_71' title='bbox 999 655 1061 690; x_wconf 78' lang='lat' dir='ltr'>capi</span> <span class='ocrx_word' id='word_1_72' title='bbox 1075 644 1108 675; x_wconf 89' lang='lat'>&amp;</span> <span class='ocrx_word' id='word_1_73' title='bbox 1121 642 1203 674; x_wconf 77' lang='lat' dir='ltr'>seism</span> 
     </span>
    </p>

    <p class='ocr_par' dir='ltr' id='par_1_11' title="bbox 135 689 1204 767">
     <span class='ocr_line' id='line_1_13' title="bbox 135 689 1188 728; baseline -0.015 0"><span class='ocrx_word' id='word_1_74' title='bbox 135 698 255 728; x_wconf 80' lang='lat' dir='ltr'>fecimus</span> <span class='ocrx_word' id='word_1_75' title='bbox 267 696 295 724; x_wconf 92' lang='lat' dir='ltr'>in</span> <span class='ocrx_word' id='word_1_76' title='bbox 310 692 431 723; x_wconf 83' lang='lat' dir='ltr'>Manum</span> <span class='ocrx_word' id='word_1_77' title='bbox 448 690 591 727; x_wconf 85' lang='lat' dir='ltr'>nostram)</span> <span class='ocrx_word' id='word_1_78' title='bbox 609 689 850 728; x_wconf 68' lang='lat' dir='ltr'>qualitercumque</span> <span class='ocrx_word' id='word_1_79' title='bbox 865 693 1080 725; x_wconf 80' lang='lat' dir='ltr'>provenientia,</span> <span class='ocrx_word' id='word_1_80' title='bbox 1182 721 1188 725; x_wconf 34' lang='grc' dir='ltr'>Ι</span> 
     </span>
     <span class='ocr_line' id='line_1_14' title="bbox 172 720 1204 767; baseline -0.015 -2"><span class='ocrx_word' id='word_1_81' title='bbox 172 733 313 765; x_wconf 75' lang='lat' dir='ltr'>Habenda</span> <span class='ocrx_word' id='word_1_82' title='bbox 329 731 465 767; x_wconf 76' lang='lat' dir='ltr'>quamdiu</span> <span class='ocrx_word' id='word_1_83' title='bbox 487 731 592 761; x_wconf 87' lang='lat' dir='ltr'>Terras</span> <span class='ocrx_word' id='word_1_84' title='bbox 607 729 639 759; x_wconf 74' lang='grc' dir='ltr'>δε</span> <span class='ocrx_word' id='word_1_85' title='bbox 654 728 836 759; x_wconf 89' lang='lat' dir='ltr'>Tenementa</span> <span class='ocrx_word' id='word_1_86' title='bbox 851 724 987 767; x_wconf 57' lang='lat' dir='ltr'>praediffiia</span> <span class='ocrx_word' id='word_1_87' title='bbox 1000 747 1010 762; x_wconf 91' lang='lat'>,</span> <span class='ocrx_word' id='word_1_88' title='bbox 1029 732 1098 754; x_wconf 89' lang='lat' dir='ltr'>cum</span> <span class='ocrx_word' id='word_1_89' title='bbox 1111 720 1204 751; x_wconf 85' lang='lat' dir='ltr'>Perti-</span> 
     </span>
    </p>

    <p class='ocr_par' dir='ltr' id='par_1_12' title="bbox 134 767 850 809">
     <span class='ocr_line' id='line_1_15' title="bbox 134 767 850 809; baseline -0.013 -5"><span class='ocrx_word' id='word_1_90' title='bbox 134 775 249 809; x_wconf 80' lang='lat' dir='ltr'>nenriis,</span> <span class='ocrx_word' id='word_1_91' title='bbox 269 774 298 801; x_wconf 88' lang='lat' dir='ltr'>in</span> <span class='ocrx_word' id='word_1_92' title='bbox 314 770 406 801; x_wconf 77' lang='lat' dir='ltr'>Manu</span> <span class='ocrx_word' id='word_1_93' title='bbox 421 769 520 800; x_wconf 74' lang='lat' dir='ltr'>nostra</span> <span class='ocrx_word' id='word_1_94' title='bbox 534 767 685 806; x_wconf 88' lang='lat' dir='ltr'>contigerit</span> <span class='ocrx_word' id='word_1_95' title='bbox 698 775 850 798; x_wconf 80' lang='lat' dir='ltr'>remanere.</span> 
     </span>
    </p>
   </div>
   <div class='ocr_carea' id='block_1_4' title="bbox 171 810 1186 887">
    <p class='ocr_par' dir='ltr' id='par_1_13' title="bbox 171 810 1186 887">
     <span class='ocr_line' id='line_1_16' title="bbox 171 810 1175 849; baseline -0.017 -6"><span class='ocrx_word' id='word_1_96' title='bbox 171 811 204 843; x_wconf 89' lang='lat' dir='ltr'>In</span> <span class='ocrx_word' id='word_1_97' title='bbox 221 811 312 849; x_wconf 82' lang='lat' dir='ltr'>cujus,</span> <span class='ocrx_word' id='word_1_98' title='bbox 331 810 392 840; x_wconf 60' lang='lat' dir='ltr'>&amp;a</span> <span class='ocrx_word' id='word_1_99' title='bbox 877 842 882 847; x_wconf 33' lang='grc' dir='ltr'>ι</span> <span class='ocrx_word' id='word_1_100' title='bbox 1069 838 1074 843; x_wconf 31' lang='grc'>1</span> <span class='ocrx_word' id='word_1_101' title='bbox 1160 836 1175 841; x_wconf 88' lang='lat'>..</span> 
     </span>
     <span class='ocr_line' id='line_1_17' title="bbox 205 835 1186 887; baseline -0.014 -7"><span class='ocrx_word' id='word_1_102' title='bbox 205 849 296 881; x_wconf 89' lang='lat' dir='ltr'>Teste</span> <span class='ocrx_word' id='word_1_103' title='bbox 312 849 393 887; x_wconf 84' lang='lat' dir='ltr'>Rege</span> <span class='ocrx_word' id='word_1_104' title='bbox 407 846 481 886; x_wconf 85' lang='lat' dir='ltr'>apud</span> <span class='ocrx_word' id='word_1_105' title='bbox 497 844 786 877; x_wconf 79' lang='lat' dir='ltr'>westmonasterium</span> <span class='ocrx_word' id='word_1_106' title='bbox 795 867 804 881; x_wconf 87' lang='lat'>,</span> <span class='ocrx_word' id='word_1_107' title='bbox 821 842 938 873; x_wconf 84' lang='lat' dir='ltr'>decimo</span> <span class='ocrx_word' id='word_1_108' title='bbox 948 849 1028 870; x_wconf 85' lang='lat' dir='ltr'>nono</span> <span class='ocrx_word' id='word_1_109' title='bbox 1047 838 1092 868; x_wconf 92' lang='lat' dir='ltr'>d1e</span> <span class='ocrx_word' id='word_1_110' title='bbox 1103 835 1186 867; x_wconf 82' lang='lat' dir='ltr'>Mau.</span> 
     </span>
    </p>
   </div>
   <div class='ocr_carea' id='block_1_5' title="bbox 607 236 1192 252">
    <p class='ocr_par' dir='ltr' id='par_1_14' title="bbox 607 236 1192 252">
     <span class='ocr_line' id='line_1_18' title="bbox 607 236 1192 252; baseline 0 4027"><span class='ocrx_word' id='word_1_111' title='bbox 607 236 1192 252; x_wconf 95' lang='lat' dir='ltr'> </span> 
     </span>
    </p>
   </div>
   <div class='ocr_carea' id='block_1_6' title="bbox 342 289 977 344">
    <p class='ocr_par' dir='ltr' id='par_1_15' title="bbox 342 289 977 344">
     <span class='ocr_line' id='line_1_19' title="bbox 342 289 977 344; baseline -0.013 -13"><span class='ocrx_word' id='word_1_112' title='bbox 342 301 434 344; x_wconf 70' lang='lat' dir='ltr'>Super</span> <span class='ocrx_word' id='word_1_113' title='bbox 453 292 666 338; x_wconf 73' lang='lat' dir='ltr'>Sustentasione</span> <span class='ocrx_word' id='word_1_114' title='bbox 683 289 863 326; x_wconf 84' lang='lat' dir='ltr'>Liberorum</span> <span class='ocrx_word' id='word_1_115' title='bbox 879 292 977 337; x_wconf 83' lang='lat' dir='ltr'>Regis.</span> 
     </span>
    </p>
   </div>
   <div class='ocr_carea' id='block_1_7' title="bbox 3 542 117 570">
    <p class='ocr_par' dir='ltr' id='par_1_16' title="bbox 3 542 117 570">
     <span class='ocr_line' id='line_1_20' title="bbox 3 542 117 570; baseline -0.026 -8"><span class='ocrx_word' id='word_1_116' title='bbox 3 542 117 570; x_wconf 81' lang='lat' dir='ltr'>.1.m.3.</span> 
     </span>
    </p>
   </div>
   <div class='ocr_carea' id='block_1_8' title="bbox 621 914 1077 954">
    <p class='ocr_par' dir='ltr' id='par_1_17' title="bbox 621 914 1077 954">
     <span class='ocr_line' id='line_1_21' title="bbox 621 914 1077 954; baseline -0.02 -1"><span class='ocrx_word' id='word_1_117' title='bbox 621 925 674 953; x_wconf 79' lang='lat' dir='ltr'>Per</span> <span class='ocrx_word' id='word_1_118' title='bbox 692 924 785 951; x_wconf 80' lang='lat' dir='ltr'><em>Breve</em></span> <span class='ocrx_word' id='word_1_119' title='bbox 797 919 829 949; x_wconf 84' lang='lat' dir='ltr'>de</span> <span class='ocrx_word' id='word_1_120' title='bbox 844 921 962 949; x_wconf 74' lang='lat' dir='ltr'>Privato</span> <span class='ocrx_word' id='word_1_121' title='bbox 976 914 1077 954; x_wconf 78' lang='lat' dir='ltr'>sigillo.</span> 
     </span>
    </p>
   </div>
   <div class='ocr_carea' id='block_1_9' title="bbox 346 999 964 1008">
    <p class='ocr_par' dir='ltr' id='par_1_18' title="bbox 346 999 964 1008">
     <span class='ocr_line' id='line_1_22' title="bbox 346 999 964 1008; baseline 0 0"><span class='ocrx_word' id='word_1_122' title='bbox 346 999 964 1008; x_wconf 95' lang='lat' dir='ltr'> </span> 
     </span>
    </p>
   </div>
   <div class='ocr_carea' id='block_1_10' title="bbox 0 1042 1213 1224">
    <p class='ocr_par' dir='ltr' id='par_1_19' title="bbox 0 1042 1213 1224">
     <span class='ocr_line' id='line_1_23' title="bbox 0 1042 1160 1093; baseline -0.02 1"><span class='ocrx_word' id='word_1_123' title='bbox 0 1056 125 1092; x_wconf 80' lang='lat' dir='ltr'>¹‘V-250·</span> <span class='ocrx_word' id='word_1_124' title='bbox 182 1051 211 1078; x_wconf 44' lang='grc' dir='ltr'>*ᾗ</span> <span class='ocrx_word' id='word_1_125' title='bbox 237 1054 286 1087; x_wconf 84' lang='lat' dir='ltr'>De</span> <span class='ocrx_word' id='word_1_126' title='bbox 303 1052 483 1086; x_wconf 65' lang='lat' dir='ltr'>Protefflone</span> <span class='ocrx_word' id='word_1_127' title='bbox 500 1053 536 1087; x_wconf 55' lang='grc' dir='ltr'>(ῥ’</span> <span class='ocrx_word' id='word_1_128' title='bbox 558 1046 711 1081; x_wconf 68' lang='lat' dir='ltr'><em>Conduflu</em></span> <span class='ocrx_word' id='word_1_129' title='bbox 725 1057 779 1093; x_wconf 89' lang='lat' dir='ltr'>pro</span> <span class='ocrx_word' id='word_1_130' title='bbox 798 1044 904 1078; x_wconf 91' lang='lat' dir='ltr'>Carolo</span> <span class='ocrx_word' id='word_1_131' title='bbox 925 1042 961 1077; x_wconf 88' lang='lat' dir='ltr'>de</span> <span class='ocrx_word' id='word_1_132' title='bbox 978 1044 1160 1076; x_wconf 81' lang='lat' dir='ltr'>Mountmo-</span> 
     </span>
     <span class='ocr_line' id='line_1_24' title="bbox 499 1095 856 1146; baseline -0.014 -15"><span class='ocrx_word' id='word_1_133' title='bbox 499 1097 580 1146; x_wconf 69' lang='lat' dir='ltr'>rensj(</span> <span class='ocrx_word' id='word_1_134' title='bbox 595 1100 632 1135; x_wconf 56' lang='grc' dir='ltr'>(ῤ’</span> <span class='ocrx_word' id='word_1_135' title='bbox 649 1099 763 1131; x_wconf 78' lang='lat' dir='ltr'><em>Fratre</em></span> <span class='ocrx_word' id='word_1_136' title='bbox 781 1095 856 1141; x_wconf 83' lang='lat' dir='ltr'>ejus.</span> 
     </span>
     <span class='ocr_line' id='line_1_25' title="bbox 0 1172 1213 1224; baseline -0.016 -1"><span class='ocrx_word' id='word_1_137' title='bbox 0 1179 68 1210; x_wconf 45' lang='lat'>3⁰¹³·</span> <span class='ocrx_word' id='word_1_138' title='bbox 83 1177 124 1209; x_wconf 81' lang='lat' dir='ltr'>D·</span> <span class='ocrx_word' id='word_1_139' title='bbox 237 1184 454 1224; x_wconf 80' lang='lat' dir='ltr'>X,-Univerfis</span> <span class='ocrx_word' id='word_1_140' title='bbox 476 1185 509 1216; x_wconf 74' lang='grc' dir='ltr'>δε</span> <span class='ocrx_word' id='word_1_141' title='bbox 525 1183 662 1222; x_wconf 51' lang='lat' dir='ltr'>Ungulis,</span> <span class='ocrx_word' id='word_1_142' title='bbox 682 1180 858 1218; x_wconf 86' lang='lat' dir='ltr'>Admirallis,</span> <span class='ocrx_word' id='word_1_143' title='bbox 878 1176 1125 1212; x_wconf 77' lang='lat' dir='ltr'>vicecomitibus,</span> <span class='ocrx_word' id='word_1_144' title='bbox 1145 1172 1213 1204; x_wconf 90' lang='lat' dir='ltr'>Ma-</span> 
     </span>
    </p>
   </div>
   <div class='ocr_carea' id='block_1_11' title="bbox 0 1187 1213 1302">
    <p class='ocr_par' dir='ltr' id='par_1_20' title="bbox 0 1187 1213 1302">
     <span class='ocr_line' id='line_1_26' title="bbox 13 1187 1213 1265; baseline -0.013 -8"><span class='ocrx_word' id='word_1_145' title='bbox 13 1226 99 1257; x_wconf 78' lang='lat'>1341·</span> <span class='ocrx_word' id='word_1_146' title='bbox 141 1187 334 1265; x_wconf 57' lang='lat' dir='ltr'>RfijbribuS,</span> <span class='ocrx_word' id='word_1_147' title='bbox 351 1224 475 1263; x_wconf 87' lang='lat' dir='ltr'>Ballivis,</span> <span class='ocrx_word' id='word_1_148' title='bbox 495 1221 635 1253; x_wconf 88' lang='lat' dir='ltr'>Ministris</span> <span class='ocrx_word' id='word_1_149' title='bbox 649 1246 658 1259; x_wconf 82' lang='lat'>,</span> <span class='ocrx_word' id='word_1_150' title='bbox 679 1220 824 1258; x_wconf 85' lang='lat' dir='ltr'>Magistris</span> <span class='ocrx_word' id='word_1_151' title='bbox 840 1219 873 1250; x_wconf 73' lang='lat' dir='ltr'>«Sc</span> <span class='ocrx_word' id='word_1_152' title='bbox 890 1217 1049 1248; x_wconf 84' lang='lat' dir='ltr'>Marinariis</span> <span class='ocrx_word' id='word_1_153' title='bbox 1064 1213 1213 1250; x_wconf 88' lang='lat' dir='ltr'>Navium,</span> 
     </span>
     <span class='ocr_line' id='line_1_27' title="bbox 0 1252 1212 1302; baseline -0.011 -7"><span class='ocrx_word' id='word_1_154' title='bbox 0 1261 43 1286; x_wconf 62' lang='lat'>⁸⁸²-</span> <span class='ocrx_word' id='word_1_155' title='bbox 68 1266 99 1293; x_wconf 83' lang='lat'>¹5</span> <span class='ocrx_word' id='word_1_156' title='bbox 103 1279 110 1285; x_wconf 88' lang='lat'><strong>·</strong></span> <span class='ocrx_word' id='word_1_157' title='bbox 142 1275 175 1295; x_wconf 87' lang='lat' dir='ltr'>ac</span> <span class='ocrx_word' id='word_1_158' title='bbox 190 1266 247 1296; x_wconf 78' lang='lat' dir='ltr'>aliis</span> <span class='ocrx_word' id='word_1_159' title='bbox 259 1263 401 1295; x_wconf 85' lang='lat' dir='ltr'>Fidelibus</span> <span class='ocrx_word' id='word_1_160' title='bbox 415 1263 483 1302; x_wconf 88' lang='lat' dir='ltr'>suis,</span> <span class='ocrx_word' id='word_1_161' title='bbox 503 1263 562 1293; x_wconf 68' lang='lat' dir='ltr'>tam</span> <span class='ocrx_word' id='word_1_162' title='bbox 575 1261 647 1292; x_wconf 86' lang='lat' dir='ltr'>infra</span> <span class='ocrx_word' id='word_1_163' title='bbox 663 1260 819 1291; x_wconf 87' lang='lat' dir='ltr'>Libertates</span> <span class='ocrx_word' id='word_1_164' title='bbox 833 1281 842 1297; x_wconf 89' lang='lat'>‚</span> <span class='ocrx_word' id='word_1_165' title='bbox 857 1258 944 1296; x_wconf 76' lang='lat' dir='ltr'>qu&#39;am</span> <span class='ocrx_word' id='word_1_166' title='bbox 958 1263 1032 1286; x_wconf 82' lang='lat' dir='ltr'>extra</span> <span class='ocrx_word' id='word_1_167' title='bbox 1045 1277 1055 1292; x_wconf 96' lang='lat'>,</span> <span class='ocrx_word' id='word_1_168' title='bbox 1071 1252 1106 1284; x_wconf 93' lang='lat' dir='ltr'>ad</span> <span class='ocrx_word' id='word_1_169' title='bbox 1121 1260 1212 1291; x_wconf 73' lang='lat' dir='ltr'>quoa,</span> 
     </span>
    </p>
   </div>
   <div class='ocr_carea' id='block_1_12' title="bbox 0 1299 1213 1458">
    <p class='ocr_par' dir='ltr' id='par_1_21' title="bbox 0 1299 356 1335">
     <span class='ocr_line' id='line_1_28' title="bbox 0 1299 356 1335; baseline -0.014 2"><span class='ocrx_word' id='word_1_170' title='bbox 0 1299 22 1323; x_wconf 65' lang='lat' dir='ltr'>E·</span> <span class='ocrx_word' id='word_1_171' title='bbox 42 1305 66 1332; x_wconf 84' lang='lat'>3·</span> <span class='ocrx_word' id='word_1_172' title='bbox 143 1305 203 1335; x_wconf 84' lang='lat' dir='ltr'>&amp;c.</span> <span class='ocrx_word' id='word_1_173' title='bbox 221 1304 356 1334; x_wconf 86' lang='lat' dir='ltr'>Salutem.</span> 
     </span>
    </p>

    <p class='ocr_par' dir='ltr' id='par_1_22' title="bbox 0 1338 1115 1380">
     <span class='ocr_line' id='line_1_29' title="bbox 0 1338 1115 1380; baseline -0.014 -3"><span class='ocrx_word' id='word_1_174' title='bbox 0 1338 12 1361; x_wconf 72' lang='lat'>‚⁰</span> <span class='ocrx_word' id='word_1_175' title='bbox 29 1343 39 1360; x_wconf 71' lang='lat'><strong><em>¹</em></strong></span> <span class='ocrx_word' id='word_1_176' title='bbox 70 1343 100 1371; x_wconf 83' lang='lat'>¹5</span> <span class='ocrx_word' id='word_1_177' title='bbox 180 1343 282 1374; x_wconf 84' lang='lat' dir='ltr'>Sciatis</span> <span class='ocrx_word' id='word_1_178' title='bbox 293 1341 374 1380; x_wconf 78' lang='lat' dir='ltr'>quod</span> <span class='ocrx_word' id='word_1_179' title='bbox 383 1365 392 1379; x_wconf 90' lang='lat'>,</span> <span class='ocrx_word' id='word_1_180' title='bbox 1109 1369 1115 1374; x_wconf 39' lang='grc'><em>·</em></span> 
     </span>
    </p>

    <p class='ocr_par' dir='ltr' id='par_1_23' title="bbox 0 1366 1213 1458">
     <span class='ocr_line' id='line_1_30' title="bbox 0 1366 1213 1413; baseline -0.015 2"><span class='ocrx_word' id='word_1_181' title='bbox 0 1377 22 1399; x_wconf 73' lang='lat' dir='ltr'>E.</span> <span class='ocrx_word' id='word_1_182' title='bbox 45 1383 71 1408; x_wconf 87' lang='lat'>3·</span> <span class='ocrx_word' id='word_1_183' title='bbox 182 1381 264 1412; x_wconf 77' lang='lat' dir='ltr'>Cum</span> <span class='ocrx_word' id='word_1_184' title='bbox 278 1380 418 1411; x_wconf 86' lang='lat' dir='ltr'>Charolus</span> <span class='ocrx_word' id='word_1_185' title='bbox 431 1379 466 1409; x_wconf 89' lang='lat' dir='ltr'>de</span> <span class='ocrx_word' id='word_1_186' title='bbox 481 1376 709 1409; x_wconf 89' lang='lat' dir='ltr'>Mountmorens</span> <span class='ocrx_word' id='word_1_187' title='bbox 726 1399 735 1413; x_wconf 87' lang='lat'>,</span> <span class='ocrx_word' id='word_1_188' title='bbox 753 1376 787 1406; x_wconf 94' lang='lat'>&amp;</span> <span class='ocrx_word' id='word_1_189' title='bbox 804 1374 966 1410; x_wconf 83' lang='lat' dir='ltr'>Mathaeus,</span> <span class='ocrx_word' id='word_1_190' title='bbox 983 1371 1077 1402; x_wconf 86' lang='lat' dir='ltr'>Frater</span> <span class='ocrx_word' id='word_1_191' title='bbox 1091 1377 1165 1412; x_wconf 68' lang='lat' dir='ltr'>ejus,</span> <span class='ocrx_word' id='word_1_192' title='bbox 1177 1366 1213 1398; x_wconf 85' lang='lat' dir='ltr'>de</span> 
     </span>
     <span class='ocr_line' id='line_1_31' title="bbox 0 1386 1162 1458; baseline -0.015 -4"><span class='ocrx_word' id='word_1_193' title='bbox 0 1417 18 1438; x_wconf 68' lang='lat'>⁹·</span> <span class='ocrx_word' id='word_1_194' title='bbox 42 1421 65 1437; x_wconf 89' lang='lat'>¹·</span> <span class='ocrx_word' id='word_1_195' title='bbox 147 1421 272 1458; x_wconf 68' lang='lat' dir='ltr'>partibus</span> <span class='ocrx_word' id='word_1_196' title='bbox 289 1420 414 1450; x_wconf 79' lang='lat' dir='ltr'>Franciae</span> <span class='ocrx_word' id='word_1_197' title='bbox 430 1418 458 1447; x_wconf 88' lang='lat' dir='ltr'>in</span> <span class='ocrx_word' id='word_1_198' title='bbox 472 1416 625 1455; x_wconf 87' lang='lat' dir='ltr'>Angliam,</span> <span class='ocrx_word' id='word_1_199' title='bbox 642 1416 678 1446; x_wconf 87' lang='lat' dir='ltr'>de</span> <span class='ocrx_word' id='word_1_200' title='bbox 693 1386 821 1446; x_wconf 47' lang='lat' dir='ltr'>licentia</span> <span class='ocrx_word' id='word_1_201' title='bbox 835 1411 948 1450; x_wconf 72' lang='lat' dir='ltr'>nostra,</span> <span class='ocrx_word' id='word_1_202' title='bbox 967 1410 1020 1441; x_wconf 75' lang='lat' dir='ltr'>sint</span> <span class='ocrx_word' id='word_1_203' title='bbox 1034 1417 1162 1445; x_wconf 76' lang='lat' dir='ltr'>venturi,</span> 
     </span>
    </p>
   </div>
   <div class='ocr_carea' id='block_1_13' title="bbox 0 1447 1215 1497">
    <p class='ocr_par' dir='ltr' id='par_1_24' title="bbox 0 1447 1215 1497">
     <span class='ocr_line' id='line_1_32' title="bbox 0 1447 1215 1497; baseline -0.014 -5"><span class='ocrx_word' id='word_1_204' title='bbox 0 1458 30 1476; x_wconf 73' lang='lat'>⁷¹·</span> <span class='ocrx_word' id='word_1_205' title='bbox 45 1459 71 1477; x_wconf 82' lang='lat'>²·</span> <span class='ocrx_word' id='word_1_206' title='bbox 182 1459 361 1496; x_wconf 70' lang='lat' dir='ltr'>suscepimus</span> <span class='ocrx_word' id='word_1_207' title='bbox 380 1457 466 1497; x_wconf 85' lang='lat' dir='ltr'>ipsos,</span> <span class='ocrx_word' id='word_1_208' title='bbox 483 1454 641 1485; x_wconf 88' lang='lat' dir='ltr'>Charolum</span> <span class='ocrx_word' id='word_1_209' title='bbox 656 1455 690 1485; x_wconf 67' lang='grc' dir='ltr'>ὃς</span> <span class='ocrx_word' id='word_1_210' title='bbox 707 1453 870 1483; x_wconf 89' lang='lat' dir='ltr'>Mathaeum</span> <span class='ocrx_word' id='word_1_211' title='bbox 885 1474 894 1489; x_wconf 90' lang='lat'>‚</span> <span class='ocrx_word' id='word_1_212' title='bbox 913 1451 946 1481; x_wconf 88' lang='lat'>&amp;</span> <span class='ocrx_word' id='word_1_213' title='bbox 961 1458 1063 1480; x_wconf 90' lang='lat' dir='ltr'>eorum</span> <span class='ocrx_word' id='word_1_214' title='bbox 1078 1447 1215 1482; x_wconf 88' lang='lat' dir='ltr'>alterum,</span> 
     </span>
    </p>
   </div>
   <div class='ocr_carea' id='block_1_14' title="bbox 142 1485 1217 1961">
    <p class='ocr_par' dir='ltr' id='par_1_25' title="bbox 145 1485 1214 1533">
     <span class='ocr_line' id='line_1_33' title="bbox 145 1485 1214 1533; baseline -0.014 -5"><span class='ocrx_word' id='word_1_215' title='bbox 145 1498 180 1528; x_wconf 78' lang='lat' dir='ltr'>ac</span> <span class='ocrx_word' id='word_1_216' title='bbox 195 1497 250 1529; x_wconf 85' lang='lat' dir='ltr'>Sex</span> <span class='ocrx_word' id='word_1_217' title='bbox 264 1497 397 1527; x_wconf 80' lang='lat' dir='ltr'>Personas</span> <span class='ocrx_word' id='word_1_218' title='bbox 409 1494 539 1533; x_wconf 73' lang='lat' dir='ltr'>Equites,</span> <span class='ocrx_word' id='word_1_219' title='bbox 558 1494 591 1524; x_wconf 88' lang='lat'>&amp;</span> <span class='ocrx_word' id='word_1_220' title='bbox 615 1492 747 1523; x_wconf 90' lang='lat' dir='ltr'>Famulos</span> <span class='ocrx_word' id='word_1_221' title='bbox 761 1491 822 1522; x_wconf 91' lang='lat' dir='ltr'>suos</span> <span class='ocrx_word' id='word_1_222' title='bbox 835 1514 844 1529; x_wconf 90' lang='lat'>,</span> <span class='ocrx_word' id='word_1_223' title='bbox 863 1490 897 1522; x_wconf 88' lang='lat'>&amp;</span> <span class='ocrx_word' id='word_1_224' title='bbox 913 1497 1014 1520; x_wconf 89' lang='lat' dir='ltr'>eorum</span> <span class='ocrx_word' id='word_1_225' title='bbox 1027 1485 1164 1517; x_wconf 81' lang='lat' dir='ltr'>Hernefia</span> <span class='ocrx_word' id='word_1_226' title='bbox 1178 1492 1214 1514; x_wconf 89' lang='lat' dir='ltr'>ac</span> 
     </span>
    </p>

    <p class='ocr_par' dir='ltr' id='par_1_26' title="bbox 147 1523 1213 1572">
     <span class='ocr_line' id='line_1_34' title="bbox 147 1523 1213 1572; baseline -0.014 -4"><span class='ocrx_word' id='word_1_227' title='bbox 147 1535 226 1568; x_wconf 86' lang='lat' dir='ltr'>Bona</span> <span class='ocrx_word' id='word_1_228' title='bbox 242 1537 275 1567; x_wconf 67' lang='grc' dir='ltr'>ὃς</span> <span class='ocrx_word' id='word_1_229' title='bbox 290 1535 348 1566; x_wconf 88' lang='lat' dir='ltr'>Res</span> <span class='ocrx_word' id='word_1_230' title='bbox 360 1534 407 1564; x_wconf 90' lang='lat' dir='ltr'>sua</span> <span class='ocrx_word' id='word_1_231' title='bbox 421 1542 630 1571; x_wconf 67' lang='lat' dir='ltr'>quaecumque,</span> <span class='ocrx_word' id='word_1_232' title='bbox 645 1533 708 1563; x_wconf 65' lang='lat' dir='ltr'>tam</span> <span class='ocrx_word' id='word_1_233' title='bbox 721 1540 770 1572; x_wconf 90' lang='lat' dir='ltr'>per</span> <span class='ocrx_word' id='word_1_234' title='bbox 785 1530 930 1572; x_wconf 78' lang='lat' dir='ltr'>Terram,</span> <span class='ocrx_word' id='word_1_235' title='bbox 948 1527 1034 1571; x_wconf 72' lang='lat' dir='ltr'>quam</span> <span class='ocrx_word' id='word_1_236' title='bbox 1050 1534 1099 1565; x_wconf 83' lang='lat' dir='ltr'>per</span> <span class='ocrx_word' id='word_1_237' title='bbox 1113 1523 1213 1560; x_wconf 82' lang='lat' dir='ltr'>Mare,</span> 
     </span>
    </p>

    <p class='ocr_par' dir='ltr' id='par_1_27' title="bbox 145 1564 1216 1610">
     <span class='ocr_line' id='line_1_35' title="bbox 145 1564 1216 1610; baseline -0.013 -4"><span class='ocrx_word' id='word_1_238' title='bbox 145 1574 290 1608; x_wconf 87' lang='lat' dir='ltr'>veniendo</span> <span class='ocrx_word' id='word_1_239' title='bbox 308 1573 379 1604; x_wconf 83' lang='lat' dir='ltr'>infra</span> <span class='ocrx_word' id='word_1_240' title='bbox 401 1572 515 1603; x_wconf 57' lang='lat' dir='ltr'>dietum</span> <span class='ocrx_word' id='word_1_241' title='bbox 532 1571 669 1610; x_wconf 78' lang='lat' dir='ltr'>Regnum</span> <span class='ocrx_word' id='word_1_242' title='bbox 684 1568 814 1600; x_wconf 86' lang='lat' dir='ltr'>nostrum</span> <span class='ocrx_word' id='word_1_243' title='bbox 829 1567 958 1607; x_wconf 80' lang='lat' dir='ltr'>Anghae,</span> <span class='ocrx_word' id='word_1_244' title='bbox 976 1564 1086 1609; x_wconf 79' lang='lat' dir='ltr'>ibidem</span> <span class='ocrx_word' id='word_1_245' title='bbox 1101 1571 1216 1594; x_wconf 88' lang='lat' dir='ltr'>moran-</span> 
     </span>
    </p>

    <p class='ocr_par' dir='ltr' id='par_1_28' title="bbox 145 1605 1216 1652">
     <span class='ocr_line' id='line_1_36' title="bbox 145 1605 1216 1652; baseline -0.012 -8"><span class='ocrx_word' id='word_1_246' title='bbox 145 1613 186 1644; x_wconf 89' lang='lat' dir='ltr'>do</span> <span class='ocrx_word' id='word_1_247' title='bbox 200 1637 210 1652; x_wconf 87' lang='lat'>,</span> <span class='ocrx_word' id='word_1_248' title='bbox 228 1614 262 1645; x_wconf 89' lang='lat'>&amp;</span> <span class='ocrx_word' id='word_1_249' title='bbox 283 1611 384 1642; x_wconf 75' lang='lat' dir='ltr'>exinde</span> <span class='ocrx_word' id='word_1_250' title='bbox 403 1609 547 1642; x_wconf 88' lang='lat' dir='ltr'>redeundo</span> <span class='ocrx_word' id='word_1_251' title='bbox 560 1633 570 1649; x_wconf 92' lang='lat'>,</span> <span class='ocrx_word' id='word_1_252' title='bbox 595 1611 624 1639; x_wconf 88' lang='lat' dir='ltr'>in</span> <span class='ocrx_word' id='word_1_253' title='bbox 639 1608 853 1640; x_wconf 66' lang='lat' dir='ltr'>protectionem</span> <span class='ocrx_word' id='word_1_254' title='bbox 873 1608 908 1638; x_wconf 89' lang='lat'>&amp;</span> <span class='ocrx_word' id='word_1_255' title='bbox 930 1605 1137 1636; x_wconf 78' lang='lat' dir='ltr'>Defenhonem</span> <span class='ocrx_word' id='word_1_256' title='bbox 1162 1610 1216 1631; x_wconf 92' lang='lat' dir='ltr'>no-</span> 
     </span>
    </p>

    <p class='ocr_par' dir='ltr' id='par_1_29' title="bbox 144 1641 1216 1722">
     <span class='ocr_line' id='line_1_37' title="bbox 144 1641 1216 1722; baseline -0.011 -40"><span class='ocrx_word' id='word_1_257' title='bbox 144 1653 229 1722; x_wconf 56' lang='lat' dir='ltr'>gram</span> <span class='ocrx_word' id='word_1_258' title='bbox 249 1651 417 1690; x_wconf 79' lang='lat' dir='ltr'>specialem,</span> <span class='ocrx_word' id='word_1_259' title='bbox 443 1659 557 1680; x_wconf 86' lang='lat' dir='ltr'>necnon</span> <span class='ocrx_word' id='word_1_260' title='bbox 578 1649 609 1678; x_wconf 89' lang='lat' dir='ltr'>in</span> <span class='ocrx_word' id='word_1_261' title='bbox 629 1648 734 1678; x_wconf 89' lang='lat' dir='ltr'>salvum</span> <span class='ocrx_word' id='word_1_262' title='bbox 755 1647 789 1678; x_wconf 90' lang='lat'>&amp;</span> <span class='ocrx_word' id='word_1_263' title='bbox 809 1646 939 1678; x_wconf 86' lang='lat' dir='ltr'>securum</span> <span class='ocrx_word' id='word_1_264' title='bbox 952 1641 1145 1674; x_wconf 64' lang='lat' dir='ltr'>Conduemm</span> <span class='ocrx_word' id='word_1_265' title='bbox 1160 1649 1216 1670; x_wconf 91' lang='lat' dir='ltr'>no-</span> 
     </span>
     <span class='ocr_line' id='line_1_38' title="bbox 173 1700 248 1722; baseline -0.013 0"><span class='ocrx_word' id='word_1_266' title='bbox 173 1700 248 1722; x_wconf 87' lang='lat' dir='ltr'>rum·</span> 
     </span>
    </p>

    <p class='ocr_par' dir='ltr' id='par_1_30' title="bbox 142 1713 1217 1925">
     <span class='ocr_line' id='line_1_39' title="bbox 183 1713 1216 1766; baseline -0.014 -4"><span class='ocrx_word' id='word_1_267' title='bbox 183 1730 222 1762; x_wconf 86' lang='lat' dir='ltr'>Et</span> <span class='ocrx_word' id='word_1_268' title='bbox 235 1713 304 1760; x_wconf 65' lang='lat' dir='ltr'>i’deb</span> <span class='ocrx_word' id='word_1_269' title='bbox 321 1727 460 1766; x_wconf 79' lang='lat' dir='ltr'>vobis,&amp;</span> <span class='ocrx_word' id='word_1_270' title='bbox 476 1726 590 1757; x_wconf 87' lang='lat' dir='ltr'>cuilibet</span> <span class='ocrx_word' id='word_1_271' title='bbox 602 1724 749 1763; x_wconf 69' lang='lat' dir='ltr'>vestrum,</span> <span class='ocrx_word' id='word_1_272' title='bbox 765 1723 932 1755; x_wconf 85' lang='lat' dir='ltr'>mandamus</span> <span class='ocrx_word' id='word_1_273' title='bbox 944 1720 1026 1760; x_wconf 79' lang='lat' dir='ltr'>quod</span> <span class='ocrx_word' id='word_1_274' title='bbox 1040 1717 1216 1760; x_wconf 76' lang='lat' dir='ltr'>ip&#39;s0s‚Cha-</span> 
     </span>
     <span class='ocr_line' id='line_1_40' title="bbox 145 1759 1216 1804; baseline -0.013 -4"><span class='ocrx_word' id='word_1_275' title='bbox 145 1769 241 1800; x_wconf 73' lang='lat' dir='ltr'>folum</span> <span class='ocrx_word' id='word_1_276' title='bbox 257 1767 291 1799; x_wconf 87' lang='lat'>&amp;</span> <span class='ocrx_word' id='word_1_277' title='bbox 307 1765 486 1804; x_wconf 79' lang='lat' dir='ltr'>Mathaeum,</span> <span class='ocrx_word' id='word_1_278' title='bbox 505 1763 566 1801; x_wconf 59' lang='lat' dir='ltr'>&amp;a</span> <span class='ocrx_word' id='word_1_279' title='bbox 576 1771 660 1803; x_wconf 86' lang='lat' dir='ltr'>prout</span> <span class='ocrx_word' id='word_1_280' title='bbox 671 1763 757 1804; x_wconf 71' lang='lat' dir='ltr'>fizpra</span> <span class='ocrx_word' id='word_1_281' title='bbox 771 1766 800 1793; x_wconf 87' lang='lat' dir='ltr'>in</span> <span class='ocrx_word' id='word_1_282' title='bbox 813 1760 985 1802; x_wconf 53' lang='lat' dir='ltr'>confinalibus</span> <span class='ocrx_word' id='word_1_283' title='bbox 1000 1760 1032 1789; x_wconf 87' lang='lat' dir='ltr'>de</span> <span class='ocrx_word' id='word_1_284' title='bbox 1047 1759 1216 1788; x_wconf 66' lang='lat' dir='ltr'>Protecflione</span> 
     </span>
     <span class='ocr_line' id='line_1_41' title="bbox 145 1810 260 1840; baseline 0 -3"><span class='ocrx_word' id='word_1_285' title='bbox 145 1810 260 1840; x_wconf 75' lang='lat' dir='ltr'>Litoris.</span> 
     </span>
     <span class='ocr_line' id='line_1_42' title="bbox 153 1834 1217 1883; baseline -0.009 -7"><span class='ocrx_word' id='word_1_286' title='bbox 153 1845 156 1848; x_wconf 55' lang='lat'><strong>⁴</strong></span> <span class='ocrx_word' id='word_1_287' title='bbox 184 1846 217 1876; x_wconf 89' lang='lat' dir='ltr'>In</span> <span class='ocrx_word' id='word_1_288' title='bbox 232 1846 327 1883; x_wconf 79' lang='lat' dir='ltr'>cujus,</span> <span class='ocrx_word' id='word_1_289' title='bbox 345 1844 405 1874; x_wconf 84' lang='lat' dir='ltr'>&amp;c.</span> <span class='ocrx_word' id='word_1_290' title='bbox 420 1852 470 1881; x_wconf 89' lang='lat' dir='ltr'>per</span> <span class='ocrx_word' id='word_1_291' title='bbox 481 1851 571 1873; x_wconf 89' lang='lat' dir='ltr'>unum</span> <span class='ocrx_word' id='word_1_292' title='bbox 586 1840 720 1872; x_wconf 86' lang='lat' dir='ltr'>Mensem</span> <span class='ocrx_word' id='word_1_293' title='bbox 735 1839 799 1878; x_wconf 81' lang='lat' dir='ltr'>post</span> <span class='ocrx_word' id='word_1_294' title='bbox 810 1838 926 1870; x_wconf 87' lang='lat' dir='ltr'>Festum</span> <span class='ocrx_word' id='word_1_295' title='bbox 941 1836 1106 1869; x_wconf 89' lang='lat' dir='ltr'>Nativitatis</span> <span class='ocrx_word' id='word_1_296' title='bbox 1120 1834 1217 1867; x_wconf 76' lang='lat' dir='ltr'>Sanffi</span> 
     </span>
     <span class='ocr_line' id='line_1_43' title="bbox 142 1879 872 1925; baseline -0.01 -9"><span class='ocrx_word' id='word_1_297' title='bbox 142 1885 279 1925; x_wconf 82' lang='lat' dir='ltr'>Johannis</span> <span class='ocrx_word' id='word_1_298' title='bbox 292 1882 423 1920; x_wconf 78' lang='lat' dir='ltr'>Baptistae</span> <span class='ocrx_word' id='word_1_299' title='bbox 435 1882 569 1920; x_wconf 78' lang='lat' dir='ltr'>proximo</span> <span class='ocrx_word' id='word_1_300' title='bbox 581 1880 708 1911; x_wconf 82' lang='lat' dir='ltr'>futurum</span> <span class='ocrx_word' id='word_1_301' title='bbox 723 1879 872 1910; x_wconf 81' lang='lat' dir='ltr'>duraturas.</span> 
     </span>
    </p>

    <p class='ocr_par' dir='ltr' id='par_1_31' title="bbox 183 1914 1088 1961">
     <span class='ocr_line' id='line_1_44' title="bbox 183 1914 1088 1961; baseline -0.011 -6"><span class='ocrx_word' id='word_1_302' title='bbox 183 1923 272 1955; x_wconf 87' lang='lat' dir='ltr'>Teste</span> <span class='ocrx_word' id='word_1_303' title='bbox 286 1921 368 1961; x_wconf 70' lang='lat' dir='ltr'>Rege</span> <span class='ocrx_word' id='word_1_304' title='bbox 381 1920 455 1961; x_wconf 87' lang='lat' dir='ltr'>apud</span> <span class='ocrx_word' id='word_1_305' title='bbox 469 1919 775 1958; x_wconf 82' lang='lat' dir='ltr'>Westmonasterium,</span> <span class='ocrx_word' id='word_1_306' title='bbox 795 1917 934 1949; x_wconf 78' lang='lat' dir='ltr'>vicesimo</span> <span class='ocrx_word' id='word_1_307' title='bbox 946 1916 993 1948; x_wconf 88' lang='lat' dir='ltr'>die</span> <span class='ocrx_word' id='word_1_308' title='bbox 1006 1914 1088 1946; x_wconf 88' lang='lat' dir='ltr'>Maii.</span> 
     </span>
    </p>
   </div>
   <div class='ocr_carea' id='block_1_15' title="bbox 798 1993 1067 2035">
    <p class='ocr_par' dir='ltr' id='par_1_32' title="bbox 798 1993 1067 2035">
     <span class='ocr_line' id='line_1_45' title="bbox 798 1993 1067 2035; baseline -0.011 -9"><span class='ocrx_word' id='word_1_309' title='bbox 798 1997 852 2026; x_wconf 77' lang='lat' dir='ltr'>Per</span> <span class='ocrx_word' id='word_1_310' title='bbox 866 1993 947 2035; x_wconf 76' lang='lat' dir='ltr'>ipfiem</span> <span class='ocrx_word' id='word_1_311' title='bbox 961 1997 1067 2033; x_wconf 77' lang='lat' dir='ltr'>Regem.</span> 
     </span>
    </p>
   </div>
   <div class='ocr_carea' id='block_1_16' title="bbox 0 2119 882 2246">
    <p class='ocr_par' dir='ltr' id='par_1_33' title="bbox 0 2119 882 2246">
     <span class='ocr_line' id='line_1_46' title="bbox 476 2119 882 2166; baseline -0.01 -9"><span class='ocrx_word' id='word_1_312' title='bbox 476 2125 536 2157; x_wconf 78' lang='lat' dir='ltr'>Pro</span> <span class='ocrx_word' id='word_1_313' title='bbox 555 2124 668 2156; x_wconf 79' lang='lat' dir='ltr'>Comite</span> <span class='ocrx_word' id='word_1_314' title='bbox 687 2120 723 2155; x_wconf 88' lang='lat' dir='ltr'>de</span> <span class='ocrx_word' id='word_1_315' title='bbox 742 2119 882 2166; x_wconf 69' lang='lat' dir='ltr'>(Murref.</span> 
     </span>
     <span class='ocr_line' id='line_1_47' title="bbox 0 2210 129 2246; baseline -0.031 0"><span class='ocrx_word' id='word_1_316' title='bbox 0 2213 70 2246; x_wconf 82' lang='lat' dir='ltr'>Arm</span> <span class='ocrx_word' id='word_1_317' title='bbox 87 2210 129 2242; x_wconf 91' lang='lat' dir='ltr'>D.</span> 
     </span>
    </p>
   </div>
   <div class='ocr_carea' id='block_1_17' title="bbox 23 2209 549 2291">
    <p class='ocr_par' dir='ltr' id='par_1_34' title="bbox 23 2209 549 2291">
     <span class='ocr_line' id='line_1_48' title="bbox 73 2209 549 2242; baseline -0.004 -1"><span class='ocrx_word' id='word_1_318' title='bbox 73 2236 78 2241; x_wconf 95' lang='lat'>.</span> <span class='ocrx_word' id='word_1_319' title='bbox 249 2210 280 2242; x_wconf 88' lang='lat' dir='ltr'>X</span> <span class='ocrx_word' id='word_1_320' title='bbox 298 2210 407 2240; x_wconf 55' lang='lat' dir='ltr'>eisdem*</span> <span class='ocrx_word' id='word_1_321' title='bbox 416 2209 549 2240; x_wconf 80' lang='lat' dir='ltr'>Salutem.</span> 
     </span>
     <span class='ocr_line' id='line_1_49' title="bbox 23 2261 108 2291; baseline -0.024 -9"><span class='ocrx_word' id='word_1_322' title='bbox 23 2262 35 2282; x_wconf 87' lang='lat'>1</span> <span class='ocrx_word' id='word_1_323' title='bbox 43 2261 95 2291; x_wconf 74' lang='lat'>341</span> <span class='ocrx_word' id='word_1_324' title='bbox 101 2274 108 2280; x_wconf 91' lang='lat'>.</span> 
     </span>
    </p>
   </div>
   <div class='ocr_carea' id='block_1_18' title="bbox 150 2211 240 2268">
    <p class='ocr_par' dir='ltr' id='par_1_35' title="bbox 150 2211 240 2268">
     <span class='ocr_line' id='line_1_50' title="bbox 150 2211 240 2268; baseline 0 -25"><span class='ocrx_word' id='word_1_325' title='bbox 150 2211 240 2268; x_wconf 74' lang='lat' dir='ltr'>RE</span> 
     </span>
    </p>
   </div>
   <div class='ocr_carea' id='block_1_19' title="bbox 0 2248 1218 2404">
    <p class='ocr_par' dir='ltr' id='par_1_36' title="bbox 0 2248 1218 2404">
     <span class='ocr_line' id='line_1_51' title="bbox 0 2248 1218 2327; baseline -0.004 -8"><span class='ocrx_word' id='word_1_326' title='bbox 0 2295 53 2319; x_wconf 76' lang='lat' dir='ltr'>Au.</span> <span class='ocrx_word' id='word_1_327' title='bbox 73 2299 117 2326; x_wconf 83' lang='lat'>15·</span> <span class='ocrx_word' id='word_1_328' title='bbox 185 2248 575 2327; x_wconf 40' lang='lat' dir='ltr'>Cumsjcdaiiaiiitiletso‘il’andolf</span> <span class='ocrx_word' id='word_1_329' title='bbox 585 2308 594 2323; x_wconf 85' lang='lat'>,</span> <span class='ocrx_word' id='word_1_330' title='bbox 612 2284 721 2316; x_wconf 89' lang='lat' dir='ltr'>Comes</span> <span class='ocrx_word' id='word_1_331' title='bbox 734 2285 770 2315; x_wconf 90' lang='lat' dir='ltr'>de</span> <span class='ocrx_word' id='word_1_332' title='bbox 784 2283 905 2316; x_wconf 88' lang='lat' dir='ltr'>Murref</span> <span class='ocrx_word' id='word_1_333' title='bbox 913 2309 922 2324; x_wconf 90' lang='lat'>,</span> <span class='ocrx_word' id='word_1_334' title='bbox 941 2283 978 2316; x_wconf 90' lang='lat' dir='ltr'>de</span> <span class='ocrx_word' id='word_1_335' title='bbox 990 2283 1114 2322; x_wconf 81' lang='lat' dir='ltr'>partibus</span> <span class='ocrx_word' id='word_1_336' title='bbox 1130 2283 1218 2315; x_wconf 84' lang='lat' dir='ltr'>Fran-</span> 
     </span>
     <span class='ocr_line' id='line_1_52' title="bbox 1 2323 959 2364; baseline -0.004 -6"><span class='ocrx_word' id='word_1_337' title='bbox 1 2334 32 2358; x_wconf 82' lang='grc' dir='ltr'>Ε.</span> <span class='ocrx_word' id='word_1_338' title='bbox 52 2338 77 2364; x_wconf 77' lang='lat'>3.</span> <span class='ocrx_word' id='word_1_339' title='bbox 150 2329 205 2359; x_wconf 83' lang='lat' dir='ltr'>ciae</span> <span class='ocrx_word' id='word_1_340' title='bbox 221 2329 250 2358; x_wconf 92' lang='lat' dir='ltr'>in</span> <span class='ocrx_word' id='word_1_341' title='bbox 268 2327 420 2364; x_wconf 80' lang='lat' dir='ltr'>Angliam,</span> <span class='ocrx_word' id='word_1_342' title='bbox 440 2325 476 2356; x_wconf 88' lang='lat' dir='ltr'>de</span> <span class='ocrx_word' id='word_1_343' title='bbox 493 2324 624 2355; x_wconf 71' lang='lat' dir='ltr'>Licentia</span> <span class='ocrx_word' id='word_1_344' title='bbox 637 2323 748 2361; x_wconf 68' lang='lat' dir='ltr'>nostri,</span> <span class='ocrx_word' id='word_1_345' title='bbox 767 2325 798 2354; x_wconf 78' lang='lat' dir='ltr'>sit</span> <span class='ocrx_word' id='word_1_346' title='bbox 811 2333 959 2361; x_wconf 72' lang='lat' dir='ltr'>venturuS,</span> 
     </span>
     <span class='ocr_line' id='line_1_53' title="bbox 37 2360 1218 2404; baseline -0.001 -10"><span class='ocrx_word' id='word_1_347' title='bbox 37 2367 100 2397; x_wconf 67' lang='lat' dir='ltr'>[bid.</span> <span class='ocrx_word' id='word_1_348' title='bbox 189 2366 366 2404; x_wconf 83' lang='lat' dir='ltr'>Suscepimus</span> <span class='ocrx_word' id='word_1_349' title='bbox 389 2364 477 2402; x_wconf 85' lang='lat' dir='ltr'>ipsum</span> <span class='ocrx_word' id='word_1_350' title='bbox 499 2363 649 2394; x_wconf 86' lang='lat' dir='ltr'>Comitem</span> <span class='ocrx_word' id='word_1_351' title='bbox 667 2386 676 2401; x_wconf 93' lang='lat'>,</span> <span class='ocrx_word' id='word_1_352' title='bbox 701 2372 734 2393; x_wconf 88' lang='lat' dir='ltr'>ac</span> <span class='ocrx_word' id='word_1_353' title='bbox 753 2361 865 2401; x_wconf 80' lang='lat' dir='ltr'>Viginti</span> <span class='ocrx_word' id='word_1_354' title='bbox 887 2362 1019 2392; x_wconf 84' lang='lat' dir='ltr'>Personas</span> <span class='ocrx_word' id='word_1_355' title='bbox 1037 2360 1168 2401; x_wconf 79' lang='lat' dir='ltr'>Equites,</span> <span class='ocrx_word' id='word_1_356' title='bbox 1183 2362 1218 2393; x_wconf 90' lang='lat'>&amp;</span> 
     </span>
    </p>
   </div>
   <div class='ocr_carea' id='block_1_20' title="bbox 148 2400 1219 2712">
    <p class='ocr_par' dir='ltr' id='par_1_37' title="bbox 149 2400 1216 2480">
     <span class='ocr_line' id='line_1_54' title="bbox 151 2400 1216 2443; baseline -0.005 -7"><span class='ocrx_word' id='word_1_357' title='bbox 151 2406 175 2436; x_wconf 84' lang='lat' dir='ltr'><strong>F</strong></span> <span class='ocrx_word' id='word_1_358' title='bbox 176 2405 283 2436; x_wconf 83' lang='lat' dir='ltr'>amulos</span> <span class='ocrx_word' id='word_1_359' title='bbox 296 2403 413 2443; x_wconf 87' lang='lat' dir='ltr'>suos,&amp;</span> <span class='ocrx_word' id='word_1_360' title='bbox 428 2412 528 2433; x_wconf 88' lang='lat' dir='ltr'>eorum</span> <span class='ocrx_word' id='word_1_361' title='bbox 542 2402 694 2440; x_wconf 77' lang='lat' dir='ltr'>Hernesra,</span> <span class='ocrx_word' id='word_1_362' title='bbox 712 2400 772 2436; x_wconf 65' lang='lat' dir='ltr'>&amp;a</span> <span class='ocrx_word' id='word_1_363' title='bbox 791 2409 823 2431; x_wconf 87' lang='lat' dir='ltr'>ut</span> <span class='ocrx_word' id='word_1_364' title='bbox 829 2400 914 2440; x_wconf 77' lang='lat' dir='ltr'>staepra</span> <span class='ocrx_word' id='word_1_365' title='bbox 928 2400 1007 2442; x_wconf 79' lang='lat' dir='ltr'>usque</span> <span class='ocrx_word' id='word_1_366' title='bbox 1018 2400 1074 2440; x_wconf 85' lang='lat' dir='ltr'>ibi,</span> <span class='ocrx_word' id='word_1_367' title='bbox 1086 2401 1216 2432; x_wconf 85' lang='lat' dir='ltr'>securum</span> 
     </span>
     <span class='ocr_line' id='line_1_55' title="bbox 149 2440 708 2480; baseline -0.009 -6"><span class='ocrx_word' id='word_1_368' title='bbox 149 2443 339 2474; x_wconf 67' lang='lat' dir='ltr'>Conductum</span> <span class='ocrx_word' id='word_1_369' title='bbox 353 2441 481 2472; x_wconf 78' lang='lat' dir='ltr'>nostrum</span> <span class='ocrx_word' id='word_1_370' title='bbox 491 2465 500 2478; x_wconf 85' lang='lat'>,</span> <span class='ocrx_word' id='word_1_371' title='bbox 514 2440 552 2475; x_wconf 55' lang='grc' dir='ltr'><em>ὠ</em></span> <span class='ocrx_word' id='word_1_372' title='bbox 568 2448 634 2470; x_wconf 85' lang='lat' dir='ltr'>tunc</span> <span class='ocrx_word' id='word_1_373' title='bbox 643 2440 682 2480; x_wconf 81' lang='lat' dir='ltr'>fic</span> <span class='ocrx_word' id='word_1_374' title='bbox 698 2463 708 2477; x_wconf 90' lang='lat'>,</span> 
     </span>
    </p>

    <p class='ocr_par' dir='ltr' id='par_1_38' title="bbox 148 2477 1219 2636">
     <span class='ocr_line' id='line_1_56' title="bbox 186 2477 1219 2518; baseline -0.003 -6"><span class='ocrx_word' id='word_1_375' title='bbox 186 2482 225 2513; x_wconf 91' lang='lat' dir='ltr'>Et</span> <span class='ocrx_word' id='word_1_376' title='bbox 247 2482 314 2511; x_wconf 80' lang='lat' dir='ltr'>ideo</span> <span class='ocrx_word' id='word_1_377' title='bbox 333 2481 416 2510; x_wconf 87' lang='lat' dir='ltr'>vobis</span> <span class='ocrx_word' id='word_1_378' title='bbox 438 2480 602 2510; x_wconf 78' lang='lat' dir='ltr'>mandamus</span> <span class='ocrx_word' id='word_1_379' title='bbox 620 2478 700 2518; x_wconf 81' lang='lat' dir='ltr'>quod</span> <span class='ocrx_word' id='word_1_380' title='bbox 715 2477 810 2516; x_wconf 86' lang='lat' dir='ltr'>ipsum</span> <span class='ocrx_word' id='word_1_381' title='bbox 824 2477 992 2517; x_wconf 88' lang='lat' dir='ltr'>Comitem,</span> <span class='ocrx_word' id='word_1_382' title='bbox 1009 2488 1042 2509; x_wconf 90' lang='lat' dir='ltr'>ac</span> <span class='ocrx_word' id='word_1_383' title='bbox 1059 2477 1146 2508; x_wconf 69' lang='lat' dir='ltr'>dictas</span> <span class='ocrx_word' id='word_1_384' title='bbox 1165 2479 1219 2509; x_wconf 86' lang='lat' dir='ltr'>Vi-</span> 
     </span>
     <span class='ocr_line' id='line_1_57' title="bbox 148 2516 1219 2560; baseline -0.005 -9"><span class='ocrx_word' id='word_1_385' title='bbox 148 2521 221 2560; x_wconf 83' lang='lat' dir='ltr'>ginti</span> <span class='ocrx_word' id='word_1_386' title='bbox 242 2518 375 2550; x_wconf 81' lang='lat' dir='ltr'>Personas</span> <span class='ocrx_word' id='word_1_387' title='bbox 389 2517 505 2556; x_wconf 82' lang='lat' dir='ltr'>Equites</span> <span class='ocrx_word' id='word_1_388' title='bbox 517 2541 527 2557; x_wconf 93' lang='lat'>,</span> <span class='ocrx_word' id='word_1_389' title='bbox 545 2518 579 2549; x_wconf 86' lang='lat'>&amp;</span> <span class='ocrx_word' id='word_1_390' title='bbox 592 2517 724 2548; x_wconf 88' lang='lat' dir='ltr'>Famulos</span> <span class='ocrx_word' id='word_1_391' title='bbox 744 2517 824 2556; x_wconf 87' lang='lat' dir='ltr'>suos,</span> <span class='ocrx_word' id='word_1_392' title='bbox 844 2516 904 2552; x_wconf 81' lang='lat' dir='ltr'>&amp;c.</span> <span class='ocrx_word' id='word_1_393' title='bbox 926 2524 958 2546; x_wconf 83' lang='lat' dir='ltr'>ut</span> <span class='ocrx_word' id='word_1_394' title='bbox 970 2518 1056 2557; x_wconf 68' lang='lat' dir='ltr'>fiaepra</span> <span class='ocrx_word' id='word_1_395' title='bbox 1069 2516 1148 2557; x_wconf 81' lang='lat' dir='ltr'>usque</span> <span class='ocrx_word' id='word_1_396' title='bbox 1165 2518 1219 2557; x_wconf 79' lang='lat' dir='ltr'>ibi,</span> 
     </span>
     <span class='ocr_line' id='line_1_58' title="bbox 149 2556 1219 2596; baseline -0.002 -6"><span class='ocrx_word' id='word_1_397' title='bbox 149 2559 309 2596; x_wconf 85' lang='lat' dir='ltr'>morando,</span> <span class='ocrx_word' id='word_1_398' title='bbox 325 2558 358 2588; x_wconf 89' lang='lat'>&amp;</span> <span class='ocrx_word' id='word_1_399' title='bbox 380 2557 481 2587; x_wconf 79' lang='lat' dir='ltr'>exinde</span> <span class='ocrx_word' id='word_1_400' title='bbox 502 2557 536 2586; x_wconf 88' lang='lat' dir='ltr'>ad</span> <span class='ocrx_word' id='word_1_401' title='bbox 550 2566 637 2595; x_wconf 78' lang='lat' dir='ltr'>partes</span> <span class='ocrx_word' id='word_1_402' title='bbox 659 2557 787 2588; x_wconf 77' lang='lat' dir='ltr'>Franci-ae</span> <span class='ocrx_word' id='word_1_403' title='bbox 800 2556 845 2588; x_wconf 90' lang='lat' dir='ltr'>vel</span> <span class='ocrx_word' id='word_1_404' title='bbox 860 2556 965 2588; x_wconf 86' lang='lat' dir='ltr'>Scotiae</span> <span class='ocrx_word' id='word_1_405' title='bbox 979 2556 1142 2588; x_wconf 83' lang='lat' dir='ltr'>transeundo</span> <span class='ocrx_word' id='word_1_406' title='bbox 1158 2566 1219 2588; x_wconf 87' lang='lat' dir='ltr'>ma-</span> 
     </span>
     <span class='ocr_line' id='line_1_59' title="bbox 148 2594 550 2636; baseline -0.015 -6"><span class='ocrx_word' id='word_1_407' title='bbox 148 2598 321 2634; x_wconf 85' lang='lat' dir='ltr'>nuteneatis,</span> <span class='ocrx_word' id='word_1_408' title='bbox 339 2594 399 2630; x_wconf 60' lang='lat' dir='ltr'>&amp;a</span> <span class='ocrx_word' id='word_1_409' title='bbox 414 2596 550 2636; x_wconf 80' lang='lat' dir='ltr'>utsupra.</span> 
     </span>
    </p>

    <p class='ocr_par' dir='ltr' id='par_1_39' title="bbox 185 2635 422 2673">
     <span class='ocr_line' id='line_1_60' title="bbox 185 2635 422 2673; baseline -0.017 -5"><span class='ocrx_word' id='word_1_410' title='bbox 185 2636 275 2668; x_wconf 83' lang='lat' dir='ltr'>Teste</span> <span class='ocrx_word' id='word_1_411' title='bbox 290 2644 321 2666; x_wconf 92' lang='lat' dir='ltr'>ut</span> <span class='ocrx_word' id='word_1_412' title='bbox 335 2635 422 2673; x_wconf 86' lang='lat' dir='ltr'>supra.</span> 
     </span>
    </p>

    <p class='ocr_par' dir='ltr' id='par_1_40' title="bbox 790 2671 1057 2712">
     <span class='ocr_line' id='line_1_61' title="bbox 790 2671 1057 2712; baseline 0 -11"><span class='ocrx_word' id='word_1_413' title='bbox 790 2674 843 2702; x_wconf 82' lang='lat' dir='ltr'>Per</span> <span class='ocrx_word' id='word_1_414' title='bbox 858 2671 939 2712; x_wconf 81' lang='lat' dir='ltr'>ipficm</span> <span class='ocrx_word' id='word_1_415' title='bbox 953 2674 1057 2710; x_wconf 82' lang='lat' dir='ltr'>Regem.</span> 
     </span>
    </p>
   </div>
   <div class='ocr_carea' id='block_1_21' title="bbox 433 2796 934 2843">
    <p class='ocr_par' dir='ltr' id='par_1_41' title="bbox 433 2796 934 2843">
     <span class='ocr_line' id='line_1_62' title="bbox 433 2796 934 2843; baseline 0 -13"><span class='ocrx_word' id='word_1_416' title='bbox 433 2800 492 2831; x_wconf 90' lang='lat' dir='ltr'>Pro</span> <span class='ocrx_word' id='word_1_417' title='bbox 512 2800 628 2831; x_wconf 61' lang='lat' dir='ltr'>diaria</span> <span class='ocrx_word' id='word_1_418' title='bbox 649 2796 799 2843; x_wconf 72' lang='lat' dir='ltr'>Cominffiz</span> <span class='ocrx_word' id='word_1_419' title='bbox 815 2796 851 2830; x_wconf 80' lang='lat' dir='ltr'>de</span> <span class='ocrx_word' id='word_1_420' title='bbox 869 2797 934 2843; x_wconf 72' lang='lat' dir='ltr'>Fif.</span> 
     </span>
    </p>
   </div>
   <div class='ocr_carea' id='block_1_22' title="bbox 5 2882 1224 3427">
    <p class='ocr_par' dir='ltr' id='par_1_42' title="bbox 223 2882 978 2921">
     <span class='ocr_line' id='line_1_63' title="bbox 223 2882 978 2921; baseline -0.004 -4"><span class='ocrx_word' id='word_1_421' title='bbox 223 2884 288 2917; x_wconf 84' lang='lat' dir='ltr'>EX</span> <span class='ocrx_word' id='word_1_422' title='bbox 306 2883 491 2916; x_wconf 80' lang='lat' dir='ltr'>Tbesaurario</span> <span class='ocrx_word' id='word_1_423' title='bbox 528 2884 561 2915; x_wconf 89' lang='lat'>&amp;</span> <span class='ocrx_word' id='word_1_424' title='bbox 576 2882 743 2913; x_wconf 79' lang='lat' dir='ltr'>camerariis</span> <span class='ocrx_word' id='word_1_425' title='bbox 758 2883 827 2921; x_wconf 87' lang='lat' dir='ltr'>suis,</span> <span class='ocrx_word' id='word_1_426' title='bbox 845 2882 978 2914; x_wconf 87' lang='lat' dir='ltr'>Salutem.</span> 
     </span>
    </p>

    <p class='ocr_par' dir='ltr' id='par_1_43' title="bbox 5 2907 1221 3194">
     <span class='ocr_line' id='line_1_64' title="bbox 271 2907 1221 2966; baseline -0.003 -11"><span class='ocrx_word' id='word_1_427' title='bbox 271 2924 373 2962; x_wconf 79' lang='lat' dir='ltr'>Cum,</span> <span class='ocrx_word' id='word_1_428' title='bbox 390 2923 472 2966; x_wconf 82' lang='lat' dir='ltr'>tertio</span> <span class='ocrx_word' id='word_1_429' title='bbox 491 2907 538 2952; x_wconf 80' lang='lat' dir='ltr'>die</span> <span class='ocrx_word' id='word_1_430' title='bbox 560 2921 629 2951; x_wconf 82' lang='lat' dir='ltr'>Maii</span> <span class='ocrx_word' id='word_1_431' title='bbox 643 2945 652 2959; x_wconf 92' lang='lat'>,</span> <span class='ocrx_word' id='word_1_432' title='bbox 664 2922 760 2965; x_wconf 29' lang='lat' dir='ltr'>’Anno</span> <span class='ocrx_word' id='word_1_433' title='bbox 779 2921 878 2958; x_wconf 80' lang='lat' dir='ltr'>Regni</span> <span class='ocrx_word' id='word_1_434' title='bbox 894 2922 981 2952; x_wconf 91' lang='lat' dir='ltr'>nostri</span> <span class='ocrx_word' id='word_1_435' title='bbox 993 2921 1104 2962; x_wconf 81' lang='lat' dir='ltr'>Angliae</span> <span class='ocrx_word' id='word_1_436' title='bbox 1126 2921 1221 2960; x_wconf 88' lang='lat' dir='ltr'>Quar-</span> 
     </span>
     <span class='ocr_line' id='line_1_65' title="bbox 157 2959 1221 3001; baseline -0.004 -6"><span class='ocrx_word' id='word_1_437' title='bbox 157 2964 321 3001; x_wconf 88' lang='lat' dir='ltr'>todecimo,</span> <span class='ocrx_word' id='word_1_438' title='bbox 339 2962 374 2993; x_wconf 91' lang='lat' dir='ltr'>de</span> <span class='ocrx_word' id='word_1_439' title='bbox 388 2961 474 3001; x_wconf 75' lang='lat' dir='ltr'>gratia</span> <span class='ocrx_word' id='word_1_440' title='bbox 488 2959 584 2990; x_wconf 74' lang='lat' dir='ltr'>nostra</span> <span class='ocrx_word' id='word_1_441' title='bbox 597 2960 721 2998; x_wconf 81' lang='lat' dir='ltr'>speciali,</span> <span class='ocrx_word' id='word_1_442' title='bbox 741 2959 979 2999; x_wconf 75' lang='lat' dir='ltr'>concesserimus,</span> <span class='ocrx_word' id='word_1_443' title='bbox 998 2960 1110 2992; x_wconf 62' lang='lat' dir='ltr'>dilectae</span> <span class='ocrx_word' id='word_1_444' title='bbox 1125 2961 1221 2999; x_wconf 87' lang='lat' dir='ltr'>nobis,</span> 
     </span>
     <span class='ocr_line' id='line_1_66' title="bbox 5 2998 1220 3051; baseline -0.002 -18"><span class='ocrx_word' id='word_1_445' title='bbox 5 3021 35 3044; x_wconf 39' lang='lat'>3,-</span> <span class='ocrx_word' id='word_1_446' title='bbox 57 3026 81 3051; x_wconf 35' lang='lat'>3,</span> <span class='ocrx_word' id='word_1_447' title='bbox 158 3003 261 3033; x_wconf 83' lang='lat' dir='ltr'>Mariae</span> <span class='ocrx_word' id='word_1_448' title='bbox 282 3001 444 3032; x_wconf 83' lang='lat' dir='ltr'>Comitiffae</span> <span class='ocrx_word' id='word_1_449' title='bbox 463 2999 498 3029; x_wconf 89' lang='lat' dir='ltr'>de</span> <span class='ocrx_word' id='word_1_450' title='bbox 521 2999 585 3037; x_wconf 84' lang='lat' dir='ltr'>Fif,</span> <span class='ocrx_word' id='word_1_451' title='bbox 604 3000 632 3028; x_wconf 94' lang='lat' dir='ltr'>in</span> <span class='ocrx_word' id='word_1_452' title='bbox 651 2999 783 3029; x_wconf 82' lang='lat' dir='ltr'>auxilium</span> <span class='ocrx_word' id='word_1_453' title='bbox 806 2998 1019 3030; x_wconf 85' lang='lat' dir='ltr'>Sustentationis</span> <span class='ocrx_word' id='word_1_454' title='bbox 1039 3000 1094 3030; x_wconf 84' lang='lat' dir='ltr'>suae</span> <span class='ocrx_word' id='word_1_455' title='bbox 1108 3023 1118 3038; x_wconf 93' lang='lat'>,</span> <span class='ocrx_word' id='word_1_456' title='bbox 1138 3000 1220 3040; x_wconf 82' lang='lat' dir='ltr'>Qa-</span> 
     </span>
     <span class='ocr_line' id='line_1_67' title="bbox 6 3037 1220 3082; baseline -0.002 -10"><span class='ocrx_word' id='word_1_457' title='bbox 6 3054 123 3082; x_wconf 73' lang='lat' dir='ltr'>Aleman.</span> <span class='ocrx_word' id='word_1_458' title='bbox 158 3041 286 3077; x_wconf 70' lang='lat' dir='ltr'>draginta</span> <span class='ocrx_word' id='word_1_459' title='bbox 300 3039 414 3071; x_wconf 90' lang='lat' dir='ltr'>Solidos</span> <span class='ocrx_word' id='word_1_460' title='bbox 427 3062 437 3078; x_wconf 87' lang='lat'>,</span> <span class='ocrx_word' id='word_1_461' title='bbox 456 3037 649 3081; x_wconf 88' lang='lat' dir='ltr'>percipiendos</span> <span class='ocrx_word' id='word_1_462' title='bbox 667 3037 779 3080; x_wconf 77' lang='lat' dir='ltr'>singulis</span> <span class='ocrx_word' id='word_1_463' title='bbox 795 3037 960 3076; x_wconf 87' lang='lat' dir='ltr'>Septimanis</span> <span class='ocrx_word' id='word_1_464' title='bbox 981 3038 1016 3068; x_wconf 81' lang='lat' dir='ltr'>ad</span> <span class='ocrx_word' id='word_1_465' title='bbox 1038 3038 1220 3070; x_wconf 80' lang='lat' dir='ltr'>Scaccarium</span> 
     </span>
     <span class='ocr_line' id='line_1_68' title="bbox 12 3075 1221 3128; baseline -0.01 -9"><span class='ocrx_word' id='word_1_466' title='bbox 12 3101 55 3128; x_wconf 87' lang='lat'>¹5·</span> <span class='ocrx_word' id='word_1_467' title='bbox 70 3096 99 3119; x_wconf 83' lang='grc' dir='ltr'>Ε.</span> <span class='ocrx_word' id='word_1_468' title='bbox 116 3100 140 3128; x_wconf 77' lang='lat'>3,</span> <span class='ocrx_word' id='word_1_469' title='bbox 159 3080 288 3111; x_wconf 89' lang='lat' dir='ltr'>nostrum</span> <span class='ocrx_word' id='word_1_470' title='bbox 303 3102 312 3117; x_wconf 88' lang='lat'>,</span> <span class='ocrx_word' id='word_1_471' title='bbox 328 3078 472 3116; x_wconf 87' lang='lat' dir='ltr'>quousque</span> <span class='ocrx_word' id='word_1_472' title='bbox 491 3077 527 3107; x_wconf 89' lang='lat' dir='ltr'>de</span> <span class='ocrx_word' id='word_1_473' title='bbox 547 3076 626 3106; x_wconf 86' lang='lat' dir='ltr'>Statu</span> <span class='ocrx_word' id='word_1_474' title='bbox 647 3076 771 3114; x_wconf 75' lang='lat' dir='ltr'>ejusdem</span> <span class='ocrx_word' id='word_1_475' title='bbox 787 3075 949 3107; x_wconf 70' lang='lat' dir='ltr'>Comitiffie</span> <span class='ocrx_word' id='word_1_476' title='bbox 963 3077 1018 3109; x_wconf 88' lang='lat' dir='ltr'>alio</span> <span class='ocrx_word' id='word_1_477' title='bbox 1032 3077 1120 3108; x_wconf 88' lang='lat' dir='ltr'>modo</span> <span class='ocrx_word' id='word_1_478' title='bbox 1138 3087 1221 3108; x_wconf 91' lang='lat' dir='ltr'>com-</span> 
     </span>
     <span class='ocr_line' id='line_1_69' title="bbox 8 3114 1221 3168; baseline -0.007 -19"><span class='ocrx_word' id='word_1_479' title='bbox 8 3136 33 3168; x_wconf 40' lang='lat' dir='ltr'>p·</span> <span class='ocrx_word' id='word_1_480' title='bbox 47 3139 75 3166; x_wconf 57' lang='lat'>5,</span> <span class='ocrx_word' id='word_1_481' title='bbox 160 3120 265 3157; x_wconf 80' lang='lat' dir='ltr'>petenti</span> <span class='ocrx_word' id='word_1_482' title='bbox 286 3118 445 3147; x_wconf 78' lang='lat' dir='ltr'>duxerimus</span> <span class='ocrx_word' id='word_1_483' title='bbox 464 3114 693 3156; x_wconf 82' lang='lat' dir='ltr'>providendum,</span> <span class='ocrx_word' id='word_1_484' title='bbox 711 3123 795 3152; x_wconf 86' lang='lat' dir='ltr'>prout</span> <span class='ocrx_word' id='word_1_485' title='bbox 812 3115 841 3145; x_wconf 89' lang='lat' dir='ltr'>in</span> <span class='ocrx_word' id='word_1_486' title='bbox 857 3115 970 3146; x_wconf 80' lang='lat' dir='ltr'>Litteris</span> <span class='ocrx_word' id='word_1_487' title='bbox 982 3116 1083 3147; x_wconf 85' lang='lat' dir='ltr'>nostris</span> <span class='ocrx_word' id='word_1_488' title='bbox 1096 3115 1221 3147; x_wconf 83' lang='lat' dir='ltr'>Patenti-</span> 
     </span>
     <span class='ocr_line' id='line_1_70' title="bbox 159 3154 802 3194; baseline -0.009 -7"><span class='ocrx_word' id='word_1_489' title='bbox 159 3159 210 3188; x_wconf 85' lang='lat' dir='ltr'>bus</span> <span class='ocrx_word' id='word_1_490' title='bbox 245 3156 310 3186; x_wconf 76' lang='lat' dir='ltr'>inde</span> <span class='ocrx_word' id='word_1_491' title='bbox 326 3156 481 3193; x_wconf 65' lang='lat' dir='ltr'>confeffis,</span> <span class='ocrx_word' id='word_1_492' title='bbox 498 3154 607 3194; x_wconf 76' lang='lat' dir='ltr'>plenius</span> <span class='ocrx_word' id='word_1_493' title='bbox 622 3154 802 3190; x_wconf 85' lang='lat' dir='ltr'>continetur,</span> 
     </span>
    </p>

    <p class='ocr_par' dir='ltr' id='par_1_44' title="bbox 158 3180 1224 3390">
     <span class='ocr_line' id='line_1_71' title="bbox 197 3180 1221 3232; baseline 0 -7"><span class='ocrx_word' id='word_1_494' title='bbox 197 3180 289 3225; x_wconf 56' lang='lat' dir='ltr'>Vobis</span> <span class='ocrx_word' id='word_1_495' title='bbox 303 3195 466 3224; x_wconf 83' lang='lat' dir='ltr'>mandamus</span> <span class='ocrx_word' id='word_1_496' title='bbox 478 3192 559 3232; x_wconf 78' lang='lat' dir='ltr'>quod</span> <span class='ocrx_word' id='word_1_497' title='bbox 573 3191 667 3222; x_wconf 88' lang='lat' dir='ltr'>eidem</span> <span class='ocrx_word' id='word_1_498' title='bbox 680 3191 843 3222; x_wconf 78' lang='lat' dir='ltr'>Comitiss&#39;ae</span> <span class='ocrx_word' id='word_1_499' title='bbox 855 3191 904 3229; x_wconf 91' lang='lat' dir='ltr'>Id,</span> <span class='ocrx_word' id='word_1_500' title='bbox 922 3191 1000 3232; x_wconf 88' lang='lat' dir='ltr'>quod</span> <span class='ocrx_word' id='word_1_501' title='bbox 1014 3193 1040 3223; x_wconf 90' lang='lat' dir='ltr'>ei</span> <span class='ocrx_word' id='word_1_502' title='bbox 1059 3202 1075 3223; x_wconf 89' lang='lat' dir='ltr'>a</span> <span class='ocrx_word' id='word_1_503' title='bbox 1090 3201 1165 3224; x_wconf 89' lang='lat' dir='ltr'>retro</span> <span class='ocrx_word' id='word_1_504' title='bbox 1180 3193 1221 3225; x_wconf 91' lang='lat' dir='ltr'>est</span> 
     </span>
     <span class='ocr_line' id='line_1_72' title="bbox 158 3229 1222 3272; baseline -0.003 -9"><span class='ocrx_word' id='word_1_505' title='bbox 158 3235 193 3264; x_wconf 78' lang='lat' dir='ltr'>(le</span> <span class='ocrx_word' id='word_1_506' title='bbox 208 3233 346 3272; x_wconf 72' lang='lat' dir='ltr'>praediffls</span> <span class='ocrx_word' id='word_1_507' title='bbox 362 3232 555 3271; x_wconf 82' lang='lat' dir='ltr'>Qadraginta</span> <span class='ocrx_word' id='word_1_508' title='bbox 570 3229 690 3269; x_wconf 86' lang='lat' dir='ltr'>Solidis,</span> <span class='ocrx_word' id='word_1_509' title='bbox 704 3240 719 3260; x_wconf 92' lang='lat' dir='ltr'>a</span> <span class='ocrx_word' id='word_1_510' title='bbox 734 3230 870 3268; x_wconf 61' lang='lat' dir='ltr'>praedit‘sto</span> <span class='ocrx_word' id='word_1_511' title='bbox 889 3230 992 3261; x_wconf 90' lang='lat' dir='ltr'>Tertio</span> <span class='ocrx_word' id='word_1_512' title='bbox 1006 3230 1068 3269; x_wconf 82' lang='lat' dir='ltr'>die,</span> <span class='ocrx_word' id='word_1_513' title='bbox 1086 3232 1120 3263; x_wconf 92' lang='lat'>&amp;</span> <span class='ocrx_word' id='word_1_514' title='bbox 1136 3234 1222 3263; x_wconf 84' lang='lat' dir='ltr'>etiam</span> 
     </span>
     <span class='ocr_line' id='line_1_73' title="bbox 161 3269 1224 3339; baseline -0.002 -36"><span class='ocrx_word' id='word_1_515' title='bbox 161 3271 322 3308; x_wconf 79' lang='lat' dir='ltr'>huiusmodi</span> <span class='ocrx_word' id='word_1_516' title='bbox 347 3270 539 3339; x_wconf 38' lang='lat' dir='ltr'>Qadraffiinta</span> <span class='ocrx_word' id='word_1_517' title='bbox 557 3269 668 3300; x_wconf 87' lang='lat' dir='ltr'>Solidos</span> <span class='ocrx_word' id='word_1_518' title='bbox 682 3293 692 3307; x_wconf 91' lang='lat'>,</span> <span class='ocrx_word' id='word_1_519' title='bbox 716 3278 828 3299; x_wconf 80' lang='lat' dir='ltr'>exnunc</span> <span class='ocrx_word' id='word_1_520' title='bbox 849 3269 958 3308; x_wconf 78' lang='lat' dir='ltr'>fingulis</span> <span class='ocrx_word' id='word_1_521' title='bbox 979 3270 1147 3307; x_wconf 84' lang='lat' dir='ltr'>Septimanis</span> <span class='ocrx_word' id='word_1_522' title='bbox 1160 3294 1170 3309; x_wconf 91' lang='lat'>,</span> <span class='ocrx_word' id='word_1_523' title='bbox 1187 3271 1224 3301; x_wconf 86' lang='lat' dir='ltr'>de</span> 
     </span>
     <span class='ocr_line' id='line_1_74' title="bbox 160 3308 1223 3346; baseline -0.001 -5"><span class='ocrx_word' id='word_1_524' title='bbox 160 3311 308 3342; x_wconf 76' lang='lat' dir='ltr'>Thesauro</span> <span class='ocrx_word' id='word_1_525' title='bbox 323 3311 424 3341; x_wconf 88' lang='lat' dir='ltr'>nostro</span> <span class='ocrx_word' id='word_1_526' title='bbox 435 3308 465 3339; x_wconf 91' lang='lat' dir='ltr'>so</span> <span class='ocrx_word' id='word_1_527' title='bbox 477 3310 504 3339; x_wconf 92' lang='lat' dir='ltr'>vi</span> <span class='ocrx_word' id='word_1_528' title='bbox 519 3309 551 3339; x_wconf 70' lang='grc' dir='ltr'>ὃ(</span> <span class='ocrx_word' id='word_1_529' title='bbox 569 3309 671 3338; x_wconf 86' lang='lat' dir='ltr'>habere</span> <span class='ocrx_word' id='word_1_530' title='bbox 684 3308 801 3345; x_wconf 84' lang='lat' dir='ltr'>faciatis,</span> <span class='ocrx_word' id='word_1_531' title='bbox 818 3308 896 3346; x_wconf 79' lang='lat' dir='ltr'>juxta</span> <span class='ocrx_word' id='word_1_532' title='bbox 911 3316 1041 3338; x_wconf 83' lang='lat' dir='ltr'>tenorem</span> <span class='ocrx_word' id='word_1_533' title='bbox 1051 3308 1223 3340; x_wconf 86' lang='lat' dir='ltr'>Litterarum</span> 
     </span>
     <span class='ocr_line' id='line_1_75' title="bbox 158 3348 538 3390; baseline -0.011 -10"><span class='ocrx_word' id='word_1_534' title='bbox 158 3349 317 3381; x_wconf 81' lang='lat' dir='ltr'>nostrarum</span> <span class='ocrx_word' id='word_1_535' title='bbox 330 3348 538 3390; x_wconf 66' lang='lat' dir='ltr'>praedictarum.</span> 
     </span>
    </p>

    <p class='ocr_par' dir='ltr' id='par_1_45' title="bbox 196 3384 1206 3427">
     <span class='ocr_line' id='line_1_76' title="bbox 196 3384 1206 3427; baseline -0.004 -8"><span class='ocrx_word' id='word_1_536' title='bbox 196 3387 285 3419; x_wconf 86' lang='lat' dir='ltr'>Teste</span> <span class='ocrx_word' id='word_1_537' title='bbox 297 3387 379 3427; x_wconf 84' lang='lat' dir='ltr'>Rege</span> <span class='ocrx_word' id='word_1_538' title='bbox 393 3385 466 3425; x_wconf 88' lang='lat' dir='ltr'>apud</span> <span class='ocrx_word' id='word_1_539' title='bbox 478 3385 522 3417; x_wconf 83' lang='lat' dir='ltr'>W</span> <span class='ocrx_word' id='word_1_540' title='bbox 524 3384 767 3416; x_wconf 76' lang='lat' dir='ltr'>estmonasterium</span> <span class='ocrx_word' id='word_1_541' title='bbox 776 3407 787 3423; x_wconf 93' lang='lat'>,</span> <span class='ocrx_word' id='word_1_542' title='bbox 804 3385 941 3416; x_wconf 86' lang='lat' dir='ltr'>vicefimo</span> <span class='ocrx_word' id='word_1_543' title='bbox 951 3393 1053 3425; x_wconf 88' lang='lat' dir='ltr'>quarto</span> <span class='ocrx_word' id='word_1_544' title='bbox 1064 3384 1110 3416; x_wconf 86' lang='lat' dir='ltr'>die</span> <span class='ocrx_word' id='word_1_545' title='bbox 1124 3385 1206 3416; x_wconf 83' lang='lat' dir='ltr'>Maii.</span> 
     </span>
    </p>
   </div>
   <div class='ocr_carea' id='block_1_23' title="bbox 6 2889 214 2945">
    <p class='ocr_par' dir='ltr' id='par_1_46' title="bbox 6 2889 214 2945">
     <span class='ocr_line' id='line_1_77' title="bbox 6 2889 214 2945; baseline -0.019 -15"><span class='ocrx_word' id='word_1_546' title='bbox 6 2899 81 2930; x_wconf 59' lang='lat' dir='ltr'>ann.</span> <span class='ocrx_word' id='word_1_547' title='bbox 95 2896 136 2928; x_wconf 89' lang='lat' dir='ltr'>D.</span> <span class='ocrx_word' id='word_1_548' title='bbox 157 2889 214 2945; x_wconf 75' lang='lat' dir='ltr'>R</span> 
     </span>
    </p>
   </div>
   <div class='ocr_carea' id='block_1_24' title="bbox 6 2946 122 3012">
    <p class='ocr_par' dir='ltr' id='par_1_47' title="bbox 6 2946 122 3012">
     <span class='ocr_line' id='line_1_78' title="bbox 27 2946 111 2977; baseline -0.036 -9"><span class='ocrx_word' id='word_1_549' title='bbox 27 2946 111 2977; x_wconf 78' lang='lat'>1341.</span> 
     </span>
     <span class='ocr_line' id='line_1_79' title="bbox 6 2982 122 3012; baseline -0.026 -6"><span class='ocrx_word' id='word_1_550' title='bbox 6 2982 58 3006; x_wconf 82' lang='lat' dir='ltr'>An.</span> <span class='ocrx_word' id='word_1_551' title='bbox 80 2985 122 3012; x_wconf 90' lang='lat'>¹5-</span> 
     </span>
    </p>
   </div>
   <div class='ocr_carea' id='block_1_25' title="bbox 442 3506 944 3555">
    <p class='ocr_par' dir='ltr' id='par_1_48' title="bbox 442 3506 944 3555">
     <span class='ocr_line' id='line_1_80' title="bbox 442 3506 944 3555; baseline 0.006 -14"><span class='ocrx_word' id='word_1_552' title='bbox 442 3512 491 3544; x_wconf 85' lang='lat' dir='ltr'>De</span> <span class='ocrx_word' id='word_1_553' title='bbox 509 3506 599 3541; x_wconf 77' lang='lat' dir='ltr'>Robis</span> <span class='ocrx_word' id='word_1_554' title='bbox 610 3517 666 3554; x_wconf 91' lang='lat' dir='ltr'>pro</span> <span class='ocrx_word' id='word_1_555' title='bbox 681 3507 763 3541; x_wconf 58' lang='lat' dir='ltr'>dina</span> <span class='ocrx_word' id='word_1_556' title='bbox 783 3509 944 3555; x_wconf 71' lang='lat' dir='ltr'>Comittffit.</span> 
     </span>
    </p>
   </div>
   <div class='ocr_carea' id='block_1_26' title="bbox 24 3592 1234 3790">
    <p class='ocr_par' dir='ltr' id='par_1_49' title="bbox 24 3592 1231 3679">
     <span class='ocr_line' id='line_1_81' title="bbox 24 3592 1231 3651; baseline -0.004 -20"><span class='ocrx_word' id='word_1_557' title='bbox 24 3601 101 3632; x_wconf 78' lang='lat' dir='ltr'>Ann.</span> <span class='ocrx_word' id='word_1_558' title='bbox 116 3598 158 3629; x_wconf 91' lang='lat' dir='ltr'>D.</span> <span class='ocrx_word' id='word_1_559' title='bbox 171 3595 263 3651; x_wconf 75' lang='lat' dir='ltr'>RE</span> <span class='ocrx_word' id='word_1_560' title='bbox 273 3593 323 3634; x_wconf 88' lang='lat' dir='ltr'>X,</span> <span class='ocrx_word' id='word_1_561' title='bbox 339 3595 444 3626; x_wconf 61' lang='lat' dir='ltr'>dileem</span> <span class='ocrx_word' id='word_1_562' title='bbox 457 3593 574 3625; x_wconf 86' lang='lat' dir='ltr'>Cierico</span> <span class='ocrx_word' id='word_1_563' title='bbox 589 3593 655 3633; x_wconf 80' lang='lat' dir='ltr'>su0,</span> <span class='ocrx_word' id='word_1_564' title='bbox 672 3594 801 3625; x_wconf 74' lang='lat' dir='ltr'>Thomae</span> <span class='ocrx_word' id='word_1_565' title='bbox 815 3593 851 3624; x_wconf 90' lang='lat' dir='ltr'>de</span> <span class='ocrx_word' id='word_1_566' title='bbox 865 3592 984 3633; x_wconf 72' lang='lat' dir='ltr'>Crosse,</span> <span class='ocrx_word' id='word_1_567' title='bbox 1001 3593 1124 3627; x_wconf 87' lang='lat' dir='ltr'>Custodi</span> <span class='ocrx_word' id='word_1_568' title='bbox 1144 3595 1231 3636; x_wconf 87' lang='lat' dir='ltr'>Mag-</span> 
     </span>
     <span class='ocr_line' id='line_1_82' title="bbox 48 3633 720 3679; baseline -0.006 -13"><span class='ocrx_word' id='word_1_569' title='bbox 48 3647 132 3679; x_wconf 84' lang='lat'>1341.</span> <span class='ocrx_word' id='word_1_570' title='bbox 250 3644 295 3664; x_wconf 87' lang='lat' dir='ltr'>nae</span> <span class='ocrx_word' id='word_1_571' title='bbox 307 3634 484 3677; x_wconf 60' lang='lat' dir='ltr'>Garderobae</span> <span class='ocrx_word' id='word_1_572' title='bbox 496 3633 570 3677; x_wconf 60' lang='lat' dir='ltr'>suae,</span> <span class='ocrx_word' id='word_1_573' title='bbox 587 3633 720 3664; x_wconf 86' lang='lat' dir='ltr'>Salutem.</span> 
     </span>
    </p>

    <p class='ocr_par' dir='ltr' id='par_1_50' title="bbox 26 3670 1232 3718">
     <span class='ocr_line' id='line_1_83' title="bbox 26 3670 1232 3718; baseline -0.002 -12"><span class='ocrx_word' id='word_1_574' title='bbox 26 3682 78 3706; x_wconf 81' lang='lat' dir='ltr'>An.</span> <span class='ocrx_word' id='word_1_575' title='bbox 98 3685 139 3712; x_wconf 86' lang='lat'>¹5·</span> <span class='ocrx_word' id='word_1_576' title='bbox 194 3670 306 3714; x_wconf 33' lang='lat' dir='ltr'>,Cum,</span> <span class='ocrx_word' id='word_1_577' title='bbox 320 3672 481 3718; x_wconf 27' lang='lat' dir='ltr'>Tertiondie</span> <span class='ocrx_word' id='word_1_578' title='bbox 498 3671 591 3718; x_wconf 66' lang='lat' dir='ltr'>Maii,</span> <span class='ocrx_word' id='word_1_579' title='bbox 616 3671 704 3716; x_wconf 75' lang='lat' dir='ltr'>Anno</span> <span class='ocrx_word' id='word_1_580' title='bbox 720 3671 820 3709; x_wconf 84' lang='lat' dir='ltr'>Regni</span> <span class='ocrx_word' id='word_1_581' title='bbox 835 3671 925 3716; x_wconf 66' lang='lat' dir='ltr'>nostri</span> <span class='ocrx_word' id='word_1_582' title='bbox 941 3672 1053 3716; x_wconf 81' lang='lat' dir='ltr'>Angliae</span> <span class='ocrx_word' id='word_1_583' title='bbox 1068 3672 1232 3718; x_wconf 75' lang='lat' dir='ltr'>Qartode-</span> 
     </span>
    </p>

    <p class='ocr_par' dir='ltr' id='par_1_51' title="bbox 27 3709 1234 3790">
     <span class='ocr_line' id='line_1_84' title="bbox 27 3709 1234 3790; baseline 0 -8"><span class='ocrx_word' id='word_1_584' title='bbox 27 3721 164 3790; x_wconf 62' lang='lat' dir='ltr'>{iais&#39;.15.</span> <span class='ocrx_word' id='word_1_585' title='bbox 174 3717 281 3776; x_wconf 58' lang='grc' dir='ltr'>ῗὲἓὲὲ</span> <span class='ocrx_word' id='word_1_586' title='bbox 297 3709 1234 3789; x_wconf 46' lang='lat' dir='ltr'>3235&amp;ae¹¹5³?‘syiffeiffldxffssffiesffiiffiaziiffesffi‚Diffi</span> 
     </span>
    </p>
   </div>
   <div class='ocr_carea' id='block_1_27' title="bbox 28 3783 970 3902">
    <p class='ocr_par' dir='ltr' id='par_1_52' title="bbox 28 3783 970 3902">
     <span class='ocr_line' id='line_1_85' title="bbox 29 3783 970 3831; baseline 0.007 -20"><span class='ocrx_word' id='word_1_587' title='bbox 29 3797 60 3820; x_wconf 73' lang='lat' dir='ltr'>E.</span> <span class='ocrx_word' id='word_1_588' title='bbox 82 3801 107 3828; x_wconf 69' lang='lat'>3,</span> <span class='ocrx_word' id='word_1_589' title='bbox 178 3784 197 3802; x_wconf 73' lang='lat'>¹⁵</span> <span class='ocrx_word' id='word_1_590' title='bbox 219 3783 315 3814; x_wconf 87' lang='lat' dir='ltr'>Robas</span> <span class='ocrx_word' id='word_1_591' title='bbox 329 3795 377 3830; x_wconf 78' lang='lat' dir='ltr'>per</span> <span class='ocrx_word' id='word_1_592' title='bbox 392 3787 524 3831; x_wconf 84' lang='lat' dir='ltr'>Annum,</span> <span class='ocrx_word' id='word_1_593' title='bbox 541 3796 594 3826; x_wconf 87' lang='lat' dir='ltr'>pro</span> <span class='ocrx_word' id='word_1_594' title='bbox 609 3786 680 3817; x_wconf 88' lang='lat' dir='ltr'>statu</span> <span class='ocrx_word' id='word_1_595' title='bbox 695 3786 745 3816; x_wconf 92' lang='lat' dir='ltr'>suo</span> <span class='ocrx_word' id='word_1_596' title='bbox 758 3797 970 3827; x_wconf 68' lang='lat' dir='ltr'>competentes,</span> 
     </span>
     <span class='ocr_line' id='line_1_86' title="bbox 28 3820 868 3902; baseline 0.004 -11"><span class='ocrx_word' id='word_1_597' title='bbox 28 3837 113 3895; x_wconf 38' lang='grc' dir='ltr'>ξμς,</span> <span class='ocrx_word' id='word_1_598' title='bbox 211 3820 868 3902; x_wconf 48' lang='lat' dir='ltr'>{satagissssssaffifeAEffive</span> 
     </span>
    </p>
   </div>
   <div class='ocr_carea' id='block_1_28' title="bbox 33 3898 1234 4057">
    <p class='ocr_par' dir='ltr' id='par_1_53' title="bbox 33 3898 1234 4057">
     <span class='ocr_line' id='line_1_87' title="bbox 33 3898 1233 3944; baseline -0.001 -10"><span class='ocrx_word' id='word_1_599' title='bbox 33 3906 53 3926; x_wconf 68' lang='lat'>*⁸</span> <span class='ocrx_word' id='word_1_600' title='bbox 65 3909 116 3935; x_wconf 60' lang='grc' dir='ltr'>να.</span> <span class='ocrx_word' id='word_1_601' title='bbox 119 3915 165 3942; x_wconf 87' lang='lat'>5¹·</span> <span class='ocrx_word' id='word_1_602' title='bbox 213 3898 406 3941; x_wconf 81' lang='lat' dir='ltr'>Percipiendas</span> <span class='ocrx_word' id='word_1_603' title='bbox 420 3911 468 3944; x_wconf 71' lang='lat' dir='ltr'>per</span> <span class='ocrx_word' id='word_1_604' title='bbox 490 3911 588 3932; x_wconf 90' lang='lat' dir='ltr'>manus</span> <span class='ocrx_word' id='word_1_605' title='bbox 604 3901 712 3942; x_wconf 79' lang='lat' dir='ltr'>Clerici</span> <span class='ocrx_word' id='word_1_606' title='bbox 727 3912 838 3943; x_wconf 81' lang='lat' dir='ltr'>magnae</span> <span class='ocrx_word' id='word_1_607' title='bbox 854 3902 1169 3942; x_wconf 58' lang='lat' dir='ltr'>Garderobaenostrae,</span> <span class='ocrx_word' id='word_1_608' title='bbox 1184 3905 1233 3942; x_wconf 91' lang='lat' dir='ltr'>qui</span> 
     </span>
     <span class='ocr_line' id='line_1_88' title="bbox 175 3937 1234 3982; baseline 0.004 -15"><span class='ocrx_word' id='word_1_609' title='bbox 175 3947 229 3976; x_wconf 85' lang='lat' dir='ltr'>pro</span> <span class='ocrx_word' id='word_1_610' title='bbox 249 3946 377 3974; x_wconf 86' lang='lat' dir='ltr'>tempore</span> <span class='ocrx_word' id='word_1_611' title='bbox 399 3937 479 3982; x_wconf 80' lang='lat' dir='ltr'>fuerit</span> <span class='ocrx_word' id='word_1_612' title='bbox 493 3961 503 3977; x_wconf 96' lang='lat'>,</span> <span class='ocrx_word' id='word_1_613' title='bbox 521 3941 662 3980; x_wconf 87' lang='lat' dir='ltr'>quousque</span> <span class='ocrx_word' id='word_1_614' title='bbox 682 3940 718 3971; x_wconf 90' lang='lat' dir='ltr'>de</span> <span class='ocrx_word' id='word_1_615' title='bbox 738 3941 818 3972; x_wconf 88' lang='lat' dir='ltr'>Statu</span> <span class='ocrx_word' id='word_1_616' title='bbox 847 3942 968 3981; x_wconf 89' lang='lat' dir='ltr'>ejusdem</span> <span class='ocrx_word' id='word_1_617' title='bbox 998 3939 1160 3973; x_wconf 85' lang='lat' dir='ltr'>Cornitissae</span> <span class='ocrx_word' id='word_1_618' title='bbox 1179 3943 1234 3971; x_wconf 88' lang='lat' dir='ltr'>alio</span> 
     </span>
     <span class='ocr_line' id='line_1_89' title="bbox 177 3975 1234 4020; baseline 0.005 -14"><span class='ocrx_word' id='word_1_619' title='bbox 177 3975 269 4006; x_wconf 92' lang='lat' dir='ltr'>modo</span> <span class='ocrx_word' id='word_1_620' title='bbox 280 3984 456 4020; x_wconf 75' lang='lat' dir='ltr'>competenti</span> <span class='ocrx_word' id='word_1_621' title='bbox 468 3976 626 4020; x_wconf 72' lang='lat' dir='ltr'>duxerimus</span> <span class='ocrx_word' id='word_1_622' title='bbox 636 3980 860 4019; x_wconf 82' lang='lat' dir='ltr'>providendum,</span> <span class='ocrx_word' id='word_1_623' title='bbox 876 3989 960 4019; x_wconf 82' lang='lat' dir='ltr'>prout</span> <span class='ocrx_word' id='word_1_624' title='bbox 973 3982 1003 4012; x_wconf 91' lang='lat' dir='ltr'>in</span> <span class='ocrx_word' id='word_1_625' title='bbox 1018 3980 1120 4012; x_wconf 85' lang='lat' dir='ltr'>Literis</span> <span class='ocrx_word' id='word_1_626' title='bbox 1132 3979 1234 4012; x_wconf 82' lang='lat' dir='ltr'>nostris</span> 
     </span>
     <span class='ocr_line' id='line_1_90' title="bbox 174 4013 901 4057; baseline 0.001 -10"><span class='ocrx_word' id='word_1_627' title='bbox 174 4013 340 4047; x_wconf 82' lang='lat' dir='ltr'>Patentibus</span> <span class='ocrx_word' id='word_1_628' title='bbox 349 4014 415 4046; x_wconf 78' lang='lat' dir='ltr'>inde</span> <span class='ocrx_word' id='word_1_629' title='bbox 429 4014 584 4054; x_wconf 52' lang='lat' dir='ltr'>confesti-s,</span> <span class='ocrx_word' id='word_1_630' title='bbox 601 4017 901 4057; x_wconf 62' lang='lat' dir='ltr'>plenus-continetur,</span> 
     </span>
    </p>
   </div>
   <div class='ocr_carea' id='block_1_29' title="bbox 617 95 1876 156">
    <p class='ocr_par' dir='ltr' id='par_1_54' title="bbox 617 95 1876 156">
     <span class='ocr_line' id='line_1_91' title="bbox 617 95 1876 156; baseline -0.014 0"><span class='ocrx_word' id='word_1_631' title='bbox 617 98 1419 156; x_wconf 74' lang='lat' dir='ltr'>CONVENTION.E8,</span> <span class='ocrx_word' id='word_1_632' title='bbox 1477 95 1876 145; x_wconf 88' lang='lat' dir='ltr'>LITERAE,</span> 
     </span>
    </p>
   </div>
   <div class='ocr_carea' id='block_1_30' title="bbox 1242 178 2466 534">
    <p class='ocr_par' dir='ltr' id='par_1_55' title="bbox 1242 178 2466 342">
     <span class='ocr_line' id='line_1_92' title="bbox 1277 178 2466 224; baseline -0.003 -8"><span class='ocrx_word' id='word_1_633' title='bbox 1277 185 1368 217; x_wconf 89' lang='lat' dir='ltr'>Vobis</span> <span class='ocrx_word' id='word_1_634' title='bbox 1387 182 1554 214; x_wconf 86' lang='lat' dir='ltr'>mandamus</span> <span class='ocrx_word' id='word_1_635' title='bbox 1573 182 1655 224; x_wconf 78' lang='lat' dir='ltr'>quod</span> <span class='ocrx_word' id='word_1_636' title='bbox 1673 181 1768 214; x_wconf 85' lang='lat' dir='ltr'>eidem</span> <span class='ocrx_word' id='word_1_637' title='bbox 1785 178 1949 214; x_wconf 78' lang='lat' dir='ltr'>Comitiffae</span> <span class='ocrx_word' id='word_1_638' title='bbox 1962 180 2020 212; x_wconf 87' lang='lat' dir='ltr'>illas</span> <span class='ocrx_word' id='word_1_639' title='bbox 2033 182 2149 222; x_wconf 81' lang='lat' dir='ltr'>Robas,</span> <span class='ocrx_word' id='word_1_640' title='bbox 2167 194 2233 224; x_wconf 81' lang='lat' dir='ltr'>quae</span> <span class='ocrx_word' id='word_1_641' title='bbox 2251 187 2278 219; x_wconf 76' lang='lat' dir='ltr'>ei</span> <span class='ocrx_word' id='word_1_642' title='bbox 2296 191 2313 221; x_wconf 51' lang='grc' dir='ltr'>ᾗ</span> <span class='ocrx_word' id='word_1_643' title='bbox 2331 187 2409 219; x_wconf 76' lang='lat' dir='ltr'>Ann.</span> <span class='ocrx_word' id='word_1_644' title='bbox 2422 186 2466 218; x_wconf 83' lang='lat' dir='ltr'>D,</span> 
     </span>
     <span class='ocr_line' id='line_1_93' title="bbox 1242 220 2442 266; baseline 0.001 -11"><span class='ocrx_word' id='word_1_645' title='bbox 1242 233 1318 255; x_wconf 89' lang='lat' dir='ltr'>retro</span> <span class='ocrx_word' id='word_1_646' title='bbox 1332 222 1468 260; x_wconf 83' lang='lat' dir='ltr'>existunt,</span> <span class='ocrx_word' id='word_1_647' title='bbox 1485 222 1520 254; x_wconf 88' lang='lat'>&amp;</span> <span class='ocrx_word' id='word_1_648' title='bbox 1531 223 1617 253; x_wconf 85' lang='lat' dir='ltr'>etiam</span> <span class='ocrx_word' id='word_1_649' title='bbox 1631 220 1793 259; x_wconf 85' lang='lat' dir='ltr'>hujusmodi</span> <span class='ocrx_word' id='word_1_650' title='bbox 1807 221 1906 252; x_wconf 88' lang='lat' dir='ltr'>Robas</span> <span class='ocrx_word' id='word_1_651' title='bbox 1919 230 2032 251; x_wconf 81' lang='lat' dir='ltr'>exnunc</span> <span class='ocrx_word' id='word_1_652' title='bbox 2047 221 2158 261; x_wconf 78' lang='lat' dir='ltr'>singulis</span> <span class='ocrx_word' id='word_1_653' title='bbox 2172 226 2266 265; x_wconf 88' lang='lat' dir='ltr'>annis,</span> <span class='ocrx_word' id='word_1_654' title='bbox 2279 228 2315 259; x_wconf 91' lang='lat' dir='ltr'>de</span> <span class='ocrx_word' id='word_1_655' title='bbox 2355 234 2442 266; x_wconf 83' lang='lat'>1341.</span> 
     </span>
     <span class='ocr_line' id='line_1_94' title="bbox 1243 258 2450 303; baseline 0 -9"><span class='ocrx_word' id='word_1_656' title='bbox 1243 263 1320 294; x_wconf 66' lang='lat' dir='ltr'>dieta</span> <span class='ocrx_word' id='word_1_657' title='bbox 1335 261 1504 293; x_wconf 73' lang='lat' dir='ltr'>Garderoba</span> <span class='ocrx_word' id='word_1_658' title='bbox 1516 259 1631 299; x_wconf 68' lang='lat' dir='ltr'>nostra,</span> <span class='ocrx_word' id='word_1_659' title='bbox 1650 260 1784 298; x_wconf 89' lang='lat' dir='ltr'>quamdiu</span> <span class='ocrx_word' id='word_1_660' title='bbox 1800 258 1931 291; x_wconf 88' lang='lat' dir='ltr'>Clericus</span> <span class='ocrx_word' id='word_1_661' title='bbox 1950 259 2045 290; x_wconf 89' lang='lat' dir='ltr'>noster</span> <span class='ocrx_word' id='word_1_662' title='bbox 2058 260 2182 298; x_wconf 85' lang='lat' dir='ltr'>ejusdem</span> <span class='ocrx_word' id='word_1_663' title='bbox 2197 263 2301 296; x_wconf 82' lang='lat' dir='ltr'>fueritis</span> <span class='ocrx_word' id='word_1_664' title='bbox 2335 266 2401 295; x_wconf 76' lang='lat' dir='ltr'>Edv.</span> <span class='ocrx_word' id='word_1_665' title='bbox 2424 275 2450 303; x_wconf 87' lang='lat'>3.</span> 
     </span>
     <span class='ocr_line' id='line_1_95' title="bbox 1244 291 2318 342; baseline 0 -9"><span class='ocrx_word' id='word_1_666' title='bbox 1244 302 1350 333; x_wconf 89' lang='lat' dir='ltr'>habere</span> <span class='ocrx_word' id='word_1_667' title='bbox 1362 301 1465 332; x_wconf 73' lang='lat' dir='ltr'>faciatis</span> <span class='ocrx_word' id='word_1_668' title='bbox 1475 300 1553 338; x_wconf 82' lang='lat' dir='ltr'>juxta</span> <span class='ocrx_word' id='word_1_669' title='bbox 1565 307 1696 329; x_wconf 87' lang='lat' dir='ltr'>tenorem</span> <span class='ocrx_word' id='word_1_670' title='bbox 1719 298 1878 330; x_wconf 86' lang='lat' dir='ltr'>Literarum</span> <span class='ocrx_word' id='word_1_671' title='bbox 1892 297 2052 328; x_wconf 87' lang='lat' dir='ltr'>nostrarum</span> <span class='ocrx_word' id='word_1_672' title='bbox 2064 300 2287 342; x_wconf 58' lang='lat' dir='ltr'>praedictarum,</span> <span class='ocrx_word' id='word_1_673' title='bbox 2308 291 2318 306; x_wconf 78' lang='lat'>’</span> 
     </span>
    </p>

    <p class='ocr_par' dir='ltr' id='par_1_56' title="bbox 1245 336 2321 417">
     <span class='ocr_line' id='line_1_96' title="bbox 1281 336 2321 380; baseline 0.001 -9"><span class='ocrx_word' id='word_1_674' title='bbox 1281 340 1463 378; x_wconf 70' lang='lat' dir='ltr'>Recipientes</span> <span class='ocrx_word' id='word_1_675' title='bbox 1474 340 1490 369; x_wconf 75' lang='lat' dir='ltr'>a</span> <span class='ocrx_word' id='word_1_676' title='bbox 1503 337 1618 376; x_wconf 65' lang='lat' dir='ltr'>praefata</span> <span class='ocrx_word' id='word_1_677' title='bbox 1632 336 1786 368; x_wconf 71' lang='lat' dir='ltr'>Comitifla</span> <span class='ocrx_word' id='word_1_678' title='bbox 1799 337 1905 368; x_wconf 82' lang='lat' dir='ltr'>Litems</span> <span class='ocrx_word' id='word_1_679' title='bbox 1920 337 1977 367; x_wconf 88' lang='lat' dir='ltr'>suas</span> <span class='ocrx_word' id='word_1_680' title='bbox 1996 336 2125 368; x_wconf 78' lang='lat' dir='ltr'>Parentes</span> <span class='ocrx_word' id='word_1_681' title='bbox 2133 362 2143 378; x_wconf 94' lang='lat'>,</span> <span class='ocrx_word' id='word_1_682' title='bbox 2161 339 2321 380; x_wconf 87' lang='lat' dir='ltr'>Receptio-</span> 
     </span>
     <span class='ocr_line' id='line_1_97' title="bbox 1245 375 2242 417; baseline -0.001 -9"><span class='ocrx_word' id='word_1_683' title='bbox 1245 388 1314 411; x_wconf 85' lang='lat' dir='ltr'>nem</span> <span class='ocrx_word' id='word_1_684' title='bbox 1330 378 1439 408; x_wconf 88' lang='lat' dir='ltr'>illarum</span> <span class='ocrx_word' id='word_1_685' title='bbox 1456 376 1630 416; x_wconf 84' lang='lat' dir='ltr'>Robarum,</span> <span class='ocrx_word' id='word_1_686' title='bbox 1648 386 1715 417; x_wconf 88' lang='lat' dir='ltr'>quas</span> <span class='ocrx_word' id='word_1_687' title='bbox 1726 376 1753 406; x_wconf 87' lang='lat' dir='ltr'>ei</span> <span class='ocrx_word' id='word_1_688' title='bbox 1768 377 1806 407; x_wconf 85' lang='lat' dir='ltr'>fic</span> <span class='ocrx_word' id='word_1_689' title='bbox 1822 376 2018 415; x_wconf 85' lang='lat' dir='ltr'>liberaveritis,</span> <span class='ocrx_word' id='word_1_690' title='bbox 2029 375 2242 410; x_wconf 84' lang='lat' dir='ltr'>Testificantes:</span> 
     </span>
    </p>

    <p class='ocr_par' dir='ltr' id='par_1_57' title="bbox 1246 412 2322 488">
     <span class='ocr_line' id='line_1_98' title="bbox 1285 412 2322 456; baseline 0.005 -8"><span class='ocrx_word' id='word_1_691' title='bbox 1285 417 1322 448; x_wconf 90' lang='lat' dir='ltr'>Et</span> <span class='ocrx_word' id='word_1_692' title='bbox 1340 416 1409 447; x_wconf 93' lang='lat' dir='ltr'>Nos</span> <span class='ocrx_word' id='word_1_693' title='bbox 1428 417 1509 448; x_wconf 90' lang='lat' dir='ltr'>vobis</span> <span class='ocrx_word' id='word_1_694' title='bbox 1529 416 1597 447; x_wconf 74' lang='lat' dir='ltr'>inde</span> <span class='ocrx_word' id='word_1_695' title='bbox 1608 440 1619 456; x_wconf 84' lang='lat'>,</span> <span class='ocrx_word' id='word_1_696' title='bbox 1649 416 1680 446; x_wconf 90' lang='lat' dir='ltr'>in</span> <span class='ocrx_word' id='word_1_697' title='bbox 1699 412 1854 456; x_wconf 90' lang='lat' dir='ltr'>Compoto</span> <span class='ocrx_word' id='word_1_698' title='bbox 1875 413 1971 445; x_wconf 87' lang='lat' dir='ltr'>vestro</span> <span class='ocrx_word' id='word_1_699' title='bbox 1982 436 1992 452; x_wconf 72' lang='lat'>2</span> <span class='ocrx_word' id='word_1_700' title='bbox 2018 413 2144 448; x_wconf 88' lang='lat' dir='ltr'>debitam</span> <span class='ocrx_word' id='word_1_701' title='bbox 2164 417 2322 452; x_wconf 77' lang='lat' dir='ltr'>Alloontio-</span> 
     </span>
     <span class='ocr_line' id='line_1_99' title="bbox 1246 455 1590 488; baseline -0.009 0"><span class='ocrx_word' id='word_1_702' title='bbox 1246 466 1315 488; x_wconf 90' lang='lat' dir='ltr'>nem</span> <span class='ocrx_word' id='word_1_703' title='bbox 1331 455 1434 485; x_wconf 90' lang='lat' dir='ltr'>habere</span> <span class='ocrx_word' id='word_1_704' title='bbox 1449 456 1590 486; x_wconf 83' lang='lat' dir='ltr'>faciemus.</span> 
     </span>
    </p>

    <p class='ocr_par' dir='ltr' id='par_1_58' title="bbox 1283 491 2128 534">
     <span class='ocr_line' id='line_1_100' title="bbox 1283 491 2128 534; baseline -0.002 -8"><span class='ocrx_word' id='word_1_705' title='bbox 1283 493 1374 526; x_wconf 90' lang='lat' dir='ltr'>Teste</span> <span class='ocrx_word' id='word_1_706' title='bbox 1389 492 1473 533; x_wconf 84' lang='lat' dir='ltr'>Rege</span> <span class='ocrx_word' id='word_1_707' title='bbox 1485 494 1560 534; x_wconf 86' lang='lat' dir='ltr'>apud</span> <span class='ocrx_word' id='word_1_708' title='bbox 1574 491 1701 526; x_wconf 83' lang='lat' dir='ltr'>Westm.</span> <span class='ocrx_word' id='word_1_709' title='bbox 1715 491 1854 524; x_wconf 81' lang='lat' dir='ltr'>vicesimo</span> <span class='ocrx_word' id='word_1_710' title='bbox 1868 499 1969 531; x_wconf 89' lang='lat' dir='ltr'>quarto</span> <span class='ocrx_word' id='word_1_711' title='bbox 1984 491 2031 524; x_wconf 81' lang='lat' dir='ltr'>die</span> <span class='ocrx_word' id='word_1_712' title='bbox 2045 491 2128 525; x_wconf 83' lang='lat' dir='ltr'>Maii.</span> 
     </span>
    </p>
   </div>
   <div class='ocr_carea' id='block_1_31' title="bbox 1324 629 2252 680">
    <p class='ocr_par' dir='ltr' id='par_1_59' title="bbox 1324 629 2252 680">
     <span class='ocr_line' id='line_1_101' title="bbox 1324 629 2252 680; baseline -0.001 -13"><span class='ocrx_word' id='word_1_713' title='bbox 1324 634 1375 667; x_wconf 88' lang='lat' dir='ltr'>De</span> <span class='ocrx_word' id='word_1_714' title='bbox 1396 629 1539 675; x_wconf 67' lang='lat' dir='ltr'>potestate</span> <span class='ocrx_word' id='word_1_715' title='bbox 1555 630 1602 665; x_wconf 82' lang='lat' dir='ltr'>ad</span> <span class='ocrx_word' id='word_1_716' title='bbox 1614 631 1824 666; x_wconf 57' lang='lat' dir='ltr'>‘vastandum</span> <span class='ocrx_word' id='word_1_717' title='bbox 1841 643 1911 665; x_wconf 84' lang='lat' dir='ltr'>cum</span> <span class='ocrx_word' id='word_1_718' title='bbox 1926 629 2059 680; x_wconf 85' lang='lat' dir='ltr'>Philippo</span> <span class='ocrx_word' id='word_1_719' title='bbox 2075 631 2112 666; x_wconf 74' lang='lat' dir='ltr'>de</span> <span class='ocrx_word' id='word_1_720' title='bbox 2129 635 2252 679; x_wconf 65' lang='lat' dir='ltr'>ngst&#39;o.</span> 
     </span>
    </p>
   </div>
   <div class='ocr_carea' id='block_1_32' title="bbox 1251 713 2481 994">
    <p class='ocr_par' dir='ltr' id='par_1_60' title="bbox 1251 713 2481 994">
     <span class='ocr_line' id='line_1_102' title="bbox 1251 713 2476 777; baseline -0.005 -27"><span class='ocrx_word' id='word_1_721' title='bbox 1251 717 1379 777; x_wconf 79' lang='lat' dir='ltr'>REX</span> <span class='ocrx_word' id='word_1_722' title='bbox 1397 717 1561 756; x_wconf 82' lang='lat' dir='ltr'>Omnibus,</span> <span class='ocrx_word' id='word_1_723' title='bbox 1575 717 1610 748; x_wconf 87' lang='lat' dir='ltr'>ad</span> <span class='ocrx_word' id='word_1_724' title='bbox 1623 726 1694 756; x_wconf 85' lang='lat' dir='ltr'>quos</span> <span class='ocrx_word' id='word_1_725' title='bbox 1704 718 1767 750; x_wconf 87' lang='lat' dir='ltr'>&amp;c.</span> <span class='ocrx_word' id='word_1_726' title='bbox 1785 718 1921 750; x_wconf 84' lang='lat' dir='ltr'>Salutem.</span> <span class='ocrx_word' id='word_1_727' title='bbox 2339 713 2418 745; x_wconf 84' lang='lat' dir='ltr'>Ann.</span> <span class='ocrx_word' id='word_1_728' title='bbox 2432 715 2476 745; x_wconf 66' lang='lat' dir='ltr'>D:</span> 
     </span>
     <span class='ocr_line' id='line_1_103' title="bbox 1361 756 2452 797; baseline -0.003 -10"><span class='ocrx_word' id='word_1_729' title='bbox 1361 756 1459 788; x_wconf 88' lang='lat' dir='ltr'>Sciatis</span> <span class='ocrx_word' id='word_1_730' title='bbox 1474 757 1555 797; x_wconf 78' lang='lat' dir='ltr'>quod</span> <span class='ocrx_word' id='word_1_731' title='bbox 1569 756 1640 787; x_wconf 90' lang='lat' dir='ltr'>Nos</span> <span class='ocrx_word' id='word_1_732' title='bbox 1647 757 1665 794; x_wconf 78' lang='lat'>,¹</span> <span class='ocrx_word' id='word_1_733' title='bbox 2364 763 2452 793; x_wconf 80' lang='lat'>1341.</span> 
     </span>
     <span class='ocr_line' id='line_1_104' title="bbox 1289 794 2458 858; baseline 0.003 -32"><span class='ocrx_word' id='word_1_734' title='bbox 1289 795 1340 827; x_wconf 88' lang='lat' dir='ltr'>Dc</span> <span class='ocrx_word' id='word_1_735' title='bbox 1353 795 1519 827; x_wconf 88' lang='lat' dir='ltr'>Sinceritate</span> <span class='ocrx_word' id='word_1_736' title='bbox 1529 796 1563 827; x_wconf 90' lang='lat'>&amp;</span> <span class='ocrx_word' id='word_1_737' title='bbox 1576 794 1832 835; x_wconf 51' lang='lat' dir='ltr'>circumspectione</span> <span class='ocrx_word' id='word_1_738' title='bbox 1844 795 1979 836; x_wconf 66' lang='lat' dir='ltr'>provida,</span> <span class='ocrx_word' id='word_1_739' title='bbox 1998 796 2165 838; x_wconf 73' lang='lat' dir='ltr'>illuſtrium,</span> <span class='ocrx_word' id='word_1_740' title='bbox 2341 796 2394 858; x_wconf 53' lang='grc' dir='ltr'>ἕν’-</span> <span class='ocrx_word' id='word_1_741' title='bbox 2414 803 2458 830; x_wconf 85' lang='lat'>¹5·</span> 
     </span>
     <span class='ocr_line' id='line_1_105' title="bbox 1292 841 2461 915; baseline -0.005 -12"><span class='ocrx_word' id='word_1_742' title='bbox 1292 873 1436 913; x_wconf 85' lang='lat' dir='ltr'>Johanm‘s</span> <span class='ocrx_word' id='word_1_743' title='bbox 1451 876 1536 903; x_wconf 82' lang='lat' dir='ltr'>Ducis</span> <span class='ocrx_word' id='word_1_744' title='bbox 1549 871 1715 902; x_wconf 81' lang='lat' dir='ltr'>Brabantiae</span> <span class='ocrx_word' id='word_1_745' title='bbox 1731 870 1926 911; x_wconf 69' lang='lat' dir='ltr'>Consangulnei</span> <span class='ocrx_word' id='word_1_746' title='bbox 1937 873 2019 914; x_wconf 71' lang='lat' dir='ltr'>nostri</span> <span class='ocrx_word' id='word_1_747' title='bbox 2030 875 2154 915; x_wconf 77' lang='lat' dir='ltr'>cariffimi</span> <span class='ocrx_word' id='word_1_748' title='bbox 2160 898 2170 914; x_wconf 87' lang='lat'>,</span> <span class='ocrx_word' id='word_1_749' title='bbox 2340 841 2461 899; x_wconf 52' lang='lat' dir='ltr'>Aurium.</span> 
     </span>
     <span class='ocr_line' id='line_1_106' title="bbox 1294 909 2481 952; baseline -0.005 -10"><span class='ocrx_word' id='word_1_750' title='bbox 1294 912 1423 952; x_wconf 82' lang='lat' dir='ltr'>Reynoldi</span> <span class='ocrx_word' id='word_1_751' title='bbox 1438 915 1525 942; x_wconf 86' lang='lat' dir='ltr'>Ducis</span> <span class='ocrx_word' id='word_1_752' title='bbox 1539 910 1639 941; x_wconf 82' lang='lat' dir='ltr'>Gelriae</span> <span class='ocrx_word' id='word_1_753' title='bbox 1655 909 1693 946; x_wconf 60' lang='grc' dir='ltr'>ῤ’</span> <span class='ocrx_word' id='word_1_754' title='bbox 1708 912 1817 940; x_wconf 81' lang='lat' dir='ltr'>Comitis</span> <span class='ocrx_word' id='word_1_755' title='bbox 1832 910 1970 949; x_wconf 81' lang='lat' dir='ltr'>Zutphen.</span> <span class='ocrx_word' id='word_1_756' title='bbox 2346 918 2388 943; x_wconf 82' lang='lat'>15.</span> <span class='ocrx_word' id='word_1_757' title='bbox 2404 913 2433 937; x_wconf 88' lang='grc' dir='ltr'>Ε.</span> <span class='ocrx_word' id='word_1_758' title='bbox 2455 918 2481 946; x_wconf 83' lang='lat'>3.</span> 
     </span>
     <span class='ocr_line' id='line_1_107' title="bbox 1291 948 2446 994; baseline 0.001 -13"><span class='ocrx_word' id='word_1_759' title='bbox 1291 950 1439 981; x_wconf 83' lang='lat' dir='ltr'>Guillielmi</span> <span class='ocrx_word' id='word_1_760' title='bbox 1452 949 1622 980; x_wconf 82' lang='lat' dir='ltr'>Marchionis</span> <span class='ocrx_word' id='word_1_761' title='bbox 1634 948 1802 990; x_wconf 84' lang='lat' dir='ltr'>Juliacenfis</span> <span class='ocrx_word' id='word_1_762' title='bbox 1816 949 1855 984; x_wconf 84' lang='lat'><em>&amp;</em></span> <span class='ocrx_word' id='word_1_763' title='bbox 1871 952 1983 980; x_wconf 84' lang='lat' dir='ltr'>Comitis</span> <span class='ocrx_word' id='word_1_764' title='bbox 1997 952 2197 994; x_wconf 74' lang='lat' dir='ltr'>Cantebrigiae,</span> <span class='ocrx_word' id='word_1_765' title='bbox 2344 957 2382 977; x_wconf 77' lang='lat' dir='ltr'>m·</span> <span class='ocrx_word' id='word_1_766' title='bbox 2400 957 2446 976; x_wconf 86' lang='lat'>20·</span> 
     </span>
    </p>
   </div>
   <div class='ocr_carea' id='block_1_33' title="bbox 1294 989 2078 1068">
    <p class='ocr_par' dir='ltr' id='par_1_61' title="bbox 1294 989 2078 1068">
     <span class='ocr_line' id='line_1_108' title="bbox 1294 989 1737 1027; baseline -0.005 -7"><span class='ocrx_word' id='word_1_767' title='bbox 1294 989 1444 1020; x_wconf 63' lang='lat' dir='ltr'>Guillt&#39;elr&#39;ni</span> <span class='ocrx_word' id='word_1_768' title='bbox 1457 991 1566 1019; x_wconf 84' lang='lat' dir='ltr'>Comitis</span> <span class='ocrx_word' id='word_1_769' title='bbox 1579 990 1718 1018; x_wconf 76' lang='lat' dir='ltr'>Hananiae</span> <span class='ocrx_word' id='word_1_770' title='bbox 1726 1010 1737 1027; x_wconf 86' lang='lat'>,</span> 
     </span>
     <span class='ocr_line' id='line_1_109' title="bbox 1296 1026 2078 1068; baseline -0.003 -9"><span class='ocrx_word' id='word_1_771' title='bbox 1296 1031 1340 1059; x_wconf 80' lang='lat' dir='ltr'>Et</span> <span class='ocrx_word' id='word_1_772' title='bbox 1353 1028 1496 1068; x_wconf 80' lang='lat' dir='ltr'>Johannis</span> <span class='ocrx_word' id='word_1_773' title='bbox 1508 1028 1541 1058; x_wconf 86' lang='lat' dir='ltr'>de</span> <span class='ocrx_word' id='word_1_774' title='bbox 1552 1026 1688 1057; x_wconf 59' lang='lat' dir='ltr'>Hanania</span> <span class='ocrx_word' id='word_1_775' title='bbox 1697 1050 1708 1065; x_wconf 86' lang='lat'>,</span> <span class='ocrx_word' id='word_1_776' title='bbox 1726 1028 1839 1057; x_wconf 81' lang='lat' dir='ltr'>Domini</span> <span class='ocrx_word' id='word_1_777' title='bbox 1853 1026 1885 1057; x_wconf 82' lang='lat' dir='ltr'>de</span> <span class='ocrx_word' id='word_1_778' title='bbox 1902 1027 2059 1057; x_wconf 80' lang='lat' dir='ltr'>Beaumont</span> <span class='ocrx_word' id='word_1_779' title='bbox 2067 1052 2078 1066; x_wconf 81' lang='lat'>,</span> 
     </span>
    </p>
   </div>
   <div class='ocr_carea' id='block_1_34' title="bbox 1260 1103 2347 2195">
    <p class='ocr_par' dir='ltr' id='par_1_62' title="bbox 1294 1103 1855 1143">
     <span class='ocr_line' id='line_1_110' title="bbox 1294 1103 1855 1143; baseline -0.004 -6"><span class='ocrx_word' id='word_1_780' title='bbox 1294 1105 1439 1137; x_wconf 86' lang='lat' dir='ltr'>Affinium</span> <span class='ocrx_word' id='word_1_781' title='bbox 1453 1105 1616 1136; x_wconf 84' lang='lat' dir='ltr'>nostrorum</span> <span class='ocrx_word' id='word_1_782' title='bbox 1630 1103 1855 1143; x_wconf 85' lang='lat' dir='ltr'>cariffimorum,</span> 
     </span>
    </p>

    <p class='ocr_par' dir='ltr' id='par_1_63' title="bbox 1296 1144 2309 1183">
     <span class='ocr_line' id='line_1_111' title="bbox 1296 1144 2309 1183; baseline 0 -8"><span class='ocrx_word' id='word_1_783' title='bbox 1296 1144 1402 1176; x_wconf 76' lang='lat' dir='ltr'>Intime</span> <span class='ocrx_word' id='word_1_784' title='bbox 1417 1144 1610 1183; x_wconf 74' lang='lat' dir='ltr'>confidentes,</span> <span class='ocrx_word' id='word_1_785' title='bbox 2304 1146 2309 1149; x_wconf 73' lang='grc'>’</span> 
     </span>
    </p>

    <p class='ocr_par' dir='ltr' id='par_1_64' title="bbox 1260 1181 2336 1340">
     <span class='ocr_line' id='line_1_112' title="bbox 1298 1181 2336 1224; baseline 0.005 -10"><span class='ocrx_word' id='word_1_786' title='bbox 1298 1183 1380 1224; x_wconf 86' lang='lat' dir='ltr'>Ipfis,</span> <span class='ocrx_word' id='word_1_787' title='bbox 1401 1184 1552 1223; x_wconf 81' lang='lat' dir='ltr'>Qatuor,</span> <span class='ocrx_word' id='word_1_788' title='bbox 1569 1183 1694 1222; x_wconf 87' lang='lat' dir='ltr'>Tribus,</span> <span class='ocrx_word' id='word_1_789' title='bbox 1712 1182 1747 1214; x_wconf 77' lang='grc' dir='ltr'>δε</span> <span class='ocrx_word' id='word_1_790' title='bbox 1767 1181 1892 1213; x_wconf 87' lang='lat' dir='ltr'>Duobus</span> <span class='ocrx_word' id='word_1_791' title='bbox 1906 1190 2025 1221; x_wconf 87' lang='lat' dir='ltr'>eorum,</span> <span class='ocrx_word' id='word_1_792' title='bbox 2042 1182 2076 1213; x_wconf 88' lang='lat' dir='ltr'>ad</span> <span class='ocrx_word' id='word_1_793' title='bbox 2093 1181 2336 1219; x_wconf 61' lang='lat' dir='ltr'>Tradhndum&amp;</span> 
     </span>
     <span class='ocr_line' id='line_1_113' title="bbox 1261 1219 2336 1266; baseline -0.003 -13"><span class='ocrx_word' id='word_1_794' title='bbox 1261 1220 1510 1253; x_wconf 88' lang='lat' dir='ltr'>Concordandum</span> <span class='ocrx_word' id='word_1_795' title='bbox 1524 1232 1576 1262; x_wconf 87' lang='lat' dir='ltr'>pro</span> <span class='ocrx_word' id='word_1_796' title='bbox 1594 1221 1710 1260; x_wconf 85' lang='lat' dir='ltr'>Nobis,</span> <span class='ocrx_word' id='word_1_797' title='bbox 1730 1222 1764 1252; x_wconf 93' lang='lat'>&amp;</span> <span class='ocrx_word' id='word_1_798' title='bbox 1778 1219 1879 1251; x_wconf 89' lang='lat' dir='ltr'>nostro</span> <span class='ocrx_word' id='word_1_799' title='bbox 1898 1221 2032 1260; x_wconf 85' lang='lat' dir='ltr'>nomine,</span> <span class='ocrx_word' id='word_1_800' title='bbox 2049 1231 2117 1252; x_wconf 91' lang='lat' dir='ltr'>cum</span> <span class='ocrx_word' id='word_1_801' title='bbox 2129 1245 2140 1261; x_wconf 91' lang='lat'>,</span> <span class='ocrx_word' id='word_1_802' title='bbox 2156 1221 2229 1254; x_wconf 87' lang='lat' dir='ltr'>Viro</span> <span class='ocrx_word' id='word_1_803' title='bbox 2249 1223 2336 1266; x_wconf 81' lang='lat' dir='ltr'>Mag.</span> 
     </span>
     <span class='ocr_line' id='line_1_114' title="bbox 1260 1258 2336 1305; baseline 0.004 -14"><span class='ocrx_word' id='word_1_804' title='bbox 1260 1260 1367 1300; x_wconf 84' lang='lat' dir='ltr'>nifico,</span> <span class='ocrx_word' id='word_1_805' title='bbox 1386 1261 1521 1291; x_wconf 86' lang='lat' dir='ltr'>Domino</span> <span class='ocrx_word' id='word_1_806' title='bbox 1534 1260 1670 1298; x_wconf 88' lang='lat' dir='ltr'>Philippo</span> <span class='ocrx_word' id='word_1_807' title='bbox 1684 1259 1720 1291; x_wconf 90' lang='lat' dir='ltr'>de</span> <span class='ocrx_word' id='word_1_808' title='bbox 1736 1258 1848 1291; x_wconf 87' lang='lat' dir='ltr'>Valefio</span> <span class='ocrx_word' id='word_1_809' title='bbox 1864 1282 1875 1299; x_wconf 92' lang='lat'>,</span> <span class='ocrx_word' id='word_1_810' title='bbox 1893 1259 1940 1290; x_wconf 90' lang='lat' dir='ltr'>seu</span> <span class='ocrx_word' id='word_1_811' title='bbox 1959 1259 2125 1298; x_wconf 89' lang='lat' dir='ltr'>deputandis</span> <span class='ocrx_word' id='word_1_812' title='bbox 2138 1261 2175 1291; x_wconf 86' lang='lat' dir='ltr'>ab</span> <span class='ocrx_word' id='word_1_813' title='bbox 2188 1272 2241 1302; x_wconf 84' lang='lat' dir='ltr'>eo,</span> <span class='ocrx_word' id='word_1_814' title='bbox 2257 1262 2336 1305; x_wconf 89' lang='lat' dir='ltr'>super</span> 
     </span>
     <span class='ocr_line' id='line_1_115' title="bbox 1260 1298 1803 1340; baseline -0.002 -10"><span class='ocrx_word' id='word_1_815' title='bbox 1260 1299 1379 1340; x_wconf 74' lang='lat' dir='ltr'>Treuga</span> <span class='ocrx_word' id='word_1_816' title='bbox 1416 1300 1461 1330; x_wconf 88' lang='lat' dir='ltr'>seu</span> <span class='ocrx_word' id='word_1_817' title='bbox 1478 1299 1600 1330; x_wconf 86' lang='lat' dir='ltr'>Guerrae</span> <span class='ocrx_word' id='word_1_818' title='bbox 1615 1298 1803 1338; x_wconf 67' lang='lat' dir='ltr'>Sufferentia,</span> 
     </span>
    </p>

    <p class='ocr_par' dir='ltr' id='par_1_65' title="bbox 1261 1323 2343 1575">
     <span class='ocr_line' id='line_1_116' title="bbox 1297 1323 2340 1383; baseline 0.003 -15"><span class='ocrx_word' id='word_1_819' title='bbox 1297 1323 1474 1383; x_wconf 30' lang='lat' dir='ltr'>Inter-Nos,</span> <span class='ocrx_word' id='word_1_820' title='bbox 1484 1349 1546 1382; x_wconf 34' lang='lat' dir='ltr'>&#39;pro</span> <span class='ocrx_word' id='word_1_821' title='bbox 1555 1337 1674 1376; x_wconf 87' lang='lat' dir='ltr'>Nobis,</span> <span class='ocrx_word' id='word_1_822' title='bbox 1694 1338 1821 1382; x_wconf 78' lang='lat' dir='ltr'>Alligatis</span> <span class='ocrx_word' id='word_1_823' title='bbox 1835 1360 1845 1376; x_wconf 93' lang='lat'>,</span> <span class='ocrx_word' id='word_1_824' title='bbox 1863 1338 1898 1369; x_wconf 65' lang='grc' dir='ltr'>ὃς</span> <span class='ocrx_word' id='word_1_825' title='bbox 1918 1337 2043 1368; x_wconf 88' lang='lat' dir='ltr'>Subditis</span> <span class='ocrx_word' id='word_1_826' title='bbox 2055 1337 2173 1378; x_wconf 90' lang='lat' dir='ltr'>nostris,</span> <span class='ocrx_word' id='word_1_827' title='bbox 2191 1339 2226 1371; x_wconf 73' lang='grc' dir='ltr'>δε</span> <span class='ocrx_word' id='word_1_828' title='bbox 2241 1341 2340 1371; x_wconf 86' lang='lat' dir='ltr'>omni-</span> 
     </span>
     <span class='ocr_line' id='line_1_117' title="bbox 1261 1376 2339 1418; baseline 0.003 -10"><span class='ocrx_word' id='word_1_829' title='bbox 1261 1377 1314 1408; x_wconf 87' lang='lat' dir='ltr'>bus</span> <span class='ocrx_word' id='word_1_830' title='bbox 1338 1388 1386 1416; x_wconf 75' lang='lat' dir='ltr'>qur</span> <span class='ocrx_word' id='word_1_831' title='bbox 1407 1377 1440 1408; x_wconf 91' lang='lat' dir='ltr'>ad</span> <span class='ocrx_word' id='word_1_832' title='bbox 1458 1377 1634 1408; x_wconf 76' lang='lat' dir='ltr'>Fidelitatem</span> <span class='ocrx_word' id='word_1_833' title='bbox 1658 1378 1692 1407; x_wconf 73' lang='lat' dir='ltr'>«Sc</span> <span class='ocrx_word' id='word_1_834' title='bbox 1708 1376 1912 1408; x_wconf 83' lang='lat' dir='ltr'>Obedientiarn</span> <span class='ocrx_word' id='word_1_835' title='bbox 1925 1376 2049 1415; x_wconf 75' lang='lat' dir='ltr'>nostras,</span> <span class='ocrx_word' id='word_1_836' title='bbox 2067 1387 2102 1408; x_wconf 85' lang='lat' dir='ltr'>ex</span> <span class='ocrx_word' id='word_1_837' title='bbox 2122 1377 2179 1408; x_wconf 68' lang='lat' dir='ltr'>una</span> <span class='ocrx_word' id='word_1_838' title='bbox 2190 1387 2286 1418; x_wconf 85' lang='lat' dir='ltr'>parte,</span> <span class='ocrx_word' id='word_1_839' title='bbox 2304 1381 2339 1412; x_wconf 88' lang='lat'>&amp;</span> 
     </span>
     <span class='ocr_line' id='line_1_118' title="bbox 1261 1414 2341 1458; baseline 0.005 -13"><span class='ocrx_word' id='word_1_840' title='bbox 1261 1415 1412 1454; x_wconf 75' lang='lat' dir='ltr'>praefatum</span> <span class='ocrx_word' id='word_1_841' title='bbox 1434 1414 1599 1455; x_wconf 85' lang='lat' dir='ltr'>Philippum</span> <span class='ocrx_word' id='word_1_842' title='bbox 1614 1439 1624 1454; x_wconf 94' lang='lat'>,</span> <span class='ocrx_word' id='word_1_843' title='bbox 1642 1415 1781 1455; x_wconf 83' lang='lat' dir='ltr'>Alligatos</span> <span class='ocrx_word' id='word_1_844' title='bbox 1792 1438 1803 1455; x_wconf 94' lang='lat'>,</span> <span class='ocrx_word' id='word_1_845' title='bbox 1821 1415 1855 1446; x_wconf 77' lang='grc' dir='ltr'>δε</span> <span class='ocrx_word' id='word_1_846' title='bbox 1873 1416 2009 1446; x_wconf 89' lang='lat' dir='ltr'>Subditos</span> <span class='ocrx_word' id='word_1_847' title='bbox 2027 1416 2108 1456; x_wconf 90' lang='lat' dir='ltr'>suos,</span> <span class='ocrx_word' id='word_1_848' title='bbox 2125 1417 2159 1448; x_wconf 78' lang='grc' dir='ltr'>δε</span> <span class='ocrx_word' id='word_1_849' title='bbox 2171 1427 2274 1449; x_wconf 85' lang='lat' dir='ltr'>ornnes</span> <span class='ocrx_word' id='word_1_850' title='bbox 2292 1419 2341 1458; x_wconf 87' lang='lat' dir='ltr'>qui</span> 
     </span>
     <span class='ocr_line' id='line_1_119' title="bbox 1262 1454 2343 1494; baseline 0.004 -9"><span class='ocrx_word' id='word_1_851' title='bbox 1262 1455 1295 1486; x_wconf 91' lang='lat' dir='ltr'>ad</span> <span class='ocrx_word' id='word_1_852' title='bbox 1310 1455 1487 1486; x_wconf 86' lang='lat' dir='ltr'>Fidelitatem</span> <span class='ocrx_word' id='word_1_853' title='bbox 1499 1456 1533 1486; x_wconf 89' lang='lat'>&amp;</span> <span class='ocrx_word' id='word_1_854' title='bbox 1549 1455 1755 1485; x_wconf 76' lang='lat' dir='ltr'>Obedientiam</span> <span class='ocrx_word' id='word_1_855' title='bbox 1769 1454 1826 1485; x_wconf 79' lang='lat' dir='ltr'>suas</span> <span class='ocrx_word' id='word_1_856' title='bbox 1839 1454 1961 1485; x_wconf 82' lang='lat' dir='ltr'>existunt</span> <span class='ocrx_word' id='word_1_857' title='bbox 1976 1477 1986 1493; x_wconf 87' lang='lat'>,</span> <span class='ocrx_word' id='word_1_858' title='bbox 2005 1464 2039 1484; x_wconf 86' lang='lat' dir='ltr'>ex</span> <span class='ocrx_word' id='word_1_859' title='bbox 2053 1455 2156 1494; x_wconf 71' lang='lat' dir='ltr'>alteri,</span> <span class='ocrx_word' id='word_1_860' title='bbox 2174 1458 2270 1487; x_wconf 89' lang='lat' dir='ltr'>venire</span> <span class='ocrx_word' id='word_1_861' title='bbox 2286 1467 2343 1489; x_wconf 84' lang='lat' dir='ltr'>vo-</span> 
     </span>
     <span class='ocr_line' id='line_1_120' title="bbox 1262 1492 2342 1534; baseline 0.003 -9"><span class='ocrx_word' id='word_1_862' title='bbox 1262 1495 1385 1533; x_wconf 88' lang='lat' dir='ltr'>luerint,</span> <span class='ocrx_word' id='word_1_863' title='bbox 1403 1494 1488 1533; x_wconf 90' lang='lat' dir='ltr'>usque</span> <span class='ocrx_word' id='word_1_864' title='bbox 1507 1494 1541 1525; x_wconf 91' lang='lat' dir='ltr'>ad</span> <span class='ocrx_word' id='word_1_865' title='bbox 1563 1493 1681 1524; x_wconf 88' lang='lat' dir='ltr'>Festum</span> <span class='ocrx_word' id='word_1_866' title='bbox 1704 1492 1911 1525; x_wconf 88' lang='lat' dir='ltr'>Decollationis</span> <span class='ocrx_word' id='word_1_867' title='bbox 1930 1493 2028 1525; x_wconf 68' lang='lat' dir='ltr'>Sancti</span> <span class='ocrx_word' id='word_1_868' title='bbox 2047 1492 2188 1533; x_wconf 88' lang='lat' dir='ltr'>Johannis</span> <span class='ocrx_word' id='word_1_869' title='bbox 2207 1494 2342 1534; x_wconf 70' lang='lat' dir='ltr'>Baptista:</span> 
     </span>
     <span class='ocr_line' id='line_1_121' title="bbox 1263 1532 1719 1575; baseline -0.004 -11"><span class='ocrx_word' id='word_1_870' title='bbox 1263 1535 1399 1575; x_wconf 80' lang='lat' dir='ltr'>proximo</span> <span class='ocrx_word' id='word_1_871' title='bbox 1414 1534 1558 1572; x_wconf 86' lang='lat' dir='ltr'>futurum,</span> <span class='ocrx_word' id='word_1_872' title='bbox 1575 1532 1700 1563; x_wconf 70' lang='lat' dir='ltr'>ineunda</span> <span class='ocrx_word' id='word_1_873' title='bbox 1709 1556 1719 1572; x_wconf 94' lang='lat'>,</span> 
     </span>
    </p>

    <p class='ocr_par' dir='ltr' id='par_1_66' title="bbox 1263 1570 2343 1689">
     <span class='ocr_line' id='line_1_122' title="bbox 1299 1570 2342 1612; baseline 0.002 -9"><span class='ocrx_word' id='word_1_874' title='bbox 1299 1571 1338 1603; x_wconf 91' lang='lat' dir='ltr'>Et</span> <span class='ocrx_word' id='word_1_875' title='bbox 1366 1572 1445 1612; x_wconf 90' lang='lat' dir='ltr'>super</span> <span class='ocrx_word' id='word_1_876' title='bbox 1473 1572 1631 1604; x_wconf 87' lang='lat' dir='ltr'>Securitate</span> <span class='ocrx_word' id='word_1_877' title='bbox 1653 1571 1775 1610; x_wconf 73' lang='lat' dir='ltr'>mutua,</span> <span class='ocrx_word' id='word_1_878' title='bbox 1801 1572 1861 1602; x_wconf 72' lang='lat' dir='ltr'>tam</span> <span class='ocrx_word' id='word_1_879' title='bbox 1881 1570 2068 1610; x_wconf 81' lang='lat' dir='ltr'>Alligatorum</span> <span class='ocrx_word' id='word_1_880' title='bbox 2091 1571 2126 1603; x_wconf 90' lang='lat'>&amp;</span> <span class='ocrx_word' id='word_1_881' title='bbox 2151 1572 2342 1605; x_wconf 87' lang='lat' dir='ltr'>Subditorurn</span> 
     </span>
     <span class='ocr_line' id='line_1_123' title="bbox 1264 1610 2343 1651; baseline 0.003 -10"><span class='ocrx_word' id='word_1_882' title='bbox 1264 1611 1406 1649; x_wconf 88' lang='lat' dir='ltr'>utriusque</span> <span class='ocrx_word' id='word_1_883' title='bbox 1428 1612 1511 1651; x_wconf 87' lang='lat' dir='ltr'>partis</span> <span class='ocrx_word' id='word_1_884' title='bbox 1526 1635 1535 1649; x_wconf 87' lang='lat'>,</span> <span class='ocrx_word' id='word_1_885' title='bbox 1551 1612 1638 1650; x_wconf 78' lang='lat' dir='ltr'>quam</span> <span class='ocrx_word' id='word_1_886' title='bbox 1653 1610 1774 1641; x_wconf 88' lang='lat' dir='ltr'>aliorum</span> <span class='ocrx_word' id='word_1_887' title='bbox 1788 1611 1924 1640; x_wconf 88' lang='lat' dir='ltr'>omnium</span> <span class='ocrx_word' id='word_1_888' title='bbox 1941 1610 2055 1640; x_wconf 86' lang='lat' dir='ltr'>interim</span> <span class='ocrx_word' id='word_1_889' title='bbox 2069 1612 2166 1642; x_wconf 86' lang='lat' dir='ltr'>venire</span> <span class='ocrx_word' id='word_1_890' title='bbox 2180 1613 2343 1644; x_wconf 89' lang='lat' dir='ltr'>volentium</span> 
     </span>
     <span class='ocr_line' id='line_1_124' title="bbox 1263 1648 2124 1689; baseline -0.002 -8"><span class='ocrx_word' id='word_1_891' title='bbox 1263 1650 1298 1681; x_wconf 83' lang='lat' dir='ltr'>ad</span> <span class='ocrx_word' id='word_1_892' title='bbox 1312 1650 1503 1681; x_wconf 84' lang='lat' dir='ltr'>obedientiam</span> <span class='ocrx_word' id='word_1_893' title='bbox 1518 1652 1599 1681; x_wconf 90' lang='lat' dir='ltr'>unius</span> <span class='ocrx_word' id='word_1_894' title='bbox 1615 1649 1698 1688; x_wconf 79' lang='lat' dir='ltr'>partis</span> <span class='ocrx_word' id='word_1_895' title='bbox 1711 1649 1746 1680; x_wconf 86' lang='lat'>&amp;</span> <span class='ocrx_word' id='word_1_896' title='bbox 1759 1649 1886 1687; x_wconf 86' lang='lat' dir='ltr'>alterius,</span> <span class='ocrx_word' id='word_1_897' title='bbox 1904 1648 2105 1679; x_wconf 90' lang='lat' dir='ltr'>Ordinandum</span> <span class='ocrx_word' id='word_1_898' title='bbox 2114 1673 2124 1689; x_wconf 85' lang='lat'>,</span> 
     </span>
    </p>

    <p class='ocr_par' dir='ltr' id='par_1_67' title="bbox 1263 1686 2343 1766">
     <span class='ocr_line' id='line_1_125' title="bbox 1300 1686 2343 1732; baseline 0.003 -12"><span class='ocrx_word' id='word_1_899' title='bbox 1300 1688 1338 1720; x_wconf 93' lang='lat' dir='ltr'>Et</span> <span class='ocrx_word' id='word_1_900' title='bbox 1353 1699 1402 1729; x_wconf 88' lang='lat' dir='ltr'>ea,</span> <span class='ocrx_word' id='word_1_901' title='bbox 1421 1699 1486 1727; x_wconf 86' lang='lat' dir='ltr'>quae</span> <span class='ocrx_word' id='word_1_902' title='bbox 1496 1689 1533 1719; x_wconf 86' lang='lat' dir='ltr'>fic</span> <span class='ocrx_word' id='word_1_903' title='bbox 1547 1689 1699 1727; x_wconf 63' lang='lat' dir='ltr'>Trafflm,</span> <span class='ocrx_word' id='word_1_904' title='bbox 1719 1686 1905 1719; x_wconf 85' lang='lat' dir='ltr'>Concordata</span> <span class='ocrx_word' id='word_1_905' title='bbox 1914 1711 1924 1727; x_wconf 90' lang='lat'>,</span> <span class='ocrx_word' id='word_1_906' title='bbox 1939 1688 1973 1718; x_wconf 92' lang='lat'>&amp;</span> <span class='ocrx_word' id='word_1_907' title='bbox 1989 1686 2130 1720; x_wconf 85' lang='lat' dir='ltr'>Ordinata</span> <span class='ocrx_word' id='word_1_908' title='bbox 2144 1689 2343 1732; x_wconf 83' lang='lat' dir='ltr'>fuerint,qua-</span> 
     </span>
     <span class='ocr_line' id='line_1_126' title="bbox 1263 1727 1777 1766; baseline -0.008 -7"><span class='ocrx_word' id='word_1_909' title='bbox 1263 1737 1392 1766; x_wconf 90' lang='lat' dir='ltr'>cumque</span> <span class='ocrx_word' id='word_1_910' title='bbox 1405 1727 1558 1759; x_wconf 90' lang='lat' dir='ltr'>Securitate</span> <span class='ocrx_word' id='word_1_911' title='bbox 1573 1727 1777 1765; x_wconf 87' lang='lat' dir='ltr'>Firmandum,</span> 
     </span>
    </p>

    <p class='ocr_par' dir='ltr' id='par_1_68' title="bbox 1264 1764 2347 1874">
     <span class='ocr_line' id='line_1_127' title="bbox 1302 1764 2347 1809; baseline 0.004 -13"><span class='ocrx_word' id='word_1_912' title='bbox 1302 1766 1349 1797; x_wconf 92' lang='lat' dir='ltr'>Ac</span> <span class='ocrx_word' id='word_1_913' title='bbox 1371 1767 1469 1797; x_wconf 89' lang='lat' dir='ltr'>omnia</span> <span class='ocrx_word' id='word_1_914' title='bbox 1483 1766 1534 1797; x_wconf 89' lang='lat' dir='ltr'>alia</span> <span class='ocrx_word' id='word_1_915' title='bbox 1550 1767 1584 1798; x_wconf 88' lang='lat'>&amp;</span> <span class='ocrx_word' id='word_1_916' title='bbox 1606 1765 1712 1806; x_wconf 81' lang='lat' dir='ltr'>singula</span> <span class='ocrx_word' id='word_1_917' title='bbox 1727 1765 1904 1796; x_wconf 86' lang='lat' dir='ltr'>Faciendum</span> <span class='ocrx_word' id='word_1_918' title='bbox 1921 1765 1955 1796; x_wconf 87' lang='lat'>&amp;</span> <span class='ocrx_word' id='word_1_919' title='bbox 1976 1764 2221 1806; x_wconf 81' lang='lat' dir='ltr'>Excercendum‚·</span> <span class='ocrx_word' id='word_1_920' title='bbox 2232 1778 2298 1809; x_wconf 84' lang='lat' dir='ltr'>quae</span> <span class='ocrx_word' id='word_1_921' title='bbox 2316 1769 2347 1800; x_wconf 83' lang='lat' dir='ltr'>in</span> 
     </span>
     <span class='ocr_line' id='line_1_128' title="bbox 1264 1803 2346 1874; baseline 0.003 -38"><span class='ocrx_word' id='word_1_922' title='bbox 1264 1804 1427 1874; x_wconf 47' lang='lat' dir='ltr'>praenpffis,</span> <span class='ocrx_word' id='word_1_923' title='bbox 1437 1806 1477 1873; x_wconf 77' lang='lat'>1&amp;</span> <span class='ocrx_word' id='word_1_924' title='bbox 1494 1806 1571 1836; x_wconf 87' lang='lat' dir='ltr'>circa</span> <span class='ocrx_word' id='word_1_925' title='bbox 1583 1814 1634 1844; x_wconf 86' lang='lat' dir='ltr'>ea,</span> <span class='ocrx_word' id='word_1_926' title='bbox 1652 1804 1803 1835; x_wconf 77' lang='lat' dir='ltr'>necessaria</span> <span class='ocrx_word' id='word_1_927' title='bbox 1815 1803 1938 1843; x_wconf 87' lang='lat' dir='ltr'>fuerint,</span> <span class='ocrx_word' id='word_1_928' title='bbox 1959 1805 2043 1836; x_wconf 89' lang='lat' dir='ltr'>etiam</span> <span class='ocrx_word' id='word_1_929' title='bbox 2057 1804 2076 1835; x_wconf 83' lang='lat' dir='ltr'>fi</span> <span class='ocrx_word' id='word_1_930' title='bbox 2098 1805 2274 1838; x_wconf 87' lang='lat' dir='ltr'>Mandatum</span> <span class='ocrx_word' id='word_1_931' title='bbox 2287 1809 2346 1839; x_wconf 87' lang='lat' dir='ltr'>exi·</span> 
     </span>
    </p>

    <p class='ocr_par' dir='ltr' id='par_1_69' title="bbox 1264 1852 2343 1953">
     <span class='ocr_line' id='line_1_129' title="bbox 1284 1853 1463 1875; baseline -0.006 0"><span class='ocrx_word' id='word_1_932' title='bbox 1284 1853 1331 1875; x_wconf 83' lang='lat' dir='ltr'>ant</span> <span class='ocrx_word' id='word_1_933' title='bbox 1375 1853 1436 1874; x_wconf 83' lang='lat' dir='ltr'>ecla</span> <span class='ocrx_word' id='word_1_934' title='bbox 1447 1853 1463 1874; x_wconf 91' lang='lat' dir='ltr'>e</span> 
     </span>
     <span class='ocr_line' id='line_1_130' title="bbox 1264 1852 2343 1953; baseline 0.003 -40"><span class='ocrx_word' id='word_1_935' title='bbox 1264 1853 1283 1885; x_wconf 78' lang='lat' dir='ltr'>g</span> <span class='ocrx_word' id='word_1_936' title='bbox 1294 1852 1439 1953; x_wconf 52' lang='grc' dir='ltr'>ἕὶεῐξειῐη,</span> <span class='ocrx_word' id='word_1_937' title='bbox 1457 1866 1559 1913; x_wconf 65' lang='lat' dir='ltr'>tenore</span> <span class='ocrx_word' id='word_1_938' title='bbox 1578 1881 1760 1921; x_wconf 82' lang='lat' dir='ltr'>praesentium</span> <span class='ocrx_word' id='word_1_939' title='bbox 1773 1905 1784 1920; x_wconf 85' lang='lat'>,</span> <span class='ocrx_word' id='word_1_940' title='bbox 1800 1882 2012 1914; x_wconf 86' lang='lat' dir='ltr'>committimus</span> <span class='ocrx_word' id='word_1_941' title='bbox 2031 1881 2065 1913; x_wconf 75' lang='grc' dir='ltr'>δε</span> <span class='ocrx_word' id='word_1_942' title='bbox 2078 1885 2267 1915; x_wconf 86' lang='lat' dir='ltr'>concedimus</span> <span class='ocrx_word' id='word_1_943' title='bbox 2283 1884 2343 1916; x_wconf 86' lang='lat' dir='ltr'>Po·</span> 
     </span>
     <span class='ocr_line' id='line_1_131' title="bbox 1264 1930 1407 1953; baseline -0.014 0"><span class='ocrx_word' id='word_1_944' title='bbox 1264 1930 1293 1953; x_wconf 89' lang='lat' dir='ltr'>te</span> <span class='ocrx_word' id='word_1_945' title='bbox 1320 1931 1407 1953; x_wconf 89' lang='lat' dir='ltr'>atem:</span> 
     </span>
    </p>

    <p class='ocr_par' dir='ltr' id='par_1_70' title="bbox 1263 1957 2344 2117">
     <span class='ocr_line' id='line_1_132' title="bbox 1303 1957 2343 2000; baseline 0.001 -9"><span class='ocrx_word' id='word_1_946' title='bbox 1303 1960 1505 1992; x_wconf 89' lang='lat' dir='ltr'>Promittentes</span> <span class='ocrx_word' id='word_1_947' title='bbox 1525 1959 1595 1991; x_wconf 90' lang='lat' dir='ltr'>Nos</span> <span class='ocrx_word' id='word_1_948' title='bbox 1614 1958 1726 1991; x_wconf 86' lang='lat' dir='ltr'>Ratum</span> <span class='ocrx_word' id='word_1_949' title='bbox 1740 1959 1772 1990; x_wconf 88' lang='lat'>&amp;</span> <span class='ocrx_word' id='word_1_950' title='bbox 1788 1957 1915 1990; x_wconf 87' lang='lat' dir='ltr'>Gratum</span> <span class='ocrx_word' id='word_1_951' title='bbox 1927 1958 2073 1989; x_wconf 87' lang='lat' dir='ltr'>habituros</span> <span class='ocrx_word' id='word_1_952' title='bbox 2090 1961 2223 2000; x_wconf 85' lang='lat' dir='ltr'>quicquid</span> <span class='ocrx_word' id='word_1_953' title='bbox 2238 1971 2289 2000; x_wconf 85' lang='lat' dir='ltr'>per</span> <span class='ocrx_word' id='word_1_954' title='bbox 2299 1961 2343 1992; x_wconf 89' lang='lat' dir='ltr'>di-</span> 
     </span>
     <span class='ocr_line' id='line_1_133' title="bbox 1263 1996 2344 2038; baseline 0 -8"><span class='ocrx_word' id='word_1_955' title='bbox 1263 1999 1346 2038; x_wconf 75' lang='grc' dir='ltr'><strong>ἂοε,</strong></span> <span class='ocrx_word' id='word_1_956' title='bbox 1364 1998 1480 2038; x_wconf 75' lang='lat' dir='ltr'>Duces,</span> <span class='ocrx_word' id='word_1_957' title='bbox 1500 1999 1727 2037; x_wconf 88' lang='lat' dir='ltr'>Marchionem,</span> <span class='ocrx_word' id='word_1_958' title='bbox 1743 1996 1910 2034; x_wconf 84' lang='lat' dir='ltr'>Comitem,</span> <span class='ocrx_word' id='word_1_959' title='bbox 1929 1997 1964 2028; x_wconf 73' lang='grc' dir='ltr'>δε</span> <span class='ocrx_word' id='word_1_960' title='bbox 1984 1996 2147 2028; x_wconf 88' lang='lat' dir='ltr'>Dominum</span> <span class='ocrx_word' id='word_1_961' title='bbox 2164 2022 2174 2037; x_wconf 95' lang='lat'>,</span> <span class='ocrx_word' id='word_1_962' title='bbox 2191 1999 2344 2038; x_wconf 72' lang='lat' dir='ltr'>Qmuor,</span> 
     </span>
     <span class='ocr_line' id='line_1_134' title="bbox 1264 2035 2343 2078; baseline 0 -8"><span class='ocrx_word' id='word_1_963' title='bbox 1264 2039 1338 2070; x_wconf 91' lang='lat' dir='ltr'>Tres</span> <span class='ocrx_word' id='word_1_964' title='bbox 1352 2039 1386 2070; x_wconf 91' lang='lat'><strong>&amp;</strong></span> <span class='ocrx_word' id='word_1_965' title='bbox 1407 2038 1492 2069; x_wconf 85' lang='lat' dir='ltr'>Duos</span> <span class='ocrx_word' id='word_1_966' title='bbox 1511 2048 1613 2069; x_wconf 87' lang='lat' dir='ltr'>eorum</span> <span class='ocrx_word' id='word_1_967' title='bbox 1629 2062 1639 2078; x_wconf 90' lang='lat'>‚</span> <span class='ocrx_word' id='word_1_968' title='bbox 1657 2037 1769 2068; x_wconf 63' lang='lat' dir='ltr'>Actum</span> <span class='ocrx_word' id='word_1_969' title='bbox 1791 2036 1824 2067; x_wconf 75' lang='grc' dir='ltr'>δε</span> <span class='ocrx_word' id='word_1_970' title='bbox 1843 2035 1969 2067; x_wconf 90' lang='lat' dir='ltr'>Gestum</span> <span class='ocrx_word' id='word_1_971' title='bbox 1983 2035 2067 2066; x_wconf 83' lang='lat' dir='ltr'>fuerit</span> <span class='ocrx_word' id='word_1_972' title='bbox 2083 2037 2112 2066; x_wconf 90' lang='lat' dir='ltr'>in</span> <span class='ocrx_word' id='word_1_973' title='bbox 2127 2037 2292 2078; x_wconf 74' lang='lat' dir='ltr'>praemissis,</span> <span class='ocrx_word' id='word_1_974' title='bbox 2309 2038 2343 2070; x_wconf 88' lang='lat'>&amp;</span> 
     </span>
     <span class='ocr_line' id='line_1_135' title="bbox 1263 2077 1631 2117; baseline 0 -9"><span class='ocrx_word' id='word_1_975' title='bbox 1263 2078 1397 2117; x_wconf 88' lang='lat' dir='ltr'>quolibet</span> <span class='ocrx_word' id='word_1_976' title='bbox 1413 2077 1631 2116; x_wconf 85' lang='lat' dir='ltr'>praemifforum.</span> 
     </span>
    </p>

    <p class='ocr_par' dir='ltr' id='par_1_71' title="bbox 1302 2116 1529 2156">
     <span class='ocr_line' id='line_1_136' title="bbox 1302 2116 1529 2156; baseline 0 -10"><span class='ocrx_word' id='word_1_977' title='bbox 1302 2116 1336 2147; x_wconf 91' lang='lat' dir='ltr'>In</span> <span class='ocrx_word' id='word_1_978' title='bbox 1353 2117 1448 2156; x_wconf 83' lang='lat' dir='ltr'>cujus,</span> <span class='ocrx_word' id='word_1_979' title='bbox 1467 2116 1529 2148; x_wconf 90' lang='lat' dir='ltr'>&amp;c.</span> 
     </span>
    </p>

    <p class='ocr_par' dir='ltr' id='par_1_72' title="bbox 1336 2152 2210 2195">
     <span class='ocr_line' id='line_1_137' title="bbox 1336 2152 2210 2195; baseline -0.001 -10"><span class='ocrx_word' id='word_1_980' title='bbox 1336 2153 1406 2186; x_wconf 89' lang='lat' dir='ltr'>Dat.</span> <span class='ocrx_word' id='word_1_981' title='bbox 1419 2155 1493 2195; x_wconf 89' lang='lat' dir='ltr'>apud</span> <span class='ocrx_word' id='word_1_982' title='bbox 1507 2155 1628 2187; x_wconf 86' lang='lat' dir='ltr'>Turrim</span> <span class='ocrx_word' id='word_1_983' title='bbox 1645 2153 1784 2185; x_wconf 92' lang='lat' dir='ltr'>London.</span> <span class='ocrx_word' id='word_1_984' title='bbox 1800 2152 1937 2184; x_wconf 85' lang='lat' dir='ltr'>vicefimo</span> <span class='ocrx_word' id='word_1_985' title='bbox 1952 2161 2053 2192; x_wconf 90' lang='lat' dir='ltr'>quarto</span> <span class='ocrx_word' id='word_1_986' title='bbox 2066 2153 2113 2184; x_wconf 90' lang='lat' dir='ltr'>die</span> <span class='ocrx_word' id='word_1_987' title='bbox 2127 2152 2210 2186; x_wconf 84' lang='lat' dir='ltr'>Maii.</span> 
     </span>
    </p>
   </div>
   <div class='ocr_carea' id='block_1_35' title="bbox 1331 2294 2274 2394">
    <p class='ocr_par' dir='ltr' id='par_1_73' title="bbox 1331 2294 2274 2394">
     <span class='ocr_line' id='line_1_138' title="bbox 1331 2294 2274 2394; baseline -0.004 -61"><span class='ocrx_word' id='word_1_988' title='bbox 1331 2301 1382 2333; x_wconf 85' lang='lat' dir='ltr'>De</span> <span class='ocrx_word' id='word_1_989' title='bbox 1397 2298 1503 2333; x_wconf 80' lang='lat' dir='ltr'>Vadiis</span> <span class='ocrx_word' id='word_1_990' title='bbox 1518 2296 1681 2333; x_wconf 80' lang='lat' dir='ltr'>Nobilium</span> <span class='ocrx_word' id='word_1_991' title='bbox 1697 2298 1851 2394; x_wconf 46' lang='lat' dir='ltr'>VJJJEW‘}</span> <span class='ocrx_word' id='word_1_992' title='bbox 1867 2308 1904 2337; x_wconf 65' lang='grc' dir='ltr'>Θ·</span> <span class='ocrx_word' id='word_1_993' title='bbox 1927 2300 2100 2331; x_wconf 83' lang='lat' dir='ltr'>Hominum</span> <span class='ocrx_word' id='word_1_994' title='bbox 2111 2294 2156 2329; x_wconf 90' lang='lat' dir='ltr'>ad</span> <span class='ocrx_word' id='word_1_995' title='bbox 2168 2299 2274 2332; x_wconf 85' lang='lat' dir='ltr'>Arma</span> 
     </span>
     <span class='ocr_line' id='line_1_139' title="bbox 1741 2360 1884 2381; baseline 0.007 -1"><span class='ocrx_word' id='word_1_996' title='bbox 1741 2361 1755 2380; x_wconf 81' lang='lat'><em>0</em></span> <span class='ocrx_word' id='word_1_997' title='bbox 1769 2360 1827 2380; x_wconf 67' lang='lat' dir='ltr'>⁴ven</span> <span class='ocrx_word' id='word_1_998' title='bbox 1850 2360 1884 2381; x_wconf 75' lang='lat'>15·</span> 
     </span>
    </p>
   </div>
   <div class='ocr_carea' id='block_1_36' title="bbox 1263 2425 2490 3247">
    <p class='ocr_par' dir='ltr' id='par_1_74' title="bbox 1263 2425 2490 3247">
     <span class='ocr_line' id='line_1_140' title="bbox 1267 2425 2489 2490; baseline -0.003 -25"><span class='ocrx_word' id='word_1_999' title='bbox 1267 2432 1402 2490; x_wconf 80' lang='lat' dir='ltr'>REX</span> <span class='ocrx_word' id='word_1_1000' title='bbox 1422 2432 1641 2466; x_wconf 77' lang='lat' dir='ltr'>constabulario</span> <span class='ocrx_word' id='word_1_1001' title='bbox 1662 2435 1712 2465; x_wconf 89' lang='lat' dir='ltr'>suo</span> <span class='ocrx_word' id='word_1_1002' title='bbox 1731 2433 1920 2473; x_wconf 87' lang='lat' dir='ltr'>Burdegaliae,</span> <span class='ocrx_word' id='word_1_1003' title='bbox 1935 2433 1983 2473; x_wconf 89' lang='lat' dir='ltr'>qui</span> <span class='ocrx_word' id='word_1_1004' title='bbox 1996 2442 2074 2463; x_wconf 93' lang='lat' dir='ltr'>nunc</span> <span class='ocrx_word' id='word_1_1005' title='bbox 2087 2431 2129 2464; x_wconf 89' lang='lat' dir='ltr'>est</span> <span class='ocrx_word' id='word_1_1006' title='bbox 2135 2457 2146 2473; x_wconf 84' lang='lat'>‚</span> <span class='ocrx_word' id='word_1_1007' title='bbox 2163 2431 2209 2465; x_wconf 82' lang='lat' dir='ltr'>vel</span> <span class='ocrx_word' id='word_1_1008' title='bbox 2220 2432 2268 2472; x_wconf 89' lang='lat' dir='ltr'>qui</span> <span class='ocrx_word' id='word_1_1009' title='bbox 2287 2440 2341 2471; x_wconf 85' lang='lat' dir='ltr'>pro</span> <span class='ocrx_word' id='word_1_1010' title='bbox 2361 2425 2489 2459; x_wconf 84' lang='lat' dir='ltr'>Ann-D.</span> 
     </span>
     <span class='ocr_line' id='line_1_141' title="bbox 1346 2472 2470 2512; baseline -0.003 -9"><span class='ocrx_word' id='word_1_1011' title='bbox 1346 2481 1477 2511; x_wconf 89' lang='lat' dir='ltr'>ternpore</span> <span class='ocrx_word' id='word_1_1012' title='bbox 1490 2473 1589 2512; x_wconf 86' lang='lat' dir='ltr'>fuerit,</span> <span class='ocrx_word' id='word_1_1013' title='bbox 1608 2473 1654 2504; x_wconf 90' lang='lat' dir='ltr'>seu</span> <span class='ocrx_word' id='word_1_1014' title='bbox 1668 2474 1726 2512; x_wconf 84' lang='lat' dir='ltr'>ejus</span> <span class='ocrx_word' id='word_1_1015' title='bbox 1744 2473 1860 2504; x_wconf 91' lang='lat' dir='ltr'>Locum</span> <span class='ocrx_word' id='word_1_1016' title='bbox 1876 2473 2002 2510; x_wconf 85' lang='lat' dir='ltr'>tenenti,</span> <span class='ocrx_word' id='word_1_1017' title='bbox 2021 2472 2156 2502; x_wconf 90' lang='lat' dir='ltr'>Salutem.</span> <span class='ocrx_word' id='word_1_1018' title='bbox 2381 2476 2470 2507; x_wconf 82' lang='lat'>1341.</span> 
     </span>
     <span class='ocr_line' id='line_1_142' title="bbox 1304 2510 2476 2552; baseline -0.003 -10"><span class='ocrx_word' id='word_1_1019' title='bbox 1304 2510 1480 2550; x_wconf 79' lang='lat' dir='ltr'>Supplicavit</span> <span class='ocrx_word' id='word_1_1020' title='bbox 1496 2513 1596 2552; x_wconf 84' lang='lat' dir='ltr'>nobis,</span> <span class='ocrx_word' id='word_1_1021' title='bbox 1612 2513 1731 2543; x_wconf 70' lang='lat' dir='ltr'>dilet‘jtus</span> <span class='ocrx_word' id='word_1_1022' title='bbox 1744 2513 1845 2550; x_wconf 79' lang='lat' dir='ltr'>nobis,</span> <span class='ocrx_word' id='word_1_1023' title='bbox 1861 2511 1970 2541; x_wconf 82' lang='lat' dir='ltr'>Garfias</span> <span class='ocrx_word' id='word_1_1024' title='bbox 1984 2510 2126 2547; x_wconf 91' lang='lat' dir='ltr'>Arnaudi,</span> <span class='ocrx_word' id='word_1_1025' title='bbox 2143 2517 2174 2540; x_wconf 89' lang='lat' dir='ltr'>ut</span> <span class='ocrx_word' id='word_1_1026' title='bbox 2359 2510 2414 2533; x_wconf 82' lang='lat' dir='ltr'>An.</span> <span class='ocrx_word' id='word_1_1027' title='bbox 2433 2515 2476 2542; x_wconf 82' lang='lat'>15·</span> 
     </span>
     <span class='ocr_line' id='line_1_143' title="bbox 1303 2530 2440 2592; baseline -0.002 -12"><span class='ocrx_word' id='word_1_1028' title='bbox 1303 2549 1384 2581; x_wconf 80' lang='lat' dir='ltr'>Cum</span> <span class='ocrx_word' id='word_1_1029' title='bbox 1399 2559 1544 2582; x_wconf 70' lang='lat' dir='ltr'>teneamur</span> <span class='ocrx_word' id='word_1_1030' title='bbox 1556 2553 1582 2581; x_wconf 88' lang='lat' dir='ltr'>ei</span> <span class='ocrx_word' id='word_1_1031' title='bbox 1594 2553 1624 2582; x_wconf 89' lang='lat' dir='ltr'>in</span> <span class='ocrx_word' id='word_1_1032' title='bbox 1637 2551 1750 2582; x_wconf 79' lang='lat' dir='ltr'>diverfis</span> <span class='ocrx_word' id='word_1_1033' title='bbox 1764 2549 1953 2582; x_wconf 87' lang='lat' dir='ltr'>Pecuniarum</span> <span class='ocrx_word' id='word_1_1034' title='bbox 1967 2548 2094 2592; x_wconf 71' lang='lat' dir='ltr'>Summis</span> <span class='ocrx_word' id='word_1_1035' title='bbox 2107 2557 2160 2587; x_wconf 88' lang='lat' dir='ltr'>pro</span> <span class='ocrx_word' id='word_1_1036' title='bbox 2176 2530 2274 2578; x_wconf 65' lang='lat' dir='ltr'>&lt;sadus</span> <span class='ocrx_word' id='word_1_1037' title='bbox 2281 2546 2344 2586; x_wconf 80' lang='lat' dir='ltr'>suis,</span> <span class='ocrx_word' id='word_1_1038' title='bbox 2361 2549 2391 2573; x_wconf 79' lang='lat' dir='ltr'>E·</span> <span class='ocrx_word' id='word_1_1039' title='bbox 2412 2553 2440 2581; x_wconf 89' lang='lat'>3-</span> 
     </span>
     <span class='ocr_line' id='line_1_144' title="bbox 1264 2585 2489 2627; baseline -0.007 -6"><span class='ocrx_word' id='word_1_1040' title='bbox 1264 2588 1298 2618; x_wconf 88' lang='lat'>&amp;</span> <span class='ocrx_word' id='word_1_1041' title='bbox 1315 2588 1483 2621; x_wconf 84' lang='lat' dir='ltr'>Hominum</span> <span class='ocrx_word' id='word_1_1042' title='bbox 1507 2590 1622 2621; x_wconf 89' lang='lat' dir='ltr'>suorum</span> <span class='ocrx_word' id='word_1_1043' title='bbox 1641 2590 1676 2620; x_wconf 88' lang='lat' dir='ltr'>ad</span> <span class='ocrx_word' id='word_1_1044' title='bbox 1699 2589 1790 2619; x_wconf 80' lang='lat' dir='ltr'>Arma</span> <span class='ocrx_word' id='word_1_1045' title='bbox 1804 2611 1814 2627; x_wconf 89' lang='lat'>,</span> <span class='ocrx_word' id='word_1_1046' title='bbox 1831 2589 1890 2618; x_wconf 69' lang='lat' dir='ltr'>tam</span> <span class='ocrx_word' id='word_1_1047' title='bbox 1904 2587 2041 2625; x_wconf 72' lang='lat' dir='ltr'>Equitum</span> <span class='ocrx_word' id='word_1_1048' title='bbox 2060 2608 2070 2623; x_wconf 89' lang='lat'>,</span> <span class='ocrx_word' id='word_1_1049' title='bbox 2089 2587 2174 2625; x_wconf 74' lang='lat' dir='ltr'>quam</span> <span class='ocrx_word' id='word_1_1050' title='bbox 2189 2585 2341 2624; x_wconf 85' lang='lat' dir='ltr'>Peditum,</span> <span class='ocrx_word' id='word_1_1051' title='bbox 2361 2585 2425 2622; x_wconf 78' lang='lat' dir='ltr'>Vasc-</span> <span class='ocrx_word' id='word_1_1052' title='bbox 2447 2592 2489 2620; x_wconf 81' lang='lat'>15.</span> 
     </span>
     <span class='ocr_line' id='line_1_145' title="bbox 1263 2623 2434 2697; baseline -0.001 -41"><span class='ocrx_word' id='word_1_1053' title='bbox 1263 2626 1300 2657; x_wconf 89' lang='lat' dir='ltr'>de</span> <span class='ocrx_word' id='word_1_1054' title='bbox 1321 2635 1452 2671; x_wconf 76' lang='lat' dir='ltr'>tempore</span> <span class='ocrx_word' id='word_1_1055' title='bbox 1474 2639 1532 2666; x_wconf 89' lang='lat' dir='ltr'>quo</span> <span class='ocrx_word' id='word_1_1056' title='bbox 1552 2628 1608 2697; x_wconf 60' lang='lat' dir='ltr'>iKse</span> <span class='ocrx_word' id='word_1_1057' title='bbox 1626 2628 1660 2659; x_wconf 91' lang='lat'>&amp;</span> <span class='ocrx_word' id='word_1_1058' title='bbox 1680 2627 1753 2658; x_wconf 68' lang='lat' dir='ltr'>diffi</span> <span class='ocrx_word' id='word_1_1059' title='bbox 1766 2626 1911 2656; x_wconf 85' lang='lat' dir='ltr'>Homines</span> <span class='ocrx_word' id='word_1_1060' title='bbox 1925 2624 1964 2654; x_wconf 85' lang='lat' dir='ltr'>sui</span> <span class='ocrx_word' id='word_1_1061' title='bbox 1981 2625 2011 2654; x_wconf 90' lang='lat' dir='ltr'>in</span> <span class='ocrx_word' id='word_1_1062' title='bbox 2029 2623 2177 2666; x_wconf 82' lang='lat' dir='ltr'>Obsequio</span> <span class='ocrx_word' id='word_1_1063' title='bbox 2192 2623 2292 2655; x_wconf 89' lang='lat' dir='ltr'>nostro</span> <span class='ocrx_word' id='word_1_1064' title='bbox 2310 2626 2340 2655; x_wconf 89' lang='lat' dir='ltr'>in</span> <span class='ocrx_word' id='word_1_1065' title='bbox 2357 2626 2388 2649; x_wconf 81' lang='grc' dir='ltr'>Ε-</span> <span class='ocrx_word' id='word_1_1066' title='bbox 2408 2631 2434 2658; x_wconf 84' lang='lat'>3·</span> 
     </span>
     <span class='ocr_line' id='line_1_146' title="bbox 1303 2664 2457 2704; baseline -0.005 -9"><span class='ocrx_word' id='word_1_1067' title='bbox 1303 2667 1392 2696; x_wconf 75' lang='lat' dir='ltr'>rubus</span> <span class='ocrx_word' id='word_1_1068' title='bbox 1408 2665 1540 2697; x_wconf 76' lang='lat' dir='ltr'>Ducatfis</span> <span class='ocrx_word' id='word_1_1069' title='bbox 1586 2667 1718 2704; x_wconf 82' lang='lat' dir='ltr'>quitaniae</span> <span class='ocrx_word' id='word_1_1070' title='bbox 1732 2664 1885 2701; x_wconf 85' lang='lat' dir='ltr'>steterunt,</span> <span class='ocrx_word' id='word_1_1071' title='bbox 2359 2670 2395 2689; x_wconf 86' lang='lat' dir='ltr'>m.</span> <span class='ocrx_word' id='word_1_1072' title='bbox 2412 2670 2457 2697; x_wconf 85' lang='lat'>30.</span> 
     </span>
     <span class='ocr_line' id='line_1_147' title="bbox 1303 2700 2344 2741; baseline 0 -8"><span class='ocrx_word' id='word_1_1073' title='bbox 1303 2702 1433 2734; x_wconf 84' lang='lat' dir='ltr'>Velimus</span> <span class='ocrx_word' id='word_1_1074' title='bbox 1448 2706 1473 2735; x_wconf 91' lang='lat' dir='ltr'>ei</span> <span class='ocrx_word' id='word_1_1075' title='bbox 1488 2704 1524 2734; x_wconf 90' lang='lat' dir='ltr'>de</span> <span class='ocrx_word' id='word_1_1076' title='bbox 1538 2704 1620 2735; x_wconf 68' lang='lat' dir='ltr'>dietis</span> <span class='ocrx_word' id='word_1_1077' title='bbox 1633 2703 1823 2734; x_wconf 86' lang='lat' dir='ltr'>Pecuniarum</span> <span class='ocrx_word' id='word_1_1078' title='bbox 1837 2701 1966 2732; x_wconf 88' lang='lat' dir='ltr'>Summis</span> <span class='ocrx_word' id='word_1_1079' title='bbox 1981 2700 2169 2732; x_wconf 82' lang='lat' dir='ltr'>Solutionem</span> <span class='ocrx_word' id='word_1_1080' title='bbox 2190 2700 2250 2733; x_wconf 88' lang='lat' dir='ltr'>fieri</span> <span class='ocrx_word' id='word_1_1081' title='bbox 2263 2703 2344 2741; x_wconf 84' lang='lat' dir='ltr'>jube-</span> 
     </span>
     <span class='ocr_line' id='line_1_148' title="bbox 1264 2751 1545 2781; baseline 0.007 -9"><span class='ocrx_word' id='word_1_1082' title='bbox 1264 2751 1295 2772; x_wconf 85' lang='lat' dir='ltr'>re</span> <span class='ocrx_word' id='word_1_1083' title='bbox 1311 2751 1545 2781; x_wconf 65' lang='lat' dir='ltr'>competentem,</span> 
     </span>
     <span class='ocr_line' id='line_1_149' title="bbox 1300 2780 1388 2820; baseline 0.011 -10"><span class='ocrx_word' id='word_1_1084' title='bbox 1300 2780 1388 2820; x_wconf 88' lang='lat' dir='ltr'>Nos,</span> 
     </span>
     <span class='ocr_line' id='line_1_150' title="bbox 1303 2816 2290 2860; baseline 0 -11"><span class='ocrx_word' id='word_1_1085' title='bbox 1303 2819 1479 2859; x_wconf 90' lang='lat' dir='ltr'>Hujusmodi</span> <span class='ocrx_word' id='word_1_1086' title='bbox 1494 2819 1698 2860; x_wconf 86' lang='lat' dir='ltr'>Supplicationi</span> <span class='ocrx_word' id='word_1_1087' title='bbox 1716 2819 1745 2849; x_wconf 91' lang='lat' dir='ltr'>in</span> <span class='ocrx_word' id='word_1_1088' title='bbox 1758 2818 1812 2848; x_wconf 91' lang='lat' dir='ltr'>hac</span> <span class='ocrx_word' id='word_1_1089' title='bbox 1826 2826 1904 2856; x_wconf 85' lang='lat' dir='ltr'>parte</span> <span class='ocrx_word' id='word_1_1090' title='bbox 1918 2816 2108 2848; x_wconf 87' lang='lat' dir='ltr'>favorabiliter</span> <span class='ocrx_word' id='word_1_1091' title='bbox 2121 2826 2290 2858; x_wconf 87' lang='lat' dir='ltr'>annuentes,</span> 
     </span>
     <span class='ocr_line' id='line_1_151' title="bbox 1304 2855 2343 2898; baseline 0 -10"><span class='ocrx_word' id='word_1_1092' title='bbox 1304 2857 1398 2889; x_wconf 90' lang='lat' dir='ltr'>Vobis</span> <span class='ocrx_word' id='word_1_1093' title='bbox 1416 2859 1582 2890; x_wconf 75' lang='lat' dir='ltr'>mandamus</span> <span class='ocrx_word' id='word_1_1094' title='bbox 1600 2858 1705 2898; x_wconf 81' lang='lat' dir='ltr'>quod,</span> <span class='ocrx_word' id='word_1_1095' title='bbox 1726 2857 1806 2888; x_wconf 91' lang='lat' dir='ltr'>Com</span> <span class='ocrx_word' id='word_1_1096' title='bbox 1828 2866 1905 2888; x_wconf 90' lang='lat' dir='ltr'>utato</span> <span class='ocrx_word' id='word_1_1097' title='bbox 1925 2866 1994 2887; x_wconf 88' lang='lat' dir='ltr'>cum</span> <span class='ocrx_word' id='word_1_1098' title='bbox 2018 2855 2136 2894; x_wconf 83' lang='lat' dir='ltr'>praesato</span> <span class='ocrx_word' id='word_1_1099' title='bbox 2156 2857 2254 2888; x_wconf 82' lang='lat' dir='ltr'>Garfia</span> <span class='ocrx_word' id='word_1_1100' title='bbox 2268 2880 2278 2897; x_wconf 91' lang='lat'>,</span> <span class='ocrx_word' id='word_1_1101' title='bbox 2296 2858 2343 2888; x_wconf 92' lang='lat' dir='ltr'>vel</span> 
     </span>
     <span class='ocr_line' id='line_1_152' title="bbox 1264 2895 2342 2939; baseline 0 -11"><span class='ocrx_word' id='word_1_1102' title='bbox 1264 2898 1322 2928; x_wconf 85' lang='lat' dir='ltr'>e&#39;us</span> <span class='ocrx_word' id='word_1_1103' title='bbox 1341 2898 1369 2928; x_wconf 87' lang='lat' dir='ltr'>in</span> <span class='ocrx_word' id='word_1_1104' title='bbox 1393 2897 1446 2928; x_wconf 90' lang='lat' dir='ltr'>hac</span> <span class='ocrx_word' id='word_1_1105' title='bbox 1470 2907 1548 2939; x_wconf 89' lang='lat' dir='ltr'>parte</span> <span class='ocrx_word' id='word_1_1106' title='bbox 1564 2897 1733 2935; x_wconf 85' lang='lat' dir='ltr'>Attornato,</span> <span class='ocrx_word' id='word_1_1107' title='bbox 1748 2896 1784 2927; x_wconf 90' lang='lat' dir='ltr'>de</span> <span class='ocrx_word' id='word_1_1108' title='bbox 1834 2895 1901 2926; x_wconf 89' lang='lat' dir='ltr'>adiis</span> <span class='ocrx_word' id='word_1_1109' title='bbox 1922 2895 2063 2933; x_wconf 67' lang='lat' dir='ltr'>praedietis</span> <span class='ocrx_word' id='word_1_1110' title='bbox 2078 2895 2118 2930; x_wconf 82' lang='lat' dir='ltr'>(sl</span> <span class='ocrx_word' id='word_1_1111' title='bbox 2131 2896 2262 2927; x_wconf 89' lang='lat' dir='ltr'>nondum</span> <span class='ocrx_word' id='word_1_1112' title='bbox 2274 2896 2342 2928; x_wconf 77' lang='lat' dir='ltr'>inde</span> 
     </span>
     <span class='ocr_line' id='line_1_153' title="bbox 1295 2932 2490 2974; baseline -0.003 -8"><span class='ocrx_word' id='word_1_1113' title='bbox 1295 2944 1478 2974; x_wconf 88' lang='lat' dir='ltr'>omputatum</span> <span class='ocrx_word' id='word_1_1114' title='bbox 1503 2937 1603 2974; x_wconf 88' lang='lat' dir='ltr'>fuerit)</span> <span class='ocrx_word' id='word_1_1115' title='bbox 1623 2936 1660 2968; x_wconf 90' lang='lat' dir='ltr'>de</span> <span class='ocrx_word' id='word_1_1116' title='bbox 1681 2936 1700 2955; x_wconf 77' lang='lat'><strong>*</strong></span> <span class='ocrx_word' id='word_1_1117' title='bbox 1719 2945 1755 2966; x_wconf 90' lang='lat' dir='ltr'>eo</span> <span class='ocrx_word' id='word_1_1118' title='bbox 1768 2959 1778 2974; x_wconf 94' lang='lat'>,</span> <span class='ocrx_word' id='word_1_1119' title='bbox 1804 2934 1884 2974; x_wconf 88' lang='lat' dir='ltr'>quod</span> <span class='ocrx_word' id='word_1_1120' title='bbox 1902 2943 1952 2972; x_wconf 87' lang='lat' dir='ltr'>per</span> <span class='ocrx_word' id='word_1_1121' title='bbox 1974 2932 2160 2971; x_wconf 83' lang='lat' dir='ltr'>Compotum</span> <span class='ocrx_word' id='word_1_1122' title='bbox 2180 2934 2342 2974; x_wconf 89' lang='lat' dir='ltr'>hujusmodi</span> <span class='ocrx_word' id='word_1_1123' title='bbox 2361 2936 2490 2972; x_wconf 54' lang='grc' dir='ltr'>*νας-κζ</span> 
     </span>
     <span class='ocr_line' id='line_1_154' title="bbox 1264 2973 2344 3013; baseline -0.001 -7"><span class='ocrx_word' id='word_1_1124' title='bbox 1264 2974 1390 3013; x_wconf 63' lang='lat' dir='ltr'>factum,</span> <span class='ocrx_word' id='word_1_1125' title='bbox 1409 2975 1456 3005; x_wconf 91' lang='lat' dir='ltr'>vel</span> <span class='ocrx_word' id='word_1_1126' title='bbox 1473 2975 1635 3006; x_wconf 86' lang='lat' dir='ltr'>faciendum</span> <span class='ocrx_word' id='word_1_1127' title='bbox 1648 2975 1698 3006; x_wconf 82' lang='lat' dir='ltr'>fibi</span> <span class='ocrx_word' id='word_1_1128' title='bbox 1712 2973 1808 3004; x_wconf 88' lang='lat' dir='ltr'>deberi</span> <span class='ocrx_word' id='word_1_1129' title='bbox 1825 2974 1944 3004; x_wconf 90' lang='lat' dir='ltr'>inveniri</span> <span class='ocrx_word' id='word_1_1130' title='bbox 1960 2973 2112 3011; x_wconf 84' lang='lat' dir='ltr'>contigerit</span> <span class='ocrx_word' id='word_1_1131' title='bbox 2126 2995 2136 3011; x_wconf 92' lang='lat'>,</span> <span class='ocrx_word' id='word_1_1132' title='bbox 2155 2973 2248 3003; x_wconf 86' lang='lat' dir='ltr'>eidem</span> <span class='ocrx_word' id='word_1_1133' title='bbox 2264 2973 2344 3005; x_wconf 86' lang='lat' dir='ltr'>Gar—</span> 
     </span>
     <span class='ocr_line' id='line_1_155' title="bbox 1266 3010 2342 3053; baseline 0 -9"><span class='ocrx_word' id='word_1_1134' title='bbox 1266 3013 1327 3052; x_wconf 84' lang='lat' dir='ltr'>fiae,</span> <span class='ocrx_word' id='word_1_1135' title='bbox 1345 3015 1392 3045; x_wconf 89' lang='lat' dir='ltr'>vel</span> <span class='ocrx_word' id='word_1_1136' title='bbox 1407 3015 1464 3053; x_wconf 82' lang='lat' dir='ltr'>ejus</span> <span class='ocrx_word' id='word_1_1137' title='bbox 1477 3015 1632 3046; x_wconf 89' lang='lat' dir='ltr'>Attornato</span> <span class='ocrx_word' id='word_1_1138' title='bbox 1646 3013 1803 3053; x_wconf 71' lang='lat' dir='ltr'>praediClo,</span> <span class='ocrx_word' id='word_1_1139' title='bbox 1821 3011 2020 3049; x_wconf 89' lang='lat' dir='ltr'>Solutionem,</span> <span class='ocrx_word' id='word_1_1140' title='bbox 2038 3010 2084 3041; x_wconf 90' lang='lat' dir='ltr'>vel</span> <span class='ocrx_word' id='word_1_1141' title='bbox 2097 3011 2160 3041; x_wconf 79' lang='lat' dir='ltr'>alias</span> <span class='ocrx_word' id='word_1_1142' title='bbox 2169 3021 2342 3051; x_wconf 86' lang='lat' dir='ltr'>competen-</span> 
     </span>
     <span class='ocr_line' id='line_1_156' title="bbox 1264 3048 2342 3121; baseline 0.002 -39"><span class='ocrx_word' id='word_1_1143' title='bbox 1264 3052 1582 3121; x_wconf 50' lang='lat' dir='ltr'>tetgilAfIignationem,</span> <span class='ocrx_word' id='word_1_1144' title='bbox 1598 3053 1680 3094; x_wconf 88' lang='lat' dir='ltr'>super</span> <span class='ocrx_word' id='word_1_1145' title='bbox 1699 3051 1828 3083; x_wconf 86' lang='lat' dir='ltr'>Exitibus</span> <span class='ocrx_word' id='word_1_1146' title='bbox 1849 3048 1983 3082; x_wconf 73' lang='lat' dir='ltr'>Ducatfis</span> <span class='ocrx_word' id='word_1_1147' title='bbox 1999 3048 2144 3089; x_wconf 64' lang='lat' dir='ltr'>praedicti,</span> <span class='ocrx_word' id='word_1_1148' title='bbox 2160 3049 2218 3081; x_wconf 89' lang='lat' dir='ltr'>fieri</span> <span class='ocrx_word' id='word_1_1149' title='bbox 2235 3052 2342 3084; x_wconf 84' lang='lat' dir='ltr'>faciatis</span> 
     </span>
     <span class='ocr_line' id='line_1_157' title="bbox 1267 3100 1394 3123; baseline 0 -2"><span class='ocrx_word' id='word_1_1150' title='bbox 1267 3101 1295 3121; x_wconf 88' lang='lat' dir='ltr'>m</span> <span class='ocrx_word' id='word_1_1151' title='bbox 1317 3100 1394 3123; x_wconf 78' lang='lat' dir='ltr'>iate:</span> 
     </span>
     <span class='ocr_line' id='line_1_158' title="bbox 1265 3126 2338 3200; baseline -0.004 -39"><span class='ocrx_word' id='word_1_1152' title='bbox 1265 3169 1286 3200; x_wconf 73' lang='lat' dir='ltr'>h</span> <span class='ocrx_word' id='word_1_1153' title='bbox 1302 3130 1341 3199; x_wconf 69' lang='lat' dir='ltr'>l1th</span> <span class='ocrx_word' id='word_1_1154' title='bbox 1360 3141 1411 3199; x_wconf 55' lang='grc' dir='ltr'>ηεξ</span> <span class='ocrx_word' id='word_1_1155' title='bbox 1424 3132 1506 3175; x_wconf 81' lang='lat' dir='ltr'>yobis</span> <span class='ocrx_word' id='word_1_1156' title='bbox 1521 3131 1607 3170; x_wconf 79' lang='lat' dir='ltr'>inde,</span> <span class='ocrx_word' id='word_1_1157' title='bbox 1625 3132 1655 3162; x_wconf 91' lang='lat' dir='ltr'>in</span> <span class='ocrx_word' id='word_1_1158' title='bbox 1670 3129 1823 3169; x_wconf 84' lang='lat' dir='ltr'>Compoto</span> <span class='ocrx_word' id='word_1_1159' title='bbox 1838 3127 1933 3159; x_wconf 86' lang='lat' dir='ltr'>vestro</span> <span class='ocrx_word' id='word_1_1160' title='bbox 1948 3150 1958 3165; x_wconf 92' lang='lat'>‚</span> <span class='ocrx_word' id='word_1_1161' title='bbox 1974 3126 2100 3158; x_wconf 88' lang='lat' dir='ltr'>debitam</span> <span class='ocrx_word' id='word_1_1162' title='bbox 2121 3127 2338 3161; x_wconf 76' lang='lat' dir='ltr'>Alloeau’onem</span> 
     </span>
     <span class='ocr_line' id='line_1_159' title="bbox 1287 3179 1524 3200; baseline 0 -1"><span class='ocrx_word' id='word_1_1163' title='bbox 1287 3179 1300 3199; x_wconf 90' lang='lat' dir='ltr'>a</span> <span class='ocrx_word' id='word_1_1164' title='bbox 1323 3179 1369 3200; x_wconf 88' lang='lat' dir='ltr'>ere</span> <span class='ocrx_word' id='word_1_1165' title='bbox 1409 3179 1524 3200; x_wconf 79' lang='lat' dir='ltr'>cremus.</span> 
     </span>
     <span class='ocr_line' id='line_1_160' title="bbox 1303 3202 2152 3247; baseline -0.006 -8"><span class='ocrx_word' id='word_1_1166' title='bbox 1303 3207 1394 3240; x_wconf 88' lang='lat' dir='ltr'>Teste</span> <span class='ocrx_word' id='word_1_1167' title='bbox 1410 3208 1496 3247; x_wconf 85' lang='lat' dir='ltr'>Rege</span> <span class='ocrx_word' id='word_1_1168' title='bbox 1506 3207 1580 3247; x_wconf 85' lang='lat' dir='ltr'>apud</span> <span class='ocrx_word' id='word_1_1169' title='bbox 1593 3206 1724 3238; x_wconf 87' lang='lat' dir='ltr'>Westm.</span> <span class='ocrx_word' id='word_1_1170' title='bbox 1739 3205 1876 3237; x_wconf 85' lang='lat' dir='ltr'>vicefimo</span> <span class='ocrx_word' id='word_1_1171' title='bbox 1887 3203 1995 3235; x_wconf 67' lang='lat' dir='ltr'>octavo</span> <span class='ocrx_word' id='word_1_1172' title='bbox 2006 3203 2053 3234; x_wconf 92' lang='lat' dir='ltr'>die</span> <span class='ocrx_word' id='word_1_1173' title='bbox 2071 3202 2152 3235; x_wconf 88' lang='lat' dir='ltr'>Maii.</span> 
     </span>
    </p>
   </div>
   <div class='ocr_carea' id='block_1_37' title="bbox 1793 3281 2206 3314">
    <p class='ocr_par' dir='ltr' id='par_1_75' title="bbox 1793 3281 2206 3314">
     <span class='ocr_line' id='line_1_161' title="bbox 1793 3281 2206 3314; baseline 0.005 -2"><span class='ocrx_word' id='word_1_1174' title='bbox 1793 3283 1848 3312; x_wconf 82' lang='lat' dir='ltr'>Per</span> <span class='ocrx_word' id='word_1_1175' title='bbox 1863 3283 2026 3314; x_wconf 82' lang='lat' dir='ltr'>Petitionem</span> <span class='ocrx_word' id='word_1_1176' title='bbox 2037 3282 2070 3311; x_wconf 85' lang='lat' dir='ltr'>de</span> <span class='ocrx_word' id='word_1_1177' title='bbox 2082 3281 2206 3314; x_wconf 84' lang='lat' dir='ltr'>Concilio.</span> 
     </span>
    </p>
   </div>
   <div class='ocr_carea' id='block_1_38' title="bbox 1325 3358 2282 3437">
    <p class='ocr_par' dir='ltr' id='par_1_76' title="bbox 1325 3358 2282 3437">
     <span class='ocr_line' id='line_1_162' title="bbox 1325 3358 2282 3430; baseline 0 -38"><span class='ocrx_word' id='word_1_1178' title='bbox 1325 3361 1495 3392; x_wconf 76' lang='lat' dir='ltr'>Consimiles</span> <span class='ocrx_word' id='word_1_1179' title='bbox 1511 3360 1629 3392; x_wconf 87' lang='lat' dir='ltr'>Litteras</span> <span class='ocrx_word' id='word_1_1180' title='bbox 1643 3358 1733 3400; x_wconf 83' lang='lat' dir='ltr'>Regis</span> <span class='ocrx_word' id='word_1_1181' title='bbox 1745 3358 2012 3430; x_wconf 42' lang='lat' dir='ltr'>ballgfitgztsubscripti</span> <span class='ocrx_word' id='word_1_1182' title='bbox 2025 3359 2075 3391; x_wconf 89' lang='lat' dir='ltr'>sub</span> <span class='ocrx_word' id='word_1_1183' title='bbox 2086 3359 2186 3392; x_wconf 87' lang='lat' dir='ltr'>eadem</span> <span class='ocrx_word' id='word_1_1184' title='bbox 2199 3360 2282 3400; x_wconf 85' lang='lat' dir='ltr'>data;</span> 
     </span>
     <span class='ocr_line' id='line_1_163' title="bbox 1736 3409 1887 3437; baseline -0.007 -6"><span class='ocrx_word' id='word_1_1185' title='bbox 1736 3409 1766 3431; x_wconf 86' lang='grc' dir='ltr'>νι</span> <span class='ocrx_word' id='word_1_1186' title='bbox 1875 3421 1887 3437; x_wconf 84' lang='grc'>,</span> 
     </span>
    </p>
   </div>
   <div class='ocr_carea' id='block_1_39' title="bbox 1308 3475 2336 4017">
    <p class='ocr_par' dir='ltr' id='par_1_77' title="bbox 1311 3475 1763 3517">
     <span class='ocr_line' id='line_1_164' title="bbox 1311 3475 1763 3517; baseline 0.002 -11"><span class='ocrx_word' id='word_1_1187' title='bbox 1311 3479 1339 3506; x_wconf 87' lang='lat' dir='ltr'><em>V</em></span> <span class='ocrx_word' id='word_1_1188' title='bbox 1341 3477 1417 3507; x_wconf 81' lang='lat' dir='ltr'>italis</span> <span class='ocrx_word' id='word_1_1189' title='bbox 1432 3479 1563 3507; x_wconf 85' lang='lat' dir='ltr'>Dominus</span> <span class='ocrx_word' id='word_1_1190' title='bbox 1576 3477 1609 3508; x_wconf 86' lang='lat' dir='ltr'>de</span> <span class='ocrx_word' id='word_1_1191' title='bbox 1622 3475 1763 3517; x_wconf 83' lang='lat' dir='ltr'>Castellar.</span> 
     </span>
    </p>

    <p class='ocr_par' dir='ltr' id='par_1_78' title="bbox 1308 3516 1797 3555">
     <span class='ocr_line' id='line_1_165' title="bbox 1308 3516 1797 3555; baseline 0 -10"><span class='ocrx_word' id='word_1_1192' title='bbox 1308 3517 1407 3545; x_wconf 81' lang='lat' dir='ltr'>Petrus</span> <span class='ocrx_word' id='word_1_1193' title='bbox 1422 3516 1467 3546; x_wconf 83' lang='lat' dir='ltr'>del</span> <span class='ocrx_word' id='word_1_1194' title='bbox 1484 3518 1563 3555; x_wconf 83' lang='lat' dir='ltr'>Luc,</span> <span class='ocrx_word' id='word_1_1195' title='bbox 1795 3532 1797 3534; x_wconf 97' lang='lat'>·</span> 
     </span>
    </p>

    <p class='ocr_par' dir='ltr' id='par_1_79' title="bbox 1310 3554 1555 3594">
     <span class='ocr_line' id='line_1_166' title="bbox 1310 3554 1555 3594; baseline 0.004 -10"><span class='ocrx_word' id='word_1_1196' title='bbox 1310 3556 1410 3585; x_wconf 81' lang='lat' dir='ltr'>Petrus</span> <span class='ocrx_word' id='word_1_1197' title='bbox 1425 3554 1471 3585; x_wconf 80' lang='lat' dir='ltr'>del</span> <span class='ocrx_word' id='word_1_1198' title='bbox 1481 3557 1555 3594; x_wconf 86' lang='lat' dir='ltr'>Fan,</span> 
     </span>
    </p>

    <p class='ocr_par' dir='ltr' id='par_1_80' title="bbox 1311 3592 2004 3634">
     <span class='ocr_line' id='line_1_167' title="bbox 1311 3592 2004 3634; baseline 0 -10"><span class='ocrx_word' id='word_1_1199' title='bbox 1311 3593 1458 3624; x_wconf 78' lang='lat' dir='ltr'>Arnaldus</span> <span class='ocrx_word' id='word_1_1200' title='bbox 1474 3594 1506 3623; x_wconf 83' lang='lat' dir='ltr'>de</span> <span class='ocrx_word' id='word_1_1201' title='bbox 1519 3592 1621 3633; x_wconf 75' lang='lat' dir='ltr'>Puyol,</span> <span class='ocrx_word' id='word_1_1202' title='bbox 1636 3592 1780 3634; x_wconf 79' lang='lat' dir='ltr'>Burgenfis</span> <span class='ocrx_word' id='word_1_1203' title='bbox 1792 3592 2004 3630; x_wconf 74' lang='lat' dir='ltr'>de-Bmgaerde.</span> 
     </span>
    </p>

    <p class='ocr_par' dir='ltr' id='par_1_81' title="bbox 1312 3631 1575 3672">
     <span class='ocr_line' id='line_1_168' title="bbox 1312 3631 1575 3672; baseline -0.004 -9"><span class='ocrx_word' id='word_1_1204' title='bbox 1312 3635 1411 3663; x_wconf 85' lang='lat' dir='ltr'>Petrus</span> <span class='ocrx_word' id='word_1_1205' title='bbox 1425 3634 1456 3663; x_wconf 85' lang='lat' dir='ltr'>de</span> <span class='ocrx_word' id='word_1_1206' title='bbox 1472 3631 1575 3672; x_wconf 86' lang='lat' dir='ltr'>Masco.</span> 
     </span>
    </p>

    <p class='ocr_par' dir='ltr' id='par_1_82' title="bbox 1314 3671 1641 3702">
     <span class='ocr_line' id='line_1_169' title="bbox 1314 3671 1641 3702; baseline -0.006 0"><span class='ocrx_word' id='word_1_1207' title='bbox 1314 3671 1460 3702; x_wconf 82' lang='lat' dir='ltr'>Arnaldus</span> <span class='ocrx_word' id='word_1_1208' title='bbox 1473 3671 1506 3700; x_wconf 86' lang='lat' dir='ltr'>de</span> <span class='ocrx_word' id='word_1_1209' title='bbox 1520 3674 1641 3700; x_wconf 77' lang='lat' dir='ltr'>Barran.</span> 
     </span>
    </p>

    <p class='ocr_par' dir='ltr' id='par_1_83' title="bbox 1311 3709 1629 3746">
     <span class='ocr_line' id='line_1_170' title="bbox 1311 3709 1629 3746; baseline -0.006 -6"><span class='ocrx_word' id='word_1_1210' title='bbox 1311 3710 1470 3740; x_wconf 67' lang='lat' dir='ltr'>Bernardus</span> <span class='ocrx_word' id='word_1_1211' title='bbox 1483 3709 1516 3739; x_wconf 83' lang='lat' dir='ltr'>de</span> <span class='ocrx_word' id='word_1_1212' title='bbox 1529 3711 1629 3746; x_wconf 61' lang='lat' dir='ltr'>Parcas.</span> 
     </span>
    </p>

    <p class='ocr_par' dir='ltr' id='par_1_84' title="bbox 1314 3744 1980 3789">
     <span class='ocr_line' id='line_1_171' title="bbox 1314 3744 1980 3789; baseline -0.003 -11"><span class='ocrx_word' id='word_1_1213' title='bbox 1314 3750 1413 3778; x_wconf 86' lang='lat' dir='ltr'>Petrus</span> <span class='ocrx_word' id='word_1_1214' title='bbox 1426 3748 1458 3778; x_wconf 81' lang='lat' dir='ltr'>de</span> <span class='ocrx_word' id='word_1_1215' title='bbox 1469 3746 1592 3786; x_wconf 72' lang='lat' dir='ltr'>Castalis,</span> <span class='ocrx_word' id='word_1_1216' title='bbox 1610 3746 1754 3789; x_wconf 77' lang='lat' dir='ltr'>Burgenfis</span> <span class='ocrx_word' id='word_1_1217' title='bbox 1766 3747 1800 3777; x_wconf 84' lang='lat' dir='ltr'>de</span> <span class='ocrx_word' id='word_1_1218' title='bbox 1814 3744 1980 3784; x_wconf 81' lang='lat' dir='ltr'>Bonegarde.</span> 
     </span>
    </p>

    <p class='ocr_par' dir='ltr' id='par_1_85' title="bbox 1311 3784 1992 3827">
     <span class='ocr_line' id='line_1_172' title="bbox 1311 3784 1992 3827; baseline -0.003 -11"><span class='ocrx_word' id='word_1_1219' title='bbox 1311 3790 1443 3816; x_wconf 76' lang='lat' dir='ltr'>Sanxcius</span> <span class='ocrx_word' id='word_1_1220' title='bbox 1457 3790 1575 3818; x_wconf 79' lang='lat' dir='ltr'>Decotru</span> <span class='ocrx_word' id='word_1_1221' title='bbox 1597 3809 1609 3825; x_wconf 83' lang='lat'>,</span> <span class='ocrx_word' id='word_1_1222' title='bbox 1627 3785 1770 3827; x_wconf 77' lang='lat' dir='ltr'>Burgenfis</span> <span class='ocrx_word' id='word_1_1223' title='bbox 1780 3786 1813 3816; x_wconf 84' lang='lat' dir='ltr'>de</span> <span class='ocrx_word' id='word_1_1224' title='bbox 1825 3784 1992 3822; x_wconf 70' lang='lat' dir='ltr'>Bonegazde.</span> 
     </span>
    </p>

    <p class='ocr_par' dir='ltr' id='par_1_86' title="bbox 1315 3826 1818 3856">
     <span class='ocr_line' id='line_1_173' title="bbox 1315 3826 1818 3856; baseline 0 -2"><span class='ocrx_word' id='word_1_1225' title='bbox 1315 3828 1413 3855; x_wconf 72' lang='lat' dir='ltr'>Petrus</span> <span class='ocrx_word' id='word_1_1226' title='bbox 1427 3826 1458 3856; x_wconf 85' lang='lat' dir='ltr'>de</span> <span class='ocrx_word' id='word_1_1227' title='bbox 1471 3829 1534 3855; x_wconf 84' lang='lat' dir='ltr'>Sort</span> <span class='ocrx_word' id='word_1_1228' title='bbox 1598 3826 1698 3855; x_wconf 56' lang='lat' dir='ltr'>santio</span> <span class='ocrx_word' id='word_1_1229' title='bbox 1709 3828 1818 3855; x_wconf 79' lang='lat' dir='ltr'>Severo.</span> 
     </span>
    </p>

    <p class='ocr_par' dir='ltr' id='par_1_87' title="bbox 1312 3853 2336 3931">
     <span class='ocr_line' id='line_1_174' title="bbox 1312 3853 2336 3931; baseline -0.005 -37"><span class='ocrx_word' id='word_1_1230' title='bbox 1312 3863 1479 3931; x_wconf 46' lang='lat' dir='ltr'>fflilffib&#39;ff</span> <span class='ocrx_word' id='word_1_1231' title='bbox 1490 3863 1570 3903; x_wconf 81' lang='lat' dir='ltr'>filius</span> <span class='ocrx_word' id='word_1_1232' title='bbox 1589 3863 1722 3903; x_wconf 77' lang='lat' dir='ltr'>Stephani</span> <span class='ocrx_word' id='word_1_1233' title='bbox 1735 3868 1842 3905; x_wconf 29' lang='lat' dir='ltr'>&#39;Segym</span> <span class='ocrx_word' id='word_1_1234' title='bbox 1856 3858 1989 3899; x_wconf 74' lang='lat' dir='ltr'>Burgenfi</span> <span class='ocrx_word' id='word_1_1235' title='bbox 2007 3855 2123 3894; x_wconf 66' lang='lat' dir='ltr'>Bmdeg.</span> <span class='ocrx_word' id='word_1_1236' title='bbox 2136 3853 2176 3891; x_wconf 55' lang='grc' dir='ltr'>ό</span> <span class='ocrx_word' id='word_1_1237' title='bbox 2189 3854 2222 3886; x_wconf 78' lang='lat' dir='ltr'>de</span> <span class='ocrx_word' id='word_1_1238' title='bbox 2237 3858 2336 3889; x_wconf 53' lang='lat' dir='ltr'>Saudo</span> 
     </span>
     <span class='ocr_line' id='line_1_175' title="bbox 1419 3912 1499 3931; baseline 0.013 -1"><span class='ocrx_word' id='word_1_1239' title='bbox 1419 3913 1437 3930; x_wconf 78' lang='lat' dir='ltr'><em>a</em></span> <span class='ocrx_word' id='word_1_1240' title='bbox 1456 3912 1499 3931; x_wconf 75' lang='lat' dir='ltr'>ar.</span> 
     </span>
    </p>

    <p class='ocr_par' dir='ltr' id='par_1_88' title="bbox 1315 3934 2219 3979">
     <span class='ocr_line' id='line_1_176' title="bbox 1315 3934 2219 3979; baseline -0.003 -9"><span class='ocrx_word' id='word_1_1241' title='bbox 1315 3939 1461 3970; x_wconf 73' lang='lat' dir='ltr'>Arnaldns</span> <span class='ocrx_word' id='word_1_1242' title='bbox 1474 3937 1623 3971; x_wconf 58' lang='lat' dir='ltr'>Guilliessni</span> <span class='ocrx_word' id='word_1_1243' title='bbox 1636 3939 1669 3971; x_wconf 82' lang='lat' dir='ltr'>de</span> <span class='ocrx_word' id='word_1_1244' title='bbox 1680 3938 1836 3979; x_wconf 83' lang='lat' dir='ltr'>Donacln&#39;c,</span> <span class='ocrx_word' id='word_1_1245' title='bbox 1853 3936 1998 3977; x_wconf 66' lang='lat' dir='ltr'>Burgoafis</span> <span class='ocrx_word' id='word_1_1246' title='bbox 2007 3935 2042 3968; x_wconf 81' lang='lat' dir='ltr'>de</span> <span class='ocrx_word' id='word_1_1247' title='bbox 2053 3934 2219 3974; x_wconf 77' lang='lat' dir='ltr'>Bonegarde.</span> 
     </span>
    </p>

    <p class='ocr_par' dir='ltr' id='par_1_89' title="bbox 1313 3978 1784 4017">
     <span class='ocr_line' id='line_1_177' title="bbox 1313 3978 1784 4017; baseline 0.004 -10"><span class='ocrx_word' id='word_1_1248' title='bbox 1313 3979 1413 4008; x_wconf 79' lang='lat' dir='ltr'>Petrus</span> <span class='ocrx_word' id='word_1_1249' title='bbox 1425 3979 1551 4009; x_wconf 80' lang='lat' dir='ltr'>Arnaud</span> <span class='ocrx_word' id='word_1_1250' title='bbox 1559 3979 1591 4008; x_wconf 84' lang='lat' dir='ltr'>de</span> <span class='ocrx_word' id='word_1_1251' title='bbox 1604 3980 1634 4008; x_wconf 87' lang='lat' dir='ltr'><em>V</em></span> <span class='ocrx_word' id='word_1_1252' title='bbox 1633 3978 1668 4011; x_wconf 69' lang='lat' dir='ltr'>ile</span> <span class='ocrx_word' id='word_1_1253' title='bbox 1685 3982 1784 4017; x_wconf 78' lang='lat' dir='ltr'>Nove,</span> 
     </span>
    </p>
   </div>
   <div class='ocr_carea' id='block_1_40' title="bbox 1316 4016 2344 4082">
    <p class='ocr_par' dir='ltr' id='par_1_90' title="bbox 1316 4016 2344 4082">
     <span class='ocr_line' id='line_1_178' title="bbox 1316 4016 2344 4082; baseline 0.011 -35"><span class='ocrx_word' id='word_1_1254' title='bbox 1316 4019 1446 4054; x_wconf 70' lang='lat' dir='ltr'>angerus·</span> <span class='ocrx_word' id='word_1_1255' title='bbox 1456 4017 1489 4049; x_wconf 82' lang='lat' dir='ltr'>de</span> <span class='ocrx_word' id='word_1_1256' title='bbox 1502 4016 1532 4048; x_wconf 77' lang='lat' dir='ltr'>Ia</span> <span class='ocrx_word' id='word_1_1257' title='bbox 1544 4016 1622 4050; x_wconf 74' lang='lat' dir='ltr'>Vede.</span> <span class='ocrx_word' id='word_1_1258' title='bbox 2250 4049 2344 4082; x_wconf 67' lang='lat' dir='ltr'>Bm</span> 
     </span>
    </p>
   </div>
  </div>
 </body>
</html>
