2562 4279
714 190 826 232 ET
909 187 1174 231 ACTA

0 284 69 316 Atin-
82 277 123 311 D·
137 282 224 314 tionis
245 278 459 312 concessionem
479 277 513 310 &
525 277 684 310 Securitatis
699 277 922 318 praestationem,
941 276 1024 307 faciat
1035 273 1207 314 aliqualiter,

22 321 106 361 1338.
139 320 201 356 dyc.
209 327 290 359 prout
298 318 392 358 stapra.

0 362 60 390 edv-
82 369 107 386 2·
175 396 265 428 Teste
279 395 365 434 Rege
379 392 452 434 apud
465 391 770 431 westmonasterium,
787 392 903 423 decimo
914 389 959 420 die
973 388 1081 420 Martii.

830 469 884 496 Per
898 464 979 505 ipfiam
993 467 1098 502 Regem.

217 613 277 649 Ad
292 609 414 646 Nobiles
429 610 592 657 Vastaniae‚
618 608 655 643 de
669 604 805 655 Juribus
824 609 910 654 Regis
927 604 1127 651 defendendis.

0 688 73 720 Ann.
89 687 132 718 D·
145 695 273 753 REX
288 720 298 735 ,
313 695 421 727 diieeiis
440 696 473 727 &
493 694 620 725 fideiibus
640 692 691 723 suis
703 714 713 730 ‚
731 691 891 722 Nobiiibus
908 690 1085 722 Hominibus
1097 691 1132 721 <ie
1144 688 1203 721 Ca-

21 727 104 767 ¹338·
224 735 344 765 stellania
357 734 451 765 nostra
465 733 500 764 de
513 732 624 772 Burgo.
643 730 776 774 Salutem.
1182 767 1188 772 ⁸

0 770 51 796 An.
70 775 111 794 ¹²·
177 772 227 803 De
240 773 398 804 Laboribus
410 770 565 808 indefessis,
585 778 655 808 quos
669 779 700 798 in
714 767 851 808 obsequiis
863 767 964 799 nostris
981 767 1114 798 haetenus
1125 766 1204 797 susti-

0 809 29 833 Ε·
50 813 76 840 3·
142 811 239 842 nuistis
251 834 261 850 ‚
280 812 314 842 &
335 810 424 841 indies
438 809 569 840 sustinere
584 817 645 837 non
659 807 784 838 desistitis
799 830 809 845 ,
826 817 876 838 vos
889 808 922 838 &
937 806 1027 838 vestra
1038 815 1091 846 pro
1108 804 1204 836 nostra

0 843 66 880 Vasa.
90 851 132 869 ¹²·
145 850 179 881 &
190 849 302 888 Jurium
317 849 481 880 nostrorum
502 845 662 877 defensione
680 845 884 877 adversitatibus
904 846 937 876 &
953 845 1079 885 periculis
1090 844 1204 875 diverli-

0 885 30 909 Ε·
51 890 75 917 3-
145 890 235 919 mode
248 894 435 926 exponentes,
451 885 531 916 vobis
542 891 629 923 grates
642 884 786 915 referimus
799 884 942 924 speciales,

0 928 35 947 m*
55 927 96 945 ¹²·
181 925 337 957 Probatam
350 923 450 955 vestrae
471 922 494 952 F
496 922 619 953 idelitatis
635 921 834 953 Constantiam
848 932 882 952 ex
896 921 983 953 corde
996 929 1124 961 rogantes
1156 930 1204 951 ua-

0 957 60 994 d‘’rs·
143 964 235 1002 tinus,
253 965 449 995 continuantes
462 962 677 1002 magnanimiter
690 960 767 998 quod
781 969 838 991 tam
858 961 1027 990 laudabiliter
1046 960 1139 997 incep‘
1167 960 1205 998 is,

143 1003 178 1032 ad
189 1002 261 1041 Jura
273 1000 367 1032 nostra
381 999 554 1030 defendenda
569 1008 668 1030 contra
681 999 824 1030 invasores
841 999 1007 1029 eorumdem
1022 998 1059 1028 sic
1075 1008 1127 1028 vos
1138 999 1206 1029 viri-

144 1040 206 1072 liter
225 1050 266 1078 op
305 1039 392 1077 natis,
409 1037 486 1076 quod
510 1047 542 1068 ex
557 1038 615 1068 hoc
629 1037 719 1069 vestra
732 1037 819 1067 fidelis
833 1036 962 1068 Probitas
976 1036 1154 1076 praefulgeat,
1171 1036 1204 1067 &

142 1090 159 1110 a
173 1079 255 1109 nobis
300 1077 500 1108 etributionem
513 1076 686 1115 condignam
700 1077 851 1114 reportetis.

184 1115 303 1147 Mittere
319 1116 398 1145 enim
414 1114 459 1144 dis
472 1114 593 1145 osuimus
609 1137 618 1153 ,
636 1115 706 1145 infra
731 1114 834 1152 Breve,
853 1112 993 1154 quendam
1007 1112 1151 1143 Nobilem
1170 1111 1205 1142 de

143 1153 255 1192 Regno
274 1153 372 1184 nostro
394 1153 459 1192 Ang
470 1154 503 1183 iae
524 1152 556 1184 ad
598 1161 665 1183 artes
679 1152 809 1183 Duc-attis
823 1152 968 1190 praediffl,
985 1161 1053 1182 cum
1067 1151 1206 1181 Homini-

144 1194 197 1223 bus
216 1192 250 1223 ad
272 1193 378 1230 Arma,
396 1191 567 1230 Sagittariis,
609 1193 724 1228 emnia,
744 1190 936 1228 ViCtualibus,
954 1191 987 1221 &
1000 1190 1056 1219 aliis
1069 1189 1206 1220 Neceffi-

143 1231 189 1262 riis
196 1254 215 1300 ἆ
226 1240 263 1299 ἃ]
282 1229 452 1261 Succursum
475 1230 599 1261 vestrum
620 1231 654 1262 &
676 1229 868 1260 defensionem
883 1229 1003 1267 partium
1019 1227 1150 1258 Ducatsis
1163 1228 1208 1258 su-

168 1280 195 1299 ra
216 1279 225 1298 i
252 1279 274 1298 ·i.

146 1280 165 1308 p
183 1307 272 1344 Super
292 1306 342 1337 hiis
354 1314 447 1337 autem
463 1307 496 1337 &
511 1305 584 1345 aliis,
603 1305 723 1336 Dilectis
738 1306 772 1336 δι’.
788 1304 928 1335 Fidelibus
942 1303 1044 1335 nostris
1058 1327 1068 1343 ,
1085 1304 1207 1344 Hugoni

142 1345 180 1376 de
201 1345 365 1376 Guanadon
387 1346 421 1377 ὃς
439 1345 559 1384 Rogero
580 1344 616 1375 de
642 1343 788 1375 Norwico
809 1352 875 1373 vota
895 1342 988 1372 nostra
1005 1342 1208 1382 exposuimus3

143 1384 263 1422 quibus,
278 1385 311 1415 &
325 1393 426 1416 eorum
438 1384 534 1422 alteri,
552 1384 581 1412 in
595 1382 738 1420 dicendis,
757 1381 841 1412 fidem
855 1382 999 1412 credulam
1013 1383 1166 1419 praebeatis.

179 1460 269 1492 Teste
284 1460 367 1500 Rege
380 1459 454 1500 apud
468 1459 589 1491 Turrim
606 1458 741 1491 London.
760 1458 877 1490 decimo
890 1457 936 1489 die
951 1457 1059 1489 Martii.

838 1535 891 1565 Per
904 1533 986 1574 ipfhm
998 1536 1103 1572 Regem.

265 1621 436 1654 Consimiles
451 1621 567 1653 Litterae
579 1619 735 1660 diriguntur
745 1618 917 1660 subscriptis,
936 1618 1086 1657 videlicet,

147 1715 263 1744 Domino
275 1712 307 1743 de
322 1717 419 1744 Monte
437 1710 563 1742 Ferandi.
695 1706 847 1738 Guillielmo
872 1708 1014 1738 Amaneni
1037 1707 1068 1736 de
1095 1704 1208 1746 Castello

145 1750 298 1781 Thalerano
311 1753 343 1782 de
354 1749 507 1791 Graynoles.
736 1748 844 1775 Leonis.

147 1791 300 1830 Reymundo
339 1790 475 1820 Bernardi
507 1788 538 1819 de
569 1789 659 1818 Seinte
697 1783 828 1814 Arnaldo
841 1783 978 1814 Bernardi
993 1784 1024 1813 de
1039 1785 1191 1824 Armynak.

186 1831 256 1859 Fot'e.
698 1821 828 1853 Arnaldo
843 1821 989 1853 Guillielmi
1008 1822 1040 1851 de
1054 1824 1210 1861 Armynak.

149 1868 266 1896 Domino
285 1870 409 1897 Dur-non,
697 1860 828 1901 Johanm‘
849 1862 882 1892 de
899 1863 1044 1901 Armynat
1058 1884 1068 1900 ,
1085 1861 1156 1891 disto
1178 1860 1210 1890 de

151 1904 276 1935 Arnoldo
290 1906 322 1935 de
335 1909 446 1936 curton.
737 1898 766 1928 la
777 1902 888 1930 Guerre.

199 2047 259 2082 Ad
279 2050 514 2081 communitates
531 2049 577 2081 Va
592 2048 692 2127 egui?
713 2044 803 2091 fhper
814 2043 965 2088 fidelitate
972 2045 1055 2090 fita,
1078 2048 1115 2085 ώ-
1133 2044 1169 2083 de

627 2105 658 2126 re
680 2103 771 2127 entra.

155 2180 285 2240 REX
319 2180 440 2212 Dilee’tis
461 2180 495 2211 δε
513 2179 654 2210 Fidelibus
673 2178 743 2218 suis,
764 2178 938 2218 Maioribus,
950 2178 1064 2220 Jurati‘s,
1084 2180 1217 2220 ParibuS,

6 2200 84 2234 Arm·
101 2200 140 2232 D·
233 2221 266 2252 &
283 2204 546 2251 &ommunitatibus
560 2217 734 2254 Civitatum,
752 2217 924 2257 langorum,
941 2218 1093 2259 Vsslarum,
1106 2221 1140 2251 &
1155 2219 1216 2251 Lo-

34 2241 119 2281 1338.
152 2268 255 2290 corum
267 2259 386 2289 aliorum
399 2266 665 2298 quorumcumque,
682 2256 752 2286 dieti
765 2255 911 2294 Ducatiis,
926 2256 1056 2288 Salutem.

7 2284 51 2310 A*
79 2290 108 2308 ¹²
192 2296 317 2328 Firmam
331 2296 397 2327 dant
419 2296 501 2326 nobis
515 2295 653 2333 praeterita
668 2293 812 2325 Fiduciam
828 2294 864 2324 de
884 2295 999 2334 futuris,
1018 2305 1063 2335 ut,
1079 2295 1148 2327 ficut
1165 2307 1216 2328 vos

6 2323 38 2346 E.
67 2329 92 2356 3·
156 2336 289 2367 haetenus
301 2336 330 2366 in
343 2334 472 2365 fidelitate
486 2333 579 2364 nostra
591 2331 708 2363 firmiter
720 2332 888 2371 perstitistis,
909 2332 1092 2365 Personarum
1107 2336 1141 2366 &
1156 2335 1217 2365 Re-

5 2358 75 2423 gase.
101 2365 143 2383 ¹²²
160 2384 223 2405 rum
245 2373 375 2414 periculis
397 2382 455 2402 non
469 2372 598 2403 cedentes
615 2371 669 2409 (de
685 2381 743 2410 quo
754 2379 842 2410 grates
856 2372 936 2402 vobis
956 2374 1101 2404 referimus
1114 2373 1217 2412 specia-

34 2416 39 2421 '
61 2404 85 2432 3·
115 2432 134 2460 d
154 2413 209 2450 les)
230 2414 286 2451 sic,
305 2422 385 2442 more
404 2410 553 2441 Probitatis
573 2411 648 2440 bene
662 2410 816 2450 dispositae,
833 2419 870 2440 eo
883 2420 936 2447 pro
951 2411 1032 2442 nobis
1051 2421 1102 2442 vos
1115 2421 1216 2452 prom-

103 2453 108 2459 “
135 2454 141 2460 ’
154 2452 226 2492 ptius
238 2451 405 2491 opponeds,
421 2459 479 2489 quo
492 2448 682 2480 necessitatem
695 2448 817 2479 videritis
829 2449 1005 2487 ampliorem.

190 2489 270 2520 Cum
284 2489 368 2528 igitur
383 2497 463 2519 verus
483 2487 576 2518 Amor
590 2488 620 2517 in
641 2486 842 2517 neceffitatibus
855 2487 954 2518 clarius
968 2488 1120 2527 elucescat,
1137 2499 1217 2519 reco-

151 2528 261 2568 gitetis,
278 2528 413 2565 petimus,
433 2526 570 2557 Amorem
584 2535 670 2564 quem
683 2535 733 2556 vos
745 2526 778 2556 &
794 2524 992 2564 Progenitores
1007 2527 1089 2557 vestri
1100 2527 1134 2558 ad
1150 2528 1217 2558 Do—

153 2576 237 2597 mum
256 2564 382 2596 nostram
403 2563 531 2601 Regiam
546 2563 731 2595 inflexibiliter
749 2563 897 2603 habuistis,
918 2565 951 2595 &
968 2565 1045 2595 illum
1060 2575 1120 2595 non
1133 2576 1218 2597 retra-

152 2605 224 2636 hatis
245 2604 326 2635 nobis
343 2603 493 2641 aliqualiter
513 2603 542 2632 in
562 2601 679 2633 adverlis
695 2625 704 2639 ,
721 2601 759 2632 set
771 2610 871 2633 contra
884 2605 1041 2634 temerarios
1055 2604 1218 2636 nostrorum

152 2643 266 2683 Jurium
286 2641 428 2673 Invasores
443 2650 494 2672 vos
511 2641 725 2679 magnanimiter
743 2642 914 2680 opponati53
940 2642 973 2672 ὃς
986 2665 995 2679 ,
1034 2652 1063 2672 er
1078 2642 1134 2673 Dei
1157 2654 1219 2683 gra·

158 2682 244 2720 tiam,
263 2679 292 2711 in
308 2678 457 2718 proximo,
474 2679 614 2710 foelicium
631 2678 739 2709 Aurora
752 2678 939 2710 Successuum
956 2652 1085 2712 arridebit
1100 2703 1110 2719 ,
1128 2682 1161 2713 &
1176 2691 1220 2713 re-

156 2721 313 2759 primentur
326 2720 375 2757 qui
390 2728 443 2748 nos
456 2718 579 2748 indebite
588 2719 648 2756 jam
662 2717 830 2762 perturbant.

196 2758 285 2796 Super
299 2756 350 2787 hiis
364 2763 457 2787 autem
471 2756 504 2786 &
518 2756 681 2793 aliis,vobis
690 2756 739 2793 ,&
753 2754 878 2786 vestrum
893 2756 1063 2795 cuilibet,ex
1076 2766 1153 2796 parte
1168 2769 1223 2790 no-

159 2795 232 2835 stra,
266 2805 312 2833 er,
329 2794 476 2824 Dilectum
499 2794 533 2824 ὃ(
549 2793 675 2824 Fidelem
696 2792 826 2824 nostrum
840 2817 851 2832 ,
869 2794 1019 2826 Oliverum
1036 2796 1071 2826 de
1084 2796 1222 2836 lngham,

159 2834 233 2865 Sene
243 2833 346 2864 callum
364 2831 495 2863 nostrum
516 2830 664 2862 Vaseoniae
675 2855 685 2869 ,
708 2832 859 2862 referendis
874 2855 883 2871 ,
900 2832 992 2863 eidem
1014 2833 1136 2866 Olivero
1151 2846 1222 2876 vos,

159 2872 193 2904 ὃ(
205 2871 330 2904 vestri‘im
342 2870 463 2910 singulos
471 2892 481 2908 ‚
499 2878 603 2900 certam
616 2870 747 2900 volumus
758 2870 823 2901 dare
838 2870 932 2901 fidem.

197 2948 265 2981 Dat.
285 2947 359 2987 apud
371 2946 490 2979 Turrim
506 2945 644 2978 London.
657 2946 771 2978 decimo
785 2947 869 2978 tertio
881 2947 926 2979 die
942 2947 1048 2980 Martii.

13 3097 81 3127 ὒν.
103 3105 146 3133 17.
160 3092 181 3115 *
205 3090 264 3125 Ad
275 3091 426 3139 Epifiopos
443 3095 480 3131 ὠ·
501 3089 622 3125 Mbiles
643 3090 785 3137 Wtfioniae
795 3091 886 3138 fhper
910 3092 1069 3127 Fidelitate
1085 3098 1121 3134 ῤ’
1140 3098 1222 3129 Stre-

433 3144 549 3174 nuitate
558 3141 618 3187 fita
630 3168 639 3184 ‚
663 3143 699 3178 (ῤ’
718 3139 754 3172 de
773 3140 941 3175 Credentia.

14 3218 90 3250 Ann.
105 3218 147 3249 D.

42 3258 116 3295 13⁵8
222 3224 305 3263 EX,
323 3224 533 3257 Venerabilibus
548 3227 578 3256 in
593 3225 711 3256 Christo
727 3225 871 3265 Patribus,
893 3226 1133 3270 Archiepiscopi3‚
1153 3229 1225 3268 Epi·-

84 3279 95 3297 ,
120 3280 126 3286 .

236 3264 326 3302 scopis
340 3287 350 3302 ,
369 3265 401 3294 &
418 3265 474 3295 aliis
493 3265 681 3295 Ecclesiarum
705 3264 842 3303 praelatis,
859 3275 905 3302 ac,
921 3265 1030 3297 dileetis
1044 3269 1076 3298 &
1098 3267 1225 3300 fidelibus

15 3301 68 3324 An.
89 3307 131 3324 12·
163 3301 216 3332 suis
228 3325 238 3340 ,
262 3301 426 3342 Comitibus
440 3324 450 3340 ,
473 3302 700 3334 Vicecomitibus
713 3326 721 3340 ,
748 3303 900 3334 Bai-onibus
914 3327 924 3343 ,
945 3304 1099 3345 Militibus,
1116 3318 1149 3338 ac
1168 3305 1223 3339 aliis

15 3339 45 3362 E.
65 3344 91 3371 3-
164 3340 340 3378 Nobilibus,
357 3339 518 3379 Universis‚
537 3341 667 3371 Ducatcis
678 3342 715 3371 sui
731 3340 905 3380 Aquitaniae,
926 3343 1058 3374 Salutem.

16 3374 85 3410 Vasc.
107 3382 149 3400 ¹²·
204 3377 386 3409 Reducentes
399 3379 426 3408 in
440 3379 542 3408 debitae
550 3380 773 3409 considerationis
785 3382 910 3411 examine
924 3382 1054 3421 qualiter,
1065 3384 1141 3422 quta
1156 3384 1224 3414 No-

17 3415 48 3438 E.
70 3420 95 3446 3·
166 3417 277 3447 bilitatis
291 3416 390 3447 vestrae
400 3416 576 3455 decentiam,
593 3417 668 3447 velut
684 3417 790 3448 Fideles
802 3419 835 3448 &
846 3419 956 3449 Strenui
966 3443 974 3457 ,
994 3431 1092 3452 contra
1112 3423 1223 3454 nostro-

17 3458 53 3477 Μ·
70 3458 79 3474 ¹
88 3458 112 3486 3-
127 3449 154 3478 d·
166 3465 229 3485 rum
245 3454 423 3484 l-laereditatis
436 3456 468 3485 &
478 3453 588 3493 Jurium
602 3454 743 3486 Invasores
756 3456 931 3495 exposuistis,
949 3468 1087 3493 gratanter
1097 3462 1130 3491 δε
1145 3471 1224 3500 mag-

164 3494 332 3531 nanimiter,
350 3502 401 3523 vos
414 3494 447 3523 &
464 3492 570 3530 vestra,
588 3494 617 3523 in
634 3494 732 3531 vobis,
750 3502 780 3524 ut
792 3496 822 3524 in
834 3494 942 3524 devotis
954 3497 1055 3528 nostris
1069 3501 1225 3539 praecipuis,

163 3532 351 3569 delcetamur3
368 3531 576 3561 desiderabiliter
589 3531 752 3562 affectantes
769 3532 981 3564 Gratitudinem
995 3536 1028 3565 &
1051 3534 1224 3568 probitatem

164 3570 286 3601 vestram
308 3568 489 3607 magnificam
511 3569 656 3599 liberaliter
676 3570 708 3600 &
729 3570 859 3600 habunde
873 3594 882 3608 ,
904 3580 986 3611 prout
1005 3573 1127 3612 Regiam
1143 3576 1225 3607 decet

165 3607 416 3677 Mffiissoemiam’
434 3608 595 3645 praemiare:
613 3607 706 3646 quod,
725 3608 797 3639 duce
809 3608 958 3648 Domino,
972 3608 1105 3644 faciemus
1117 3614 1225 3645 realiter

168 3657 198 3677 m
275 3656 347 3677 reve.

203 3685 280 3715 Non
296 3686 380 3724 igitur
397 3683 431 3715 de
453 3682 555 3714 rimatis
576 3683 685 3713 animos
699 3707 708 3723 ,
727 3684 781 3722 set,
797 3683 974 3717 strenuorum
989 3697 1070 3718 more
1082 3688 1222 3728 laudabili,

164 3723 304 3753 affumatis
321 3722 420 3753 fortitu
441 3720 493 3753 inis
513 3722 637 3760 spiritum
657 3722 686 3751 in
705 3723 821 3753 adversis
835 3746 844 3761 ‚
866 3725 1014 3756 nobiscum
1028 3749 1037 3763 ‚
1057 3727 1105 3764 qui
1126 3726 1226 3758 Deum

165 3760 300 3792 habemus
316 3771 368 3799 pro
387 3762 471 3791 nobis
491 3761 526 3791 δε
539 3759 678 3798 Justitiam
693 3783 702 3796 ,
722 3762 856 3800 intrepide
879 3763 1064 3802 perlistente53
1083 3765 1159 3803 quod
1174 3776 1228 3796 vo-

166 3799 209 3828 bis
221 3822 231 3838 ,
248 3800 380 3830 omnibus
400 3800 433 3831 ὃς
456 3798 567 3838 singulis
581 3822 590 3835 ,
608 3799 655 3838 qui
677 3798 714 3828 sic
735 3799 853 3829 feceritis
867 3822 876 3838 ,
894 3811 993 3841 praeter
1008 3802 1227 3835 Remuneratio-

167 3846 236 3867 nem
250 3847 424 3877 congruam,
442 3848 524 3876 quam
539 3838 619 3868 vobis
632 3836 720 3866 facere
733 3837 916 3877 pollicemur,
933 3840 1014 3871 cedet
1032 3841 1066 3871 ad
1079 3841 1163 3872 laudis
1177 3853 1226 3873 ve-

170 3874 235 3904 strae
249 3874 380 3915 Titulos,
396 3877 530 3917 perpetuo
547 3875 720 3906 recolendos.

206 3912 275 3942 Nos
287 3923 396 3953 autem,
413 3915 449 3945 de
463 3914 574 3945 Summi
589 3913 624 3943 R«
636 3913 675 3943 ais
691 3936 700 3951 2
717 3915 764 3952 qui
778 3914 874 3945 resistit
887 3914 1015 3954 Superbis
1028 3937 1038 3956 ,
1052 3918 1086 3948 &
1098 3916 1226 3949 Humili-

169 3950 225 3980 bus
234 3950 281 3981 dat
297 3953 411 3989 gratiam
426 3975 436 3992 ,
452 3954 553 3983 auxilio
574 3952 649 3982 cons
663 3951 765 3989 lewes,
785 3962 900 3982 manum
922 3955 1065 3985 mittemus
1076 3955 1111 3985 ad
1127 3956 1226 3996 fortia,

168 3996 199 4019 ut
234 3988 396 4026 ersequentis
408 4001 460 4021 nos
475 3991 627 4028 malitiam,
645 3992 695 4020 viis
709 3992 807 4028 quibus
823 3991 992 4030 poterimus,
1011 3993 1197 4025 excludamus.

228 4036 295 4063 uper
308 4026 360 4056 hiis
375 4036 486 4070 autem,
504 4030 538 4060 δε
550 4030 624 4067 aiis,
643 4029 738 4068 tobis,
758 4031 790 4059 si:
806 4029 931 4059 vestrsiiii
948 4031 1085 4070 cuilibet,
1103 4042 1136 4062 ex
1152 4043 1227 4070 parte

171 4062 285 4133 nosgrji„
304 4073 370 4133 Ρῧ,
385 4065 524 4135 ἓῐῘΕΙᾶῙὶῖυιτ]
538 4067 572 4100 &
586 4068 698 4099 fidelem
711 4067 855 4107 nostrum,
875 4068 1026 4101 Oliverum
1037 4070 1073 4102 de
1088 4070 1229 4111 Ingham,

248 4113 297 4133 om.
360 4125 366 4132 .
412 4126 418 4133 .
479 4126 487 4135 .

1256 184 1734 230 PUBLICA.
2283 201 2311 238 9

1247 270 1433 315 senescallum
1448 271 1575 302 nostrum
1589 273 1753 313 Vaseoniae,
1773 273 1937 313 referendis,
1955 271 2046 306 eidem
2060 272 2182 305 Olivero
2196 270 2306 313 VOS‚&
2324 280 2387 303 Am*
2418 274 2439 279 ⁷*

1247 308 1375 340 vestrum
1388 311 1520 350 singulos,
1539 320 1645 341 certam
1659 313 1788 344 volumus
1802 312 1867 344 dare
1882 313 1978 344 fidem.
2348 320 2374 340 1‘
2410 340 2415 341 γ

2323 352 2389 378 nv.
2413 360 2424 388 g.

1286 384 1354 416 Dat.
1367 385 1439 423 apud
1453 386 1572 416 Turrim
1586 386 1764 428 Londoniae,
1783 390 1897 420 decimo
1909 390 2010 428 quinto
2022 390 2068 421 die
2082 388 2188 421 Martii.

1248 510 1307 544 Ad
1328 511 1526 556 Seneftallum
1549 513 1713 558 msa-onia,
1732 514 1823 561 signer
1842 518 1950 548 LiterIs
1962 544 1970 559 ‚
1993 511 2149 548 antediais
2164 519 2306 550 Commu-

1431 558 1593 604 nitatibus,
1622 562 1770 608 Epiftopis
1787 567 1823 601 (ῥ’
1845 562 2004 596 Nobilibui
2020 561 2116 606 miffis.

1309 642 1390 683 EX,
1407 643 1512 688 dileCm
1533 645 1567 676 &
1589 645 1665 676 fideli
1685 642 1733 677 suo
1745 641 1866 679 Olivero
1887 647 1922 678 de
1935 647 2070 688 Ingham,
2085 647 2240 679 Senescallo
2255 647 2305 679 suo
2323 656 2400 688 Αῃῃ,
2416 654 2460 691 D,

1321 682 1482 720 Vaseoniae,
1500 683 1632 713 Salutem.
2345 704 2377 734 13
2385 696 2430 736 38.

1285 718 1429 751 Mittimus
1444 721 1525 751 vobis
1535 720 1602 751 duas
1613 721 1701 753 literas
1714 722 1818 754 nostras
1833 722 1975 763 Parentes,
2322 738 2374 763 An.
2392 743 2434 763 12.

1283 756 1402 802 Unam,
1420 758 1565 797 videlicet,
1584 758 1728 802 Episcopis
1741 762 1774 792 &
1788 761 1963 801 Nobilibus,
2322 776 2352 800 E.
2375 782 2400 808 3,

1285 794 1323 826 Et
1335 797 1416 827 aliam
1431 796 1693 828 Communitatibus
1706 799 1777 829 diffiti
1792 799 1936 838 Ducatsis,
2326 836 2329 837 ⁷
2358 810 2427 839 1ρῐᾹὰ

1282 832 1524 865 Commendando
1546 835 1705 867 fidelitatem
1726 837 1802 867 suam
1818 838 1851 868 ὃς
1863 839 2048 868 constantiam
2068 861 2077 877 ,
2096 840 2130 870 <Sc
2144 836 2316 869 solicitando‘

1246 881 1294 902 eos
1309 881 1340 903 ut
1355 873 1422 904 illud
1437 875 1605 905 continuent
1616 897 1626 912 ,
1645 875 1675 904 in
1689 875 1815 905 futurum
1825 897 1834 914 ,
1851 877 1884 907 &
1900 885 1930 907 ut
1944 877 2026 907 vobis
2042 876 2119 914 super
2132 877 2255 907 dicendis
2274 882 2314 906 ex‘

1248 919 1324 949 parte
1337 911 1432 942 nostra
1446 911 1595 943 adhibeant
1609 912 1722 950 plenam
1736 913 1830 943 fidem.

1286 948 1324 979 Et
1339 948 1405 980 ideo
1421 951 1502 980 vobis
1523 951 1687 981 mandamus
1708 952 1788 989 quod
1802 951 1889 989 ipsos,
1904 951 1938 981 &
1950 960 2048 982 eorum
2062 951 2195 990 singulos,
2212 960 2242 982 ut
2255 953 2312 989 jam

1249 995 1347 1030 contra
1361 989 1443 1018 nobis
1454 988 1625 1019 adversantes
1637 989 1751 1020 viriliter
1765 990 1792 1019 se
1804 998 1951 1029 opponant
1963 1012 1972 1027 ,
1993 997 2074 1029 prout
2097 990 2193 1020 melius
2208 990 2313 1027 poteri-

1247 1032 1297 1064 υς,
1315 1027 1458 1064 animetis,
1475 1026 1509 1056 ὅ(
1522 1027 1560 1056 eis
1573 1036 1607 1057 ex
1620 1035 1696 1064 parte
1709 1027 1802 1058 nostra
1815 1036 1903 1067 grates
1917 1028 2043 1066 speciales
2056 1028 2192 1061 referatisi

1285 1063 1470 1095 Consolantes
1483 1063 1594 1094 eosdem
1628 1066 1760 1104 uoniam,
1778 1066 1854 1096 duce
1869 1065 1953 1104 Deo,
1973 1066 2117 1097 habebunt
2131 1066 2165 1095 de
2179 1066 2259 1095 nobis
2276 1066 2308 1096 iri

1246 1103 1378 1140 proximo
1399 1112 1474 1133 nova
1495 1103 1587 1139 bona,
1647 1125 1657 1140 ‚
1675 1113 1742 1134 curn
1761 1105 1874 1135 facultas
1889 1104 2023 1142 arriserit,
2049 1114 2134 1143 quam
2157 1103 2309 1143 speramus,

1245 1140 1316 1176 ipsos
1335 1141 1372 1171 fic
1392 1141 1539 1178 praemiare
1557 1141 1714 1171 curabimus
1727 1164 1736 1180 ,
1755 1142 1831 1182 quod
1844 1141 1989 1173 debebunt
2010 1145 2113 1173 merito
2128 1143 2309 1177 conteiitari5

1246 1177 1326 1216 super
1342 1188 1401 1218 quo
1416 1181 1454 1209 eis
1466 1178 1601 1209 affectum
1614 1179 1743 1209 nostrum
1757 1181 1889 1210 intimum
1904 1181 2010 1218 plenius
2023 1181 2171 1211 declaretis.

1284 1216 1391 1247 Taliter
1404 1227 1455 1247 vos
1471 1216 1603 1247 habentes
1619 1217 1699 1255 qubd
1715 1218 1834 1248 vestram
1856 1218 2005 1249 debeamus
2023 1217 2310 1257 circumspeetioneiri

1249 1255 1282 1286 &
1296 1255 1502 1286 solicitudinem
1516 1256 1618 1286 merito
1633 1257 1843 1287 commendare.

1287 1330 1378 1362 Teste
1391 1330 1473 1371 Rege
1485 1331 1560 1370 apud
1572 1330 1690 1363 Turrim
1705 1332 2010 1370 Londoniae,decim0
2024 1333 2122 1373 quinto
2135 1332 2182 1363 die
2197 1332 2307 1363 Martii.

1469 1460 1518 1491 De
1532 1458 1711 1505 Alhgantiis
1727 1470 1796 1491 cum
1813 1461 1927 1492 Comite
1944 1455 2092 1493 Gebennae.

1250 1542 1378 1600 REX
1396 1542 1563 1581 Universis,
1581 1542 1615 1573 ad
1631 1553 1701 1582 quos
1715 1545 1775 1575 &c.
1799 1543 1931 1575 Salutem,

1361 1582 1458 1612 Sciatis
1470 1581 1547 1620 quod
1561 1580 1646 1619 Nos,

1289 1617 1338 1650 De
1349 1619 1479 1651 fidelitate
1493 1618 1612 1657 probata
1623 1620 1656 1649 &
1671 1619 1922 1657 circumspectione
1935 1619 2055 1658 provida
2066 1645 2076 1659 ,
2092 1616 2263 1651 dileetorum
2277 1620 2313 1651 δὲ
2332 1611 2408 1644 Ann-
2423 1613 2464 1644 D-

1250 1656 1376 1689 fidelium
1395 1657 1574 1695 nostrorum,
1592 1656 1709 1687 Nobilis
1726 1659 1760 1688 &
1780 1658 1906 1688 Potentis
1927 1658 1999 1695 viri,
2026 1654 2171 1699 Rodulphi
2192 1658 2314 1689 Condo-
2361 1653 2443 1691 ¹338·

1252 1696 1324 1763 {pini
1341 1697 1378 1728 de
1399 1693 1544 1727 Hautevill
1556 1718 1567 1734 ,
1586 1696 1620 1727 &
1637 1695 1736 1726 Fratris
1751 1695 1873 1727 Galfridi
1891 1696 1927 1727 de
1940 1695 2062 1728 Maldon
2076 1720 2087 1736 ,
2104 1698 2204 1728 intime
2223 1696 2315 1728 confi-
2331 1694 2384 1756 ἕη·
2404 1701 2448 1719 ¹²·

1275 1743 1352 1766 entes
2386 1739 2411 1766 3·

1292 1773 1339 1804 Ad
1357 1758 1536 1804 'imitandum
1557 1772 1591 1803 δε
1613 1771 1846 1804 concordandum
1865 1781 1933 1803 cum
1953 1771 2058 1803 Nobili
2079 1773 2112 1804 &'
2132 1772 2246 1805 Potenti
2263 1773 2317 1804 Vi·
2331 1768 2459 1797 Aleman,

1253 1821 1303 1850 ro,
1321 1811 1451 1847 Amadeo
1466 1811 1585 1842 Comite
1599 1810 1751 1842 Gebennae
1765 1810 1802 1841 de
1823 1810 1978 1850 Alligantiis
1999 1811 2032 1842 δε
2054 1810 2143 1842 solidis
2158 1813 2315 1851 Amicstiis,
2338 1816 2380 1833 ¹2·
2400 1810 2467 1842 Ε-Ξ·

1254 1851 1326 1881 inter
1339 1848 1407 1880 Nos
1419 1851 1452 1881 &
1466 1845 1555 1888 ipsum
1575 1848 1725 1880 Comitem
1739 1849 1868 1880 ineundis
1881 1872 1890 1887 ,
1908 1849 2053 1889 ipsumque
2068 1849 2230 1881 Nobiscum
2245 1860 2316 1881 con·
2333 1854 2369 1872 m,
2391 1853 2435 1871 ²²·-

1254 1897 1295 1920 tra
1314 1890 1329 1906 *
1348 1898 1448 1919 omnes
1461 1887 1602 1918 Homines
1615 1887 1792 1917 retinendum
1828 1887 2066 1926 conducendum,
2081 1888 2114 1918 &
2133 1888 2299 1920 firmandum
2336 1882 2404 1911 *Ψ
2425 1881 2467 1909 ¹8·

1294 1926 1342 1957 De
1364 1926 1465 1957 Feodis
1478 1948 1488 1964 ,
1505 1924 1599 1956 Vadiis
1613 1950 1623 1964 ,
1640 1932 1673 1956 ac
1690 1910 1839 1970 Stipendiis
1853 1948 1863 1964 ,
1881 1936 1916 1956 ac
1933 1925 2220 1970 Remunerationibus
2239 1912 2320 1959 dietd

1257 1964 1389 2004 Coruin,
1408 1966 1444 1996 sic
1460 1972 1587 2002 retento,
1606 1963 1823 2002 constituendis,
1839 1963 1994 2003 solvendis,
2012 1965 2046 1995 &
2061 1964 2192 1996 faciendis
2208 1976 2318 1997 conve-

1256 2002 1391 2034 niendum
1400 2026 1410 2042 ,
1427 2013 1459 2034 ac
1478 2012 1528 2041 ea,
1543 2012 1608 2041 quae
1626 2002 1757 2040 trastata,
1774 2002 1960 2040 concordata,
1978 2004 2011 2033 &
2027 2012 2170 2034 conventa
2183 2027 2192 2043 ‚
2211 2005 2244 2036 ὃς
2258 2004 2319 2035 acta

1257 2042 1367 2111 Ευῗῖἰηὲ
1372 2043 1401 2072 in
1416 2040 1577 2080 praemiffis,
1594 2043 1721 2081 quatinus
1735 2040 1768 2071 ad
1780 2040 1815 2071 Ν
1817 2051 1848 2071 os
1868 2041 1983 2079 attinet,
2001 2050 2179 2082 quacumque
2190 2042 2320 2074 firmitate

1257 2090 1292 2113 va
1313 2091 1348 2111 an
1369 2090 1417 2111 um

1297 2104 1537 2156 Securitaiemque
1550 2118 1567 2148 a
1581 2117 1659 2148 dieto
1672 2116 1807 2156 Comite,
1825 2126 1879 2156 pro
1891 2117 2084 2157 completione
2096 2118 2317 2157 praemifforum,

1259 2166 1393 2227 quatenus
1407 2157 1499 2195 ipsum
1512 2163 1708 2195 concernunt,
1727 2157 1896 2196 petendum,
1915 2156 2122 2197 stipulandum,
2138 2158 2318 2196 &recipien-

1280 2206 1327 2227 um

1296 2219 1346 2265 Ac'
1362 2234 1458 2264 omnia
1472 2232 1523 2264 alia
1543 2233 1577 2264 ὅ(
1598 2231 1706 2270 singula
1725 2229 1887 2264 faciendum
1906 2234 1940 2265 &
1961 2233 2168 2265 excercendum
2179 2257 2188 2272 ‚
2206 2243 2270 2272 quae
2288 2234 2320 2264 in

1261 2272 1408 2312 praemissis
1420 2273 1453 2303 &
1468 2273 1545 2303 circa
1556 2282 1588 2303 ea
1601 2271 1751 2303 necessaria
1763 2270 1866 2303 fuerint
1881 2272 1926 2304 vel
1933 2280 2090 2312 oportuna,
2107 2274 2191 2303 etiam
2207 2274 2226 2303 fi
2240 2282 2321 2303 man-

1260 2313 1358 2343 datum
1371 2312 1482 2350 exigant
1495 2310 1622 2350 speciale,

1297 2350 1444 2381 Praedietis
1457 2372 1467 2388 ,
1484 2348 1642 2387 Radulpho
1656 2349 1690 2380 &
1710 2348 1799 2379 Fratri
1815 2347 1963 2387 Galfndo,
1982 2347 2094 2388 plenam
2108 2371 2118 2387 ,
2136 2357 2235 2380 tenore
2249 2357 2322 2390 prae-

1261 2389 1398 2425 sentium,
1417 2388 1622 2418 committimus
1636 2388 1668 2417 δε
1682 2386 1867 2417 concedimus
1882 2386 2071 2424 Potestatem;

1298 2424 1516 2464 Promittentes,
1534 2435 1587 2463 pro
1606 2424 1721 2463 Nobis,
1738 2426 1772 2456 &
1787 2424 1955 2457 Haeredibus
1978 2422 2093 2464 nostris,
2110 2424 2180 2456 Nos
2196 2425 2323 2464 Rarum,

1259 2464 1383 2495 Gratum
1397 2488 1407 2504 ,
1424 2465 1457 2496 &
1477 2463 1608 2494 Firmum
1629 2463 1775 2494 habituros
1789 2464 1923 2503 quicquid
1944 2473 1992 2502 per
2004 2464 2113 2502 ἀίξὶοε,
2133 2462 2231 2494 Rodul
2252 2464 2322 2494 hum

1260 2504 1294 2534 &
1310 2503 1436 2534 Fratrem
1455 2502 1616 2533 Galfridum
1629 2525 1638 2541 ‚
1656 2502 1752 2533 aetum
1774 2501 1819 2532 vel
1832 2502 1944 2542 gestum
1963 2502 2047 2533 fuerit
2062 2503 2094 2532 in
2108 2503 2208 2542 praemi
2259 2524 2270 2541 ,
2289 2502 2324 2533 ὃς

1260 2542 1388 2580 quolibet
1399 2541 1615 2580 praemissorum.

1297 2580 1332 2611 In
1346 2582 1442 2619 cujus,
1460 2580 1522 2611 &c.

1300 2656 1368 2687 Dat.
1382 2656 1456 2695 apud
1472 2656 1590 2688 Turrim
1603 2654 1767 2687 Londoniae
1781 2678 1792 2694 ‚
1809 2654 1925 2688 decimo
1937 2654 2038 2696 quinto
2051 2655 2097 2687 die
2113 2655 2220 2687 Martii.

1299 2734 1402 2763 Eodem
1423 2734 1496 2765 modo
1509 2731 1640 2773 scribitur
1653 2741 1702 2772 pro
1724 2731 1835 2803 effdem,
1851 2731 1991 2771 Radulpho
2013 2730 2051 2767 «ἐν
2065 2734 2165 2762 Fratre
2177 2729 2324 2771 Galftido,

1262 2773 1498 2841 §dbtrc‘zffandum
1518 2771 1578 2807 &c-
1593 2783 1668 2811 cum,
1685 2774 1733 2802 No
1751 2771 1831 2807 ili&
1845 2773 1956 2801 Potenti
1973 2770 2052 2809 Viro,
2070 2772 2182 2802 Eimone
2194 2792 2205 2809 ,
2223 2773 2324 2801 Comite

1282 2822 1300 2840 a
1319 2822 1355 2841 au
1384 2821 1416 2840 ae.

1613 2934 1673 2968 Pro
1692 2934 1778 2967 Duce
1799 2933 1967 2966 Britanniae.

1302 3021 1450 3060 Ohannes,
1470 3020 1540 3051 Dux
1551 3019 1718 3056 Britanniae,
1735 3018 1770 3050 ὅτ
1783 3017 1893 3063 Comes
1906 3016 2143 3062 Richemundiae,
2162 3017 2209 3057 qui
2224 3018 2256 3061 in
2262 3023 2324 3054 par·
2341 3007 2417 3040 ΑΒΗ·
2432 3007 2474 3041 Da

1313 3061 1386 3091 tibus
1399 3059 1602 3090 Transmarinis
1613 3065 1756 3095 moratur,
1773 3056 1857 3101 habet
1870 3057 1970 3088 litteras
1983 3056 2074 3094 Regis
2087 3055 2256 3100 de-geiierali
2273 3055 2323 3100 At7
2363 3049 2446 3088 1338.

1313 3107 1444 3142 tornatu,
1461 3097 1510 3141 sub
1525 3096 1690 3127 nominibus
1700 3095 1837 3140 Johannis
1850 3094 2046 3133 Coupegorge
2059 3094 2180 3137 Clerici,
2198 3095 2231 3125 &
2246 3092 2322 3138 Petri
2341 3090 2392 3152 ΞΜ
2414 3097 2457 3116 1²-

1262 3134 1810 3215 {fimffitterthiigsisflasset?
1817 3133 2089 3202 assasse
2096 3133 2198 3209 fias?
2209 3132 2324 3172 qmbus-
2341 3134 2459 3237 {0²³}

1303 3250 1393 3283 Teste
1407 3251 1488 3291 Rege
1500 3249 1574 3289 apud
1586 3249 1706 3282 Turrim
1719 3247 1896 3286 Londoniae,
1911 3246 2026 3278 decimo
2046 3247 2147 3286 quinto
2159 3246 2205 3278 die
2218 3245 2325 3278 Martii.
2344 3247 2372 3305 {n
2392 3248 2436 3313 ’ἦ

1872 3326 1952 3354 Cane.
1965 3331 2045 3363 recep.
2065 3329 2169 3353 attorn.

1269 3403 1483 3467 COnsimiles
1497 3403 1595 3435 litteras
1607 3403 1693 3442 Regis
1707 3401 1742 3433 de
1755 3400 1875 3439 generali
1893 3399 2043 3431 Attornatu
2058 3399 2142 3430 habet
2156 3398 2229 3429 idern
2239 3398 2319 3437 Dux,

1343 3444 1392 3474 sub
1410 3443 1572 3473 nominibus
1585 3441 1743 3472 Guillielmi
1757 3441 1792 3470 de
1810 3439 1962 3481 Daubigne
1984 3438 2132 3475 Chivaler,
2150 3438 2183 3468 δε
2200 3436 2328 3476 Magistri

1266 3483 1355 3514 Lucae
1376 3483 1412 3512 de
1432 3480 1598 3519 Cheveigne
1620 3478 1752 3510 Personae
1772 3477 1903 3508 Ecclciiae
1923 3477 1959 3507 de
1974 3476 2116 3508 Swaiham
2129 3474 2262 3513 Market,
2279 3483 2329 3514 per

1267 3521 1433 3562 praedi&um
1449 3529 1559 3557 tenipus
1574 3518 1722 3549 duraturas.

1302 3596 1340 3627 Et
1359 3597 1442 3626 etiam
1459 3595 1535 3625 idem
1550 3594 1619 3625 Dux
1640 3594 1724 3624 habet
1742 3589 1899 3623 consimiles
1919 3591 1982 3621 alias
2003 3589 2102 3621 litteras
2119 3589 2210 3626 Regis
2223 3587 2260 3618 de
2274 3586 2328 3632 Arg

1267 3644 1376 3666 tornatu
1393 3657 1403 3673 ,
1421 3631 1470 3664 sub
1485 3634 1649 3663 nominibus
1664 3631 1800 3670 Johannis
1816 3628 2006 3668 Coupegorge
2021 3628 2128 3659 Clerici
2141 3650 2151 3666 ‚
2167 3627 2201 3658 &
2217 3626 2327 3666 Rogen

1267 3674 1303 3705 de
1317 3672 1431 3711 Meres,
1449 3682 1497 3711 per
1511 3671 1587 3701 idem
1603 3679 1712 3709 tempus
1728 3669 1876 3699 duraturas.

1404 3800 1461 3830 Pro
1479 3798 1605 3842 Hugone
1622 3791 1657 3825 de
1673 3795 1788 3826 Geneve
1801 3791 1837 3825 de
1853 3794 2023 3825 Annuitate
2033 3788 2193 3836 sblvenda.

1269 3879 1358 3939 RE
1367 3880 1396 3911 Χ
1417 3879 1571 3911 Senescallo
1591 3879 1640 3909 suo
1658 3878 1809 3909 Vasconie
1823 3901 1832 3915 ,
1847 3877 1881 3908 ὅ(
1895 3875 2114 3907 Constabulario
2125 3875 2175 3906 suo
2187 3875 2328 3916 Burdega-
2343 3847 2420 3927 Αῗξὲ
2427 3847 2475 3916 3D⁴

1344 3920 1408 3956 liat,
1427 3919 1475 3956 qui
1487 3927 1564 3948 nunc
1579 3916 1656 3954 sunt,
1674 3916 1719 3946 vel
1732 3918 1779 3954 qui
1796 3924 1849 3954 pro
1862 3923 1991 3955 tempore
2003 3923 2101 3954 erunt,
2119 3914 2251 3946 Salutem.
2339 3928 2390 3952 An.
2411 3934 2452 3951 η,

1305 3956 1383 3988 Curii
1393 3980 1402 3995 ,
1417 3958 1489 3986 inter
1507 3964 1624 3993 caetera,
1643 3956 1673 3985 in
1687 3954 1855 3991 Indentiirai,
2341 3967 2370 3991 E.
2391 3972 2416 3999 3,

1305 3995 1382 4026 Inter
1398 4005 1448 4025 vos
1470 3995 1478 4029 s
1488 3993 1601 4031 praefate
1616 3992 1787 4027 Senescalle)
1809 3994 1872 4022 vice
1885 3992 1919 4022 &
1934 3992 2051 4022 nomine
2064 3990 2163 4022 nostro
2204 4000 2238 4022 ex
2270 3998 2326 4021 arte
2343 4003 2407 4037 Vasc.
2427 4006 2468 4028 η,

1270 4034 1326 4064 una
1341 4056 1350 4072 ,
1369 4034 1402 4064 ὃς
1454 4032 1597 4062 Nobilem
1616 4031 1720 4061 Virum
1736 4053 1746 4069 ,
1773 4031 1936 4061 Dominum
1964 4029 2149 4068 Radulphum
2167 4015 2235 4060 &on
2256 4030 2330 4058 omi·
2347 4042 2374 4064 E.
2397 4048 2421 4075 3,

1267 4082 1338 4104 num
1355 4072 1391 4103 de
1407 4055 1476 4102 ᾹΙῙΞ
1489 4069 1581 4109 Vina,
1598 4068 1979 4138 Militem,grocuratorem
1993 4068 2027 4101 Sc
2042 4068 2242 4105 Attornatum,
2259 4065 2296 4134 1¹31
2296 4076 2329 4133 εἰ,-
2346 4085 2380 4104 m,
2400 4085 2440 4103 12.

1756 4111 1761 4120 ·
2290 4113 2332 4134 iis
