2562 4279
21 300 97 331 Anri.
105 296 146 326 D.

23 345 132 410 232³?

24 453 75 479 An.
92 458 119 482 9-

24 493 55 515 23.
79 497 106 523 3.

25 525 111 561 Claus.
131 533 160 558 9.

26 569 58 592 Ε.
75 573 99 599 3.
114 572 148 589 m.

33 611 73 638 ¹9·
90 601 152 638 dors.

44 1511 64 1531 *³
80 1513 119 1539 lV

45 1553 110 1586 651.

62 2443 129 2475 Ann
148 2440 189 2472 D.

64 2602 119 2625 Scor
124 2618 129 2624 .
135 2578 159 2631 '9
165 2617 171 2623 .

63 2639 92 2663 E.
118 2644 143 2671 3.
159 2643 196 2662 m.

68 2674 114 2701 26.

758 172 866 212 ET
950 168 1205 210 ACTA

525 348 574 380 De
591 342 714 378 Orando
723 354 777 390 pro
796 346 884 389 Rege.

174 434 307 490 REX,
326 431 488 464 Venerabili
510 431 539 460 in
561 427 680 460 Christo
701 426 792 465 Patri,
806 421 834 494 ij).
847 425 952 469 ‘eadem
960 423 1066 492 gratis,
1085 422 1234 461 Archiepi-

248 474 336 511 scopo
350 468 561 505 Canruariensi,
578 468 663 498 totius
678 465 789 504 Angliae
832 472 940 507 rimati,
982 461 1094 506 alutem.
1125 502 1131 507 υ

215 512 262 542 Ad
277 511 418 549 publicam
433 507 572 538 credimus
585 505 715 535 notitiam
728 501 884 541 pervenisse
893 524 902 539 ,
922 500 1037 538 qualiter
1049 500 1131 544 §coti
1152 500 1236 531 scele-

177 552 226 582 rati
263 550 427 588 quicontra
442 545 638 583 Progenitores
652 541 763 572 nostros
784 541 818 571 &
840 539 908 570 Nos
928 541 1107 582 contentiose
1127 540 1236 577 semper

178 573 313 628 egei3unt,
331 596 421 624 nuper
435 581 656 622 proditionaliter
669 580 704 610 de
717 577 828 609 Guerra
841 586 943 607 contra
961 576 1046 615 Nos,
1061 585 1139 615 Juxta
1159 579 1238 621 inna-

177 636 236 658 tam
259 627 309 657 sibi
330 624 470 654 Malitiam
484 645 494 660 ,
518 620 659 656 insurgere
679 615 909 655 praesumpserunt
922 639 931 652 ,
963 615 1070 646 nedum
1091 618 1120 646 in
1139 617 1237 646 Terris

176 665 279 696 nostris
293 662 416 699 Scotiaess
433 660 472 690 set
488 661 517 689 in
531 656 652 695 Anglia,
670 654 765 691 Mala,
781 663 844 691 quae
858 662 1004 691 poterunt,
1018 653 1156 697 ¹hostiliter
1177 664 1239 692 per-

177 712 330 742 peti-antes,
349 698 483 732 &indies
499 697 533 727 ad
546 697 640 735 pejora
653 691 861 723 committenda
883 693 949 723 totis
969 693 1078 723 viribus
1097 693 1123 723 se
1143 703 1240 730 paran—

180 752 265 810 ἰ63Ᾱά
289 787 412 817 quorum
434 775 543 806 Elatam
564 770 706 801 Malitiam
727 769 757 798 in
776 768 854 808 virga
868 768 1031 799 direffionis
1045 768 1140 800 debite
1156 779 1242 800 com-

201 817 366 853 escendum,
383 815 474 845 versus
489 818 577 849 partes
595 808 717 844 Scotiae,
735 817 788 844 pro
803 807 964 837 defensione
977 807 1078 838 sanstae
1090 808 1242 846 Ecclesiae,

180 829 293 895 Regni,
313 855 486 888 Terrarum,
497 849 625 888 Jurium,
643 847 676 877 &
691 846 877 876 Subditorum
898 845 1077 884 nostrorum,
1095 856 1163 877 cum
1185 846 1242 876 Ex-

182 896 272 926 ercitu
294 904 353 923 non
374 889 492 921 modico
510 910 520 925 ,
544 885 581 916 de
601 884 752 915 deliberato
775 884 956 915 parliamenti
977 884 1068 914 nostri
1091 884 1242 923 Consilio,

178 936 239 973 jam
254 930 472 970 proficiscimur,
490 934 521 955 ut
535 932 674 954 tenemur.
793 963 798 967 η
1057 962 1062 967 ¹

221 970 348 1006 Verum,
367 967 428 1004 quia
443 963 575 994 nostrum
588 962 777 1000 conspicimus
792 961 1008 1000 imper-festum,
1026 961 1141 993 scientes
1160 960 1242 1000 quod

184 1018 301 1041 eventus
313 1002 489 1037 successuum
504 1011 565 1031 non
581 1001 642 1031 sunt
655 1010 689 1031 ex
711 1000 863 1038 Homine,
879 1000 918 1031 set
941 1010 975 1030 ex
994 998 1082 1039 Deo,
1122 1001 1150 1031 ui
1173 1010 1244 1039 quos

184 1049 245 1079 vult
266 1045 381 1081 subicit,
405 1042 439 1073 &
462 1040 562 1079 quibus
581 1039 642 1070 vult
664 1038 823 1070 ViCtoriam
842 1040 1016 1077 impertitur,
1041 1049 1079 1070 co
1120 1039 1244 1069 dentiam

185 1084 288 1118 Auxilii
304 1079 484 1118 Temporalis
502 1077 717 1117 postponimus,
736 1077 770 1108 ἅτ
791 1076 912 1108 Causam
932 1088 964 1108 ac
985 1076 1170 1117 Progressum
1190 1087 1245 1107 no-

184 1125 271 1156 strum
285 1119 429 1151 humiliter
443 1118 562 1149 Divinae
576 1116 685 1147 Gratiae
697 1115 944 1147 commendamus.

221 1162 367 1199 Sperantes
387 1159 481 1196 itaque
502 1156 650 1187 Salvatoris
672 1154 763 1185 nostri
775 1154 967 1185 Clementiam
987 1155 1047 1192 (qui
1060 1154 1244 1192 plerumque,

185 1206 253 1231 cum
266 1200 347 1228 iratus
360 1197 458 1234 fuerit,
476 1194 626 1225 conversus
642 1193 676 1224 ad
700 1192 851 1224 Orationes
873 1193 897 1223 F
898 1192 1029 1231 idelium,
1049 1191 1246 1223 misericordiae

187 1237 360 1273 recordatur)
377 1234 456 1274 poffe
468 1235 520 1272 piis
533 1232 721 1264 Devotorum
735 1232 864 1270 precibus
877 1231 984 1262 facilius
997 1232 1158 1269 impetrari,

223 1276 378 1307 Caritatem
397 1272 518 1304 vestram
536 1270 712 1309 deposcimus
733 1278 798 1301 toto
822 1270 925 1308 corde,
952 1269 1082 1307 quatinus
1104 1269 1190 1308 Nos,
1213 1269 1246 1299 &

187 1315 298 1347 dictum
315 1311 443 1344 nostrum
456 1310 656 1348 Excercitum,
669 1309 728 1347 jam
742 1308 776 1339 ad
790 1307 879 1340 dietas
898 1316 988 1346 partes
1010 1308 1115 1338 Scotiae
1137 1309 1174 1338 fic
1195 1318 1248 1345 pro

188 1352 351 1392 Republica
372 1358 572 1390 properantes,
597 1347 670 1385 apud
687 1356 755 1377 eum
776 1346 844 1385 (fine
865 1357 925 1386 quo
947 1346 1032 1376 nichil
1053 1346 1093 1376 est
1107 1346 1249 1383 validum,

189 1392 276 1424 nichil
299 1390 436 1428 ramerum)
459 1388 600 1419 continuis
619 1385 819 1423 Orationibus,
837 1386 871 1417 ὃς
888 1386 940 1423 piis
962 1384 1158 1415 Placationum
1173 1384 1250 1414 Offi-

190 1434 255 1469 ciis,
274 1428 496 1465 commendetis,
513 1427 547 1457 &
568 1425 602 1455 ad
623 1425 681 1455 hoc
702 1423 841 1462 Clerum,
858 1425 892 1455 δε
913 1423 1075 1462 Populum,
1093 1423 1250 1453 vestrarum

191 1470 353 1501 Provincia:
370 1467 403 1497 ὅσ
417 1465 575 1502 Dioeoests,
594 1462 746 1494 efficaciter
758 1463 913 1501 inducatis,
935 1461 1034 1492 Missas
1048 1462 1159 1492 crebras
1176 1462 1251 1492 cele-

192 1510 280 1545 brari,
297 1507 420 1545 proponi
441 1503 554 1542 Populo
578 1500 709 1532 Verbum
729 1501 807 1541 Dei,
824 1502 858 1534 &
878 1501 897 1521 ³¹¹
919 1500 1115 1533 Proceffiones
1136 1501 1252 1533 devotas

214 1548 251 1577 eri
267 1546 413 1576 facientes·

192 1547 211 1578 fi
231 1585 279 1615 Ut
298 1568 449 1621 vobis‚’&
463 1580 525 1619 ipfis
537 1605 546 1619 ,
571 1590 653 1610 more
673 1579 770 1617 Moysi
781 1601 791 1616 ‚
812 1579 908 1611 sedulo
924 1589 979 1619 pro
992 1580 1074 1610 nobis
1088 1579 1252 1616 orantibus,

195 1622 327 1663 poffimus
339 1622 374 1652 de
388 1620 500 1659 perfidis
514 1618 615 1649 nostris
623 1617 765 1649 Hostibus
781 1619 970 1656 triumphare,
988 1619 1082 1656 ficque
1096 1618 1176 1655 super
1184 1617 1254 1647 Nos

194 1665 228 1694 ὃ(
243 1660 354 1692 nostros
369 1683 378 1698 ,
397 1658 613 1697 cooperantibus
630 1657 802 1687 Orationum
823 1656 986 1694 Suffragiis,
1007 1656 1122 1686 Divinae
1138 1655 1255 1685 Virtutis

195 1702 300 1739 largitas
313 1700 460 1736 exuberet,
482 1706 529 1734 ut,
547 1695 658 1726 favente
672 1695 807 1725 Domino
816 1717 825 1732 ,
843 1695 893 1725 sibi
912 1695 935 1725 P
945 1705 968 1726 R
977 1705 997 1724 o
1006 1704 1028 1725 G
1038 1704 1061 1724 R
1072 1704 1090 1724 E
1099 1704 1111 1725 s
1121 1704 1133 1724 s
1142 1703 1163 1724 U
1176 1704 1187 1723 s
1202 1703 1257 1724 no-

196 1740 252 1770 ster
267 1739 299 1769 sit
312 1736 456 1773 Placidus,
474 1734 596 1765 AGGR
606 1742 624 1762 Ε
635 1742 647 1763 s
658 1741 741 1771 sus,
760 1733 820 1770 ipso
837 1742 1024 1776 cooperante,
1038 1733 1117 1763 Felix
1132 1734 1165 1763 &
1181 1732 1257 1762 Gra-

197 1778 280 1810 tiosus
289 1800 298 1815 ,
317 1777 350 1807 ὃς
368 1776 397 1806 R
406 1784 423 1804 E
432 1784 454 1804 G
464 1783 487 1804 R
496 1783 514 1803 E
525 1782 537 1802 s
549 1781 589 1802 su
601 1780 630 1809 5,
648 1780 681 1801 ex
694 1772 804 1809 superni
818 1771 927 1802 sulione
941 1771 1050 1802 Grati-x
1061 1795 1069 1808 ,
1089 1770 1254 1809 Gloriosus,

234 1816 275 1846 Ita
289 1813 369 1853 quod
383 1813 417 1843 ad
430 1812 581 1843 Honorem
595 1808 675 1839 cedat
691 1809 728 1839 sui
738 1809 876 1839 Nominis
885 1833 894 1848 ,
912 1809 1012 1840 Decus
1026 1810 1161 1840 Ecclesiae
1170 1809 1257 1847 ,No-

198 1855 241 1884 bis
263 1853 297 1882 ad
319 1852 458 1882 Meritum
472 1874 482 1888 ,
507 1850 539 1880 &
560 1847 594 1878 ad
614 1847 733 1886 subjecti
756 1849 839 1878 nobis
853 1849 952 1888 populi
968 1848 1074 1879 Pacem
1090 1857 1256 1886 perpetuam

198 1895 232 1925 &
250 1892 382 1929 quietem.

236 1930 303 1960 Dat.
319 1928 392 1967 apud
413 1927 540 1959 Novum
554 1923 688 1956 Castrum
709 1924 789 1963 super
812 1925 945 1964 Tyriam,
961 1925 1078 1956 decimo
1091 1925 1196 1956 oe'tavo
1211 1924 1257 1954 die

219 1977 284 1999 unii.

199 1969 216 2009 J
681 2004 734 2031 Per
749 2002 830 2040 ipsicm
844 2005 940 2041 Regem
953 2002 991 2037 &¹
1005 2001 1155 2033 Concilium.

240 2082 354 2113 Eodem
376 2079 466 2110 modo
485 2079 611 2109 scribitur
633 2077 743 2122 singulis
764 2061 990 2122 Areliiepiscopis
1004 2079 1038 2110 &
1053 2078 1199 2117 Episcopis
1213 2087 1261 2116 per

204 2120 337 2160 Angliam
352 2120 385 2150 ὃς
401 2118 554 2154 Walliam,
573 2125 685 2147 mutatis
700 2117 847 2148 mutandis.

204 2264 254 2296 De
275 2257 452 2305 explorando
464 2285 472 2300 ‚
487 2258 520 2300 st
536 2269 595 2303 quae
614 2258 720 2288 Navcs
747 2260 779 2288 in
795 2259 889 2289 Portu
903 2257 938 2292 dc
957 2258 1074 2307 Caleys,
1092 2258 1149 2302 fin
1169 2256 1262 2300 alibi,

244 2318 357 2354 paratae
383 2305 509 2348 existant
532 2304 575 2338 ad
589 2303 790 2352 gravandum
814 2307 919 2340 Gentes
946 2309 1032 2355 Regis
1048 2333 1058 2349 ,
1086 2310 1122 2345 ώ-
1145 2306 1181 2339 de
1199 2306 1266 2350 refi-

242 2355 344 2399 stcndo
365 2354 483 2401 eifil'em.

210 2435 339 2498 REX
349 2465 359 2478 ,
378 2440 498 2472 Dilecto
510 2442 543 2472 &
557 2440 645 2472 Fideli
658 2439 725 2480 suo,
742 2440 907 2472 Willielmo
929 2440 965 2471 de
978 2439 1124 2481 Clynton,
1143 2439 1268 2471 Consta-

288 2480 396 2509 bulario
416 2479 509 2510 Castri
530 2480 569 2510 sui
588 2480 744 2510 Dovorriae
757 2504 766 2518 ,
791 2481 825 2512 &
838 2478 963 2510 Custodi
976 2480 1115 2518 Qinque
1129 2479 1269 2509 Portuum

209 2516 340 2555 suorum,
358 2517 404 2547 vel
420 2520 477 2555 ejus
494 2519 611 2549 Locum
625 2520 747 2556 tenenti,
766 2518 900 2549 Salutem.

246 2557 326 2595 Qia
340 2556 526 2587 intelleximus
541 2557 621 2595 quod
637 2557 734 2595 Scoti,
753 2556 866 2588 Inimici
881 2555 1029 2594 nostri‚ac
1042 2556 1086 2586 alii
1100 2555 1270 2586 Malefaero-

212 2604 254 2625 res
268 2596 304 2626 de
319 2595 439 2632 partibus
453 2595 566 2632 exteris,
585 2596 610 2625 se
625 2595 783 2626 adinvicem
799 2595 1042 2633 confoederantes,
1061 2595 1192 2633 quasdem
1206 2594 1271 2624 Na-

212 2643 261 2664 ves
280 2634 311 2663 in
333 2632 423 2663 Portu
441 2633 477 2663 de
500 2631 603 2672 Caleys
622 2633 658 2662 de
673 2633 784 2664 Guerra
808 2636 896 2670 parari
910 2634 1055 2670 fecerunt,
1073 2634 1107 2664 &
1121 2633 1213 2663 adhuc
1230 2633 1271 2663 fa-

211 2673 306 2740 cIiunt,
323 2671 357 2701 ad
377 2670 607 2740 gravanduanI&
627 2671 847 2741 εκὲζυὲἱηηῐίἃυιῑὲ]
868 2671 979 2702 Gentes
1001 2671 1206 2739 ⁰0sts332.t3.³g.¹
1222 2681 1272 2710 per

212 2719 636 2786 peetgalrcrlidnqqagiuprerNozrfn,
644 2720 766 2785 ρπῐῗὺιιῗε
782 2717 1205 2783 Βῖτεέ]ίεὶι)ῗιξ,Ρὲιξῐεῐξυέξᾶεἰῖἒυὲ
1210 2720 1273 2778 ιἰῑεοΥΞ

214 2786 292 2825 stris,
311 2795 422 2816 moram
440 2786 573 2816 trahimus
588 2809 598 2822 ‚
622 2795 676 2824 pro
695 2787 857 2817 del-‘enfione
879 2786 977 2825 Regni
991 2786 1080 2817 nostri
1093 2795 1193 2817 contra
1206 2786 1274 2818 Ho-

216 2824 290 2854 stiles
305 2824 461 2854 Scotorum
473 2823 640 2862 Aggreffus,

253 2861 338 2898 Nos,

253 2899 387 2929 Tuitioni
401 2900 434 2930 &
446 2899 597 2930 Salvationi
612 2899 706 2938 Regni
718 2910 751 2930 ac
765 2900 868 2938 Populi
882 2901 1046 2932 nostrorum
1060 2902 1186 2940 undique
1208 2912 1276 2939 pro-

218 2937 314 2968 videre
327 2961 337 2975 ,
361 2938 394 2968 ὃ(
417 2937 538 2968 Malitiae
559 2937 627 2968 Nos
647 2939 680 2969 &
701 2938 813 2968 nostros
835 2948 950 2979 gravare
969 2941 1128 2972 volentium
1142 2941 1275 2977 obviare,

218 2985 304 3014 prout
317 2975 508 3015 astringimur,
527 2977 687 3014 cupientes,

257 3014 363 3051 Vobis,
382 3013 499 3045 firmiter
512 3014 701 3053 injungendo,
720 3013 892 3046 Mandamus
905 3016 984 3053 quod
1000 3016 1100 3047 Statim
1137 3016 1199 3048 vifis
1206 3026 1277 3054 prae-

218 3052 356 3091 sentibus,
374 3052 408 3082 &
426 3052 483 3083 aliis
504 3053 638 3082 omnibus
658 3052 843 3090 praetermiffis
854 3076 864 3090 ,
881 3053 1031 3090 diligenter
1046 3039 1154 3093 modis,
1173 3056 1277 3093 quibus

220 3091 322 3121 melius
343 3091 468 3128 poteritis
482 3115 492 3128 ,
515 3091 658 3128 explorare
677 3091 779 3120 faciatis
794 3113 804 3128 ,
822 3091 841 3120 si
856 3091 1014 3129 hujusmodi
1030 3092 1129 3123 Naves
1144 3093 1216 3132 apud
1232 3093 1276 3123 lo-

221 3138 292 3159 cum
314 3129 483 3165 praedietum
497 3152 508 3167 ,
530 3129 575 3159 seu
599 3130 664 3159 alibi
678 3130 757 3168 supra
775 3128 858 3159 Mare
870 3153 880 3168 ,
897 3130 989 3161 versus
1003 3139 1094 3168 partes
1106 3131 1163 3161 illas
1177 3139 1278 3169 paratae

221 3166 339 3197 existant
351 3166 385 3197 ad
401 3166 479 3197 Mala
492 3168 581 3206 aliqua
597 3167 722 3198 facienda
738 3177 792 3198 nec
807 3177 859 3197 ne:

260 3204 312 3243 Et,
330 3204 350 3235 fi
369 3205 469 3242 aliquae
485 3206 645 3245 hujusmodi
666 3206 766 3237 Naves
787 3216 819 3236 ex
839 3206 921 3237 causa
943 3206 1078 3244 praedic‘ta
1094 3207 1147 3237 sint
1160 3214 1278 3244 paratae,

222 3251 292 3273 tunc
313 3251 357 3273 tot
378 3243 477 3273 Naves
525 3245 559 3275 de
580 3245 723 3275 Portubus
744 3245 900 3284 praediCtis,
918 3246 977 3275 tarn
993 3245 1029 3275 de
1043 3245 1094 3275 illis
1109 3255 1174 3284 quas
1188 3255 1278 3282 nuper

222 3291 277 3350 {ro
290 3281 429 3325 obsequio
441 3267 539 3313 nolito
554 3284 641 3321 parari
657 3282 863 3321 mandavimus,
906 3284 971 3313 uam
984 3283 1020 3313 de
1035 3283 1107 3321 aliis,
1123 3285 1154 3313 in
1173 3283 1278 3313 eisdem

250 3319 367 3350 ortubus
382 3319 566 3362 *existentibus
578 3345 588 3359 ,
611 3330 681 3358 quot
697 3321 731 3351 ad
751 3321 881 3352 destruen
903 3332 952 3353 um
968 3322 1115 3360 praedifims
1130 3321 1229 3353 Naves
1243 3321 1279 3351 de

225 3358 306 3388 dietis
320 3358 441 3394 partibus
453 3358 515 3388 fore
528 3359 652 3389 videritis
663 3367 829 3397 oportunas‘,
848 3360 867 3389 fi
881 3360 1011 3391 nondum
1027 3363 1144 3391 munitae
1159 3359 1279 3398 fuerint,

225 3396 417 3434 Hominibus,
436 3396 607 3437 Armamris,
623 3397 656 3427 &
670 3398 725 3427 aliis
739 3397 898 3428 necessariis
909 3423 918 3436 ,
943 3399 999 3429 sine
1013 3399 1145 3430 dilatione
1159 3399 1280 3436 muniri,

225 3436 260 3465 &
274 3445 317 3465 eas
331 3434 406 3471 supra
421 3433 503 3465 Mare
515 3437 590 3465 mitti
603 3436 724 3473 faciatis,
742 3435 775 3464 ad
791 3436 974 3466 resistendum
986 3437 1068 3467 distis
1082 3437 1216 3467 Navibus
1223 3436 1281 3467 Ex-

227 3474 306 3511 teris,
322 3474 354 3503 &
368 3472 401 3503 ad
416 3473 497 3510 ipsas,
516 3476 572 3503 una
586 3483 653 3504 cum
670 3472 863 3512 Hominibus,
881 3475 911 3503 in
923 3474 1056 3506 Navibus
1070 3476 1121 3506 illis
1138 3475 1280 3506 existenti-

227 3513 297 3550 bus,
315 3511 491 3542 arestandum
511 3512 545 3542 ὃς
565 3511 734 3549 capiendum
747 3535 756 3549 ,
774 3512 793 3541 si
806 3511 916 3542 Gentes
929 3512 1054 3552 nostras,
1073 3514 1130 3544 sive
1141 3522 1192 3551 per
1206 3514 1282 3544 Ter-

228 3560 289 3581 ram
298 3569 308 3588 ,
327 3550 383 3580 five
396 3559 444 3586 per
458 3549 586 3588 Aquam,
605 3559 718 3588 gravare
729 3550 967 3588 praesumpserint,
985 3559 1016 3581 ut
1029 3551 1070 3581 est
1084 3551 1214 3582 dietum:

268 3588 304 3618 Et
317 3588 393 3625 hoc,
411 3588 478 3618 sicut
493 3587 618 3626 Nos,&
634 3587 789 3618 Honorem
802 3588 950 3627 nostrum,
964 3599 998 3620 ac
1015 3589 1195 3620 salvationem
1202 3590 1282 3630 Reg-

230 3627 262 3658 ni
281 3627 314 3657 &
334 3626 433 3663 Populi
447 3625 608 3656 nostrorum
621 3625 841 3665 praedkstorum,
859 3627 990 3667 diligitis,
1006 3628 1040 3659 &
1055 3637 1107 3659 vos
1120 3628 1283 3666 indempnes

229 3665 336 3696 servare
351 3665 491 3695 volueritis
500 3688 510 3703 ,
528 3664 619 3694 modis
632 3665 766 3695 omnibus
777 3666 895 3696 faciatis:

266 3703 376 3734 Damus
392 3713 484 3733 autem
505 3704 587 3734 vobis
609 3701 726 3733 Plenam
745 3703 915 3735 Potestatem
936 3704 1064 3742 capiendi
1085 3714 1185 3735 omnes
1204 3705 1285 3744 illos,

230 3751 302 3779 quos
322 3743 351 3771 in
376 3741 520 3780 praemissis
539 3741 622 3772 vobis
640 3740 770 3771 Rebelles
791 3743 950 3772 inveneritis
964 3766 973 3780 ,
993 3743 1027 3773 &
1049 3742 1170 3773 Prisonis
1184 3744 1285 3774 nostris

229 3780 409 3849 'ananeiffian‘g
425 3804 434 3818 ,
456 3782 485 3810 in
505 3779 609 3810 eisdem
629 3788 788 3810 moraturos
799 3781 943 3819 quousque
955 3780 1030 3810 aliud
1044 3781 1111 3811 inde
1125 3781 1285 3813 duxerimus

253 3827 333 3848 eman
354 3829 387 3848 an
409 3829 475 3849 um:
1040 3848 1042 3851 .

272 3854 469 3888 Mandavimus
489 3859 572 3887 etiam
588 3856 697 3888 Ballivis
721 3857 754 3887 &
773 3854 873 3886 Probis
893 3855 1071 3887 Hominibus
1084 3857 1169 3888 Villae
1183 3859 1286 3890 nostrae

237 3902 350 3929 magnae
363 3895 531 3932 Jernemuth
544 3919 553 3934 ,
578 3896 658 3934 quod
679 3893 838 3933 hujusmodi
859 3893 958 3925 Naves
977 3895 1013 3925 de
1026 3895 1127 3926 eadem
1142 3897 1232 3936 Villa,
1249 3897 1286 3929 de

271 3931 348 3961 nerra
364 3942 480 3972 paratas,
499 3935 577 3973 supra
590 3933 672 3964 Mare
687 3935 799 3964 mittant
813 3941 848 3963 ex
862 3932 944 3963 causa
956 3933 984 3963 su
1006 3933 1121 3965 radidia.

274 3968 363 3999 Teste
376 3971 464 4014 'Rege
486 3973 561 4011 apud
582 3972 710 4005 Novum
729 3970 863 4001 Castrum
884 3971 964 4010 super
1018 3981 1103 4013 ynam
1118 3996 1130 4010 ,
1152 3973 1288 4006 vicesimo

239 4006 344 4037 octavo
355 4007 399 4037 die
408 4009 496 4046 Junii.

710 4050 762 4079 Per
778 4047 858 4088 ijoficm
870 4050 965 4087 Regem
979 4046 1019 4084 ῤ’
1033 4048 1184 4081 Concilium.

278 4085 350 4113 Tom.
368 4085 410 4114 II.
428 4086 460 4116 P.
478 4088 536 4118 III³

1287 166 1763 210 PUBLICA.
2250 174 2329 210 129

1302 251 1421 285 'Eodem
1437 252 1527 282 modo
1542 253 1704 283 mandatum
1718 251 1759 282 est
1773 251 1881 282 Ballivis
1894 250 1927 282 &
1941 250 2036 289 probis
2049 246 2229 280 Hominibus
2243 244 2327 275 Villae
2347 242 2423 272 Ann.
2432 241 2470 271 D.

1273 287 1325 319 Ma
1347 300 1390 318 nce
1401 290 1586 328 jernemuth,
1604 292 1716 321 mutatis
1730 289 1878 321 mutandis.
2372 287 2453 327 1335·

1340 327 1397 357 este
1412 337 1443 358 ut
1458 328 1545 366 supra.
2344 325 2410 347 Eav.
2431 328 2457 355 3.

1320 452 1348 479 ἵ(
1374 456 1431 486 Pro
1453 455 1564 485 Comite
1583 451 1619 484 de
1634 451 1745 497 Julers
1761 453 1804 485 ad
1814 464 1914 499 partes
1932 455 2030 486 Scotiae
2051 454 2081 483 in
2096 448 2280 497 Obfiquium
2347 454 2361 470 ⁸*
2382 454 2434 479 IV-

1676 504 1763 547 Regis
1782 506 1926 535 veniente.
2345 493 2380 528 ⁶5
2385 501 2411 518 2·

1277 584 1364 642 RE
1374 584 1405 616 X
1430 587 1564 617 omnibus
1577 582 1610 618 δὲ
1625 585 1734 625 fingulis
1750 584 1924 624 Admirallis,
1945 584 2086 624 Magistris
2100 583 2246 622 Navium,
2265 578 2332 614 Ma·
2352 576 2427 607 Ann-
2438 573 2479 603 D*

1350 626 1470 663 rinari’ts,
1488 624 1613 662 Ballivis,
1632 625 1664 655 ὃς
1682 623 1820 654 Fidelibus
1836 625 1904 662 suis,
1921 623 1954 653 ad
1969 634 2056 661 quos,
2075 623 2135 653 &c.
2154 623 2285 653 Salutem.
2378 620 2463 655 1335-

1314 663 1411 699 Sciatis
1427 664 1524 701 quod,
1541 662 1754 700 cum,Nobilis
1763 662 1814 691 Vir
1980 661 2088 692 Comes
2099 660 2228 696 deJulers
2245 670 2331 698 quan-
2347 657 2400 682 An.
2419 664 2449 689 9·

1278 698 1344 732 dam
1360 702 1495 740 Navem,
1515 709 1646 732 vocatam
1667 701 1691 730 la
1712 700 1852 730 Nicholas
1866 700 1902 735 de
1913 699 1984 730 Hull
2001 701 2089 738 (cujus
2103 699 2197 730 Navis
2207 698 2331 728 Williel-
2348 696 2379 720 Ε·
2401 702 2427 729 3·

1280 746 1342 770 mus
1356 740 1392 770 de
1405 740 1506 779 Feriby
1521 740 1562 769 est
1580 738 1617 768 M
1652 738 1726 774 ister)
1740 737 1851 769 diversis
1865 737 2040 768 Vidiualibus
2060 740 2092 769 &
2106 738 2163 768 allis
2174 736 2333 768 necessariis
2352 735 2417 759 5⁶01*-
2436 740 2463 765 9·

1279 778 1354 817 apud
1370 778 1440 808 Hull
1455 779 1558 809 carcari
1572 778 1628 808 feci
1653 787 1696 815 et,
2352 774 2381 798 E.
2398 780 2423 807 3·
2440 778 2475 796 m·

1317 817 1445 855 Exinde,
1463 827 1516 854 pro
1528 815 1723 847 sustentatione
1736 814 1817 852 ipsius
1832 814 1956 844 Comitis
1970 815 2003 845 &
2016 815 2132 844 aliorum
2145 838 2154 852 ,
2171 815 2219 852 qui
2233 815 2261 844 in
2270 813 2334 844 Co-
2354 810 2399 836 2⁶·

1282 855 1383 886 mitiva
1403 856 1451 886 sua
1469 855 1503 886 ad
1524 855 1612 893 Nos,
1626 856 1655 884 in
1668 854 1833 892 obsequium
1849 852 1992 890 nostrum,
2009 852 2042 883 ad
2055 862 2142 890 partes
2155 853 2259 884 Scotiae
2277 853 2337 883 sunt

1282 894 1581 970 νεῗὲἓὲἷςέἓςὲἓῗῑῗέε
1597 931 1733 969 quosdam
1748 930 1905 975 Servientcs
1917 928 1996 967 suOS,
2014 939 2066 966 pro
2080 929 2207 960 custodia
2220 929 2338 960 Visma-

1281 971 1351 1001 lium
1368 970 1570 1009 praedidiorum
1578 993 1587 1008 ,
1604 971 1796 1009 deputaverit,

1319 1009 1495 1047 Suscepimus
1517 1009 1588 1047 ipsos
1610 1008 1768 1046 Deputatos
1782 1032 1792 1046 ,
1818 1016 1932 1037 necnon
1956 1005 2103 1050 praelfatum
2121 1004 2340 1053 Willielmum,

1284 1049 1339 1078 una
1352 1058 1420 1078 curn
1436 1047 1594 1078 Marinariis
1604 1069 1613 1084 ‚
1630 1046 1819 1084 victualibus,
1837 1046 1871 1076 &
1885 1045 1941 1075 aliis
1956 1044 2060 1082 Bonis,
2078 1054 2106 1073 in
2113 1043 2193 1073 Navi
2208 1044 2340 1080 praediCta

1284 1085 1465 1117 existentibus
1474 1108 1484 1124 ,
1501 1087 1530 1115 in
1544 1085 1761 1115 Proteffionem
1774 1086 1806 1116 δε
1824 1083 2028 1114 Defensionem
2041 1082 2149 1113 nostras
2161 1082 2305 1120 speciales,

1322 1124 1360 1155 Et
1378 1124 1446 1155 ideo
1467 1124 1551 1155 vobis
1572 1123 1737 1154 mandamus
1753 1147 1763 1160 ,
1782 1120 1840 1157 &a
1857 1129 1939 1160 prout
1960 1125 1989 1152 in
2005 1120 2176 1161 confimilibus
2194 1123 2298 1149 Literis
2313 1120 2345 1149 de

1286 1165 1461 1194 Protefi‘ione.

1322 1201 1354 1231 In
1377 1203 1454 1241 cujus
1467 1225 1477 1239 ,
1494 1201 1554 1232 ὅτε.
1573 1200 1659 1239 usque
1680 1180 1714 1231 ad
1740 1197 1856 1230 Festum
1867 1198 2011 1230 Omnium
2025 1197 2196 1230 San&orum
2210 1197 2344 1235 proximo

1286 1240 1413 1271 futurum
1429 1240 1579 1270 duraturas.

1284 1317 1300 1357 J
1322 1279 1412 1348 l'seste
1432 1278 1517 1317 Rege
1537 1277 1611 1316 apud
1631 1277 1759 1309 Novum
1781 1275 1915 1307 Castrum
1937 1275 2016 1314 super
2040 1275 2172 1314 Tynam,
2190 1275 2284 1312 primo
2298 1272 2345 1304 die

1302 1327 1320 1348 u
1332 1327 1359 1348 u.

1976 1354 2028 1381 Per
2043 1350 2124 1390 ipfitm
2139 1353 2239 1387 Regem

1290 1483 1396 1514 Litera
1421 1480 1465 1513 ad
1479 1480 1653 1527 Johannem
1671 1481 1788 1512 Ducem
1807 1480 1997 1511 Mrmanniae
2016 1502 2026 1517 ,
2061 1475 2097 1509 de
2115 1477 2347 1515 Machaoniis,

1336 1534 1499 1575 interceptis
1517 1542 1536 1562 a
1554 1533 1666 1571 Samis,
1691 1542 1747 1561 non
1762 1526 1888 1570 obstante
1905 1526 2086 1571 Siff’rentia
2109 1526 2247 1566 Guerrae,
2267 1520 2350 1565 resti-

1336 1577 1465 1612 tuendis.

1299 1664 1354 1717 R
1366 1662 1390 1693 E
1401 1662 1431 1693 X
1441 1686 1450 1701 ,
1468 1662 1574 1693 Nobili
1590 1661 1680 1699 Viro,
1700 1660 1835 1691 Domino
1845 1660 1987 1699 Johanni,
2006 1658 2085 1689 Duci
2098 1654 2351 1701 Normanriiae‚&
2371 1654 2445 1686 Ann.
2460 1652 2502 1686 D.

1376 1701 1488 1731 Comiti
1503 1702 1629 1732 d’Aniou
1642 1702 1674 1731 ὃς
1689 1699 1725 1729 de
1741 1699 1841 1729 Mania
1855 1722 1864 1737 ,
1889 1698 2107 1737 Consanguineo
2131 1697 2179 1727 suo
2195 1695 2352 1732 cariffimo,
2394 1701 2476 1734 1335.

1296 1737 1420 1770 Salutem
1431 1764 1440 1779 ,
1458 1740 1491 1771 &
1507 1740 1622 1770 sincerae
1636 1739 1794 1769 dile&ionis
1810 1737 1956 1769 affedfflm.
2370 1738 2425 1761 An.
2442 1740 2470 1767 9'·

1335 1778 1414 1809 Cum
1430 1789 1537 1816 nuper,
2137 1813 2142 1818 .
2367 1776 2398 1800 E·
2421 1782 2446 1808 3·

1336 1817 1381 1847 Ad
1402 1818 1629 1855 prosecutionem
1642 1841 1651 1855 ,
1677 1815 1861 1846 meetorum
1876 1814 1975 1845 Nobis
1987 1833 1997 1853 ,
2018 1813 2144 1844 Roberti
2155 1809 2354 1847 Arte-Grene,
2369 1810 2458 1847 Claus.
2478 1816 2509 1844 9¹.

1298 1852 1437 1886 Nicholai
1458 1855 1494 1885 de
1513 1855 1638 1886 Coit'ster
1653 1878 1662 1892 ,
1688 1855 1722 1885 Sc
1739 1854 1878 1892 Johannis
1894 1853 1930 1883 de
1942 1852 2086 1890 Weston⁷
2107 1851 2305 1881 Mercatorum
2319 1847 2355 1877 de
2375 1855 2403 1878 E.
2420 1859 2445 1886 3.
2459 1856 2498 1875 m.

1299 1891 1406 1933 Regno
1421 1894 1535 1933 nostro,
1554 1894 1634 1924 nobis
1658 1894 1779 1930 graviter
1799 1893 2055 1935 conquerentium,
2073 1890 2154 1929 quod
2163 1889 2308 1931 johannes
2322 1886 2359 1916 de
2378 1899 2418 1924 ¹7-
2433 1888 2458 1915 d.

1299 1931 1403 1963 Santstfi
1426 1933 1535 1972 Agatha
1548 1956 1558 1972 ,
1583 1933 1616 1963 &
1638 1931 1816 1969 quamplures
1835 1931 1878 1960 alii
1904 1929 2105 1960 Malefa&ores
2118 1953 2128 1967 ,
2155 1931 2215 1969 tam
2228 1926 2264 1971 de
2277 1926 2358 1969 dieto

1300 1970 1419 2002 Ducatu
1439 1971 1632 2002 Normandiae
1645 1993 1654 2007 ,
1679 1971 1713 2000 &
1728 1969 1848 2007 partibus
1870 1968 2013 2007 Franciae,
2031 1969 2117 2006 quarn
2131 1967 2168 1997 de
2183 1965 2297 2003 Scurra,
2316 1964 2360 1994 die

1297 2010 1380 2049 Jovis
1401 2012 1535 2048 proximo
1556 2009 1620 2048 post
1635 2008 1751 2039 Festum
1768 2007 1897 2045 Paschae‚
1916 2009 2049 2045 proximo
2065 2008 2252 2050 praeteritum,
2271 2015 2361 2043 quan-

1301 2049 1368 2118 dam
1388 2049 1506 2118 Niavem
1529 2049 1658 2079 Thomae
1681 2045 1758 2077 Cole
1777 2046 1813 2076 de
1834 2046 1958 2076 Hamele
1971 2068 1981 2084 ,
2005 2054 2137 2076 vocatam
2158 2045 2184 2076 la
2208 2044 2283 2075 Litle
2305 2043 2360 2073 Le*

1303 2099 1319 2119 c
1342 2098 1405 2118 euar

1343 2112 1442 2165 Qarr’i
1459 2125 1567 2165 praefati
1576 2125 1751 2155 Mercatores
1765 2122 1854 2154 nostri
1867 2124 1896 2153 in
1904 2122 1993 2153 Portu
2002 2122 2085 2153 Villae
2100 2121 2203 2152 nostrae
2211 2120 2365 2158 suthamp-

1305 2167 1392 2196 toniae
1412 2165 1566 2196 frestarunt
1580 2188 1590 2202 ,
1616 2164 1648 2194 &
1671 2163 1755 2193 Lanis
1773 2186 1783 2201 ,
1808 2160 1920 2200 Coriis,
1937 2162 1971 2192 &
1986 2161 2109 2191 Pellibus
2125 2161 2240 2199 lanutis,
2258 2170 2290 2190 ac
2305 2160 2364 2203 aliis

1306 2203 1491 2235 Mercandifis
1507 2226 1517 2241 ‚
1543 2203 1577 2233 &
1598 2203 1680 2232 rebus
1700 2202 1751 2231 suis
1772 2200 1884 2232 diversis
1898 2224 1908 2237 ,
1933 2202 2037 2231 carcari
2057 2200 2186 2230 fecerunt
2202 2222 2210 2237 ‚
2228 2197 2364 2229 ducendis

1306 2243 1408 2312 gxinde
1426 2241 1460 2272 ad
1484 2250 1572 2280 partes
1592 2240 1786 2271 Normanniae
1801 2263 1810 2277 ,
1830 2239 1864 2269 ad
1879 2239 2070 2271 commodum
2082 2239 2163 2270 suurn
2178 2237 2243 2268 inde
2258 2237 2365 2268 facien-

1326 2292 1376 2312 um

1346 2320 1379 2350 In
1386 2306 1516 2368 ’ingressu
1531 2318 1637 2350 Portus
1651 2317 1686 2349 de
1700 2317 1771 2357 Seyn
1780 2339 1790 2355 ,
1808 2318 1835 2347 in
1849 2315 2031 2348 Normarmia
2039 2339 2049 2355 ,
2066 2315 2201 2347 hostiliter
2215 2315 2248 2347 &
2260 2313 2366 2359 armata

1307 2359 1441 2390 Potentia
1463 2358 1625 2389 insultarunt
1638 2380 1648 2396 ,
1679 2367 1713 2387 ac
1727 2380 1737 2394 ,
1763 2354 1903 2395 Magistro
1925 2356 1959 2386 δε
1999 2355 2188 2393 uampluribus
2207 2353 2367 2384 Marinariis

1308 2398 1402 2429 Navis
1417 2398 1487 2428 illius
1502 2398 1628 2435 nequiter
1640 2394 1810 2432 interfeffis,
1829 2394 1912 2424 ouo
1924 2393 1992 2432 Sarp
2003 2395 2072 2424 arios
2088 2393 2174 2424 Lanae
2190 2415 2200 2431 ‚
2217 2393 2292 2423 Tres
2305 2392 2369 2423 Sar-

1308 2437 1408 2474 plarios
1423 2436 1544 2466 Pellium
1558 2436 1731 2471 lanutarum,
1750 2434 1784 2463 &
1800 2432 1994 2469 Oetingentos
2010 2433 2146 2463 Florenos
2162 2433 2280 2473 Reales,
2299 2444 2370 2472 prae·

1310 2476 1359 2543 {ari
1374 2475 1513 2512 Roberti,
1529 2475 1610 2512 pretii
1622 2473 1857 2508 Trescentarum,
1874 2471 1908 2502 &
1923 2470 2114 2510 Quadraginta
2128 2471 2280 2504 Librarum
2295 2473 2371 2504 Ster-

1331 2523 1348 2543 n
1368 2523 1452 2544 orum

1377 2561 1388 2583 t
1403 2537 1535 2590 Qatuor
1548 2550 1696 2587 Sarplarios
1711 2548 1799 2579 Lanae
1813 2572 1822 2587 ,
1840 2557 1930 2578 unum
1945 2547 2116 2586 Sarplarium
2132 2547 2252 2580 Pellium
2266 2549 2372 2581 lanuta-

1312 2601 1377 2620 rum
1393 2614 1402 2629 ,
1421 2592 1555 2621 Ducenta
1577 2591 1610 2620 &
1632 2589 1691 2618 duo
1713 2587 1801 2617 Coria
1825 2586 1952 2625 Bovina,
1969 2588 2003 2618 δε
2020 2587 2170 2618 Ducentos
2185 2589 2320 2619 Florenos
2335 2590 2371 2620 de

1580 2626 1849 2696 J
1866 2624 2371 2693 <2

1313 2677 1415 2745 gllzllrrirds
1440 2678 1557 2744 lperllium
1586 2675 1740 2734 lanurargum
1769 2689 1897 2741 piaediCti
1924 2675 2061 2733 Nicfl’iolai
2085 2688 2316 2741 pretii’Centum
2329 2677 2374 2737 a&v

1316 2746 1534 2784 Qinquaginta
1549 2743 1700 2773 Librarum
1712 2742 1929 2781 Sterlingorum,

1353 2784 1484 2814 Necnon
1504 2783 1627 2820 Lectos,
1646 2781 1763 2818 Robas,
1781 2782 1814 2812 &
1830 2780 1893 2810 alias
1908 2778 1982 2823 Res,
1999 2789 2032 2809 ac
2049 2778 2143 2816 Bona,
2162 2781 2196 2811 &
2209 2779 2315 2811 Catalla
2328 2782 2374 2820 ip-

1315 2823 1409 2853 sorum
1418 2846 1429 2861 ,
1447 2822 1589 2858 Roberti,
1607 2819 1641 2850 N
1645 2819 1761 2857 icholai,
1773 2820 1806 2849 &
1817 2817 1955 2855 Johannis
1966 2817 2003 2847 de
2017 2817 2140 2848 Weston
2148 2840 2158 2856 ,
2175 2818 2210 2848 ad
2224 2819 2373 2851 valentiam

1316 2861 1443 2891 Centum
1457 2861 1491 2890 δε
1506 2860 1543 2889 Vi
1566 2861 1613 2888 inti
1628 2858 1780 2889 Librarum
1793 2855 2016 2895 sterlingorum,

1353 2900 1387 2929 In
1402 2898 1502 2929 eadem
1555 2898 1599 2927 avi
1613 2897 1725 2926 inventa
1739 2902 1888 2932 ceperunt:

1354 2937 1530 2974 Navemque
1545 2935 1621 2964 illam
1635 2944 1668 2964 ac
1683 2933 1819 2964 Batellum
1832 2931 1970 2971 ejusdem,
1988 2942 2055 2963 cum
2069 2940 2134 2964 toto
2149 2943 2280 2973 apparatu
2288 2934 2373 2965 dietae

1316 2975 1410 3007 Navis
1421 2998 1430 3013 ,
1447 2976 1526 3012 pretii
1544 2973 1689 3011 Sexaginta
1705 2972 1855 3002 Librarum
1869 2971 2093 3009 Sterlingorum,
2111 2972 2373 3011 submerserunt‚&

1317 3015 1424 3044 Omnia
1446 3013 1637 3043 Mercimonia
1649 3033 1658 3048 ‚
1683 3010 1741 3041 Res
1755 3033 1765 3048 ,
1788 3011 1821 3041 ὃς
1841 3010 1917 3040 Bona
1929 3032 1939 3047 ,
1957 3010 2090 3047 praediista
2105 3011 2191 3049 usque
2205 3011 2325 3042 Portum
2338 3010 2376 3041 de

1317 3052 1496 3089 Honnefleu,
1518 3053 1547 3081 in
1563 3050 1642 3080 dieto
1656 3049 1773 3080 Ducatu
1790 3048 1997 3086 Normanniae,
2015 3048 2167 3087 duxerunt,

1355 3091 1394 3121 Et
1415 3091 1495 3128 quod
1513 3091 1612 3120 omnia
1627 3087 1821 3118 Mercimonia
1840 3088 1874 3119 &
1895 3086 1973 3117 Bona
1992 3087 2124 3125 praedieta
2144 3096 2288 3126 recenter,
2306 3087 2373 3124 post

1318 3129 1477 3160 Roberiam
1500 3127 1662 3166 praedidiam
1684 3127 1721 3156 sic
1743 3127 1846 3157 faetam
1861 3150 1870 3163 ,
1889 3137 1939 3164 per
1952 3125 2070 3158 Ballivos
2083 3128 2189 3158 vestros
2204 3127 2240 3158 de
2255 3129 2372 3161 Rowan

1318 3169 1352 3198 ὃ(
1372 3167 1408 3197 de
1429 3165 1528 3205 Caux,
1547 3167 1575 3196 in
1591 3165 1694 3196 eodem
1711 3164 1824 3196 Ducatu
1842 3165 2052 3204 Normanniae,
2070 3166 2193 3205 ibidem,
2210 3167 2245 3197 ad
2260 3167 2374 3200 Seritam

1318 3205 1516 3237 Mercatorum
1539 3204 1702 3235 nostrorum
1725 3204 1923 3241 praedictorum
1938 3227 1946 3242 ,
1970 3205 2127 3243 petentium
2149 3205 2247 3235 eadem
2265 3205 2375 3238 Merci-

1319 3245 1416 3275 monia
1438 3245 1472 3276 &
1491 3242 1570 3274 Bona
1583 3267 1593 3282 ,
1617 3244 1654 3273 ab
1675 3242 1736 3280 ipsis
1757 3242 1847 3273 taliter
1867 3242 1954 3272 ablata
1968 3265 1978 3280 ,
1996 3244 2033 3273 eis
2047 3242 2169 3282 restitui,
2185 3244 2299 3276 arestata
2313 3246 2374 3276 sue-

1353 3293 1370 3312 n

1319 3291 2004 3391 2?ss³³dqsssdisffflzgtzzzrs5253er
2023 3319 2376 3390 ssrsffiffifflr

1320 3370 1548 3429 Scotiaesmpotairl
1569 3367 1651 3427 fui'ffg
1663 3419 1672 3434 ,
1697 3396 1822 3439 ipsosque
1836 3396 1932 3425 omnia
1946 3395 2024 3426 Bona
2037 3370 2202 3427 Hominussn
2217 3398 2252 3428 de
2258 3370 2375 3435 1Ritsgng

1320 3436 1437 3474 nostro,
1454 3446 1534 3474 quae,
1552 3435 1668 3465 durante
1684 3434 1798 3464 Guerrfi
1810 3433 1872 3472 illa,
1891 3434 2037 3472 adquirere
2049 3435 2067 3454 ²*
2082 3435 2129 3465 seu
2142 3435 2292 3473 depraedari
2308 3446 2374 3474 pos-
2401 3432 2417 3449 ⁸⁸
2435 3434 2485 3460 IV.

1321 3475 1396 3513 sent,
1413 3475 1493 3513 poffe
1505 3475 1584 3505 licite
1597 3474 1732 3511 retinere,
2393 3472 2460 3507 653.

1359 3513 1415 3543 Per
1430 3513 1510 3550 quod
1523 3512 1629 3550 praefati
1645 3511 1741 3541 Ballivi
1755 3509 1839 3540 vestri
1851 3517 1961 3540 certum
1975 3509 2067 3547 diem,
2086 3520 2154 3542 tunc
2169 3511 2311 3550 futurum,
2329 3513 2373 3544 di.

1322 3552 1376 3583 {tis
1388 3552 1509 3590 partibus
1522 3551 1601 3588 super
1611 3549 1691 3580 dicto
1705 3549 1822 3587 negotio
1836 3547 2020 3587 assignarunt,
2039 3557 2086 3586 ut,
2102 3550 2213 3579 interim
2227 3549 2262 3580 de
2278 3550 2372 3582 Treu-

1321 3590 1372 3629 ga,
1391 3590 1447 3621 sive
1469 3588 1640 3620 Sufferentia
1661 3588 1758 3625 (quam
1779 3586 1884 3623 praefati
1908 3586 2081 3629 Mercatores
2100 3588 2189 3618 nostri
2203 3588 2374 3621 asseruerunt

1322 3630 1394 3659 inter
1409 3628 1478 3659 Nos
1492 3628 1525 3659 &
1538 3627 1598 3657 illos
1611 3626 1647 3656 de
1661 3626 1756 3655 Scotia
1772 3633 1881 3654 motam
1896 3623 1987 3661 fuisse)
2002 3627 2157 3664 certiorati,
2167 3627 2280 3658 ulterius
2291 3627 2376 3660 dietis

1322 3667 1445 3705 partibus
1459 3667 1495 3698 de
1512 3664 1656 3703 praemiffis
1669 3664 1792 3693 facerent
1803 3662 1944 3700 Justitiam
1958 3663 2099 3701 exhiberi,

1361 3704 1477 3735 Eisdem
1500 3704 1610 3735 Ballivis
1634 3702 1732 3733 vestris
1745 3724 1754 3739 ,
1782 3711 1831 3737 per
1853 3699 1958 3730 Litetas
1979 3700 2107 3739 nostras,
2130 3701 2374 3741 significaverimus

1324 3743 1404 3782 quod
1425 3752 1554 3780 tempore
1567 3766 1577 3779 ,
1602 3750 1660 3779 quo
1674 3740 1744 3770 dieti
1756 3738 1931 3768 Mercatores
1943 3739 2153 3777 praetendebant
2167 3740 2327 3774 Roberiam
2341 3744 2375 3775 il.

1323 3782 1380 3812 lam
1397 3782 1434 3812 fic
1446 3781 1550 3811 fastam
1564 3779 1637 3816 esse,
1656 3777 1784 3815 quaedam
1798 3775 1967 3807 Sufferentia

1364 3819 1409 3850 Ad
1424 3819 1646 3857 requisitionem,
1665 3815 1960 3859 Venerabilis'Patris²
1975 3799 2135 3859 libricenfis
2148 3816 2300 3858 Episcopi,
2317 3820 2352 3851 ὅς
2366 3846 2380 3859 ⁸

1325 3859 1445 3889 Nobilis
1465 3859 1541 3894 viri,
1565 3855 1640 3885 Petri
1662 3853 1698 3884 de
1712 3854 1800 3885 Tieiz
1815 3853 1904 3893 Lieu,
1922 3854 2110 3885 Nunciorum
2145 3855 2377 3890 Excellentiffimi

1325 3897 1479 3934 Principis,
1499 3894 1622 3924 Domini
1639 3892 1784 3930 Philippi,
1802 3891 1889 3930 Regis
1904 3892 2037 3936 'Franciaz
2050 3878 2182 3933 malitis,
2197 3894 2380 3935 consangui-

1327 3937 1373 3968 nei
1394 3934 1482 3965 nostri
1503 3932 1631 3963 cariffimi
1647 3955 1657 3968 ,
1674 3930 1709 3960 ad
1722 3930 1788 3961 Nos
1802 3940 1891 3968 nuper
1901 3940 1930 3960 in
1944 3930 2077 3970 Angharn
2089 3932 2327 3974 transmissorum,
2343 3937 2377 3967 ὃς

1327 3976 1369 4007 ob
1384 3973 1568 4004 reverentiam
1583 3970 1665 4008 ipsius
1678 3968 1887 4006 Consangtiinei
1900 3969 2006 4008 nostri,

1368 4011 1422 4042 Per
1436 4009 1504 4040 Nos
1518 4008 1648 4040 concessa
1663 4007 1732 4045 fuit,
1748 4008 1783 4039 δε
1797 4008 1827 4038 in
1837 4007 1925 4046 locis,
1945 4008 1995 4038 ubi
2007 4007 2118 4047 decuit,
2136 4011 2323 4049 proclamata,

1368 4049 1513 4090 Rogantes
1534 4047 1646 4079 eosdem
1667 4046 1804 4085 quatenus
1821 4046 1942 4084 praefatis
1962 4045 2174 4081 Mercatoribus
2194 4050 2314 4088 nostris,
2331 4049 2377 4079 vel

1837 4083 1868 4116 R
2310 4086 2383 4124 ipso-
