2562 4279
750 208 860 249 ET
943 205 1200 248 ACTA

21 299 149 334 Ann.D.
172 295 395 334 Prtejudiciales,
412 295 457 325 vel
471 294 519 324 alia
536 303 584 331 per
598 302 661 332 quae
678 293 784 323 Fideles
798 292 887 324 nostri
905 301 1004 323 contra
1019 291 1088 322 Nos
1107 290 1234 334 concita-

44 348 125 375 1·*41.
171 336 218 373 ri,
239 335 282 364 vel
306 341 319 351 '‘
342 334 494 371 Expeditio
514 332 634 362 Gueme
656 332 757 361 nostae
771 355 780 370 ,
799 333 827 373 in
851 332 1067 374 Subversionem
1088 328 1176 372 nostri
1198 329 1231 358 &

20 361 87 407 Edi).
108 387 133 413 3.
174 374 316 404 Fidelium
329 372 508 408 nostrorum,
528 369 632 408 poisint
649 372 657 400 s
668 372 745 408 quod
762 371 845 403 abiit)
865 370 1014 407 aliqualiter
1036 367 1181 406 impediri,
1199 366 1232 396 ad

19 416 39 436 *²
53 419 154 451 V.242.
174 412 344 442 Mandatum
368 411 448 450 ipsius
469 408 682 446 Archiepiscopi
697 432 705 446 ,
727 408 770 438 vel
790 409 897 438 alterius
916 408 1116 450 cujuscumque
1131 428 1140 442 ,
1158 414 1230 442 quo-

175 450 333 481 modolibet
346 458 394 488 per
407 458 458 478 vos
470 448 515 477 vel
533 447 601 478 alios
615 447 735 485 faciatis,
756 447 799 476 vel
808 469 817 484 ‚
836 455 973 484 quantum
990 454 1019 474 in
1032 446 1114 475 vobis
1128 442 1168 473 est
1177 467 1185 481 ‚
1197 443 1233 473 ab

176 489 232 519 aliis
246 488 304 518 fieri
322 487 504 525 permittatis-3
1000 521 1004 526 ¹
1129 520 1134 525 .

211 527 263 566 Et,
283 527 303 556 si
317 525 385 565 quid
398 535 447 562 per
463 534 513 554 vos
525 525 554 553 in
567 524 620 554 hac
635 531 711 561 parte
725 530 920 559 attemptatum
936 521 1034 558 fuerit,
1054 519 1177 551 celeriter
1190 529 1234 549 re-

179 574 300 634 VOTeets’tse
314 601 398 638 Rege
417 600 490 638 apud
503 599 621 630 Turrim
635 599 770 629 London.
789 597 930 628 tricesimo
942 598 1036 635 primo
1049 597 1093 628 die
1107 596 1214 627 Martii.

476 747 534 777 I'ro
550 739 706 775 Edwardo
723 743 797 788 Rege
813 745 922 777 Scotiae.

22 832 99 864 Ann.
114 829 155 860 D.

43 879 130 910 1341.

21 913 73 937 An.
98 918 139 944 15.

250 839 315 871 EX
334 838 535 874 Thesaurario‚
552 835 586 866 &
601 834 767 866 Camerariis
779 836 846 875 suis,
865 836 996 868 Salutem.

299 877 379 909 Cum
394 887 445 907 nos
1192 910 1197 915 Ι

216 917 361 948 Vicesimo
382 899 469 946 Sextt’)
483 912 529 942 die
550 911 637 950 Maii,
655 913 788 950 proximo
802 914 961 952 praeterito,
977 915 1051 951 iuxta
1065 911 1234 943 Ordinatio-

179 966 264 993 nem,
282 965 331 993 per
345 954 412 985 Nos
424 953 457 982 &
472 950 637 980 Concilium
650 950 778 982 nostrum
793 961 860 982 tunc
876 953 996 993 factam,

217 992 463 1028 Concesserimus,
479 988 637 1028 Magnifico
652 988 777 1028 Principi
787 1014 796 1027 ,
816 990 950 1020 Domino
969 988 1109 1020 edwardo
1124 988 1159 1018 de
1174 987 1234 1018 Bal-

178 1032 250 1062 liolo
266 1030 345 1066 Regi
358 1029 477 1065 Scotiae,
496 1037 547 1065 pro
561 1027 691 1065 Expensis
704 1027 829 1067 Hospitii
843 1029 898 1067 sui,
917 1028 1110 1068 Qadraginta
1122 1026 1234 1058 Solidos

180 1071 219 1101 sin
241 1070 291 1099 ulis
301 1067 400 1098 diebus
417 1075 546 1102 tempore
558 1065 655 1104 Pacis,
1221 1101 1231 1110 Α

240 1115 251 1138 t
273 1106 418 1146 Sexaginta
435 1105 548 1136 Solidos
569 1105 684 1143 singulis
704 1105 802 1136 diebus
816 1128 826 1143 ,
841 1114 970 1143 tempore
989 1114 1048 1143 quo
1063 1103 1100 1134 de
1122 1103 1234 1134 Guerra

178 1157 194 1177 e
215 1153 342 1176 uitaverit
1179 1179 1183 1183 .

196 1156 418 1223 qurcipieiidos
432 1192 448 1212 a
465 1181 549 1212 Festo
563 1181 675 1212 Pascha:
690 1183 823 1219 proximo
837 1183 996 1220 praererito,
1008 1181 1042 1212 ad
1057 1180 1235 1223 Scaccarium

180 1222 310 1254 nostrum
352 1221 386 1252 ad
408 1221 580 1251 voluntatem
601 1219 747 1258 nostram,
766 1221 811 1250 vel
823 1222 966 1259 quousque
984 1220 1019 1250 dc
1032 1219 1101 1249 statu
1116 1217 1236 1255 eiusdem

181 1262 271 1299 Regis
286 1245 361 1290 alffer
373 1259 532 1289 duxerimus
549 1258 752 1295 ordinandum,
761 1268 843 1296 prout
856 1260 886 1289 in
900 1259 1011 1289 Litteris
1023 1257 1124 1288 nostris
1136 1255 1237 1286 Paten-

184 1301 274 1337 ribus,
294 1298 359 1330 inde
374 1297 513 1328 confectis
524 1321 533 1336 ‚
551 1297 659 1334 plenius
672 1298 852 1335 continetur,

220 1337 312 1366 Vobis
326 1335 490 1367 mandamus
504 1335 582 1374 quod
597 1334 715 1373 praefato
728 1335 800 1374 Regi
814 1335 860 1374 id,
877 1335 954 1375 quod
974 1336 998 1364 ei
1019 1345 1033 1364 a
1056 1341 1129 1363 retro
1147 1331 1187 1362 est
1202 1331 1237 1362 de

182 1375 322 1413 praedictis
342 1375 532 1413 Qiadraginta
554 1373 654 1403 Solidis
672 1373 775 1403 diurnis
789 1398 798 1411 7
817 1383 832 1403 a
852 1374 933 1404 dicto
955 1372 1039 1404 Festo
1054 1372 1186 1415 Paschae,
1203 1370 1239 1400 de

182 1413 330 1445 Thesauro
346 1413 459 1450 nostro,
479 1412 535 1442 sine
550 1411 697 1449 dilatione,
714 1411 822 1443 solvatis
832 1413 908 1450 iuXta
928 1421 1057 1442 tenorem
1072 1411 1240 1441 Litterarum

183 1453 340 1484 nostrarum
354 1451 561 1489 praedictarum.
1200 1486 1214 1491 ..

220 1490 308 1522 Teste
322 1489 404 1529 Rege
419 1489 491 1531 apud
503 1489 619 1521 Turrim
633 1487 769 1520 London.
787 1489 927 1520 tricesimo
949 1490 1044 1527 primo
1059 1488 1104 1518 die
1120 1486 1227 1517 Martii.

21 969 134 1015 Liberat.

28 1033 70 1058 15.
84 1028 113 1051 Ε.
132 1033 158 1061 3.

24 1070 61 1090 m.
82 1071 109 1097 7.

842 1567 897 1597 Per
913 1565 992 1605 ipfitm
1006 1568 1111 1604 Regem.

377 1712 426 1744 De
440 1709 655 1743 Examinando
665 1710 757 1757 [ἦρεν
775 1712 907 1756 Apporto
927 1708 1041 1742 edum.

30 1806 109 1838 Ann.
124 1804 166 1837 D.

53 1853 139 1884 1341.

31 1888 85 1913 An.
106 1893 148 1918 15.

30 1926 62 1950 Ε.
87 1932 110 1958 3.

30 1960 169 1997 Clausi5.

32 2042 59 2074 p.
83 2019 110 2063 Ι..

36 2073 166 2102 m.12.d.

255 1806 280 1837 E
289 1804 320 1835 X
340 1805 524 1836 Thesaurario
532 1828 541 1843 ‚
561 1805 594 1835 &
610 1804 763 1834 Baronibus
775 1802 826 1832 suis
838 1802 872 1832 de
885 1802 1033 1833 Scaccario
1043 1825 1052 1840 ,
1075 1801 1206 1833 Salutem.

185 1807 248 1869 R
287 1844 366 1883 Qia
378 1845 475 1874 datum
491 1842 530 1872 est
544 1843 624 1872 nobis
639 1842 752 1880 intelligi
766 1840 845 1879 quod
861 1841 952 1871 Frater
967 1841 1108 1881 Philippus
1123 1842 1158 1871 de
1166 1840 1246 1870 Tha-

183 1892 232 1912 me
273 1881 357 1913 Prior
378 1881 530 1920 Hospitalis
552 1880 646 1910 SanCti
659 1880 796 1918 Johannis
804 1879 956 1917 jerusalem
973 1881 1002 1910 in
1019 1879 1135 1918 Anglia,
1153 1879 1245 1910 divet-

185 1922 221 1952 sas
237 1905 427 1950 Pecuniarum
442 1919 588 1956 Summas,
606 1920 724 1949 nomine
738 1918 877 1957 Apporti,

223 1958 272 1988 De
285 1958 385 1996 quibus
402 1958 501 1995 nobis,
894 1994 898 1999 η

226 1996 309 2035 JuXta
329 1996 546 2025 Ordinationem
562 2017 572 2032 ,
590 1994 626 2024 de
645 1993 743 2023 Terris
756 1994 788 2024 ὅ(
804 1993 973 2025 Redditibus
985 1994 1200 2031 Religiosoium
1215 1994 1248 2024 &

187 2035 311 2066 aliorum
330 2035 560 2073 Alienigenarum
585 2033 616 2063 in
634 2031 740 2070 Angli'a
760 2033 790 2062 in
813 2042 930 2064 manum
951 2034 1077 2065 nostr-am
1092 2033 1250 2073 capiendis,

186 2074 291 2104 fidiam
303 2096 312 2112 ‚

228 2111 407 2152 Responderi
417 2111 548 2149 deberet,
781 2150 783 2152 ι

223 2150 332 2183 Contra
347 2150 604 2181 proclamationem
618 2150 651 2180 ὃς
666 2148 868 2180 Inhibitionem
883 2159 932 2187 per
950 2150 1018 2181 Nos
1029 2151 1130 2189 factas,
1150 2152 1185 2181 ne
1201 2152 1248 2189 qui

186 2189 350 2229 Apportum
371 2188 484 2227 aliquod
502 2197 576 2218 exrra
599 2187 740 2225 Regnum
759 2188 886 2218 nostrum
906 2189 955 2220 sub
976 2192 1053 2230 gravi
1074 2189 1249 2220 forisfactura

186 2228 283 2260 nostra
296 2228 447 2265 ducerent,
466 2226 510 2257 seu
525 2226 590 2256 duci
606 2226 745 2264 facerent,

225 2267 303 2297 Duci
319 2266 386 2296 fecit
401 2268 430 2298 in
443 2265 530 2296 nostri
545 2264 747 2303 Praejudicium
761 2265 792 2295 δε
808 2264 976 2303 Dampnum
992 2267 1189 2305 manifestum,

224 2305 294 2336 Nos
431 2306 435 2310 '

223 2329 365 2375 Noie'ntes
380 2343 476 2381 Talia,
494 2342 577 2374 nobis
597 2341 634 2372 fic
655 2341 856 2380 Prrejfudicialia
877 2343 910 2373 ὃς
926 2341 1108 2384 Dampnosa,
1127 2343 1249 2383 aliquali-

190 2389 231 2413 ter
245 2383 361 2413 tolerare

228 2420 319 2451 Vobis
343 2405 515 2450 lvi-„indamus
535 2419 615 2457 quod
628 2444 637 2457 ,
658 2427 763 2450 vocato
782 2428 879 2450 coram
900 2421 982 2450 vohis
997 2422 1112 2459 praestito
1133 2420 1248 2460 Priore,

188 2459 277 2498 ipsum
292 2459 369 2496 super
387 2458 520 2498 Apporto
538 2458 693 2496 hujusmodi
715 2459 889 2497 examinari,
909 2460 942 2489 &
958 2461 1039 2490 nobis
1059 2460 1095 2490 de
1113 2469 1175 2491 toto
1191 2461 1251 2498 Ap-

188 2505 292 2535 port0‚
309 2497 384 2535 quod
399 2498 475 2527 idem
492 2496 575 2527 Prior
588 2496 730 2535 Superiori
745 2497 796 2527 suo
811 2497 840 2526 in
853 2499 973 2536 partibus
990 2497 1193 2530 Transmarinis
1210 2500 1251 2529 fa-

187 2545 251 2566 cere
265 2543 395 2571 tenetur,
413 2537 427 2565 a
442 2543 569 2572 tempore
582 2545 641 2573 quo
655 2535 767 2566 eosdem
782 2535 885 2565 Terras
907 2536 939 2565 ἃ
955 2536 1093 2567 Redditus
1109 2538 1250 2577 Alienige-

186 2584 287 2605 narum
302 2574 364 2610 capi
386 2573 506 2603 fecimus
524 2574 553 2603 in
574 2572 699 2603 Manum
719 2572 845 2604 nostram
859 2598 869 2612 ‚
888 2584 937 2611 pet
953 2575 1100 2613 praefatum
1120 2575 1249 2605 Priorem

188 2612 346 2650 responderi
391 2611 425 2641 δε
446 2611 557 2641 ulterius
570 2635 580 2648 ,
604 2622 663 2649 quo
682 2613 715 2642 ad
736 2613 913 2650 punitionem
933 2614 1056 2651 ejusdem
1079 2614 1181 2644 Prioris
1197 2625 1250 2651 pro

186 2634 408 2690 Contemptibus
430 2649 464 2680 ὃς
486 2649 763 2688 Transgrcfflonibus
776 2673 786 2687 ‚
812 2651 894 2681 nobis
908 2674 918 2689 ,
937 2660 1071 2690 praetextu
1093 2652 1251 2688 hujusmodi

188 2689 309 2726 Apporti
319 2711 329 2726 ,
348 2688 366 2717 si
381 2687 459 2726 quod
473 2687 508 2717 ad
524 2687 609 2717 dietas
622 2696 708 2727 partes
720 2688 945 2728 TransmarinaS,
963 2699 1068 2720 contra
1082 2690 1251 2721 Ordinatio-

188 2737 255 2758 nem
272 2749 281 2764 ,
304 2727 337 2756 &
360 2725 619 2756 Proclamationem
635 2749 644 2763 ,
664 2727 696 2757 δε
718 2726 922 2757 inhibitionem
944 2727 1088 2767 praedinas
1101 2752 1111 2767 ,
1128 2729 1251 2760 delatum

187 2765 288 2801 fuerit,
303 2764 399 2801 facus,
417 2763 475 2794 fieri
484 2763 588 2793 faciatis
598 2765 676 2804 quod
690 2764 726 2794 de
737 2764 805 2803 Jure
818 2765 879 2796 fore
891 2765 1013 2797 videritis
1026 2766 1197 2799 faciendum.

225 2801 315 2832 Teste
330 2801 412 2840 Rege
428 2801 500 2838 apud
514 2801 639 2831 Westm.
654 2803 749 2838 primo
764 2802 810 2836 die
827 2803 939 2842 Aprilis.

176 2928 178 2930 v
213 2946 262 2978 De
281 2942 494 2989 Commiffizriis
511 2942 555 2975 ad
575 2943 771 2977 truffandum
781 2945 875 2992 strper
894 2949 987 2989 Pace,
1011 2958 1079 2980 cum
1098 2945 1230 2994 Philippo

457 2989 494 3025 de
509 2992 619 3036 Valcjfio
642 2992 789 3036 ineunda,
813 2992 984 3037 constitutis.

193 3076 320 3135 REX
338 3078 487 3110 Univerfis
502 3079 536 3109 ad
547 3089 634 3117 quos,
651 3079 712 3110 &c.
732 3079 866 3111 Salutem.

303 3115 453 3148 Noveritis
466 3117 547 3156 quod
562 3118 648 3157 Nos,

230 3154 280 3185 De
301 3156 433 3186 fidelitate
451 3156 569 3195 probata
592 3157 626 3187 &
648 3156 902 3197 circumspectione
924 3158 1058 3196 providi,
1077 3158 1253 3189 Venerabilis

193 3193 299 3232 Patris,
318 3193 357 3224 R.
372 3193 574 3225 Dunolmensis
588 3195 740 3235 Episcopi,
755 3197 788 3227 ὃς
797 3219 807 3234 ,
825 3196 998 3227 dilectorum
1013 3197 1046 3227 ὃς
1060 3196 1182 3227 fidelium
1197 3207 1252 3226 no-

194 3232 332 3270 strorum,
351 3232 402 3262 Hu
422 3234 484 3262 onis
498 3232 634 3264 d’Audele
655 3233 777 3264 Comitis
793 3233 983 3265 Gloucestriae
1019 3235 1061 3265 W
1064 3235 1168 3265 illielmi
1188 3235 1252 3265 Fitz

193 3270 323 3314 Waryn,
334 3270 402 3313 ⁴Nic
424 3271 492 3300 olini
514 3271 550 3302 de
568 3271 679 3311 Flisco,
697 3273 731 3304 ὃς
746 3273 897 3304 Willielmi
912 3258 1041 3312 Truii'el,
1057 3274 1167 3313 plenam
1181 3274 1252 3304 fidu-

193 3319 265 3339 ciam
279 3320 299 3339 o
320 3317 437 3339 tinentes

229 3348 248 3367 ²*
274 3318 350 3386 Ippsos
363 3370 373 3385 ,
397 3331 530 3385 Qu'atuor
546 3369 556 3386 ,
573 3347 648 3378 Tres
664 3371 673 3387 ,
691 3349 726 3379 &
748 3349 832 3380 Duos
851 3359 952 3380 eorum
973 3350 1113 3388 (quorum
1132 3351 1251 3382 alterum

193 3385 395 3424 prcediclorum
418 3385 548 3425 Episcopi
571 3387 603 3416 δε
625 3386 748 3417 Comitis
763 3398 853 3418 unum
873 3389 930 3419 esse
944 3389 1094 3428 volumus)
1113 3390 1254 3421 Procura-

194 3434 266 3455 tores
280 3425 324 3454 seu
339 3422 557 3454 Commiffiirios
569 3423 678 3454 nostros
693 3424 903 3456 Constituimus
915 3428 1061 3466 speciales,

230 3462 276 3493 Ad
292 3462 487 3492 Tradiandum
502 3462 536 3492 ὃς
549 3462 811 3502 Concordandum,
822 3463 1042 3503 Paciscendum,
1061 3465 1252 3504 Componen-

191 3501 277 3539 dum,
294 3501 327 3531 ὅς
341 3500 583 3542 Traniigendnrn,
601 3511 655 3541 pro
677 3501 775 3533 Nobis
793 3504 825 3532 &
841 3501 939 3532 nostro
953 3503 1105 3542 Nomine,
1125 3515 1194 3535 cum
1213 3505 1251 3535 Il-

189 3538 268 3570 lustri
283 3538 415 3576 Philippo
427 3539 462 3568 de
479 3537 605 3577 Valerio,
622 3537 668 3569 seu
682 3539 860 3579 Deputandis
871 3541 906 3570 ab
918 3550 970 3579 e0,
985 3542 1062 3581 super
1071 3543 1252 3580 quibuscum-

189 3588 245 3617 que
267 3577 481 3616 Qaestionibus
492 3599 500 3615 2
521 3575 729 3608 Controversiis
744 3603 754 3617 ,
771 3578 929 3609 Demandis
943 3603 953 3617 ‚
973 3580 1006 3610 &
1028 3579 1148 3612 Debatis
1161 3604 1170 3620 ‚
1188 3592 1253 3620 quae

191 3619 294 3646 mutuo
308 3623 493 3654 competunt,
512 3615 556 3645 vel
570 3624 734 3653 competere
745 3625 897 3656 poterunt,

228 3654 274 3684 Ac
302 3656 383 3685 etiam
405 3654 483 3693 super
505 3654 637 3684 omnibus
654 3653 796 3694 Dampnis
816 3656 849 3687 &
866 3653 975 3693 Iniuriis
987 3678 998 3695 ,
1025 3656 1093 3688 hinc
1114 3658 1181 3688 inde
1194 3680 1205 3697 ,
1222 3658 1251 3688 in

189 3692 281 3724 Terra
295 3693 328 3723 ὃς
346 3694 374 3723 in
388 3691 465 3722 Mari
478 3691 556 3722 faeiis
570 3692 604 3722 &
621 3692 717 3731 illatis,

228 3733 274 3762 Ac
289 3732 368 3770 super
381 3740 623 3770 quarumcumque
639 3730 814 3761 Guerrarum
827 3731 860 3762 &
877 3731 1092 3763 Disiensionum
1105 3733 1251 3765 Commo-

191 3769 314 3800 tionibus
327 3793 338 3808 ,
356 3779 391 3800 εκ·
406 3769 460 3799 una
482 3777 557 3808 parte
571 3769 614 3800 vel
627 3769 679 3799 alia
693 3769 822 3800 suscitatis
835 3792 846 3808 2
861 3770 1039 3808 pacificandis
1054 3773 1251 3813 amicabiliter,

191 3806 225 3837 &
239 3807 353 3838 finaliter
368 3807 557 3846 Decidendis‚

230 3845 276 3875 Ac
297 3847 330 3876 ad
352 3846 456 3877 Pacem
470 3846 583 3885 plenam
599 3846 633 3876 ὅτ
647 3853 811 3885 perpetuam
829 3847 902 3877 inter
913 3846 998 3886 Nos,
1015 3859 1069 3886 pro
1083 3847 1200 3887 Nobis,
1216 3849 1251 3880 <Sc

189 3882 480 3952 {ffaeredibusdnoſtris
493 3908 503 3922 ,
525 3885 558 3915 ὃ(
577 3884 687 3914 dietum
708 3884 872 3923 Philippum
887 3908 898 3925 ,
916 3895 970 3923 pro
983 3887 1020 3917 Se
1033 3888 1066 3918 ὃς
1081 3886 1252 3918 Haeredibus

203 3932 241 3951 uis
275 3931 361 3951 ineun
383 3933 431 3953 um

189 3998 209 4029 d
227 3944 272 4025 A}
284 3959 429 4000 Treugas,
440 3946 478 3993 ’ὃς
493 3960 614 3992 Guerrae
629 3959 821 3992 cessationem
836 3960 880 3992 seu
896 3961 1112 4001 Suflerenn'am,
1131 3962 1251 3995 Conce-

211 4008 245 4028 en
267 4007 318 4026 um

225 4035 263 4066 Et
278 4018 407 4073 ea,³quae
423 4036 461 4066 fic
476 4035 611 4071 Tractata
624 4038 657 4071 ὃς
672 4037 855 4070 concordata
868 4038 988 4077 fuerint,
1008 4048 1187 4081 quacumque
1199 4040 1251 4074 Se-

189 4075 305 4111 curitate
318 4072 341 4102 F
342 4074 505 4104 irmandum
512 4098 524 4115 ,

222 4115 294 4143 Tam.
313 4113 354 4142 11.
373 4113 407 4141 Ρ.
428 4114 482 4142 IV.

35 3075 113 3106 Ann.
129 3073 170 3105 D.

58 3121 145 3152 1341.

32 3156 86 3180 Λα.
107 3161 149 3187 15.

35 3195 67 3218 E.
86 3200 111 3227 3.

35 3228 154 3256 Aleman.

40 3276 84 3301 ¹5.
99 3271 129 3293 Ε.
148 3276 171 3303 3.

39 3314 77 3333 m.
100 3314 145 3340 27.

38 3341 174 3380 *Vsa-3.

1271 2098 1275 2101 ⁷
1294 2093 1402 2124 arestari
1416 2094 1536 2133 faciatis,
1555 2096 1697 2136 quousque
1714 2097 1787 2128 aliud
1801 2098 1866 2128 inde
1879 2099 2038 2130 duxerimus
2051 2101 2117 2132 dem

1281 202 1767 248 PUBLICA.
2283 223 2339 263 97

1318 287 1447 331 Necnon
1464 289 1664 329 Securitatem,
1683 303 1747 331 quae
1768 293 1848 324 nobis
1869 292 1948 334 super
1961 292 2014 324 hiis
2028 293 2087 324 fieri
2102 293 2218 333 debeat,
2233 291 2337 326 Peten-
2352 289 2426 323 Ann.
2441 290 2483 324 D)

1280 324 1369 368 dum,
1387 327 1599 367 stipulandum,
1619 332 1651 360 ὃς
1666 330 1893 371 Recipiendum‚
2372 339 2456 370 1341·

1314 363 1351 393 Et
1371 368 1472 406 ‘omnia
1491 367 1540 395 alia
1560 369 1592 398 ἃ
1613 369 1713 407 lingula
1733 370 1892 400 faciendum
1914 371 1948 401 &
1967 371 2173 402 excercendum
2187 393 2197 409 ‚
2220 380 2286 410 quae
2303 371 2334 401 in
2348 370 2415 398 Edv.
2432 379 2457 406 3-

1279 403 1437 468 prseiqjslis,
1448 404 1489 470 l&
1502 406 1576 435 circa
1589 416 1636 443 ea,
1654 407 1800 437 neceiiaria
1814 409 1932 447 fuerint,
1951 410 2034 440 etiam
2055 411 2074 440 si
2090 410 2261 441 Mandatum
2275 411 2335 440 exi-

1278 448 1345 477 gant
1369 450 1445 476 pecta
1456 452 1488 479 e,

1314 478 1512 509 promittentes
1533 480 1600 510 Nos
1613 505 1623 520 ,
1644 492 1696 519 pro
1716 482 1814 513 Nobis
1827 507 1837 522 ,
1856 485 1889 516 &
1904 484 2070 516 Haeredibus
2091 486 2190 516 nostris
2226 486 2334 518 Rarum

1278 515 1311 545 &
1327 515 1454 559 (iratum
1468 518 1612 562 habituros
1625 521 1761 563 quicquid
1777 531 1825 563 per
1841 522 1948 561 dictos,
1966 523 2157 564 Episcopum,
2174 508 2335 563 domitezn,

1279 553 1470 585 Willielmum
1484 579 1494 594 ,
1509 556 1544 586 N
1547 558 1703 588 icholinum
1718 582 1727 596 ,
1744 560 1776 589 &
1795 560 1980 591 willielmum
1991 585 2000 599 ,
2021 562 2150 601 Qiatuor
2165 586 2174 598 ,
2191 563 2282 600 Tres,
2298 564 2332 594 ἃς

1278 590 1363 621 Duos
1378 602 1478 623 eorum
1498 597 1638 633 (quorum
1660 597 1776 637 alterum
1796 598 1995 635 praedictorum
2011 600 2142 639 Episcopi
2158 601 2191 630 ὅ(
2209 600 2334 631 Comitis

1279 629 1385 674 Unum
1407 631 1461 661 esse
1482 633 1630 670 volumus)
1651 635 1758 665 Actum
1779 636 1811 666 δε
1827 635 1951 667 Gestum
1967 640 2047 669 ruerit
2068 640 2099 668 in
2119 639 2282 678 praemissu,
2299 640 2334 670 ὃς

1278 669 1408 706 quolibet
1421 671 1638 706 praemistorum.

1318 705 1350 736 In
1366 708 1457 746 cujus,
1477 710 1536 739 &c.

1317 744 1384 775 Dat.
1397 746 1470 783 apud
1488 746 1625 786 Langele,
1641 747 1754 779 decimo
1767 750 1812 780 die
1829 751 1939 791 Aprilis.

1400 870 1449 902 De
1465 870 1603 904 minatis
1621 883 1689 904 cnm
1707 872 1784 906 almo
1802 872 1932 921 Philippo
1950 878 2023 922 Regi
2040 867 2225 911 intimandis.

1279 951 1408 1008 REX
1427 953 1592 994 Univerfis‚
1611 956 1646 988 ad
1659 967 1745 996 quos,
1765 958 1825 990 &c.
1844 959 1980 990 Salutem.
2355 955 2483 987 Arm-D-

1387 991 1535 1024 Noveritis
1548 1017 1558 1032 ,
1579 993 1638 1029 &c.
1652 1004 1683 1024 ut
1691 996 1778 1035 Jitpra
1795 996 1874 1037 usque
1888 998 1926 1027 ibi
1943 998 2087 1037 speciales,
2101 997 2138 1033 dm
2154 1007 2218 1029 tunc
2226 1001 2282 1040 fic,
2301 1002 2336 1032 ad
2375 1005 2463 1035 1341.-

1278 1026 1476 1073 Traetandum
1497 1041 1549 1070 pro
1567 1033 1663 1063 Nobis
1678 1057 1687 1071 ,
1704 1036 1736 1065 ὅ(
1758 1037 1855 1066 nostro
1869 1037 2002 1068 Nomine
2018 1060 2028 1075 ,
2045 1036 2105 1072 &a
2119 1040 2244 1077 utJupra
2259 1038 2336 1079 usque
2352 1038 2404 1061 Aa.
2425 1043 2433 1060 ¹
2440 1043 2457 1069 5
2460 1055 2470 1061 -

1280 1064 1317 1094 zbz
1332 1066 1511 1107 decrdendis,
1526 1068 1564 1104 ῤ’
1579 1078 1641 1100 tunc
1649 1071 1704 1110 fic,
2352 1077 2380 1099 13.
2403 1081 2447 1137 2⁴!

2389 1113 2403 1137 l
2419 1118 2427 1135 1
2448 1130 2455 1135 .

1294 1143 1298 1147 .
1320 1104 1449 1149 Necnon
1463 1107 1541 1145 super
1554 1107 1629 1140 Pace
1641 1110 1722 1147 plena
1736 1112 1769 1142 ὃς
1783 1113 1992 1151 perperufiirrter
2010 1114 2078 1144 Nos
2093 1114 2126 1145 &
2141 1114 2250 1145 dietum
2267 1115 2337 1145 Phi-

1280 1141 1388 1182 lippum
1403 1146 1542 1184 ineunda,

1323 1181 1367 1212 Ac
1382 1182 1518 1222 Treugis,
1535 1184 1579 1228 seu
1596 1184 1718 1217 Guerrae
1731 1186 1916 1226 Sufferentia,
1937 1190 2047 1220 interim
2060 1190 2266 1229 concedendis,

1320 1219 1357 1250 Et
1371 1221 1406 1250 ad
1420 1222 1659 1253 Renuncrandum
1675 1225 1708 1254 δε
1723 1224 1914 1256 intimandum
1927 1228 2010 1257 nobis
2026 1230 2148 1260 celeriter
2161 1240 2207 1266 ea,
2226 1239 2290 1266 quae
2305 1230 2343 1260 sic

1282 1255 1414 1302 Traftata
1429 1260 1531 1290 fuerint
1545 1263 1574 1291 in
1590 1262 1641 1292 hac
1655 1271 1749 1302 parte,
1769 1273 1799 1294 ut
1817 1265 1854 1296 iic
1869 1264 2007 1296 Traetatis
2024 1267 2158 1303 poffimus
2171 1293 2181 1307 ,
2199 1277 2282 1306 prout
2295 1277 2346 1299 ex-

1284 1296 1379 1335 pedire
1394 1299 1558 1338 viderimus,
1576 1300 1740 1333 consentire.

1320 1334 1353 1365 in
1369 1337 1464 1375 cujus,
1479 1338 1540 1368 δίε.

1352 1372 1420 1404 Dat.
1436 1383 1466 1406 ut
1480 1377 1567 1414 supra.

1362 1514 1408 1543 De
1428 1512 1581 1558 Peffoneris
1598 1518 1635 1552 (ῥ’
1663 1518 1792 1564 Creyeris
1808 1516 1851 1549 ad
1875 1518 1956 1563 Opus
1974 1520 2061 1565 Regis
2083 1517 2268 1562 Araestandis.

1359 1595 1442 1639 EX,
1461 1596 1578 1641 Dilecto
1600 1599 1633 1629 st
1654 1600 1740 1630 Fideli
1762 1601 1827 1639 suo,
1845 1600 1976 1633 Roberto
1995 1603 2030 1634 de
2053 1603 2165 1642 Morio,
2187 1604 2345 1636 Admiraiio
2360 1599 2435 1629 Ann-
2452 1598 2499 1632 D.-

1309 1671 1314 1675 .
1370 1634 1461 1664 Plotae
1476 1635 1626 1675 NaVium,
1642 1639 1676 1667 ab
1693 1639 1754 1667 Ore
1770 1640 1860 1678 Aquae
1874 1641 2025 1672 Thamiiiae
2039 1665 2052 1680 ,
2068 1643 2158 1672 versus
2179 1652 2266 1681 partes
2280 1643 2343 1674 Oc·
2386 1646 2471 1679 1341.

1288 1670 1454 1715 eidentales,
1473 1674 1517 1703 vel
1531 1676 1586 1712 ejus
1602 1675 1720 1706 Locum
1732 1677 1872 1716 Tenenti,
1891 1678 1937 1708 seu
1952 1679 2115 1719 Deputato,
2131 1681 2262 1712 Salutem.
2360 1680 2412 1704 Aa.
2435 1686 2478 1713 ¹5·

1326 1709 1417 1748 Qua,
1435 1712 1475 1741 ob
1490 1721 1577 1742 certas
1597 1714 1703 1752 causas,
1722 1714 1797 1745 Paffa
1819 1716 1878 1745 ium
1891 1716 2020 1747 nostrum
2035 1719 2124 1748 versus
2139 1728 2227 1758 partes
2243 1720 2348 1751 Trans·
2361 1719 2392 1742 Ε·
2412 1724 2438 1751 3·

1291 1751 1408 1790 marinas
1425 1750 1433 1786 (
1446 1750 1522 1787 quod
1538 1751 1566 1780 in
1583 1753 1791 1792 proximo,pro
1834 1754 1995 1791 xpeditione
2010 1755 2129 1786 Guerrae
2144 1758 2247 1788 nostrae
2262 1759 2348 1789 Fran-
2361 1752 2484 1783 aleman.

1291 1796 1344 1815 cm:
1356 1810 1365 1825 2
1382 1790 1500 1824 arripere
1515 1789 1722 1827 ordinavimus)
1743 1793 1959 1832 contingentes,
1973 1794 2105 1825 volumus
2127 1795 2209 1835 quod
2221 1797 2349 1828 Centum
2368 1800 2399 1827 ¹5
2404 1812 2409 1818 ·
2425 1795 2456 1819 E·
2473 1802 2498 1829 3·

1290 1824 1407 1862 Naves,
1430 1835 1538 1856 vocatae
1554 1826 1698 1859 Peffoners
1713 1829 1747 1859 &
1760 1829 1895 1870 Creyers,
1913 1832 1947 1862 &
1960 1832 2020 1862 aliae
2034 1832 2159 1864 Minutae
2173 1833 2292 1874 Naves,
2307 1837 2350 1866 in-
2365 1839 2401 1857 '⁷¹-
2421 1839 2465 1865 ²7·

1291 1863 1336 1906 fra·
1347 1862 1462 1894 Pondus
1486 1865 1618 1904 Triginta
1641 1866 1814 1906 Doliorum,
1840 1879 1903 1907 quae
1919 1879 1972 1907 pro
1984 1869 2130 1910 Obsequio
2144 1871 2243 1903 nostro
2258 1875 2353 1905 neces—

1291 1901 1364 1931 sariae
1377 1902 1495 1941 fuerint,
1513 1905 1546 1934 ad
1561 1914 1632 1942 opus
1645 1905 1772 1935 nostrum
1788 1907 1988 1944 provideantur
1999 1909 2031 1939 &
2045 1909 2215 1949 arestenmr,

1330 1939 1420 1970 Vobis
1437 1942 1600 1972 mandamus
1615 1944 1693 1980 quod
1711 1944 1868 1981 hujusmodi
1884 1944 2012 1976 Centum
2029 1947 2129 1979 Naves
2144 1957 2274 1989 vocatas,
2289 1951 2354 1982 Pes-

1296 1978 1387 2021 soners
1402 1980 1434 2009 δι’,
1451 1978 1572 2022 Creyers
1587 2004 1596 2018 ,
1614 1991 1647 2012 ac
1662 1990 1704 2012 tot
1717 1983 1778 2012 alias
1795 1983 1920 2014 Minutas
1932 1984 1968 2015 N
1970 1995 2034 2015 aves
2045 2008 2055 2022 ,
2072 1987 2141 2017 infra
2156 1986 2271 2019 Pondus
2285 1990 2353 2020 Tri-

1295 2017 1560 2060 gintaDoliorum,
1579 2019 1670 2050 Bonas
1686 2021 1719 2051 ὃς
1738 2020 1917 2052 Sufficientes
1932 2045 1942 2061 ,
1959 2032 2030 2063 quot
2044 2034 2097 2061 pro
2116 2024 2241 2065 Paffagio
2255 2027 2353 2058 nostro

1293 2055 1431 2094 praedicto
1451 2057 1610 2087 neceffariae
1630 2059 1730 2089 fuerint
1746 2082 1756 2097 ,
1774 2060 1845 2090 infra
1863 2060 1996 2091 Ballivam
2019 2062 2298 2133 vestramngrovideri
2317 2068 2351 2098 ὅ(

1330 2131 1419 2163 Teste
1435 2132 1516 2173 Rege
1530 2134 1603 2172 apud
1619 2134 1740 2175 Langeic
1749 2159 1758 2174 ,
1777 2136 1893 2168 decimo
1907 2138 1953 2170 die
1967 2137 2078 2179 Aprilis.
2174 2103 2288 2135 andum.

1930 2217 1983 2246 Per
1996 2215 2077 2255 ipficm
2092 2219 2201 2256 Regem-

1336 2334 1364 2362 ἕλε
1389 2335 1446 2369 Ad
1460 2339 1608 2369 Simonem
1626 2339 1811 2385 Boccanegra
1827 2365 1841 2381 ,
1862 2343 1915 2385 qui
1925 2343 2044 2385 primns
2068 2343 2144 2374 Dux
2159 2342 2302 2390 Januen-

1491 2386 1574 2428 stum
1584 2413 1594 2428 ‚
1613 2387 1704 2432 fhper
1722 2386 1842 2420 Foedere
1851 2398 1988 2434 perpetuo
2006 2389 2142 2424 ineundo.

2369 2343 2390 2364 ⁸
2399 2346 2505 2383 V.244„}

1295 2468 1421 2526 REX
1459 2469 1558 2499 illustri
1573 2470 1684 2501 Simoni
1703 2470 1898 2513 Buccanigra’,
1916 2472 2203 2514 DuciJanuensium,
2220 2477 2353 2510 Salutem.
2372 2467 2448 2498 Am·
2463 2466 2503 2497 D*

1406 2493 1557 2539 V'enientes
1572 2510 1681 2546 pridem
1695 2510 1728 2539 ad
1743 2511 1916 2548 praesentiam
1929 2512 2055 2542 nostram
2070 2536 2079 2551 ‚
2098 2523 2166 2546 cum
2187 2516 2289 2547 Literis
2306 2527 2356 2548 ve-
2394 2515 2478 2545 ¹34¹·

1297 2546 1357 2576 stris
1372 2545 1551 2586 Credenti'ae,
1565 2547 1672 2578 discreti
1685 2548 1922 2590 Viri‚'Johannes
1936 2551 2106 2590 Tarrigum,
2123 2555 2156 2584 &
2172 2553 2307 2586 Caffanus
2319 2555 2355 2586 de
2371 2549 2424 2574 An·
2445 2554 2478 2580 ¹5
2481 2567 2488 2572 ⁴

1296 2584 1394 2629 Mari-⁷
1412 2586 1495 2616 nobis
1507 2608 1517 2623 ,
1536 2595 1570 2615 ex
1590 2596 1667 2624 parte
1686 2586 1777 2617 vestra
1791 2610 1801 2626 2
1820 2589 1853 2619 &
1869 2588 2058 2620 Communiae
2075 2589 2174 2630 Januae
2189 2615 2199 2631 ,
2215 2595 2288 2623 inter
2305 2595 2354 2625 alia
2370 2587 2392 2610 E
2421 2593 2433 2619 3
2558 2616 2560 2619 -

1295 2624 1487 2660 supplicarunt
1502 2633 1550 2661 ut,
2369 2622 2505 2658 Claus.15,

1332 2662 1413 2706 Cum
1426 2662 1481 2693 Sex
1494 2661 1592 2692 Gaieae
1601 2662 1719 2702 Januae,
1738 2663 1862 2695 Onustae
1877 2665 2026 2696 Mercibus
2037 2689 2047 2705 2
2064 2667 2115 2697 fiib
2128 2667 2230 2700 fiducia
2243 2669 2355 2701 Securi·
2370 2663 2398 2734 ξ
2419 2669 2444 2724 Ξ·

1295 2707 1354 2731 tatis
2392 2720 2397 2725 ’
2437 2717 2443 2724 ·

1335 2739 1364 2768 T
1363 2724 1413 2769 ’am
1436 2749 1485 2778 per
1500 2764 1509 2776 ,
1533 2739 1650 2770 dilthos
1674 2741 1707 2772 ὃ(
1725 2741 1818 2771 fideles
1837 2741 1948 2772 nostros
1962 2765 1972 2781 ,
1998 2742 2141 2774 Homines
2159 2745 2195 2775 de
2215 2745 2360 2787 mandria,
2375 2746 2411 2764 m·
2429 2733 2504 2773 ²3³¹·

1298 2778 1383 2825 (ζα-ἀτη
1411 2788 1459 2815 per
1479 2778 1673 2809 Nicholinum
1695 2779 1731 2809 de
1753 2779 1863 2818 Flisco,
1896 2782 1930 2812 ὃς
1950 2780 2129 2812 Nicholaum
2154 2783 2228 2815 Usus
2249 2785 2360 2825 Maris,

1298 2815 1547 2846 constabularium
1563 2818 1688 2848 nostrum
1709 2816 1878 2857 Burdegaliae
1892 2841 1901 2857 ‚
1919 2829 1952 2849 ex
1972 2829 2049 2857 parte
2062 2821 2172 2861 nostra,
2192 2824 2225 2854 ὅ(
2240 2833 2289 2861 per
2309 2824 2359 2856 Li-

1297 2862 1366 2884 teras
1381 2854 1484 2884 nostras
1500 2854 1630 2885 Patentes
1644 2856 1787 2893 promissae
1794 2879 1809 2895 ‚.

1328 2891 1436 2922 >Versus
1450 2892 1473 2921 F
1474 2892 1610 2922 landriam
1622 2895 1784 2933 navigarent
1793 2918 1807 2932 „

1336 2930 1381 2959 Ac
1396 2931 1508 2969 quidam
1522 2930 1669 2962 Marinarii'
1679 2955 1688 2969 ,
1705 2931 1801 2963 Reoni
1816 2932 1903 2963 nostri
1919 2933 2031 2974 Angliae
2043 2959 2056 2976 ,
2073 2937 2141 2976 ipsas
2157 2938 2256 2970 Galeas
2271 2939 2360 2970 hosti-

1298 2968 1360 2998 liter
1374 2968 1596 3006 depraedaverint
1604 2992 1614 3008 ,
1633 2971 1666 3000 δε
1680 2956 1901 3010 comssufferint‚

1339 3006 1365 3036 V
1367 3007 1481 3037 ellemus
1495 3008 1533 3037 eis
1554 3007 1589 3037 de
1611 3007 1754 3048 Dampnis
1767 3033 1776 3049 ,
1796 3010 1834 3041 fic
1846 3010 1941 3048 illatis,
1959 3010 2182 3044 Satisfaffionem
2196 3014 2285 3046 facere
2297 3015 2357 3053 ple-

1298 3046 1404 3075 nariam
1417 3046 1449 3076 &
1464 3043 1609 3084 festinam,
1629 3047 1777 3078 adicientes
1788 3048 1885 3088 quod,
1900 3049 1919 3079 fi
1933 3049 1991 3079 hoc
2008 3050 2097 3080 facere
2111 3061 2268 3084 curaremus
2294 3054 2356 3086 Vos

1298 3084 1332 3114 &
1348 3083 1455 3114 Gentes
1474 3084 1661 3115 Communiae
1680 3086 1750 3116 illius
1764 3095 1822 3117 non
1837 3086 1962 3117 faveretis
1976 3087 2137 3119 Adversario
2156 3090 2254 3122 nostro
2269 3077 2356 3124 siran-

1297 3122 1681 3190 eiae·'*se⁶1{³si{0ffens¹⁰“e
1700 3123 1800 3156 Gentis
1821 3126 1854 3157 &
1876 3125 2028 3157 Terrarum
2050 3127 2208 3160 nostrarum
2226 3132 2360 3163 curareris

1354 3168 1407 3190 itus
1426 3171 1439 3190 a
1487 3170 1575 3191 inere·

1295 3170 1399 3229 Ρξὲῗᾶῖοε
1410 3208 1502 3229 autem
1523 3185 1600 3237 fup’er
1613 3200 1664 3231 hiis
1679 3200 1923 3233 Deliberationem
1939 3200 2086 3233 habuimus
2106 3204 2288 3245 diligentem,
2304 3208 2356 3246 &,

1295 3237 1360 3267 licet
1374 3238 1407 3268 ad
1423 3238 1648 3280 Satissaetionem
1665 3239 1867 3280 Dampnorum
1882 3240 2041 3278 hujusmodi
2061 3242 2096 3272 de
2106 3244 2167 3281 jure
2181 3246 2299 3275 minime
2315 3255 2356 3276 te-

1295 3285 1411 3306 neamur
1432 3277 1518 3314 (curn
1532 3278 1625 3308 ioltim
1645 3277 1681 3308 de
1700 3278 1822 3310 Subditis
1842 3278 1959 3316 nostrisa,
1977 3279 2015 3310 sic
2034 3279 2288 3322 Delinquentibus,
2301 3285 2357 3322 Ju-

1294 3314 1398 3345 stitiam
1412 3315 1503 3345 facere
1512 3315 1677 3352 debeamus,
1693 3318 1725 3347 &
1739 3317 1891 3348 multorum
1903 3315 2063 3348 Peritorum
2073 3318 2189 3357 Judicio
2202 3322 2355 3352 dicii-§ub-

1295 3353 1345 3383 diti
1367 3352 1455 3383 nostri
1480 3355 1601 3384 minime
1621 3355 1814 3393 deliquerunt)
1834 3357 1899 3393 quia
1913 3355 1971 3385 satis
1994 3365 2094 3387 notum
2108 3358 2149 3387 est
2168 3360 2281 3396 qualiter
2294 3360 2358 3390 Ga·

1294 3391 1345 3422 leae
1356 3391 1505 3430 Januenses
1518 3393 1591 3430 prius
1605 3392 1740 3432 Regnum
1757 3395 1789 3424 &
1804 3393 1912 3424 Gentes
1926 3394 2019 3424 nostra
2033 3395 2168 3426 hostiliter
2181 3398 2336 3428 invaserunt
2345 3422 2358 3438 ,

1297 3429 1432 3469 Dampna
1455 3431 1537 3460 nobis
1558 3431 1591 3461 &
1615 3432 1716 3461 nostris
1733 3431 1936 3462 inaestimabilia
1954 3433 2100 3463 inferentes
2114 3457 2123 3472 ,
2141 3435 2174 3464 &
2190 3435 2356 3467 Adversario

1294 3468 1394 3498 nostro
1408 3469 1474 3499 totis
1486 3469 1590 3500 viribus
1605 3470 1792 3507 adhaeserunt,
1812 3480 1925 3508 propter
1940 3471 2017 3508 quod
2028 3471 2130 3502 licebat
2144 3473 2205 3503 illos
2221 3475 2287 3511 pers
2316 3477 2360 3515 ui,

1295 3517 1364 3537 cum
1379 3507 1453 3537 nulla
1467 3507 1586 3544 Treuga
1600 3508 1628 3537 in
1645 3508 1698 3537 illis
1713 3508 1834 3545 partibus
1853 3517 1923 3538 tunc
1945 3511 2032 3538 fuerat
2052 3510 2206 3549 publicata,
2221 3522 2275 3542 nec
2322 3523 2358 3543 c-

1296 3546 1386 3575 mines
1399 3568 1409 3583 ,
1427 3545 1573 3575 existentes
1588 3546 1615 3574 in
1631 3545 1770 3577 Galeisfic
1783 3548 1885 3585 captis,
1904 3546 2008 3577 Literas
2022 3547 2129 3578 nostras
2145 3548 2335 3582 protectionis
2348 3575 2359 3590 ,

1296 3583 1342 3613 vel
1357 3584 1476 3622 Signum
1492 3583 1565 3613 aliud
1583 3582 1832 3616 Reconciliationis
1847 3585 1928 3616 faetae
1942 3586 2091 3616 nobiscum
2099 3609 2110 3624 2
2124 3586 2161 3617 set
2177 3589 2270 3627 potius
2283 3599 2359 3627 cortq

1295 3623 1409 3653 trarium
1423 3622 1620 3660 ostenderunt,

1332 3660 1402 3691 Nec
1422 3659 1514 3693 obstat
1534 3661 1616 3690 nobis
1637 3660 1767 3698 praetensa
1792 3660 1944 3691 Promiffio
1960 3684 1970 3700 ,
1989 3662 2054 3699 quia
2074 3662 2164 3693 solum
2180 3665 2359 3701 promisimus

1294 3698 1373 3741 quod
1388 3721 1398 3737 ,
1417 3699 1446 3728 in
1467 3699 1527 3728 casu
1546 3709 1606 3736 quo
1627 3700 1746 3736 placeret
1760 3698 1938 3730 Hominibus
1959 3700 2044 3730 dictae
2060 3699 2190 3733 Civitatis
2202 3704 2237 3733 ab
2251 3703 2359 3736 Offen-

1294 3739 1372 3768 lione
1387 3736 1482 3767 nostra
1495 3738 1605 3774 penitus
1619 3737 1755 3767 abstinere
1788 3737 1876 3775 ipsos,
1895 3746 1926 3767 ut
1941 3737 2061 3769 Amicos
2073 3739 2201 3778 nostros,
2221 3742 2356 3774 benivore

1293 3776 1491 3813 tractaremus,
1509 3775 1559 3812 qui
1573 3774 1640 3804 Nos
1659 3776 1692 3805 &
1713 3759 1821 3805 noiiros
1843 3775 2032 3815 postmodum
2047 3778 2075 3807 in
2091 3777 2214 3814 pluribus
2225 3780 2359 3814 offende-

1295 3821 1377 3852 runt,
1397 3813 1431 3843 &
1448 3814 1484 3843 sic
1499 3812 1593 3845 nostra
1606 3812 1757 3844 Promissio
1771 3823 1822 3843 nos
1836 3815 1949 3845 ulterius
1963 3825 2021 3844 non
2036 3816 2129 3854 ligavit

1334 3850 1566 3882 Consideratione
1581 3858 1674 3881 tamen
1683 3873 1694 3889 ‚
1708 3851 1879 3882 dilectorum
1893 3853 1926 3882 ὃ(
1940 3852 2065 3883 fidelium
2083 3839 2247 3887 noiirorum
2262 3881 2272 3896 ,
2289 3858 2360 3889 Ho..

1296 3890 1407 3921 minum
1429 3889 1466 3919 de
1486 3887 1612 3919 Flandria
1627 3912 1637 3927 ,
1655 3889 1736 3919 nobis
1759 3889 1837 3927 super
1850 3891 1907 3921 hoc
1920 3890 2153 3932 supplicantium,
2169 3905 2202 3925 ac
2222 3897 2305 3927 etiam
2323 3896 2358 3928 ad

1294 3927 1509 3958 Renovandum
1532 3927 1648 3957 Amoris
1670 3928 1855 3958 sinceritatem
1871 3952 1881 3966 ,
1898 3938 1964 3968 quae
1982 3931 2054 3960 inter
2074 3930 2211 3963 Domum
2233 3934 2359 3964 nostram

1295 3966 1422 4003 Regiam
1433 3966 1466 3996 &
1478 3964 1622 3995 Homines
1636 3966 1722 3996 dic'tae
1735 3965 1864 3997 Civitatis
1877 3967 2000 4006 viguerat
2015 3969 2051 3999 ab
2064 3971 2181 4008 antiquo
2192 3974 2292 4011 (quam
2306 3982 2361 4002 no·

1294 4004 1356 4034 stris
1387 4004 1563 4041 temporibus
1582 4005 1714 4041 cupimus
1734 4004 1888 4043 adaugeri)
1914 4006 2023 4036 tractari
2043 4006 2163 4038 fecimus
2191 4019 2258 4040 cum
2278 4009 2361 4039 dietis

1295 4042 1424 4073 Nunciis
1442 4042 1521 4079 super
1543 4041 1737 4072 Satisfae‘tione
1751 4042 1956 4081 Dampnorum
1969 4045 2188 4086 praedictorum,
2206 4049 2239 4081 &
2251 4047 2363 4079 Amici<

1300 4080 1339 4114 n‘a
1354 4081 1491 4120 perpetua
1504 4081 1606 4115 mutuo
1622 4079 1761 4119 ineunda,
1826 4118 1862 4151 N
2329 4122 2354 4155 E
