2556 4263
201 229 230 263 Ρ

201 283 229 322 ,Ψ

335 226 363 260 .>

334 279 361 317 ,⁷³

176 347 246 387 1328
280 353 294 372 2
304 345 372 372 Edv.
383 353 408 381 3.

170 2638 242 2669 ³339

438 132 838 180 INDEX
921 133 2086 184 CHRONOLOGICUS.

477 226 504 271 Ξ

475 273 504 316 ἓ)

433 424 442 442 r
471 412 558 452 Julii.

488 498 503 524 7

465 575 496 593 12

463 724 497 752 23

446 801 458 828 3
471 794 542 828 Aug.

469 1145 500 1163 10

468 1211 499 1237 16

463 1375 500 1393 22

463 1567 497 1595 30

434 1755 542 1787 15Sept.

465 1865 498 1892 16

463 1987 499 2014 29

462 2026 497 2044 22

464 2177 497 2200 27

429 2286 463 2313 ¹5
480 2278 539 2306 od.

466 2353 500 2381 28

430 2550 464 2578 28
472 2555 541 2579 Nov.

441 2625 553 2665 15Jan.

275 2818 401 2855 gram.
446 2815 542 2851 ffebr-

286 4029 360 4061 rom.
373 4031 415 4062 ΙΙ.

472 2972 503 2997 16

469 3090 503 3108 20

466 3210 498 3238 23

447 3285 463 3303 2
486 3279 557 3306 Mar.

483 3400 497 3428 3

485 3584 504 3612 4

473 3739 504 3757 12

473 3777 507 3804 15

456 3929 467 3947 ι
483 3922 549 3958 Apr.

573 1943 792 1980 comprehensis,
812 1955 869 1973 non
883 1946 1013 1975 facienda.
1187 1950 1220 2014 ig
1257 1950 1276 2000 ξ

1189 1998 1198 2014 1

1232 222 1340 262 gib?

580 374 629 401 dis.

618 413 661 438 De
686 410 792 439 Isabella
817 412 924 449 Regina
940 413 973 439 ad
994 422 1078 450 partes
1094 416 1224 443 Berewici
1235 385 1279 462 ςὲἒ

581 449 744 486 profestum.
1192 461 1227 491 14
1235 425 1280 503 gl&

619 489 661 514 De
684 486 877 515 proclamando
899 499 934 517 ne
956 491 1015 527 quis
1038 498 1155 518 armatus
1173 492 1224 522 ire,
1237 505 1245 529 g
1259 504 1282 542 [ἓ

581 524 625 553 seu
642 526 708 552 Vim
725 526 820 553 ducere
837 527 988 563 praesumat.
1161 505 1281 583 ibid3531ffi

623 562 800 591 Proclamatio
813 566 887 601 quod
904 575 1017 599 omnes,
1037 567 1083 604 qui
1104 566 1227 604 prosequi
1241 587 1246 594 .
1265 584 1282 607 ⁷3

583 601 714 629 voluerint
739 611 787 638 pro
811 603 926 631 Damnis
947 605 984 631 eis
1011 604 1085 632 illatis
1105 614 1151 641 per
1167 585 1283 661 Ηο-Ξᾎέξ

583 639 669 667 mines
677 640 710 667 dc
722 640 841 668 Flandria
850 662 858 674 ,
875 642 983 670 venient
991 643 1023 670 ad
1032 651 1135 671 certum
1146 643 1229 671 diem.
1239 625 1284 703 ὴὲ

1196 692 1205 708 Ῑ
1239 692 1282 715 ις’-ὰ

620 717 673 743 Pro
704 716 914 755 Archiepiscopo
938 719 1111 747 Armachano
1139 691 1228 747 Com':
1238 705 1284 784 ἐξ,

990 379 1063 404 Part.
1079 381 1125 404 III.
1145 383 1171 413 p.
1191 385 1225 420 r4
1270 386 1277 393 ’

584 755 760 782 mendatoria.
1158 758 1222 786 ibid.

623 793 664 819 De
681 792 875 822 Proclamando
888 795 988 832 nequis
1001 795 1026 822 se
1044 795 1181 824 transferat
1197 797 1229 824 ad
1239 786 1283 835 yffi}

582 837 668 867 partes
687 832 808 860 Exteras.
1195 844 1227 870 15
1240 825 1283 875 {iffi}

619 869 661 896 Ad
680 871 796 906 Papam,
817 870 892 907 super
909 873 1030 901 Levitate
1046 873 1226 905 wallensium,
1239 892 1246 902 .
1261 866 1282 906 l&

584 908 611 935 &
626 907 660 934 de
678 907 817 936 Eleffione
838 911 874 937 H.
889 909 921 937 de
945 912 1051 939 Gower
1074 913 1102 939 in
1117 911 1227 949 Episco-
1238 919 1247 929 0

1257 906 1283 945 6-ῑῖ

583 954 650 982 pum
669 946 869 975 Menevensem.
1163 950 1228 978 ibid.
1256 947 1282 995 Ιξ

624 984 719 1012 Literae
734 985 768 1012 de
785 986 943 1019 Credemia,
963 988 995 1015 ad
1005 987 1105 1016 Villam
1120 988 1152 1016 de
1161 990 1224 1016 Bru·
1256 1021 1258 1024 Ι

582 1030 639 1059 ges.
1075 1062 1078 1066 ι
1194 1036 1226 1062 ¹5
1273 1066 1281 1075 δ

618 1061 670 1088 Pro
688 1063 879 1092 Mercatoribus
897 1065 1050 1098 Extraneis,
1071 1064 1226 1108 Confirma·
1238 1066 1258 1098 ἐξ
1271 1079 1281 1090 ⁴

583 1099 623 1126 tio
640 1101 737 1128 Cartae.
1161 1103 1226 1131 ibid.
1237 1119 1245 1130 ι
1265 1109 1280 1130 ’ὃ

620 1139 663 1164 De
678 1139 825 1174 Qarteriis
833 1140 962 1177 Corporis
970 1141 1081 1170 Andreae
1096 1142 1129 1169 de
1144 1144 1224 1170 Hart-
1235 1159 1244 1171 2
1259 1147 1260 1150 ’

580 1173 620 1202 cla
637 1177 718 1203 Sarrae
734 1177 825 1203 Sorori
837 1177 888 1204 suae
898 1179 1046 1207 liberandis.
1193 1190 1223 1215 17
1237 1186 1244 1197 ⁶
1271 1187 1280 1211 ὲ

617 1214 659 1240 Ad
676 1215 774 1250 Papam
788 1224 836 1251 pro
853 1216 988 1254 Episcopo
1006 1217 1177 1251 Menevenfi‚
1198 1222 1225 1247 &
1236 1240 1244 1252 ,
1262 1227 1280 1237 ”

579 1250 611 1278 de
629 1252 752 1280 Levitate
769 1253 915 1282 Cervicosa
932 1254 1113 1284 Walleniium.
1193 1267 1224 1292 17
1238 1268 1257 1295 ἃ,

1238 1295 1254 1303 ε,

617 1291 661 1317 Ad
676 1290 844 1324 Cardinales,
866 1301 915 1329 pro
931 1295 1061 1331 praedisto
1073 1296 1261 1466 Menevenfi}

1235 986 1282 1266 Qffmw

1257 1232 1281 1346 W&

581 1327 726 1365 Episcopo.
1161 1334 1226 1362 ibid.

1272 1347 1280 1357 ι

1258 1347 1280 1386 G?

619 1367 661 1393 De
683 1367 814 1395 Potestate
835 1369 894 1396 data
914 1370 1043 1398 transtandi
1062 1380 1126 1398 cum
1149 1373 1225 1400 Duce

582 1404 727 1433 Brabantiae
735 1426 743 1439 ‚
763 1406 796 1434 de
805 1407 1048 1437 Confoederatione
1058 1411 1084 1438 δε
1095 1411 1224 1438 Retinen-

1192 1459 1201 1476 1

580 1449 659 1510 nabe
675 1483 807 1511 Potestate
823 1483 954 1512 traetandi
973 1495 1037 1514 cum
1060 1487 1173 1516 Comite
1191 1459 1224 1516 dit

581 1521 635 1547 Los
652 1523 679 1549 &
695 1521 760 1549 aliis.

1273 1388 1281 1397 a

1258 1388 1280 1438 «35³

1160 1525 1214 1554 ibid
1235 1549 1242 1559 ς

615 1560 666 1586 Pro
685 1561 764 1596 Rege
777 1579 785 1591 ‚
805 1560 839 1587 de
856 1562 969 1598 Targeis
988 1564 1015 1590 δε
1041 1562 1139 1591 Balistis
1160 1573 1222 1601 pro-

578 1596 710 1625 videndis.
1192 1603 1222 1630 18

614 1636 657 1662 De
672 1636 865 1673 Distringendo
881 1637 1064 1675 Episcopus&
1079 1639 1144 1668 alios
1159 1642 1219 1669 Ho-
1233 1657 1240 1667 ι

578 1673 664 1700 mines
679 1674 712 1702 de
736 1675 906 1703 Normannia
923 1677 956 1704 ad
977 1677 1131 1706 faciendum
1149 1680 1221 1718 Regi

577 1712 749 1749 Homagium
766 1715 793 1741 ὃς
810 1713 971 1742 Fidelitates.
1155 1718 1220 1748 ibid.
1232 1723 1241 1735 0

611 1750 654 1776 De
670 1750 803 1779 Potestate
824 1752 884 1779 data
902 1755 1034 1782 trathandi
1053 1754 1129 1792 super
1144 1756 1218 1784 Con·
1231 1764 1240 1775 *
1255 1763 1256 1767 ¹

578 1787 756 1816 foederatione
774 1792 801 1818 ὃς
827 1791 984 1821 Retinentia
1004 1794 1031 1820 in
1052 1794 1167 1831 partibus
1183 1797 1220 1822 A-
1254 1830 1256 1833 ι

577 1827 714 1864 quitaniae.
1157 1833 1222 1862 ibid.
1232 1859 1239 1869 t

617 1866 669 1893 Pro
685 1867 856 1904 Magnatibus
867 1869 1017 1906 Aquitaniae
1026 1891 1033 1902 ‚
1045 1871 1078 1898 de
1091 1872 1220 1910 Indemp-
1231 1870 1253 1910 {gl

579 1904 660 1931 nitate
671 1926 681 1941 ,
699 1907 726 1933 ὅτ,
744 1906 777 1933 de
792 1907 875 1939 Pace,
897 1907 945 1934 nisi
966 1908 1060 1936 iisdem
1077 1910 1105 1937 in
1124 1900 1276 2062 eadem}

1253 1427 1279 1680 :ffmffiffifflffl‘

1254 1680 1276 1749 m

1231 1738 1276 1869 ssffissff

1268 1870 1276 1880 ι

1254 1870 1276 1921 νῶΐ*

615 1982 658 2009 De
679 1983 759 2010 Bonis
778 1983 944 2012 Gallicorum
961 1986 1135 2016 Arrestandis.

615 2020 658 2047 Ad
669 2023 769 2058 Papam
778 2042 786 2054 ,
805 2022 881 2060 super
895 2025 1092 2053 Vexationibus
1105 2027 1133 2053 in
1143 2027 1223 2054 Curia
1232 2046 1249 2070 5.

579 2058 717 2092 Romana,
1190 2074 1221 2100 19

613 2098 697 2136 Super
714 2100 912 2128 Vexationibus
926 2101 1079 2143 antediffis.
1186 2112 1218 2137 19

613 2136 697 2173 Super
714 2139 911 2165 Vexationibus
927 2141 1096 2166 Memoratis.
1187 2150 1218 2175 19
1231 2165 1239 2176 ,

618 2172 661 2199 De
677 2175 826 2201 Armaturis
839 2195 847 2206 ,
869 2183 928 2211 qua:
950 2175 1058 2203 fuerunt
1078 2177 1217 2204 Bartholo-

577 2209 639 2234 maei
654 2210 687 2237 de
702 2210 881 2239 Badelesmere
896 2232 903 2243 ,
931 2212 1049 2249 Johanni
1069 2215 1102 2241 de
1123 2217 1220 2243 Monte

577 2244 693 2273 Gomeri
706 2246 855 2276 liberandis.
1156 2254 1221 2283 ibid.
1232 2258 1239 2267 ‘

613 2282 656 2309 De
677 2284 843 2312 intendendo
868 2287 901 2313 ad
924 2288 1133 2316 Parliamentum
1151 2294 1219 2327 apud

576 2320 671 2348 Sarum
684 2321 868 2350 inchoandum
886 2326 1035 2361 Deputatis.
1184 2339 1219 2356 20
1242 2339 1249 2345 ‘

616 2360 658 2387 De
673 2360 789 2389 Bonis&
800 2361 920 2394 catallis,
943 2364 1125 2392 Mercatorum
1136 2368 1216 2394 Fran·
1232 2363 1240 2373 ‘
1255 2389 1276 2427 Q

1157 2406 1221 2433 ibid.
1233 2417 1249 2427 υ
1268 2430 1276 2438 ,

617 2437 659 2463 De
674 2438 772 2464 Forma
789 2439 861 2465 Pacis
878 2449 941 2467 cum
960 2442 1037 2478 Rege
1060 2443 1172 2476 Scotiae,
1192 2447 1218 2472 &
1232 2429 1276 2489 {iii}

573 2474 793 2510 poffessionibus,
815 2476 936 2505 Personis
958 2479 1160 2514 Ecclefiasticis,
1178 2492 1216 2509 re-
1233 2478 1277 2522 ἕν’ἧξξ

579 2512 726 2541 stituendis.
1190 2530 1223 2548 20
1233 2509 1277 2560 ab}

618 2552 668 2578 Pro
683 2551 794 2579 Thoma
811 2554 844 2580 de
853 2555 1081 2594 Sabaudia,super
1098 2558 1218 2585 Praeben-
1234 2550 1277 2599 ’ῖξΙξξ

579 2589 612 2616 da
625 2590 652 2616 in
668 2589 781 2617 Ecclesia
797 2592 918 2628 Rippon.
1158 2597 1222 2625 ibid.
1234 2599 1277 2639 ’,ςξ

617 2628 829 2657 Memorandum
844 2631 876 2658 de
893 2633 998 2670 Magno
1020 2633 1112 2672 Sigillo
1127 2636 1220 2672 Regis
1233 2617 1277 2708 ἓξὲξ

1188 2684 1222 2701 20
1233 2679 1258 2707 ἷςῗι

817 2744 853 2772 A.
874 2754 901 2782 3.
927 2748 960 2775 E.
981 2754 1004 2783 3.
1231 2708 1277 2868 ἐξ

614 2820 696 2856 Super
709 2820 804 2848 Castro
818 2822 851 2849 de
868 2823 995 2860 Kaerfilly
1005 2845 1011 2855 ,
1032 2834 1078 2861 per
1087 2827 1216 2855 Abertum
1232 2844 1240 2854 ν
1253 2830 1275 2868 ξ

579 2856 716 2885 wiliielmi
733 2859 766 2885 de
780 2858 803 2885 la
817 2860 932 2888 Zouche
947 2862 1071 2892 Obsefl‘o.
1186 2877 1214 2894 2,
1231 2858 1274 2908 {ig

614 2896 657 2922 De
679 2895 825 2924 Willielmo
846 2897 998 2935 supradicto
1026 2903 1219 2948 Attachiandps
1230 2898 1273 2963 ΞΙΞ

616 2973 658 3000 Ad
673 2972 829 3002 Gailardum
847 2975 1015 3018 Cardinalem
1026 2998 1033 3009 ‚
1053 2977 1129 3016 super
1144 2943 1220 3018 Jliii-ii-
1230 2948 1274 3028 ἐξ

577 3009 626 3036 bus
643 3012 816 3040 Univerfiatis
832 3014 950 3041 Oxoniae
963 3036 971 3046 ‚
998 3024 1043 3052 pet
1060 3018 1152 3054 Ipsum
1168 3028 1217 3056 op-
1230 3019 1275 3068 {Qu

577 2397 627 2424 ciae
637 2418 644 2429 ,
666 2399 873 2429 Dearrestandis.

580 3047 678 3083 preffis.
1188 3068 1217 3085 21
1231 3058 1237 3068 ‘
1249 3037 1275 3109 ῃῖξξ

627 3087 710 3122 Super
732 3088 949 3118 Canonizatione
978 3091 1042 3119 almi
1066 3095 1125 3122 Viri
1155 3096 1220 3123 Wil—
1250 3080 1275 3136 ἐξ

576 3121 659 3150 lielmi
683 3124 715 3151 de
741 3126 883 3160 Marchia,
905 3130 958 3166 ⁴qui
982 3131 1116 3160 Miraculis
1149 3132 1220 3162 fulsit
1253 3115 1275 3150 [ζ’

579 3161 697 3198 Magnis.
1156 3172 1221 3200 ibid.
1231 3160 1275 3230 ἕξ

616 3200 659 3227 Ad
674 3202 775 3237 Papam
787 3201 866 3241 super
878 3205 1001 3234 indebitis
1025 3208 1220 3238 Vexationibus
1232 3231 1238 3241 ς
1253 3192 1275 3240 Q

585 3238 612 3265 in
623 3239 704 3266 Curia
719 3241 856 3269 Romana.
1188 3258 1219 3277 21
1250 3233 1275 3270 ig

613 3277 665 3304 Pro
681 3278 797 3306 Arnaldo
814 3280 847 3308 de
860 3279 958 3318 Tryan
968 3302 976 3314 ‚
1003 3283 1113 3321 Nepote
1135 3287 1220 3324 Papae.
1231 3284 1240 3296 ⁶
1253 3278 1275 3339 i}

613 3355 665 3382 Pro
682 3357 761 3384 Petro
777 3356 809 3384 de
824 3357 878 3384 Via
895 3358 973 3395 Papae
989 3360 1108 3398 Nepote.
1155 3336 1220 3392 ibidz.
1230 3334 1274 3430 ἕξ

614 3393 657 3420 Ad
671 3395 770 3431 Papam
781 3416 789 3426 ‚
808 3404 858 3431 pro
878 3397 1019 3426 Leonardo
1041 3400 1073 3427 de
1099 3401 1219 3430 Tibercis
1230 3392 1251 3431 {ii
1265 3434 1273 3442 δ

576 3430 603 3457 in
619 3432 740 3459 Priorem
757 3433 901 3469 Hospitalis
915 3436 1004 3463 saneti
1021 3437 1154 3474 Johannis
1174 3445 1218 3479 Je-
1230 3432 1274 3481 {31ssss

576 3468 688 3497 rusalem
703 3471 730 3498 in
746 3471 843 3509 Anglia
855 3472 1037 3509 praeficiendo.
1185 3490 1218 3507 22
1230 3472 1274 3510 {35ss

613 3508 656 3535 Ad
673 3509 834 3546 Magistrum
851 3510 994 3549 Hospitalis
1005 3523 1055 3551 pro
1063 3515 1138 3543 disto
1149 3519 1218 3546 Leo·
1230 3504 1274 3551 {iffi}

580 3545 673 3574 nardo.
1156 3556 1220 3584 ibid.
1230 3552 1275 3591 {118}

613 3584 664 3612 Pro
681 3585 812 3624 Magistro
829 3588 941 3616 Simone
955 3589 988 3617 de
1006 3591 1102 3620 Monte
1119 3595 1220 3623 Acuto.
1231 3593 1250 3629 ‘¹
1266 3592 1274 3602 '

1187 3633 1238 3660 22⁵
1266 3632 1274 3642 ²

617 3659 669 3687 Pro
684 3662 763 3690 Petro
785 3664 818 3691 de
842 3665 954 3693 Mortuo
976 3667 1045 3695 Mari
1068 3670 1216 3703 Cardinali,
1231 3660 1275 3711 {iffi

583 3694 614 3722 de
628 3697 754 3728 Pensione
769 3703 901 3732 concessa.
1266 3712 1275 3722 ⁰

1185 3719 1218 3746 23

620 3733 672 3761 Pro
685 3739 817 3768 Bernardo
835 3741 868 3768 de
884 3741 906 3769 le
920 3744 1009 3773 Breto.
1156 3747 1220 3776 ibid.
1252 3752 1274 3791 ιὲ

620 3771 660 3798 Ad
680 3775 814 3813 Magnates
838 3780 988 3817 Aquitaniae
1003 3803 1011 3815 ‚
1046 3782 1121 3820 super
1146 3785 1274 3831 Statuffiffi

586 3810 706 3838 Ducatus
719 3816 848 3848 praedisti.
1185 3834 1218 3861 23
1249 3826 1251 3829 ’
1266 3832 1275 3842 ³

622 3849 673 3874 Pro
690 3850 833 3882 Willielmo
847 3857 959 3885 Comite
973 3858 1113 3896 Juliacenfi
1122 3861 1155 3889 de
1166 3863 1219 3889 An·
1253 3872 1275 3911 ἕ

584 3886 683 3914 nuitate
699 3886 828 3921 solvenda.
1158 3900 1222 3928 ibid.

584 3961 614 3990 in
632 3963 708 4000 Papae
722 3963 801 3994 Bullis
808 3972 956 4006 contentis,
975 3983 1039 4011 pure
1053 3977 1222 4004 renunciatis.

624 3925 667 3952 De
684 3925 791 3959 Verbis,
811 3931 901 3968 Regio
918 3934 976 3969 Juri
987 3935 1220 3972 praejudicialibu5‚
1253 3912 1276 3961 ξ

1159 4015 1224 4043 ibid.
1260 4032 1278 4040 ἰ

1445 225 1472 260 ÷>

1448 281 1473 307 7²

618 336 660 362 De
677 335 756 363 Bonis
774 336 800 363 ὅ(
811 335 916 364 Catallis
927 335 1090 365 Gallicorum
1102 339 1223 366 Arestan-
1232 316 1242 368 i
1252 316 1277 382 {ff}
1290 357 1299 375 ι
1308 357 1359 385 329
1392 348 1403 374 3
1416 338 1480 366 Eclv.
1493 346 1519 377 3.

2253 161 2275 186 X
2286 164 2308 188 X
2323 164 2339 192 ἶ

1589 228 1616 257 Ξ

1589 260 1607 291 3

1590 295 1618 318 e?

1580 336 1613 363 ¹4
1727 346 1767 373 Ad
1791 348 1897 387 Regem
1920 351 2082 378 Francorum
2107 349 2181 388 super
2196 351 2329 390 *homagio

1688 380 1819 414 faciendo.
2103 393 2174 417 Part.
2191 395 2236 418 m.
2251 397 2275 426 p.
2293 401 2325 428 23

1580 422 1610 449 ¹7
1728 420 1778 447 Pro
1795 424 1906 452 Themi
1926 426 2048 455 Randolf
2067 428 2178 455 Comite
2201 429 2232 456 dt:
2251 431 2325 456 Mur-

1689 455 1744 487 ref,
1764 459 1795 485 de
1812 462 1890 490 Salvo
1905 466 2061 493 Condudtu.
2272 468 2326 495 ibid

1581 498 1616 525 24
1726 495 1874 526 Prohibitio
1890 512 1921 529 ne
1938 505 1997 540 quis
2006 504 2031 531 se
2047 502 2184 531 transferat
2199 505 2230 532 :id
2242 506 2328 533 Partes

1688 531 1897 564 Transmarinas.
2292 553 2327 579 24

1576 565 1610 591 26
1725 571 1769 597 De
1786 581 1839 599 non
1857 579 2035 610 permittendo
2051 579 2152 618 aliquos
2167 579 2272 608 transire
2297 585 2329 610 ad

1604 637 1606 639 ‚
1687 606 1772 635 dietas
1786 618 1880 645 partes.
2263 619 2327 648 ibid.

1577 640 1610 668 28
1724 647 1766 673 Ad
1788 648 1929 678 Comitem
1953 654 2074 684 Holsatiae
2088 677 2095 689 ,
2124 658 2215 694 Regni
2237 658 2327 686 Daciae

1687 683 1847 713 Custodem.
2262 696 2327 725 ibid.

1724 723 1767 749 Ad
1792 725 1898 752 Ducem
1929 728 2094 765 Hollandiae,
2120 735 2196 773 super
2215 735 2328 770 Querela

1688 760 1803 788 Roberti
1818 764 1850 790 de
1865 764 2016 803 Musgruve.
2292 785 2328 811 24

1546 796 1646 831 7Mai1'.
1726 800 1768 826 De
1785 801 1907 830 Navibus
1922 813 1972 840 pro
1995 807 2113 845 Passagio
2136 813 2219 850 Regis
2234 815 2327 850 paran-

1591 866 1607 892 8
1688 837 1739 865 dis.
2259 852 2323 880 ibid.

1726 877 1770 903 De
1794 879 1973 908 Providentiis
2002 881 2028 908 in
2050 884 2164 919 partibus
2194 889 2308 918 Franciae
2321 910 2328 922 ‚

1686 923 1735 951 pro
1751 916 1827 953 Rege
1843 926 1956 945 venturo
1970 918 2106 948 faciendis.
2261 929 2326 957 ibid.

1592 953 1610 978 9
1725 954 1809 990 Super
1829 956 1939 984 Metallo
1960 959 2073 995 Argenti
2088 969 2133 996 per
2147 969 2230 990 artem
2245 966 2327 994 Alke-

1688 992 1788 1019 moniae
1803 994 1986 1024 conficienda
2294 1017 2330 1043 24

1724 1030 1777 1057 Pro
1793 1032 1900 1067 jacobo
1916 1035 1949 1062 de
1967 1036 2086 1074 Douglas
2106 1036 2207 1071 Milite,
2228 1042 2259 1069 de
2275 1045 2329 1071 Rc-

1687 1067 1826 1096 stitutione
1841 1072 1984 1100 Terrarum
2000 1074 2027 1101 in
2045 1077 2144 1112 Regno
2163 1077 2274 1115 Angliae.
2295 1091 2329 1117 25

1578 1106 1607 1133 ¹3
1726 1107 1777 1133 Pro
1789 1107 1911 1136 Roberto
1920 1111 1997 1147 Rege
2008 1114 2104 1141 Scotiae
2114 1134 2121 1145 ‚
2142 1114 2217 1153 super
2227 1119 2330 1146 Decem

1689 1143 1799 1172 Milibus
1814 1147 1965 1175 Marcarum
1982 1149 2124 1179 solvendis.
2267 1156 2332 1185 ibid.

1725 1184 1778 1210 Pro
1792 1185 1890 1212 eodem
1907 1187 1994 1224 Rege.
2296 1205 2310 1221 2

1726 1222 1777 1249 Pro
1795 1223 1929 1261 Magistris
1944 1228 1970 1253 &
1987 1226 2134 1257 Scolaribus
2148 1231 2334 1261 Univerfitatis

1688 1260 1806 1288 Oxoniae
1816 1281 1823 1292 ‚
1840 1269 1934 1289 contra
1950 1266 2114 1294 Vexationes
2128 1269 2252 1298 Gaillardi
2267 1273 2333 1299 Car-

1690 1297 1783 1326 dinalis
1798 1298 1961 1336 saepediEtas.
2268 1311 2335 1338 ibid.

1574 1336 1608 1354 22
1724 1338 1767 1364 De
1783 1338 1950 1367 Inhibitione
1963 1340 2040 1379 super
2055 1344 2135 1372 Fadia
2144 1347 2291 1376 Armorum
2308 1350 2336 1376 in

1687 1373 1803 1403 absentia
1818 1378 1912 1415 Regis.
2301 1395 2336 1422 25

1575 1412 1610 1439 ²5
1727 1414 1770 1441 De
1791 1415 1903 1444 Comite
1924 1419 2068 1447 Cornubiae
2090 1421 2209 1449 Custode
2225 1424 2332 1462 Regni,

1688 1450 1794 1480 absente
1811 1455 1904 1492 Rege,
1924 1458 2083 1487 constitum.
2270 1464 2334 1491 ibid.

1728 1492 1771 1518 De
1787 1493 1919 1521 Potestate
1930 1515 1936 1525 ,
1957 1496 2045 1522 eidem
2057 1498 2170 1526 Custodi
2184 1500 2257 1533 data.
2268 1512 2337 1531 con-

1688 1529 1800 1557 cedendi
1816 1532 1967 1560 Licentiam
1983 1533 2109 1572 eligendi.
2301 1545 2336 1570 26

1727 1568 1770 1594 De
1785 1570 1899 1598 Pecunia
1908 1581 1956 1608 pro
1972 1572 2092 1610 Pafl'agio
2102 1577 2185 1614 Regis
2195 1598 2202 1609 ‚
2220 1580 2246 1605 ἃ
2255 1581 2338 1609 etiam

1689 1613 1739 1641 pro
1757 1608 1925 1636 Hominibus
1947 1610 1979 1637 de
1994 1612 2135 1647 Hanania,
2155 1623 2248 1644 contra
2270 1620 2337 1646 Sco-

1689 1650 1732 1671 tos
1745 1644 1848 1672 dudum
1867 1648 2044 1677 venientibus.
2301 1659 2338 1685 26

1574 1685 1609 1712 26
1727 1683 1770 1709 De
1791 1685 2021 1714 Transfrctatione
2040 1690 2124 1726 Regis
2144 1692 2231 1720 versus
2254 1695 2336 1724 Fran-

1690 1721 1772 1749 ciam.
2271 1733 2338 1763 ibid.

1727 1760 1852 1789 Nomina
1860 1761 1967 1791 illorum
1977 1765 2024 1802 qui
2038 1774 2103 1793 cum
2120 1767 2197 1805 Rege
2213 1771 2338 1800 transfre-

1690 1802 1790 1827 tarunt.
2272 1810 2336 1838 ibid.

1575 1846 1610 1874 29
1726 1837 1770 1864 De
1785 1839 1850 1875 Jure
1866 1841 1957 1878 Regio
1973 1852 2028 1871 non
2044 1843 2182 1872 violando.
2304 1851 2339 1877 26

1575 1884 1605 1911 31
1730 1876 1772 1902 De
1782 1878 1910 1906 Custodia
1921 1882 2014 1918 Magni
2024 1883 2109 1920 Sigiili
2120 1884 2284 1913 Commissa.
2304 1897 2337 1923 27

1555 1913 1649 1951 6Jun.
1731 1915 1945 1945 Instrumentum
1957 1922 2089 1958 Homagii
2099 1943 2106 1954 ,
2115 1931 2160 1958 per
2170 1923 2339 1953 Edwardum

1691 1950 1836 1987 Tertium,
1858 1957 1999 1985 Ambianis
2016 1959 2133 1988 fadtum.
2273 1965 2338 1993 ibid.

1584 2000 1612 2018 11
1728 1991 1771 2018 De
1787 1994 1888 2022 Reditu
1899 1996 1984 2034 Regis
1996 2007 2010 2024 a
2024 1999 2140 2035 partibus
2157 2000 2283 2030 Franciae.
2304 2013 2338 2038 27

1578 2038 1609 2056 12
1729 2030 1771 2057 Ad
1789 2033 1903 2068 Papam,
1927 2035 1987 2062 Rex
2002 2036 2186 2064 instantiflime
2207 2041 2289 2075 petit,
2309 2049 2340 2069 ut

1692 2068 1827 2096 Robertus
1840 2071 1874 2097 de
1893 2072 1992 2108 Wyvill
2007 2074 2033 2100 in
2043 2074 2206 2111 Episcopum
2224 2078 2338 2107 Bathon.

1691 2106 1719 2132 &
1738 2106 1849 2136 Wellen.
1863 2118 2066 2146 promoveatur.
2303 2127 2337 2153 27

1571 2149 1605 2175 14
1730 2146 1773 2172 Ad
1789 2146 2029 2186 Archiepiscopum
2045 2151 2164 2179 Eborum
2181 2154 2214 2181 de
2224 2163 2279 2182 non
2295 2163 2337 2184 tu-

1692 2182 1852 2212 multuando
1866 2185 1942 2223 super
1954 2188 2113 2223 bajulatione
2134 2192 2237 2220 Crucis.
2273 2194 2340 2222 ibid.

1730 2222 1880 2250 Confimile
1911 2227 2071 2254 Mandatum
2093 2229 2126 2255 ad
2147 2229 2337 2266 Archiepisco-

1691 2268 1757 2294 pum
1776 2261 2006 2290 Cantuariensem.
2271 2270 2338 2299 ibid.

1576 2293 1608 2316 16
1731 2297 1773 2320 De
1788 2297 1929 2324 tractando
1950 2299 2026 2335 super
2049 2302 2218 2338 Sponsalibus
2234 2327 2241 2337 ‚
2270 2308 2339 2336 inter

1693 2332 1913 2368 Primogenitum
1945 2337 2042 2365 Filium
2066 2342 2150 2378 Regis
2175 2344 2289 2373 Franciae
2309 2350 2336 2375 ὃς

1692 2368 1847 2398 Alianoram
1862 2375 1990 2402 Sororem
2016 2378 2117 2415 Regis,
2140 2383 2338 2414 contrahendis.

1729 2447 1858 2477 Similiter
1871 2450 1940 2478 inter
1955 2451 2110 2488 johannem
2127 2457 2159 2484 de
2180 2457 2285 2487 Eltham
2306 2424 2339 2490 283

1692 2486 1784 2512 Unam
1801 2487 1834 2514 de
1850 2488 1963 2517 Filiabus
1977 2491 2096 2527 ejusdem
2113 2496 2197 2533 Regis
2212 2499 2338 2528 Franciae.

1578 2559 1608 2588 18
1730 2563 1901 2600 Aquietantia
1915 2565 1992 2604 super
2014 2569 2129 2598 Damnis
2153 2572 2179 2599 in
2196 2538 2338 2605 Vascdbigs

1730 2640 1771 2667 Ad
1790 2641 1887 2677 Papam
1899 2644 1947 2674 ,de
1965 2654 2019 2672 non
2035 2647 2169 2676 credendo
2179 2615 2337 2689 Suggeispiffii:

1691 2677 1768 2704 nibus
1786 2679 1910 2717 Episcopi
1924 2682 2093 2711 Offorienfis.
2272 2691 2337 2721 ibid.

1729 2716 1771 2744 Ad
1796 2718 1947 2747 Cardinales
1971 2726 2064 2749 contra
2090 2724 2194 2753 dierum
2224 2728 2335 2765 Episco-

1689 2762 1768 2822 ΡΠἏἸᾸ
1788 2795 1886 2832 Papam
1897 2817 1904 2828 ‚
1921 2796 1997 2834 super
2012 2799 2137 2828 indebitis
2151 2769 2337 2834 vexationibig

1691 2839 1719 2857 m
1735 2833 1815 2860 Curia
1831 2835 1967 2863 Romana.
2300 2846 2334 2872 28

1729 2871 1772 2897 Ad
1792 2872 1944 2900 Cardinales
1957 2875 2103 2904 consimilis
2121 2880 2217 2909 Lite-ra.
2297 2894 2332 2918 29

1576 2913 1607 2939 ¹9
1731 2909 1773 2935 De
1788 2909 1948 2946 inquirendo
1964 2912 2039 2950 super
2049 2916 2161 2944 Damnis
2171 2919 2331 2950 ‚secundum

1690 2947 1861 2975 concordata
1883 2950 2032 2979 Ambianis.
2300 2970 2336 2995 29

1690 3022 1706 3050 f
1726 2987 1768 3012 De
1778 2986 1990 3017 Proclamatione
1996 2990 2072 3027 super
2081 2994 2256 3031 Inquisstione
2266 3007 2332 3034 prae-

1703 3030 1755 3051 ata.
2298 3046 2311 3062 2

1572 3074 1606 3092 20
1726 3063 1778 3090 Pro
1792 3063 1934 3092 Lewelino
1948 3065 1981 3094 de
1998 3069 2164 3097 Kenewrick
2175 3091 2182 3100 .
2191 3072 2223 3099 de
2234 3073 2332 3101 Pardo-

1688 3102 1807 3130 natione.
2268 3112 2332 3140 ibid.

1571 3148 1608 3177 24
1726 3141 1815 3168 Litera
1835 3141 1866 3168 ad
1887 3143 1975 3170 David
1999 3145 2105 3181 Regem
2134 3148 2231 3176 Scotiae
2256 3148 2332 3187 super

1687 3185 1761 3212 5000
1784 3180 1936 3208 Marcarurn
1955 3181 2096 3211 solvendis.
2297 3199 2331 3225 30

1578 3225 1610 3251 ²7
1724 3217 1856 3253 johannis
1872 3220 1905 3246 de
1924 3222 2048 3248 Hanom'a
2064 3223 2151 3250 Litera
2165 3225 2196 3252 de
2204 3227 2331 3255 Attorna-

1687 3260 1726 3282 tu.
2267 3266 2331 3294 ibid.

1570 3301 1604 3329 30
1726 3295 1810 3331 Super
1830 3294 1905 3323 Malo
1921 3297 2006 3326 Gestu
2024 3298 2149 3338 Episcopi
2164 3302 2330 3332 Offorienfis.

2297 3351 2331 3378 30

1726 3371 1769 3398 Ad
1789 3372 1896 3400 Ducem
1919 3374 2073 3407 Britannice,
2089 3378 2121 3404 de
2138 3387 2192 3405 non
2212 3385 2330 3417 attemp-

1688 3410 1771 3436 tando
1785 3419 1878 3438 contra
1893 3411 2012 3441 formam
2037 3416 2195 3442 Concordiae
2216 3418 2328 3445 Ambia-

1688 3447 1739 3474 nis.
2263 3457 2329 3485 ibid.

1569 3491 1602 3520 30
1725 3486 1767 3513 Ad
1786 3488 1892 3525 Regem
1914 3490 2053 3527 Aragoniae
2069 3489 2101 3515 de
2116 3490 2267 3521 Credentia.
2296 3504 2329 3530 30

1726 3524 1868 3560 Ejusmodi
1883 3528 1969 3555 Litera
1985 3529 2016 3554 :id
2034 3529 2169 3565 Reginam
2178 3532 2330 3568 Aragoniae.

2266 3571 2331 3599 ibid.

1725 3602 1777 3632 Pro
1787 3603 1914 3629 Mauritio
1930 3603 2131 3633 Fitz-Thomas
2145 3606 2172 3633 in
2186 3607 2328 3637 Comitem

1689 3639 1722 3666 de
1743 3639 1881 3667 Desmond
1902 3640 2040 3675 praefedffi.
2292 3657 2323 3684 3¹

1726 3679 1777 3704 Pro
1793 3677 1889 3703 eodem
1907 3679 2035 3706 Mauritio
2051 3680 2262 3711 Fitz-Thomas.
2292 3696 2323 3722 3¹

1727 3716 1777 3741 Pro
1798 3715 1902 3748 jacobo
1919 3716 2043 3744 Domino
2064 3719 2096 3745 de
2117 3720 2325 3758 Dougl35,cum

1686 3753 1775 3779 Corde
1792 3752 1904 3780 Roberti
1923 3754 1956 3782 de
1977 3757 2056 3786 Brus,
2067 3766 2149 3794 nuper
2166 3761 2249 3796 Regis
2259 3764 2324 3789 Sco-

1682 3789 1739 3821 tiae,
1755 3790 1782 3816 in
1799 3792 1910 3818 Terram
1924 3791 2042 3821 sanetum
2056 3796 2221 3831 profecturO.
2261 3799 2324 3828 ibid.

1720 3829 1761 3855 Ad
1782 3829 1880 3866 Papam
1894 3851 1901 3863 ,
1927 3839 1977 3867 pro
1994 3831 2099 3861 Clerico
2122 3836 2205 3872 Regis
2226 3838 2323 3865 Semo-

1680 3875 1752 3894 rum.
2259 3876 2327 3904 ibid.-

1718 3904 1759 3931 Ad
1781 3905 1930 3934 Cardinales
1942 3916 1990 3944 pro
2003 3909 2099 3936 eodem
2116 3909 2230 3940 Clerico.
2290 3924 2320 3950 31

1585 3947 1598 3976 3
1718 3943 1770 3970 Pro
1788 3943 1933 3973 Willielmo
1948 3948 2060 3974 Comite
2080 3948 2112 3974 de
2131 3948 2224 3985 Julcrs.
2257 3953 2322 3979 ibid.

1576 3987 1606 4005 η
1717 3982 1760 4008 De
1779 3981 1993 4011 protestionibus
2013 3993 2062 4021 pro
2085 3987 2195 4015 Comire
2222 3991 2320 4017 Lancaa

1682 4017 1747 4047 striae
1758 4040 1766 4052 ,
1788 4020 1932 4050 Willielmo
1947 4023 1979 4050 de
1998 4025 2093 4051 Monte
2111 4029 2197 4055 Acuto
2208 4049 2214 4059 ‚
2225 4032 2250 4056 tx
2261 4032 2320 4056 Bir-

1971 4062 1986 4079 *
1997 4061 2012 4078 ¹*
2024 4063 2039 4078 '¹‘
2059 4069 2075 4086 it
2086 4063 2107 4082 ³⁸
2263 4067 2327 4094 thoe

1575 1030 1604 1048 12

1531 3376 1565 3402 29
1577 3367 1658 3404 Julii.

1545 3606 1656 3640 27Aug.

1550 3722 1559 3739 1
1573 3719 1640 3751 Sept.
