2562 4279
739 200 871 242 ,ET
953 198 1212 242 ACTA

1293 194 1770 244 PussticA'.
2288 203 2336 255 83

13 294 89 328 Ann.
101 291 142 323 D.
162 291 208 331 di,
234 291 268 324 δε
290 291 418 324 Galhard
441 290 478 322 de
497 291 636 328 Ornone3
659 289 746 320 Filios
762 313 772 327 ,
799 289 833 320 &
857 287 1042 325 Angeninam
1056 309 1065 325 ,
1085 286 1230 317 diuorum
1268 284 1358 323 esque
1370 285 1566 317 inviolabiliter
1580 286 1739 327 observari,
1758 287 1896 326 quantum
1907 287 1941 318 ad
1961 297 2013 319 nos
2035 288 2171 327 pertinet,
2190 287 2335 326 promitti·
2351 288 2427 319 Ann.
2443 288 2484 325 D,

41 341 123 372 1332⁴

14 374 80 403 Edv.
102 380 127 408 3.

32 2457 50 2474 ³¹³
71 2457 126 2484 tv.

33 2502 100 2534 533-

166 330 336 370 Conjugum
350 355 359 370 ,
396 339 430 361 ex
452 338 530 367 parte
551 329 627 360 una:
656 329 690 359 &
710 327 841 358 nobilem
861 327 958 357 virum
981 325 1172 370 Gullieltqtim
1194 324 1230 353 de

165 370 274 401 Monte
290 370 388 401 Acuto
404 368 531 399 Militem
564 377 653 405 nuper
666 366 852 396 senescallum
868 365 996 395 nostrum
1011 364 1144 394 Ducatus
1157 373 1230 402 prae-

164 409 251 447 dic'ti,
278 410 311 440 &
335 406 510 445 Magistrum
558 414 650 437 etrum
673 404 834 442 Fulcherii,
858 403 969 447 distum
991 401 1070 440 Ros,
1095 400 1234 447 Procura-

165 456 261 479 torem
278 447 410 478 nostrum
433 447 463 475 in
485 444 590 476 eodem
611 444 744 481 Ducatu,
764 442 863 473 nostro
885 451 1021 479 nomine,
1039 449 1074 470 ex
1097 440 1181 470 altera
1194 439 1234 470 fa-

166 487 325 555 fflifraefata
338 523 470 554 Domina
485 521 610 558 Aeneia,
628 521 661 551 ὃς
677 519 746 550 dicti
762 519 840 556 Filii,
859 518 892 549 sc.
906 517 992 555 Filia,
1007 516 1236 561 &deuncem-

169 563 317 601 cefferint,
333 563 367 593 &
387 562 540 592 remiserint
560 569 613 597 pro
637 560 681 596 se,
699 559 733 589 &
757 556 942 600 HaercdibuS,
968 557 1001 586 &
1022 555 1236 599 Succefforibus

170 602 240 640 suis,
258 601 342 632 nobis
368 601 402 631 δε
422 598 591 629 Haeredibus
613 597 728 634 nostris,
748 595 874 634 Regibus
896 594 1026 633 Angliae,
1045 595 1078 625 ὃς
1104 593 1236 624 Duobus

172 639 302 671 Ducatsis
323 638 470 678 praediciti,
489 636 639 673 Castrum,
657 634 857 670 Castelletum,
876 642 967 663 totam
991 632 1110 670 Villam,
1135 633 1168 663 ὃς
1189 641 1236 662 to-

171 687 229 709 tam
251 677 466 714 Castellaniam,
485 677 519 706 ὃς
541 674 688 705 Baroniam
709 672 746 702 de
768 671 878 709 Blania,
905 671 1026 701 Merum
1050 672 1082 702 ὅς
1104 670 1234 701 Μίκωῐῃ

172 716 347 754 Imperium,
367 715 464 745 Altam
486 715 519 744 δε
541 712 649 742 Bassam
663 710 823 748 justitiam,
841 712 873 741 ἃ
888 709 1120 748 Jurisdiffiouem
1138 710 1235 739 omni—

172 755 309 792 modam,
328 756 362 785 ὃς
376 752 529 791 specialiter
541 752 574 781 ὃς
589 749 752 787 generaliter
765 750 861 778 omnia
878 751 909 779 ἃ
924 748 1026 787 singula
1044 748 1137 785 Bona,
1156 757 1236 785 quae-

173 803 299 831 cumque
312 793 383 829 sint,
401 800 465 829 quie
478 789 555 819 idem
572 788 718 818 Dominus
733 787 836 817 Blaniae
856 787 992 824 habebat,
1011 788 1044 818 &
1063 787 1166 816 habere
1186 785 1236 816 de-

172 833 274 869 bebat,
294 839 424 866 ternpore
437 837 494 866 quo
509 827 638 863 vivebat,
656 826 713 855 tani
728 827 756 855 in
769 826 848 856 disto
864 826 1008 856 Dominio
1023 826 1055 857 &t
1072 825 1234 855 Territorio

172 871 208 900 de
228 869 323 900 Blania
343 868 376 898 ὃς
395 866 430 896 de
451 864 590 905 Blayesio,
616 864 703 902 quani
726 874 802 894 exrra
823 866 852 894 in
873 864 966 894 Terra
987 866 1019 894 ὃς
1040 865 1068 893 in
1093 862 1188 901 Mari,
1206 864 1236 892 in

175 907 315 938 vasconia
332 907 366 937 &
388 906 418 934 in
441 902 558 934 Ducatu
579 902 733 941 praedic'lto,
753 904 786 933 ad
806 903 892 941 ipsam
906 903 1083 940 Dominam,
1102 910 1238 939 tanquam

173 947 208 978 ad
230 944 386 976 Haeredein
407 941 590 972 universalem
616 941 686 972 diCti
701 941 827 972 Domini
842 941 964 979 Blaniae,
982 941 1029 971 seu
1045 941 1105 971 alias
1119 950 1238 979 quoquo

173 984 284 1022 modo,
301 981 483 1020 pertinentia:
1022 1007 1024 1010 ,

215 1021 398 1057 Praefatique,
417 1018 586 1049 Senescallus
599 1020 631 1050 &
648 1017 845 1058 Procurator,
858 1020 922 1050 vice
936 1019 968 1049 &t
983 1019 1103 1049 nomine
1122 1016 1242 1054 nostro,

172 1071 227 1099 pro
241 1057 400 1097 pnemisfis,
415 1058 453 1087 sic
468 1058 551 1088 nobis
565 1057 650 1095 datis,
669 1057 824 1096 concessis,
842 1058 876 1087 ὃς
890 1057 1021 1095 remissis,
1037 1056 1160 1094 praefatae
1174 1055 1240 1098 Do-

174 1100 260 1130 minse
276 1097 407 1134 Aeliciae,
428 1098 460 1126 ἃ
475 1096 554 1126 dietis
570 1096 660 1133 Filiis,
679 1097 712 1127 &
730 1096 826 1134 Filiae,
842 1095 1013 1126 Haeredibus
1034 1098 1067 1126 ὃς
1088 1095 1241 1125 Succesio—

174 1137 250 1167 ribus
270 1135 338 1173 suis,
356 1134 542 1173 donaverint,
561 1134 768 1173 concesserint,
787 1136 987 1172 quietaverint,
1013 1136 1047 1165 &
1069 1133 1241 1171 remiserint,

174 1175 241 1206 vice
256 1173 352 1211 versa,
372 1172 456 1203 Mille
471 1173 570 1204 Libras
582 1173 796 1204 Turonensium
807 1174 967 1205 Parvorum
981 1175 1128 1204 bonorum
1145 1173 1241 1211 nigro-

172 1223 256 1251 rum,
275 1212 373 1243 Annui
386 1211 547 1249 Redditus,

215 1251 261 1282 Ac
272 1274 281 1289 ,
301 1261 353 1288 pro
368 1250 473 1280 eisdem
489 1250 572 1280 Mille
588 1251 699 1289 Libris,
718 1249 837 1288 eisdem,
859 1250 1016 1288 Dominae,
1034 1249 1127 1287 Filiis,
1146 1249 1179 1280 ὃς
1195 1248 1243 1279 Fi-

175 1289 238 1328 liae,
263 1290 478 1328 assignaverint,
501 1289 688 1325 reddiderint,
712 1290 745 1319 &
766 1289 944 1319 liberaverint
968 1288 1184 1326 Piaepoiituram
1207 1286 1243 1317 de

174 1328 369 1366 Camperiano
378 1351 388 1366 ,
406 1328 528 1358 Terram
542 1327 653 1358 Comit.
672 1329 706 1358 ὃς
720 1327 884 1363 Forestam,
903 1327 1056 1358 Custumas
1072 1326 1242 1365 ssurdegaliae

176 1369 212 1399 &
237 1367 382 1406 Royanae,
401 1377 466 1405 quae
485 1366 630 1404 quondam
651 1366 763 1396 fuerunt
778 1366 847 1397 dieti
862 1365 986 1396 Domini
1001 1365 1119 1396 Blaniae:
1142 1365 1243 1395 Parvas

175 1405 331 1437 Custumas
354 1405 481 1442 nostras,
497 1412 612 1435 vocatas
630 1404 667 1434 de
686 1404 836 1443 Burdegala
852 1406 885 1435 ὃς
902 1404 1041 1444 Royano,
1059 1404 1093 1435 &
1107 1403 1244 1434 Maurita-

177 1446 234 1475 niae
255 1444 430 1482 pedagium,
447 1444 480 1474 &
500 1442 673 1473 Custumam
696 1443 922 1474 Herbefaveriae:
950 1453 1044 1474 certos
1065 1442 1173 1473 Census
1194 1452 1244 1480 per

176 1482 315 1522 quosdam
337 1482 482 1513 Homines
502 1481 718 1513 Herbefaveriae
740 1481 876 1520 debitos,
900 1491 991 1512 certos
1011 1481 1150 1512 Redditus
1164 1505 1173 1519 ,
1198 1481 1245 1510 seu

178 1522 395 1559 Abberguatas,
415 1521 499 1551 nobis
511 1520 623 1551 debitos
635 1531 684 1558 per
720 1520 834 1551 uosdam
851 1529 1064 1551 commorantes
1085 1529 1161 1550 eittra
1181 1519 1245 1550 Vil-

177 1560 236 1592 lam
251 1560 479 1591 Herbefaveriae:
499 1560 533 1590 &
547 1559 684 1597 quosdam
727 1559 804 1589 ensus
819 1560 930 1590 debitos
951 1569 1000 1596 per
1019 1558 1154 1596 quosdam
1178 1557 1247 1587 Ho-

178 1600 271 1629 mines
293 1599 327 1630 &
348 1598 519 1628 Feudatores
540 1597 576 1628 de
598 1597 714 1628 Berues:
732 1608 847 1628 necnon
870 1597 1020 1628 Baroniam
1036 1599 1069 1628 &
1084 1596 1247 1634 Baueriam,

179 1639 289 1668 ratione
306 1636 532 1676 Jurisdiffionis,
550 1635 628 1666 Meri
650 1637 683 1667 &
703 1636 790 1667 Mixti
804 1637 935 1674 Imperii,
949 1636 1036 1666 dietae
1051 1634 1246 1672 PraePOfiturae

179 1676 326 1715 Homagia
340 1675 446 1712 nobilia
460 1675 494 1706 &
508 1674 659 1711 innobilia,
672 1674 835 1713 Juramenta
851 1675 874 1705 F
875 1675 1017 1712 idelitatis,
1035 1675 1120 1704 nobis
1135 1673 1170 1702 ab
1183 1672 1246 1702 Ha-

179 1715 349 1745 bitatoribus
366 1712 402 1744 de
422 1712 615 1750 Camperiano
636 1712 753 1751 Terrae,
773 1712 885 1743 Comit.
905 1714 938 1743 ὃς
961 1711 1088 1742 Forestne
1102 1711 1248 1750 praedietae

180 1752 308 1792 praestari
322 1752 472 1790 consueta,
492 1752 526 1782 δε
540 1751 619 1789 plura
633 1751 684 1781 alia
700 1752 866 1789 inmobilia,

217 1791 273 1830 Et,
291 1790 362 1821 ultra
379 1790 535 1829 praemissa,
554 1789 688 1820 undecim
709 1789 792 1819 Milia
815 1789 967 1819 Librarum
987 1789 1135 1819 bonorum
1150 1788 1250 1818 Turo-

180 1829 311 1860 nensium
331 1826 493 1859 Parvorum
507 1851 517 1866 ,
542 1827 578 1857 de
598 1827 719 1865 pecunia
739 1827 835 1858 nostra
848 1851 857 1866 ,
889 1829 918 1858 in
939 1828 1059 1865 pecunia
1079 1827 1224 1857 numerata
1240 1850 1250 1865 ,

179 1877 269 1907 prout
284 1868 348 1905 haec
363 1867 461 1897 omnia
474 1867 504 1896 in
519 1865 646 1904 quodam
660 1865 854 1897 Instrumento
870 1866 1010 1904 Publico,
1032 1877 1118 1896 manu
1133 1865 1251 1896 Arnaldi

181 1905 219 1936 de
237 1904 342 1936 Rivalii
362 1904 399 1935 de
419 1903 587 1943 Burdegalzi,
606 1904 788 1935 Auctoritate
809 1904 979 1943 Apostolica
995 1907 1028 1935 &
1044 1904 1198 1942 imperiali,
1217 1904 1250 1933 &

179 1945 212 1974 in
233 1943 314 1974 dieto
335 1943 452 1974 Ducatu
471 1953 525 1982 pro
547 1943 647 1982 nobis,
665 1943 778 1974 Publici
800 1943 932 1982 Notarii,
958 1944 1115 1982 confecto,
1142 1943 1250 1981 plenius

177 1990 363 2015 annotantur:

221 2021 354 2060 Qarum
375 2019 491 2058 quidem
512 2019 734 2059 Donationum,
758 2019 1002 2058 Conceffionum,
1021 2020 1254 2058 Remiffionum,

181 2059 431 2097 Quietantiarum,
448 2060 481 2089 δε
500 2058 730 2097 Affignationum
741 2081 750 2096 ,
769 2059 985 2098 praedidiarum,
1003 2058 1149 2090 hincinde
1168 2059 1254 2089 fasta-

181 2107 266 2135 rum,
285 2095 475 2127 Conditiones
487 2096 553 2126 tales
567 2097 647 2135 sunt;
668 2097 818 2136 videlicet,

224 2135 338 2174 Qiod,
351 2135 370 2165 fi
385 2135 484 2165 contin
506 2143 533 2164 at
542 2135 650 2166 dictam
663 2135 824 2166 Dominam
840 2136 996 2174 Aeliciam,
1011 2146 1061 2174 per
1076 2136 1253 2166 Sententiam

183 2173 328 2212 suspendi,
347 2183 408 2203 non
431 2183 469 2211 po
496 2183 512 2203 e
533 2173 664 2204 declarari
688 2175 721 2205 &
740 2174 861 2213 judicari
882 2185 942 2205 nori
964 2175 1038 2212 effe,
1057 2185 1111 2204 nec
1134 2174 1190 2204 esse
1205 2173 1255 2203 de-

185 2212 271 2250 bere,
289 2210 446 2243 Haeredem
460 2211 531 2242 dicti
546 2211 672 2242 Domini
686 2212 789 2244 Blaniae
810 2213 897 2244 Patris
922 2213 979 2252 sui,
997 2224 1052 2244 nec
1072 2213 1151 2243 Bona
1170 2212 1254 2250 ipsius

184 2249 273 2281 Patris
293 2251 329 2281 ad
350 2250 438 2288 ipsam
454 2273 465 2289 ,
490 2258 624 2289 tanquam
643 2251 678 2281 ad
696 2251 855 2283 Haeredem
877 2252 1018 2291 ejusdem,
1044 2251 1147 2283 debere
1169 2252 1255 2289 perti·
1285 2273 1288 2275 Α

184 2299 252 2319 nere
259 2301 270 2328 :,

223 2326 261 2358 Et
275 2338 290 2357 a
301 2327 384 2358 nobis
398 2327 492 2358 evinci
511 2329 675 2368 contingat,
693 2338 727 2359 ex
750 2328 831 2360 causi
854 2329 1006 2367 praedirsta,
1023 2329 1059 2359 de
1077 2329 1146 2368 Jure
1165 2329 1199 2359 ὃς
1219 2327 1256 2358 de

185 2364 276 2396 Fadio
285 2389 294 2405 ,
313 2365 447 2396 Castrum
458 2367 492 2397 ὃς
507 2365 703 2397 Castellaniam
716 2367 859 2398 de‘Blania
867 2391 878 2406 ,
892 2368 926 2398 &
938 2369 1036 2398 omnia
1049 2367 1098 2398 alia
1109 2367 1256 2406 praedi&a,

185 2403 304 2443 Nobis,
322 2413 353 2436 ut
366 2405 559 2443 praemittitur,
577 2405 656 2443 data,
674 2407 823 2445 conceffa,
842 2407 875 2437 ὃς
889 2407 1017 2444 liberata,

227 2443 246 2461 ’Υ
266 2442 309 2473 Ita
322 2443 421 2481 quod,
440 2443 501 2474 casu
516 2444 677 2482 hujusmodi
691 2446 898 2475 interveniente
914 2445 1005 2482 (quod
1020 2444 1100 2480 absit)
1118 2455 1150 2474 ea
1173 2445 1256 2474 amit-

186 2488 311 2512 teremus
330 2482 401 2549 hdfra
423 2481 532 2520 Viginti
554 2483 674 2521 Annos,
691 2493 706 2514 a
720 2483 784 2514 data
796 2483 977 2514 Instrumenti
991 2484 1119 2524 praedi'eti
1133 2484 1162 2513 in
1177 2491 1257 2513 antea

185 2529 256 2551 com
280 2528 345 2550 utan
366 2530 413 2549 os·

225 2529 344 2589 Prgefata
367 2543 498 2588 Domina
522 2559 647 2599 Aelicia,
665 2561 699 2592 &
713 2561 801 2599 disti,
819 2560 1009 2598 Gullielmus,
1027 2559 1204 2598 Galhardus,
1221 2560 1256 2590 ὃς

186 2596 339 2635 Augenina
373 2604 519 2628 teneantur
541 2598 658 2636 Nobis,
676 2599 722 2630 vel
743 2600 842 2630 nostro
861 2599 1017 2630 Senescallo
1037 2599 1168 2629 DucatCis
1183 2608 1257 2636 prae-

187 2635 276 2674 did‘ti,
291 2619 392 2666 nosiro
411 2636 546 2674 nomine,
564 2636 710 2668 restituere
730 2638 764 2668 &
786 2638 928 2669 dimittere
950 2638 1038 2668 diCtas
1056 2638 1141 2668 Mille
1158 2637 1257 2667 Libras

188 2674 402 2705 Turonensium
419 2674 517 2705 Annui
529 2674 689 2713 Redditus,
708 2676 753 2706 vel
767 2676 861 2715 dicta,
880 2676 1258 2714 Praeposituram,Terram,

189 2712 355 2750 Forestam,
380 2711 533 2743 Custumas
576 2713 713 2752 Pedagia,
733 2714 858 2753 Census,
877 2715 1034 2754 Redditus,
1052 2714 1258 2753 Poffeffiones,

189 2752 225 2782 &
245 2751 313 2795 alia,
333 2760 386 2794 pro
405 2750 489 2781 dictis
509 2736 594 2782 M'ine
617 2752 711 2783 Libris
733 2753 831 2784 Annui
845 2753 1003 2793 Redditus,
1020 2762 1051 2785 ut
1064 2755 1258 2795 praemittitur,

190 2789 307 2827 tradita,
325 2787 456 2826 liberata,
475 2789 606 2832 &etiam
619 2790 762 2829 assignata:

230 2826 378 2865 Didh'ique
397 2825 547 2857 Undecma
569 2827 661 2859 Millia
681 2829 832 2861 Librarum
860 2830 1077 2862 Turonensium
1092 2854 1102 2869 ,
1134 2830 1258 2869 praefatae

191 2863 422 2908 Dominae'data,
441 2873 471 2896 ut
492 2867 685 2905 praemittitur,
704 2869 736 2899 &
759 2869 909 2907 concessa,
929 2879 1044 2900 necnon
1063 2880 1167 2900 omnes
1188 2870 1260 2900 Fru-

193 2903 274 2947 8tus,
292 2902 408 2941 Exitus,
427 2904 462 2934 &
474 2903 649 2943 Proventus,
668 2907 804 2937 omnium
818 2917 931 2945 rerum,
947 2909 980 2939 &
994 2907 1142 2939 Bonorum
1157 2908 1258 2938 Inmo-

193 2941 295 2986 biliurn
309 2941 533 2980 praedictorum,
551 2953 602 2980 per
624 2943 756 2983 eosdem,
770 2945 947 2984 Dominam,
966 2946 1069 2984 Filios,
1088 2947 1122 2977 &
1146 2946 1260 2984 Filiam,

192 2988 310 3023 interim
326 2981 450 3018 percepti
464 2981 480 3010 a
494 2980 559 3011 data
574 2981 757 3013 Instrumenti
770 2983 917 3022 praediffi,
935 2986 965 3014 in
984 2993 1080 3023 antea,
1099 2985 1175 3023 ipsis,
1195 2985 1262 3015 Do-

193 3027 299 3062 minae,
315 3018 408 3057 Filiis,
426 3019 460 3049 &
480 3018 575 3057 Filiae,
591 3020 749 3052 haeredibus
766 3023 800 3053 &
821 3022 1027 3053 successoribus
1047 3023 1115 3061 suis,
1132 3023 1205 3055 salva
1225 3025 1259 3055 &

194 3065 288 3095 quieta
303 3058 441 3095 perpetuo
455 3059 660 3096 remanebunt,

233 3093 276 3126 Ita
289 3095 370 3132 quod
383 3095 439 3133 ipsa
454 3095 604 3128 Undecim
620 3097 703 3128 Milia
717 3098 886 3137 Librarum,
903 3098 949 3130 seu
964 3098 1034 3129 dieti
1047 3099 1168 3131 Fru&us
1192 3099 1261 3130 Exi-

194 3140 256 3170 ωε,
275 3133 310 3164 &
328 3133 504 3180 ProventuS,
523 3146 557 3167 ac
580 3135 786 3168 Emolumenta
806 3147 998 3176 quaecumque
1017 3138 1083 3176 sint,
1108 3139 1144 3168 de
1163 3123 1261 3178 dietis,

195 3170 400 3215 Praepositum,
416 3172 532 3212 Terris,
551 3173 739 3214 Redditibus,
758 3176 792 3206 &
809 3176 866 3207 aliis
888 3176 926 3207 sic
950 3177 1104 3215 perceptis,
1123 3178 1156 3207 &
1191 3180 1262 3208 erci-

194 3208 303 3253 piendis
316 3232 328 3256 ,Α
350 3220 400 3255 per
416 3210 539 3255 Pa&um
559 3212 731 3251 Expressum
750 3215 778 3244 in
801 3214 855 3245 hac
874 3223 951 3252 parte
971 3214 1080 3245 factum
1094 3239 1104 3253 ,
1127 3219 1142 3246 a
1184 3216 1264 3254 iCtis,

198 3247 349 3294 Domina,
367 3248 460 3288 Filiis,
479 3251 513 3281 ὃς
535 3251 623 3290 Filia,
641 3252 737 3290 aliquo
758 3252 821 3283 casu
843 3254 931 3290 repeti
943 3263 1003 3283 non
1017 3253 1138 3293 possint,
1157 3255 1202 3284 vel
1216 3255 1264 3285 ali-

197 3296 255 3355 ?ua
278 3293 404 3354 ᾖςιοῑιςς
421 3298 474 3319 nec
491 3287 543 3326 ipsi
561 3289 597 3319 ad
618 3290 843 3322 Restitutionem
856 3291 1027 3323 eorumdem
1040 3294 1130 3324 teneri
1144 3292 1264 3325 debeant

209 3334 244 3355 eu
258 3334 294 3369 o)
311 3333 387 3364 igari.
458 3364 463 3370 ,
479 3365 484 3370 ¹

236 3362 354 3401 Ipsaque
377 3363 524 3403 conditio,
549 3364 614 3403 post
634 3365 727 3397 dictos
749 3367 863 3406 Viginti
885 3368 986 3400 Annos
1005 3369 1127 3408 elapsos,
1146 3371 1176 3400 in
1199 3381 1265 3401 orn-

197 3410 267 3432 nem
287 3410 443 3445 eventum,
461 3403 567 3433 nullam
588 3404 687 3435 habeat
709 3405 822 3436 roboris
840 3406 1020 3448 firmitatem,
1040 3410 1107 3447 quin
1128 3418 1160 3439 ea
1179 3408 1265 3440 diCtae

198 3440 356 3478 Dominae,
376 3440 469 3485 Filiis,
487 3442 521 3473 &
535 3441 630 3480 Filiae,
649 3442 748 3474 tradita
760 3444 793 3474 δε
807 3444 936 3482 liberata,
956 3455 986 3477 ut
1007 3446 1048 3477 est
1067 3447 1197 3485 diffisum,
1214 3448 1264 3478 suo

197 3478 303 3510 cedant
319 3478 467 3523 Dominio
481 3482 639 3518 perpetuo,
656 3490 710 3512 nec
722 3481 758 3512 ab
771 3481 834 3520 ipsis
854 3482 959 3524 possint
979 3486 1098 3525 retrahi,
1117 3487 1162 3517 vel
1181 3488 1266 3517 etiam

198 3527 336 3548 amoveri.

235 3554 437 3599 Praedistsque
450 3554 582 3587 Domina
595 3556 704 3588 Aelicia
716 3566 841 3590 teneatur
853 3560 882 3590 in
896 3559 1078 3599 quacumque
1091 3561 1179 3594 Curia
1201 3573 1266 3601 pro-

199 3594 277 3633 sequi
290 3604 310 3624 n
346 3602 437 3639 otium
451 3594 632 3639 Haereditatis
643 3596 807 3637 *praedi&ae,
828 3599 912 3629 nobis
925 3598 1016 3638 datae,
1036 3600 1181 3640 Quitatae,
1195 3601 1266 3632 Ces-

199 3633 256 3671 sae,
273 3634 307 3665 &
356 3633 480 3672 emissae,
497 3633 652 3671 sumptibus
662 3634 783 3674 nostris,
801 3638 932 3675 quotiens
945 3638 1028 3676 Nos,
1044 3639 1088 3669 vel
1105 3640 1197 3670 dietus
1216 3640 1267 3671 Se—

200 3671 355 3711 nescallus,
372 3671 418 3702 seu
434 3671 607 3703 Procurator
621 3672 735 3713 noster,
751 3674 851 3706 nostro
866 3677 1001 3715 nomine,
1018 3676 1098 3714 super
1108 3676 1168 3708 hoc
1182 3678 1267 3709 fueri-

203 3719 269 3741 mus
285 3710 424 3749 requisiti,
442 3720 527 3749 prout
538 3710 600 3742 haec
615 3711 648 3742 &
662 3710 727 3750 alia,
744 3713 775 3743 in
787 3713 841 3744 hac
861 3723 939 3752 parte
960 3715 1152 3754 concordata,
1169 3717 1199 3746 in
1219 3717 1267 3747 In-

192 3747 365 3780 vstrumento
389 3749 548 3789 praedism,
570 3760 603 3780 ac
624 3749 680 3780 aliis
698 3749 908 3796 Instrumentis,
931 3763 980 3791 per
1003 3754 1152 3791 praefatum
1170 3755 1266 3787 Nota-

203 3787 294 3826 rium,
311 3788 391 3825 super
405 3787 486 3818 dicto
498 3789 616 3828 negotio
630 3788 788 3828 confectis,
806 3791 916 3828 plenius
930 3794 1128 3823 continentur:

239 3824 309 3856 Nos
324 3826 422 3857 omnia
438 3827 471 3858 &
485 3827 588 3896 ίῑηὲυῐα
601 3827 741 3865 praemissa
750 3850 760 3865 ,
777 3837 811 3858 ac
825 3829 892 3867 alia,
910 3831 939 3860 in
952 3829 1148 3861 instrumentis
1163 3832 1267 3864 eisdem

204 3870 354 3906 contenta,
373 3875 438 3904 quae
451 3875 501 3904 per
535 3866 623 3896 idtam
639 3865 818 3905 Dominam,
835 3868 1001 3899 auctoritate
1011 3868 1082 3900 dieti
1096 3870 1148 3900 viri
1161 3871 1200 3901 sui
1234 3882 1268 3903 ac

204 3899 300 3931 dustos
319 3902 427 3942 Filios,
443 3905 477 3935 δε
498 3904 613 3943 Filiam,
631 3914 745 3935 necnon
762 3915 811 3942 per
833 3904 927 3937 ἀίᾶὶοε
949 3906 1137 3938 Senescallum
1150 3909 1184 3940 &
1197 3894 1270 3940 Pro-

205 3947 368 3972 curatorem
389 3941 518 3982 nostros,
539 3943 630 3982 Data,
651 3941 814 3982 Concessa,
834 3943 991 3983 Promissa,
1009 3945 1189 3985 Recognita,
1210 3948 1270 3978 Or-

190 3973 317 4015 einata,
334 3978 369 4010 &
384 3980 548 4022 Affignata,
563 3982 669 4013 suntin
683 3982 739 4013 hac
755 3990 849 4020 parte,
867 3992 1057 4022 acceptantes,
1077 3993 1126 4023 ac,
1142 3987 1270 4018 volentes

207 4014 293 4052 quod
307 4016 362 4060 ipsa
375 4017 474 4050 Modis
489 4020 522 4051 &
536 4020 759 4052 Conditionibus
776 4021 914 4059 praedietis
928 4021 1034 4052 Robur
1049 4024 1195 4064 optineant
1201 4025 1270 4056 Per-

207 4060 304 4091 petuae
322 4053 485 4096 Firmi-atis,
501 4069 535 4090 ea
556 4070 611 4099 pro
631 4059 731 4091 Nobis
752 4060 786 4091 δε
799 4059 968 4091 Haeredibus
979 4060 1079 4092 nostris
1094 4062 1273 4103 Laudamus,

209 4090 650 4168 ΑΡΤΡένῖῗθῗὶῦθρΙέῗῙὶΒεαωιιε,
667 4099 703 4132 &
724 4107 826 4132 tenore
849 4099 1027 4138 praesentium
1040 4099 1273 4140 Confirmamus,

1272 334 1334 354 mus
1349 325 1426 355 bona
1439 325 1502 355 fide.
2381 335 2413 365 13
2423 337 2467 367 32.

1270 408 1281 431 t
1309 361 1343 391 In
1367 364 1445 402 cujus
1465 365 1506 393 rei
1528 362 1725 395 testimonium
1749 364 1796 395 has
1819 365 1925 397 Literas
1936 365 2045 396 nostras
2061 364 2121 396 fieri
2140 365 2261 396 fecimus
2283 364 2336 395 Pa-
2352 369 2420 396 Edv.
2440 377 2469 406 3,

1283 410 1367 431 entes.

1273 515 1297 545 st
1313 477 1380 521 Dat.
1392 477 1632 546 ,affiudssbfflumv
1651 479 1770 517 septimo
1783 479 1829 510 die
1848 480 2038 520 Decembris,
2057 481 2145 512 Anno
2166 479 2264 520 Regni
2282 489 2338 510 no·-

1300 526 1322 545 ri
1337 524 1418 546 tertio
1440 526 1544 547 eeimo.

1314 592 1383 623 Nos
1390 616 1400 631 ,

1292 669 1296 674 Ι
1314 630 1474 675 Omnian&¹
1485 631 1586 675 singula
1602 633 1757 670 praemissa,
1775 643 1839 671 quae
1856 643 1904 672 per
1918 635 2023 665 didtam
2040 634 2222 672 Dominam,
2236 633 2338 665 audio-

1276 677 1354 699 ritate
1366 670 1433 699 dieti
1448 680 1501 700 viri
1517 671 1572 707 sui,
1590 681 1622 701 ac
1638 671 1731 701 diffisos
1746 672 1845 710 Filios,
1865 674 1897 703 &
1914 674 2026 712 Filiam,
2045 684 2158 704 necnon
2174 683 2224 713 per
2245 673 2339 703 distes

1276 707 1468 738 Senescallum
1480 709 1513 739 δε
1530 708 1748 740 Procuratorem
1764 710 1853 747 Data,
1870 710 2028 748 Concessa,
2047 712 2203 750 Promissa,
2221 711 2340 749 Recogm

1277 747 1351 783 nita,
1371 746 1523 785 Ordinata,
1542 748 1574 777 δε
1592 747 1752 786 Affigmra,
1769 749 1829 778 sunt
1847 751 1873 778 in
1888 749 1942 780 hac
1958 759 2049 787 parte,
2070 750 2149 780 Acce
2170 759 2274 788 rantes,

1316 784 1355 814 Ea
1370 795 1421 822 pro
1435 784 1534 822 nobis,
1553 787 1586 816 &
1601 785 1770 816 Haeredibus
1781 786 1898 826 nostris,
1918 788 2133 826 Approbanius,
2177 787 2342 825 atificamus,

1279 823 1312 853 δε
1328 832 1426 853 tenore
1440 824 1619 861 praesentium
1635 824 1865 861 Confirmanius,
1878 824 1968 863 esque
1980 826 2176 857 inviolabiliter
2191 826 2344 864 observari,

1278 872 1416 930 quiintuni
1431 862 1465 892 ad
1480 862 1548 932 ἔξω
1563 863 1722 902 pertinent,
1739 864 1932 903 promittimus
1947 864 2024 895 bona
2043 863 2107 894 fide.

1333 910 1351 930 n
1367 911 1462 939 cujus,
1502 910 1541 932 τ.

1319 975 1387 1007 Dat.
1406 977 1479 1013 apud
1501 976 1812 1016 Westmonasterium,
1830 977 1966 1009 vicesimo
1987 978 2033 1009 die
2050 978 2241 1019 Septembris,
2266 986 2343 1009 anno

1282 1016 1361 1054 regni
1372 1016 1460 1046 nostri
1475 1015 1560 1046 serto.
2045 1034 2048 1038 ·

1829 1056 1883 1084 Per
1897 1057 2057 1086 Potitionem
2071 1057 2103 1086 de
2119 1055 2239 1086 Concilio.

1285 1180 1335 1212 Dc
1351 1175 1537 1211 Hominibus
1556 1180 1733 1223 Sagittariis
1754 1180 1790 1215 ὠ·
1818 1176 1991 1211 Hobelciriis
2013 1180 2152 1226 eligendis
2169 1184 2206 1219 cf]-
2221 1186 2348 1216 araicm-

1450 1225 1496 1257 dis
1509 1252 1519 1268 ‚
1544 1227 1686 1271 occasione
1705 1223 1899 1259 Turbationis
1917 1230 1947 1258 in
1964 1230 2059 1260 Terra
2073 1233 2182 1263 Scotiae.

1289 1310 1379 1367 RE
1391 1309 1439 1348 X,
1457 1310 1577 1342 Dilecto
1596 1310 1630 1341 &
1652 1311 1740 1341 Fideli
1760 1311 1810 1342 suo
1825 1334 1834 1349 ,
1859 1311 2023 1342 Willielmo
2045 1313 2080 1343 de
2103 1314 2249 1355 Clynton,
2261 1316 2348 1356 Justi-
2366 1320 2442 1351 Anii*
2456 1319 2498 1350 D.

1366 1351 1452 1380 ciario
1467 1350 1516 1380 suo
1531 1349 1667 1388 Cestriae,
1686 1351 1732 1380 vel
1746 1351 1803 1388 ejus
1821 1351 1937 1381 Locum
1950 1353 2073 1390 tenenti,
2092 1352 2225 1384 Salutem.
2396 1369 2481 1399 13e2,

1324 1386 1366 1417 Ex
1387 1388 1565 1418 diversorum
1583 1389 1712 1420 relatibus
1734 1389 1768 1418 ad
1787 1388 1917 1420 nostrum
1940 1389 2067 1420 auditum
2090 1393 2244 1430 pervenit,
2269 1395 2349 1431 quod
2367 1403 2418 1426 An.
2435 1382 2463 1425 31.

1288 1426 1402 1464 quidam
1424 1426 1572 1465 Magnates
1593 1427 1626 1457 &
1641 1427 1709 1465 alii,
1728 1427 1764 1457 de
1777 1427 1870 1458 Terra
1884 1428 2009 1467 Scotiae,
2027 1430 2178 1460 occasione
2192 1430 2350 1463 Turbatio-
2369 1442 2397 1463 Ξ.
2419 1447 2445 1473 3·

1291 1466 1350 1502 nis,
1369 1467 1397 1494 in
1421 1465 1521 1495 efidem
1542 1465 1635 1496 Terra
1645 1467 1703 1503 jani
1719 1474 1826 1504 motae,
1846 1467 1872 1496 se
1884 1476 1997 1504 parant,
2016 1472 2124 1504 quanto
2141 1470 2285 1506 potentius
2299 1482 2352 1508 po-
2371 1480 2430 1503 Par.
2449 1478 2477 1504 6.

1289 1512 1400 1541 terunt,
1418 1503 1452 1533 ad
1468 1503 1559 1541 aliqua
1572 1504 1797 1541 attemptandum
1814 1506 1859 1542 (ex
1873 1506 1973 1542 quibus
1990 1505 2067 1535 Mala
2082 1507 2115 1537 &
2132 1507 2352 1540 Destructiones
2371 1518 2399 1540 Ε.
2412 1521 2467 1550 3-P·

1291 1541 1405 1578 Populo
1426 1541 1544 1579 nostro,
1562 1543 1654 1572 versus
1675 1542 1838 1573 Marchiam
1852 1543 1972 1582 Scotiae,
1992 1545 2105 1575 evenire
2118 1547 2200 1583 posse
2218 1546 2237 1566 *θ
2257 1548 2353 1578 multi·
2373 1548 2442 1588 3.in.
2462 1552 2504 1579 13.

1289 1580 1398 1618 pliciter
1411 1579 1590 1616 formidatur)
1607 1580 1691 1618 Nos,
2373 1594 2388 1605 ’ἓ
2417 1593 2468 1617 ΙΨ,

1329 1618 1480 1648 Salvationi
1506 1618 1539 1648 &
1560 1618 1728 1650 Defensioni
1748 1618 1852 1657 Populi
1871 1619 1960 1650 nostri
1980 1622 2204 1662 circumquaque
2225 1624 2354 1657 volentes
2369 1637 2437 1665 534.

1291 1657 1444 1695 providere
1452 1681 1461 1695 ,
1478 1664 1510 1686 ut
1525 1665 1654 1687 tenemur
1663 1680 1672 1693 ,

1332 1696 1423 1726 Vobis
1442 1694 1608 1725 mandamus
1623 1719 1631 1734 ,
1656 1696 1773 1725 firmiter
1794 1696 1969 1735 injungentes
1983 1719 1993 1735 ,
2021 1698 2101 1735 quod
2123 1700 2186 1739 eligi
2202 1701 2306 1733 faciatis
2319 1703 2358 1733 de

1293 1733 1445 1765 Comitatu
1461 1733 1581 1764 Cestriae
1591 1757 1599 1771 ,
1617 1735 1676 1764 tam
1691 1734 1762 1764 infra
1775 1734 1932 1765 Libertates
1947 1759 1956 1773 ,
1982 1737 2068 1772 quam
2081 1746 2173 1777 extra,
2192 1750 2259 1770 cum
2273 1743 2358 1773 omni

1294 1773 1436 1803 celeritate
1450 1797 1459 1810 ,
1487 1772 1542 1810 quii
1564 1772 1622 1802 fieri
1639 1773 1760 1811 poterit,
1780 1772 1952 1804 Trescentos
1966 1773 2111 1805 Homines
2125 1776 2302 1818 SagittariOS,
2321 1781 2358 1811 de

1296 1811 1324 1841 V
1326 1812 1419 1842 alidioi
1426 1812 1486 1841 ibus
1501 1812 1534 1841 &
1552 1810 1763 1842 Potentioribus
1776 1812 1899 1850 ejusdem
1915 1811 2095 1852 Comitatus,

1334 1850 1376 1880 Ita
1391 1849 1472 1887 quod
1494 1849 1562 1879 dicti
1583 1849 1736 1889 Sagittarii,
1755 1859 1842 1888 prout
1854 1851 1887 1880 ad
1904 1852 1977 1888 ipsos
1991 1853 2126 1891 pertinet,
2146 1853 2220 1884 bene
2235 1856 2268 1887 &
2283 1856 2360 1888 suffi-

1296 1889 1403 1919 cienter
1424 1889 1547 1925 muniti,
1570 1890 1695 1927 prompti
1715 1890 1766 1919 sint
1786 1889 1819 1919 &
1839 1891 1924 1926 parati
1944 1889 1979 1919 ad
1994 1890 2231 1927 proficiscendum
2248 1894 2363 1926 Nobis-

1296 1937 1382 1965 cum,
1401 1927 1434 1957 &
1447 1927 1504 1956 aliis
1520 1926 1662 1956 Fidelibus
1677 1926 1793 1964 nostris,
1813 1936 1866 1964 pro
1880 1927 2032 1958 salvatione
2052 1930 2086 1960 δε
2101 1930 2264 1963 defensione
2279 1933 2361 1964 Mar-

1296 1966 1369 1996 chiae
1390 1965 1495 1996 nostrae
1515 1964 1659 2002 praedidiae
1672 1988 1681 2003 ,
1700 1976 1734 1996 ac
1752 1964 1855 2003 Populi
1869 1966 1958 1996 nostri
1971 1967 2094 2006 ibidem,
2113 1979 2181 1998 cum
2196 1970 2268 2007 ipsos
2282 1972 2362 2012 super

1298 2005 1357 2035 hoc
1378 2004 1527 2035 fecerimus
1547 2005 1709 2041 praemuniri
1724 2028 1733 2042 ,
1759 2004 1778 2034 si
1792 2005 1897 2043 aliqua,
1916 2015 1966 2043 per
1980 2015 2045 2043 quae
2060 2006 2153 2037 didius
2166 2007 2293 2046 Populus
2306 2021 2363 2042 no-

1297 2043 1353 2073 ster
1373 2044 1471 2086 terreri
1485 2067 1494 2080 ,
1511 2042 1558 2072 seu
1571 2041 1784 2081 dampnificari,
1802 2043 1912 2082 posset,
1931 2053 1981 2082 per
1996 2045 2193 2084 quoscumque
2207 2050 2363 2087 contigerit

1296 2090 1382 2112 attem
1407 2090 1470 2110 rari:

1335 2119 1374 2150 Et
1386 2091 1464 2149 {NOS
1486 2118 1522 2149 de
1545 2119 1710 2150 nominibus
1731 2119 1864 2159 illorum,
1884 2130 1956 2159 quos
1971 2120 2009 2152 fic
2025 2121 2178 2161 elegeritis,
2197 2125 2231 2156 ὃς
2245 2123 2282 2156 de
2296 2133 2363 2157 toto

1301 2159 1378 2190 ἷεᾶο
1392 2157 1486 2188 vestro
1505 2159 1534 2187 in
1551 2156 1605 2188 hirc
1620 2167 1712 2196 parte,
1733 2159 1789 2188 fine
1809 2158 1940 2190 dilatione
1954 2160 2131 2199 certificetis,
2151 2163 2183 2193 δε
2198 2163 2274 2203 hoc,
2292 2164 2363 2196 ficut

1297 2207 1369 2235 nOS,
1386 2198 1419 2228 &
1435 2196 1577 2226 honorem
1594 2196 1744 2235 nostrum,
1762 2197 1895 2236 diligitis,
1911 2198 2067 2230 nullatenus
2079 2202 2225 2232 omittatis.

1337 2236 1449 2266 Damus
1470 2244 1565 2265 autem
1580 2234 1808 2266 Vicecomitibus
1822 2260 1832 2274 ,
1859 2236 2016 2275 Ministris,
2036 2239 2069 2268 ὃ(
2084 2239 2141 2269 aliis
2154 2239 2297 2272 Fidelibus
2309 2251 2365 2273 no-

1298 2274 1376 2312 stru,
1394 2273 1430 2304 de
1447 2272 1597 2303 Comitatu
1622 2274 1761 2311 praedicto
1775 2297 1784 2312 ,
1810 2283 1909 2305 tenore
1930 2275 2108 2315 praesentium
2125 2301 2134 2317 ,
2150 2279 2179 2308 in
2204 2278 2364 2319 Mandatis,

1301 2312 1383 2351 quod
1398 2313 1479 2342 vobis
1496 2335 1505 2350 ,
1531 2313 1560 2342 in
1574 2311 1725 2343 Elefflone
1736 2312 1904 2344 Hominum
1922 2314 2144 2354 praedictorum,
2162 2327 2195 2347 ac
2209 2317 2266 2348 aliis
2281 2328 2368 2357 expe·

1300 2353 1440 2382 ditionem
1462 2351 1531 2380 dicti
1550 2351 1657 2390 negotii
1681 2351 1857 2390 tangentibus
1871 2376 1880 2391 ,
1898 2352 2076 2384 intendentes
2088 2355 2156 2392 sint,
2175 2356 2369 2395 consulentes,

1302 2392 1336 2422 &
1351 2390 1509 2433 auxiliantes
1523 2412 1532 2427 ,
1557 2390 1687 2433 quotiens
1705 2390 1741 2433 ξε
1764 2390 1878 2429 quando
1899 2401 1950 2429 per
1963 2402 2033 2430 vos,
2050 2392 2130 2430 super
2143 2393 2221 2433 hoc,
2244 2404 2279 2425 ex
2291 2404 2370 2433 parte

1302 2428 1415 2466 nostra,
1432 2428 1535 2458 fuerint
1548 2436 1721 2465 praemuniti.

1336 2467 1370 2498 In
1384 2467 1479 2504 cujus,
1498 2467 1559 2497 &c.

1375 2504 1463 2536 Teste
1476 2504 1563 2543 Rege
1576 2504 1649 2543 apud
1664 2504 1868 2544 Notingham,
1883 2505 2004 2544 septimo
2020 2506 2066 2537 die
2080 2507 2229 2540 Odiobris.

1818 2584 1872 2612 Per
1886 2582 1968 2613 breve
1985 2583 2016 2614 de
2028 2587 2149 2615 Privato
2163 2585 2264 2624 Sigillo.

1335 2659 1450 2691 Eodem
1465 2658 1556 2690 modo
1571 2654 1740 2699 assignantur
1752 2658 1898 2728 sugsffripti
1912 2660 1942 2689 in
1957 2658 2149 2692 Comitatibus
2159 2661 2331 2703 subscriptis;

1752 2708 1781 2729 vi
1802 2706 1897 2735 ercet,

1304 2774 1462 2813 Radulphus
1489 2775 1520 2805 de
1541 2774 1667 2804 Bulmere
1688 2772 1726 2808 ὠ
1747 2773 1897 2804 Nicholaus
1923 2774 1955 2803 de
1977 2774 2117 2815 Wfftrcelay
2131 2799 2141 2813 ‚
2163 2778 2205 2807 ad
2222 2777 2369 2815 eligendum

1340 2817 1490 2881 {rgscc’ntos
1505 2817 1655 2852 Sagitarios
1676 2813 1713 2848 ὠ
1729 2816 1912 2851 septingentos
1924 2815 2052 2843 Homines
2068 2815 2176 2845 Pedites
2188 2819 2217 2846 in
2232 2821 2370 2847 Comitatu

1387 2863 1470 2881 orum.

1302 2889 1452 2921 Nicholaus
1465 2891 1498 2919 de
1511 2888 1673 2928 Langfford
1683 2887 1720 2923 d*
1737 2887 1894 2927 Radulphus
1907 2890 1938 2918 de
1953 2889 2120 2930 Braylefhrd
2128 2915 2137 2931 ,
2155 2893 2196 2923 ad
2207 2893 2369 2931 Eligendum

1344 2932 1481 2958 Ducentos
1492 2931 1640 2965 Sagitarios
1654 2931 1682 2957 in
1700 2930 1837 2957 Comitatu
1851 2928 1971 2957 Derbiae.

1538 3056 1588 3086 De
1609 3052 1696 3086 dih‘t'is
1712 3057 1890 3101 Sagittariis
1906 3057 1972 3094 &aa
1996 3055 2144 3103 eligendis,

1310 3138 1442 3196 REX
1466 3139 1644 3170 Vicecomiti
1665 3138 1838 3170 Lancastriae
1851 3164 1861 3177 ,
1886 3150 1919 3170 ac
1937 3140 1994 3170 aliis
2016 3139 2143 3179 Ballivis,
2163 3139 2319 3181 Ministris,
2335 3141 2369 3174 &
2386 3144 2460 3175 Anti.
2472 3143 2516 3176 D,

1389 3178 1529 3208 Fidelibus
1541 3179 1592 3208 suis
1608 3179 1636 3207 in
1650 3179 1755 3209 eodem
1772 3178 1921 3209 Comitatu
1932 3201 1940 3216 ,
1959 3177 2092 3208 Salutem.
2404 3192 2490 3223 1332,

1346 3216 1390 3246 Ex
1401 3216 1577 3247 diversorum
1596 3217 1739 3255 relatibus,
1758 3216 1817 3251 &a
1837 3225 1867 3246 ut
1875 3216 1959 3256 sitpra
1972 3216 2052 3256 usque
2065 3217 2120 3255 ibi,
2138 3220 2199 3248 viz.
2219 3229 2254 3250 ac
2268 3219 2303 3250 de
2322 3220 2369 3250 Fi·
2386 3227 2440 3250 An.
2453 3226 2480 3251 6.

1307 3255 1418 3285 delitate
1432 3256 1465 3286 δεῖ
1482 3254 1764 3294 Circumspeffione,
1784 3255 1966 3286 Dilet‘torum
1983 3256 2015 3285 ὃ(
2029 3255 2169 3286 Fidelium
2185 3257 2349 3288 nostrorum
2360 3281 2370 3297 ,
2386 3266 2413 3288 Ε,
2438 3271 2464 3298 3.

1305 3293 1443 3361 Johffinis
1456 3293 1492 3324 de
1505 3293 1642 3333 Denum,
1660 3293 1806 3324 Edmundi
1820 3293 1937 3332 Nevils,
1957 3294 1989 3324 &
2013 3293 2138 3325 Roberti
2151 3294 2186 3326 de
2200 3296 2372 3335 Shireburn,
2385 3299 2492 3335 ibidemg

1307 3342 1365 3363 con
1407 3341 1483 3363 entes

1347 3357 1555 3410 Affignavi'mus
1568 3371 1653 3409 ipsOS,
1672 3371 1705 3401 δε
1719 3371 1802 3401 Duos
1814 3380 1914 3402 eorum
1923 3394 1933 3409 ,
1951 3369 1985 3401 ad
1999 3370 2162 3411 eligendum
2171 3395 2180 3410 ,
2199 3374 2226 3402 in
2235 3371 2368 3404 Comita-

1308 3418 1339 3441 tu
1355 3410 1513 3447 praedicto,
1531 3410 1590 3440 tarn
1603 3410 1672 3439 infra
1689 3409 1862 3447 Libertates,
1878 3410 1965 3448 quarn
1976 3419 2068 3448 exn-a,
2087 3420 2154 3440 cum
2166 3412 2251 3440 omni
2267 3411 2368 3442 celeri*

1308 3457 1365 3479 tate
1378 3447 1434 3487 qua
1445 3447 1504 3478 fieri
1521 3449 1636 3487 poterit,
1656 3448 1890 3486 Qadringentos
1904 3448 2048 3478 Homines
2060 3448 2224 3486 Sagitarios,
2243 3450 2276 3480 ὅ(
2285 3448 2366 3481 Cen-

1309 3495 1370 3556 {ium
1384 3485 1572 3525 Hobelarios,
1590 3486 1626 3516 de
1641 3485 1830 3516 Validioribus
1843 3487 1877 3517 &
1891 3486 2100 3517 Potentioribus
2115 3486 2277 3518 Comitatus
2292 3490 2365 3527 ejusa

1329 3535 1390 3556 ern·

1348 3549 1393 3594 Ita'
1404 3563 1485 3602 quod
1500 3562 1570 3593 dieti
1590 3562 1757 3600 I-Iobelarii,

1347 3602 1485 3632 Aketonis
1499 3625 1509 3640 ,
1535 3601 1698 3640 Bacinettis,
1728 3603 1762 3633 &
1783 3600 1923 3631 Cirotecis
1940 3600 2062 3639 Ferreis,
2079 3611 2112 3632 ac
2124 3600 2310 3642 Equitaturis,
2328 3605 2364 3636 ὃς

1308 3641 1438 3680 praediffl
1456 3640 1616 3680 Sagittarii,
1641 3648 1726 3678 prout
1747 3639 1781 3669 ad
1801 3639 1873 3677 ipsos
1894 3640 2037 3678 pertinet,
2065 3641 2137 3671 bene
2149 3642 2182 3672 ὃς
2197 3641 2368 3675 sufficienter

1309 3689 1411 3710 muniti

1348 3703 1480 3756 Prompti
1501 3717 1553 3748 sint
1573 3717 1607 3748 &
1620 3717 1704 3754 parati
1717 3715 1751 3746 ad
1767 3713 2000 3751 proficiscendum
2016 3716 2182 3756 nobiscum,
2202 3718 2235 3749 &
2249 3719 2306 3750 aliis
2321 3720 2370 3751 Fiq

1309 3756 1420 3787 delibus
1440 3755 1541 3786 nostris
1556 3779 1566 3792 ,
1589 3765 1643 3794 pro
1664 3754 1823 3784 salvatione
1842 3754 1875 3784 &
1900 3753 2076 3785 Defensione
2099 3755 2241 3787 Marchiae
2263 3758 2370 3790 nostrae

1309 3794 1470 3834 praedictae,
1488 3794 1522 3824 ὃς
1538 3793 1640 3830 Populi
1654 3791 1742 3822 nostri
1758 3791 1955 3829 ibidem,cum
1969 3792 2041 3830 ipsos
2054 3794 2134 3831 super
2145 3795 2203 3825 hoc
2219 3795 2370 3829 fecerimus

1311 3833 1473 3872 praemuniri
1489 3855 1498 3869 ,
1524 3831 1544 3860 si
1565 3832 1654 3868 aliqua
1667 3855 1676 3868 ,
1694 3840 1743 3868 per
1757 3840 1821 3868 quae
1835 3829 1926 3860 dietus
1942 3830 2067 3868 Populus
2079 3832 2175 3863 noster
2189 3837 2303 3875 terreri,
2320 3836 2368 3867 seu

1308 3870 1501 3909 dampnificari
1511 3868 1620 3907 posset,
1636 3878 1687 3906 per
1702 3869 1900 3906 quoscumque
1915 3870 2067 3908 contigerit
2078 3875 2253 3910 attemptari:

1349 3909 1386 3940 Et
1399 3908 1433 3938 ad
1446 3917 1547 3938 omnes
1562 3907 1641 3945 illos,
1661 3917 1731 3944 quos
1745 3907 1774 3936 in
1788 3906 1933 3944 praemiffis
1948 3909 2105 3940 contrarios
2116 3909 2162 3941 seu
2177 3911 2374 3944 inobedientes

1312 3948 1487 3983 invenerint,
1506 3955 1591 3983 prout
1605 3946 1704 3982 decet,
1723 3945 1913 3983 puniendum:

1350 3986 1388 4017 Et
1401 3986 1436 4016 ad
1449 3983 1661 4015 certificandum
1680 3994 1750 4022 nos,
1768 3983 1825 4014 sine
1839 3983 1989 4023 dilatione,
2009 3984 2046 4016 de
2059 3987 2222 4019 nominibus
2234 3988 2367 4026 illorum,

1313 4035 1384 4064 quos
1401 4024 1438 4054 fic
1451 4023 1603 4061 elegerint,
1621 4023 1655 4053 &
1672 4022 1708 4053 de
1722 4031 1786 4053 toto
1800 4022 1877 4052 facito
1890 4022 1939 4053 suo
1955 4025 1982 4053 in
1997 4023 2050 4055 hac
2065 4034 2154 4064 parte·

1351 4063 1390 4094 Et
1404 4062 1470 4092 ideo
1484 4062 1566 4092 vobis
1581 4061 1744 4091 mandamus
1760 4061 1838 4099 quod
1852 4061 1973 4101 eisdem,
1986 4061 2126 4102 johanni,
2144 4051 2319 4102 Edmundo,
2332 4064 2367 4094 δε

1313 4101 1466 4139 RobertO,
1483 4100 1530 4132 vel
1542 4099 1665 4131 Duobus
1678 4109 1780 4131 eorum
1795 4124 1805 4138 ‚
1823 4100 1853 4129 in
1866 4099 2017 4132 Elei-&tione
2030 4101 2196 4133 Hominum
2215 4102 2371 4140 praedidto-

1810 4137 1836 4168 L
1854 4147 1873 4168 2
2292 4148 2375 4178 rum,
