2562 4279
811 186 920 227 ET
1004 179 1244 227 ACTA

52 268 130 301 Ann.
143 266 184 300 D·
204 270 431 310 quibuscumque
452 272 487 302 de
508 271 608 309 caufis,
624 270 823 311 existentibus,
858 271 919 302 uod
941 270 1031 302 eidem
1041 269 1184 309 Jobanni,
1202 277 1264 300 tan-

74 305 158 347 1326.
203 319 289 348 quam
309 309 464 342 Senescallo
485 310 572 350 Regis
593 309 810 349 Maneriorum,
827 282 997 347 perrarum,
1016 309 1048 339 &
1064 309 1262 338 Tenemento-

53 349 119 375 Euv·
139 355 165 374 2·
202 357 268 378 rum
289 349 506 387 praedietorum,
531 351 560 379 in
581 347 724 386 praemissis
747 348 799 379 sint
818 348 1007 385 intendentes,
1032 348 1065 377 &
1084 348 1261 383 :imitantes-3

201 395 287 425 prout
299 387 362 416 alias
374 386 433 417 fieri
446 387 599 418 consuev't.

238 424 272 455 In
289 426 384 464 cujus,
402 427 463 456 &c.
478 435 561 464 quam
583 426 611 456 iu
626 423 702 464 Regi
716 425 850 463 placuerit
862 423 1008 454 duraturas.

269 463 357 494 Teste
371 473 401 494 ut
415 464 501 501 supra.
809 497 812 501 ῃ

801 503 854 530 Per
868 498 949 539 ipfitm
966 502 1069 536 Regem.

249 628 297 659 De
321 626 556 659 Proclamatione
569 622 714 668 facienda
733 635 768 654 ne
789 625 854 667 quis
871 620 988 666 deferat
1005 624 1124 655 Literas
1143 624 1216 668 Regi

615 669 840 717 praejudiciates.

57 769 133 801 Ann.
150 769 190 800 D.

81 810 165 848 1326.

59 851 112 876 Au.
130 858 174 875 20.

59 889 91 914 Ε.
107 895 133 912 2.

57 924 194 961 Clauszo.

59 967 91 991 E.
110 973 137 990 2.

208 753 294 822 LE
311 752 372 791 Roi
390 769 404 790 a
419 750 511 789 nostre
522 754 586 786 foial
600 754 633 784 &
647 754 730 792 roial,
748 753 831 785 Rauf
840 748 931 786 Baffet
944 755 979 786 de
995 755 1124 796 Drayton
1134 779 1143 793 ,
1163 754 1264 785 Cone-

280 799 366 828 stable
388 799 424 828 de
445 796 539 827 nostre
561 792 674 822 Chastel
686 793 723 823 de
736 792 855 831 Dovre,
872 795 905 824 &
920 793 1046 825 Gardein
1060 795 1107 824 des
1120 805 1172 825 nos
1186 790 1265 824 Cink

210 836 314 874 Portz,
333 836 436 867 Salutz.

248 873 345 904 Come
366 884 434 904 nous
456 880 535 901 eoms
556 869 668 911 ordeins
696 879 752 908 que
770 869 898 909 I’Estaple
925 870 970 901 des
996 870 1097 902 Leines
1112 894 1121 909 ‚
1148 871 1244 909 Qiirz
1257 894 1268 909 ,

212 913 308 982 Reaulx
317 914 413 963 lanuz,
424 911 457 941 δε
465 908 605 947 d'Estein,
620 910 671 939 soit
677 916 761 940 tenuz
772 919 809 938 eii
821 911 941 940 certeins
955 911 1028 940 lieux
1039 910 1159 941 dedeinz
1173 909 1268 940 nostre

244 962 288 982 013
300 961 346 981 me
361 959 368 979 z

250 989 315 1019 *Et
332 996 411 1018 eoms
433 987 488 1024 pris
501 996 535 1016 en
552 985 646 1016 nostre
659 985 836 1016 Protectiom
846 1009 856 1025 ,
874 986 907 1017 &
921 986 980 1017 seur
994 987 1028 1017 ὃς
1040 985 1101 1017 sauf
1111 986 1267 1026 Conduyt,

213 1034 282 1059 touz
300 1025 497 1055 Marchaundz
508 1023 690 1064 Estraunges,
708 1026 744 1055 de
757 1034 936 1063 quecunques
950 1026 1053 1056 Terres
1067 1026 1097 1055 ils
1112 1026 1216 1064 soient,
1232 1036 1268 1056 en

213 1072 316 1097 venant
342 1073 377 1094 en
398 1063 493 1093 nostre
513 1063 554 1092 dit
583 1062 716 1093 Roialme
732 1086 742 1102 ,
762 1063 896 1102 illoeques
916 1064 1082 1094 demorantz
1095 1087 1104 1102 ,
1123 1064 1156 1094 &
1182 1073 1269 1094 retur-

212 1111 299 1134 nantz
320 1102 458 1142 (horspris
471 1102 543 1132 celes
555 1111 609 1140 que
623 1101 683 1132 sont
696 1102 730 1132 de
743 1103 865 1132 enemite
878 1110 1034 1133 encountre
1053 1111 1144 1136 00113)
1162 1102 1268 1132 sicome

210 1142 272 1180 plus
286 1140 457 1179 pleinernent
472 1140 512 1170 est
528 1148 663 1170 contentu
677 1150 712 1170 en
729 1140 942 1179 l’ordinement,
956 1141 999 1171 sur
1013 1151 1067 1171 ceo
1082 1140 1148 1179 fait,
1163 1140 1188 1170 le
1203 1141 1267 1179 quel

209 1189 283 1211 nous
297 1189 393 1209 avonis
409 1179 457 1209 fait
473 1178 579 1216 publier
594 1180 682 1216 parmi
697 1178 793 1208 nostre
808 1178 940 1209 Roialme
954 1189 961 1209 :

248 1217 285 1248 Et
300 1219 328 1257 ja
348 1227 428 1251 eoms
441 1217 563 1247 entendu
579 1227 650 1256 que,
669 1227 716 1255 par
731 1217 830 1247 colour
843 1217 878 1247 de
891 1228 941 1256 ce,
961 1216 1170 1255 Marchauntz,
1191 1217 1270 1247 Mes-

209 1258 312 1296 sagerS,
332 1258 364 1287 &
386 1264 474 1286 autres
494 1255 611 1294 Gentz,
627 1257 723 1293 privez
745 1255 778 1285 &
796 1255 967 1295 estraunges,
985 1256 1080 1295 asquns
1095 1265 1130 1286 en
1145 1255 1202 1286 leur
1216 1256 1270 1286 far-

209 1296 300 1333 deux,
319 1296 352 1326 &
375 1303 452 1325 entre
475 1294 512 1325 les
527 1294 604 1324 altres
619 1293 862 1332 Marchaundises,
880 1295 914 1325 &
927 1303 963 1324 en
978 1294 1057 1324 altres
1071 1294 1194 1333 plusours
1210 1304 1270 1325 ma—

210 1342 289 1365 neres
304 1341 492 1370 controveez,
510 1340 639 1372 portent,
657 1333 691 1363 &
706 1333 908 1370 fountporter,
926 1342 960 1362 en
977 1332 1074 1362 nostre
1088 1334 1128 1363 dit
1138 1333 1269 1364 Roialme

209 1372 322 1404 Lettres
342 1372 559 1410 suspecionuses,
577 1372 610 1401 &
634 1371 714 1401 altres
734 1370 830 1401 choses
851 1371 1040 1409 prejudicieles
1057 1382 1072 1401 a
1094 1380 1181 1411 nous,
1198 1372 1231 1402 &
1255 1383 1270 1403 a

207 1411 246 1442 les
261 1419 338 1447 noz,
355 1411 485 1440 auxibien
500 1410 536 1440 de
550 1418 622 1439 ceux
635 1419 689 1447 que
704 1409 766 1440 sont
780 1409 817 1439 de
830 1411 952 1440 enemite
966 1418 1065 1440 contre
1080 1420 1167 1448 nous,
1182 1420 1270 1441 come

209 1450 248 1479 du
272 1448 449 1489 Mortymer,
469 1449 502 1479 δε
525 1448 602 1477 altres
623 1447 761 1485 Treitres,
788 1447 897 1489 Bannys
915 1449 949 1479 &
970 1448 993 1477 F
996 1448 1059 1478 utifs
1072 1450 1107 1478 de
1122 1448 1216 1478 nostre
1229 1449 1270 1479 dit

208 1488 358 1526 Roialme,
378 1498 413 1518 en
436 1495 517 1523 grant
539 1486 590 1516 des
604 1487 624 1516 it
646 1487 681 1517 de
701 1496 790 1524 nous,
809 1487 842 1516 δε
866 1495 1003 1518 encontre
1024 1487 1050 1516 le
1070 1486 1165 1516 defens
1181 1486 1216 1517 de
1235 1497 1270 1518 ce

209 1526 274 1564 fait,
292 1526 380 1563 parmi
394 1525 490 1555 nostre
505 1525 577 1555 Roia
591 1535 655 1564 me,
673 1525 796 1564 plusours
811 1524 883 1555 foitz
896 1534 977 1556 avant
992 1535 1037 1555 ces
1053 1525 1158 1555 heures.

245 1564 350 1603 Nous,
368 1564 506 1595 voillantz
528 1571 666 1594 encontre
687 1563 753 1593 teles
776 1561 895 1594 Malices
916 1571 1019 1594 mettre
1040 1562 1196 1593 covenable
1210 1563 1271 1594 Re-

210 1603 314 1641 mede,
331 1604 437 1633 iicome
457 1602 560 1640 affiert,
579 1612 650 1632 vous
672 1601 846 1640 Mandoms,
862 1604 896 1634 &
916 1603 1081 1640 chargeoms
1104 1612 1138 1639 qe
1152 1611 1186 1631 en
1202 1610 1271 1632 touz

210 1642 249 1671 les
271 1641 361 1671 Portz
380 1641 538 1679 avantditz,
557 1640 590 1670 &
602 1649 690 1671 autres
705 1640 794 1678 lieux,
811 1650 846 1669 au
862 1640 973 1670 Arivale
985 1640 1026 1669 est
1042 1639 1088 1669 des
1104 1640 1138 1669 N
1142 1640 1204 1677 iefs,
1221 1639 1271 1669 de-

208 1680 295 1710 deinz
307 1679 398 1710 vestre
412 1679 505 1710 Baillie
514 1702 523 1717 ,
538 1679 636 1716 facez,
654 1679 737 1708 saunz
751 1677 821 1708 delai
830 1701 839 1715 ,
855 1679 925 1708 61161
939 1679 972 1709 &
986 1677 1120 1708 defendre
1130 1701 1138 1715 ‚
1155 1679 1198 1708 sur
1210 1679 1270 1716 pei-

210 1729 249 1749 ne
268 1718 304 1749 de
328 1718 474 1748 forfaiture
488 1718 525 1747 de
539 1716 633 1753 Corps
648 1718 681 1747 &
697 1716 745 1745 des
759 1715 856 1752 Biens‚
895 1726 930 1746 ue
945 1715 1022 1754 nuls,
1041 1716 1077 1745 de
1092 1717 1155 1753 quel
1170 1717 1270 1746 condi-

209 1758 295 1787 cione
317 1756 375 1795 q'ils
388 1756 492 1794 soient,
509 1762 624 1795 portent
637 1753 757 1784 dedeinz
772 1754 867 1784 nostre
899 1755 919 1784 it
931 1754 1066 1784 Roialme
1083 1754 1211 1793 Lettres,
1230 1765 1269 1786 ou

207 1795 288 1826 altres
301 1794 397 1825 choses
410 1793 646 1833 suspecionouses,
664 1802 703 1822 ou
719 1791 908 1830 preiudicieles
924 1803 938 1822 a
951 1802 1038 1831 nous,
1056 1803 1094 1822 ou
1111 1804 1126 1823 a
1141 1793 1178 1823 les
1193 1804 1266 1824 noz:

243 1833 300 1871 Et,
319 1834 339 1864 si
360 1832 408 1863 uul
428 1832 479 1862 soit
501 1841 598 1868 troue,
615 1830 728 1861 voloms
770 1839 805 1860 ue
824 1831 843 1860 il
865 1831 918 1862 soit
937 1831 1124 1861 hastivement
1139 1832 1265 1871 attache,

205 1881 255 1909 par
276 1872 327 1902 son
350 1870 445 1909 Corps
467 1871 501 1901 &
522 1871 559 1900 ses
582 1869 683 1908 Biens,
698 1871 731 1901 &
762 1879 914 1901 auvement
937 1869 1022 1908 garde
1033 1879 1134 1909 tanque
1148 1880 1218 1900 nous
1232 1881 1268 1901 en

205 1908 426 1940 commandoms
442 1908 536 1939 nostre
551 1909 673 1939 volente.

242 1947 281 1978 Et
304 1947 374 1977 n'est
399 1948 456 1977 mie
470 1947 564 1977 nostre
582 1948 752 1986 entencion,
767 1957 822 1986 que
836 1956 920 1984 ceux,
939 1957 1014 1985 que,
1030 1955 1111 1977 avant
1125 1947 1184 1978 cest
1197 1948 1268 1979 heu-

206 1996 254 2025 re,
269 1987 379 2018 feurent
399 1986 523 2026 deputez
544 1995 596 2023 pur
617 1986 666 2015 fair
680 1986 705 2015 le
719 1985 824 2016 Serche
839 1996 866 2016 es
881 1985 970 2016 Portz
984 1987 1017 2017 &
1033 1986 1106 2016 lieux
1122 1987 1268 2025 avanditz,

206 2035 256 2062 par
279 2025 378 2055 colour
399 2024 436 2054 de
456 2025 530 2054 tiele<
552 2024 749 2063 Protefflons,
764 2025 797 2055 ὃ(
820 2024 888 2054 saufs
911 2023 1084 2061 Conduffl,
1108 2025 1213 2056 66ίῖ6οῑ
1234 2026 1270 2056 de

204 2063 271 2093 faire
293 2062 319 2092 le
334 2062 427 2092 serche
447 2062 575 2099 avandit‚
594 2070 653 2092 mes
675 2072 729 2101 que
749 2072 803 2092 eux
823 2063 849 2092 16
864 2063 957 2093 facerit
974 2063 1033 2101 plus
1051 2062 1247 2101 diligeaument
1260 2087 1270 2102 ,

205 2111 259 2140 pur
275 2100 399 2138 plusours
412 2100 511 2138 pariis,
531 2110 585 2138 que
599 2110 648 2138 par
663 2102 718 2131 tieu
732 2101 833 2131 colour
849 2109 897 2132 ent
911 2109 1030 2139 purront
1044 2102 1148 2132 avenir.

243 2138 326 2169 Don.
342 2148 357 2169 a
372 2137 512 2170 Porcestr.
528 2138 554 2169 le
567 2147 647 2177 quart
658 2140 720 2176 iour
734 2139 769 2170 de
783 2139 883 2179 Augst.

59 1012 96 1029 m.
114 1010 158 1029 12.

57 1039 121 1076 dors.

60 1078 80 1096 ²*
104 1079 155 1104 IV.

63 1124 129 1143 221.

539 2268 633 2312 Super
648 2266 771 2312 praefato
791 2267 930 2314 IVegotiO.

207 2350 295 2411 LE
314 2350 375 2382 Roi
394 2361 409 2382 a
429 2350 562 2383 William
582 2352 618 2382 de
639 2350 701 2382 Gre
727 2375 738 2390 ‚
755 2351 789 2384 &
800 2351 895 2391 Johan
911 2352 953 2383 de'
967 2352 1108 2392 Shelvyng
1121 2379 1130 2391 ‚
1147 2353 1269 2395 affignez

278 2389 314 2419 de
335 2391 401 2420 faire
423 2391 449 2420 le
472 2391 567 2421 serche
586 2400 634 2430 par
655 2391 680 2420 la
723 2390 814 2421 ostere
827 2391 864 2421 de
878 2390 964 2422 ane
979 2392 1014 2422 de
1028 2392 1172 2432 Tamifie,
1192 2402 1271 2425 entre

207 2427 372 2466 Recolure,
391 2428 533 2467 Greston,
551 2430 584 2460 ὃ(
600 2428 789 2466 Whitstaple‚
808 2429 911 2460 Salutz.

245 2464 343 2496 Corne
365 2477 436 2496 nous
453 2477 534 2497 eoms
556 2468 655 2498 ordere
674 2477 730 2505 que
745 2467 891 2507 l’Estaple,
910 2467 970 2502 &a
983 2475 1016 2498 ut
1024 2469 1108 2507 ficpra
1124 2469 1202 2510 usque
1218 2471 1272 2510 ibi,

205 2503 225 2534 fi
242 2505 291 2534 uul
305 2505 356 2535 soit
371 2513 462 2542 trove,
468 2513 531 2535 tunc
539 2505 587 2545 fic,
596 2506 708 2536 voloms
723 2516 778 2543 que
790 2516 861 2536 vous
872 2506 910 2536 163
922 2506 994 2537 faces
1008 2507 1192 2539 hastivement
1205 2518 1273 2539 atta-

203 2542 273 2573 cher
287 2553 335 2583 par
349 2543 398 2573 son
413 2542 506 2581 Corps
521 2544 555 2574 &
570 2545 606 2574 ses
621 2544 702 2574 Biens
711 2567 721 2582 ,
733 2545 766 2575 &
780 2544 940 2575 sauvement
952 2546 1067 2584 garder,
1082 2554 1186 2584 tanque
1200 2558 1272 2579 nous

204 2588 254 2611 ent
265 2582 484 2612 commandoms
498 2581 595 2612 nostre
609 2583 731 2612 volente.

56 2330 134 2361 Ann.
148 2329 189 2361 D.

75 2370 160 2409 1326.

55 2410 108 2435 An.
130 2419 174 2436 20.

81 2467 146 2512 mli.

242 2619 280 2650 Et
297 2619 369 2650 n'est
391 2621 449 2650 mie
469 2620 566 2650 nostre
588 2621 758 2658 entencion,
775 2631 830 2660 que
849 2631 920 2651 vous
942 2622 1035 2652 cessez
1050 2622 1085 2652 de
1097 2623 1164 2653 faire
1178 2624 1204 2654 Ie
1220 2625 1272 2655 ser-

205 2657 261 2688 cbe
280 2668 308 2688 es
329 2657 420 2688 Portz
443 2659 477 2689 &
499 2659 572 2689 lieux
593 2658 750 2697 avantditz,
769 2670 817 2697 par
838 2660 939 2690 colour
953 2660 988 2690 de
1003 2662 1078 2691 tieux
1094 2661 1273 2694 Proteeuons

206 2696 240 2726 &
254 2696 323 2726 saufs
339 2694 515 2735 Conduffl,
532 2707 591 2741 mes
606 2708 661 2736 que
674 2708 745 2728 vous
758 2697 796 2728 les
810 2698 891 2729 faceL
903 2699 962 2736 plus
975 2698 1183 2736 dilegeaument
1192 2725 1202 2740 ,
1219 2713 1272 2742 pur

206 2734 328 2772 plusours
342 2735 421 2773 perils
436 2745 491 2772 que
506 2745 552 2774 pat
565 2744 622 2766 tieu
637 2736 737 2767 colour
746 2745 793 2767 ent
805 2745 923 2775 purront
935 2739 1039 2768 avenir.

244 2771 328 2801 Don.
344 2780 376 2802 ut
391 2772 479 2810 supra.

206 2895 257 2928 De
282 2898 373 2928 Statu
399 2898 511 2942 Regni,
535 2899 571 2935 (ῤ’
598 2896 676 2944 qnid
700 2899 803 2931 aslum
824 2910 878 2945 pro
900 2904 976 2934 Pace
994 2899 1150 2944 habenam,
1176 2905 1212 2940 ὠ·
1236 2902 1272 2935 de

588 2946 698 2979 orando
714 2958 770 2992 pro
802 2950 890 2994 Rege.

210 3029 306 3090 RE
317 3029 366 3068 X,
383 3029 541 3061 Venerabili
563 3032 591 3062 in
614 3031 732 3062 Christo
744 3031 835 3070 Patri,
855 3033 908 3063 W.
924 3033 1022 3064 effidem
1036 3035 1141 3074 gratia,
1155 3035 1274 3067 Archie-

292 3069 410 3107 piscopo
422 3069 631 3108 Cantuarienfi‚
649 3072 735 3101 totius
751 3070 863 3110 Angiiae
876 3071 1009 3111 Primati,
1028 3072 1161 3104 Salutem.

250 3105 325 3137 Bene
346 3109 428 3138 novit
450 3107 539 3139 vestra
555 3108 713 3147 Discretio,
731 3119 784 3140 nec
800 3110 893 3147 potest
909 3111 1007 3149 vobis,
1023 3120 1053 3142 ut
1068 3112 1224 3151 credimus,
1243 3114 1272 3143 in

212 3146 382 3190 memoriam
402 3155 461 3189 non
481 3147 592 3185 venire,
619 3147 735 3185 qualiter
771 3157 823 3186 pro
836 3149 918 3179 bono
933 3149 1013 3179 Pacis
1025 3151 1058 3180 &
1075 3151 1274 3181 reformatione

213 3180 388 3214 Concordiae
401 3193 471 3214 inter
484 3194 536 3215 nos
550 3186 582 3216 δε
599 3184 715 3223 Regem
756 3187 867 3223 ranciae,
874 3186 909 3216 de
917 3187 1188 3225 vestr0,&aliorum
1196 3188 1275 3219 Prae-

211 3220 351 3260 latorum,
376 3222 410 3252 &
431 3221 617 3262 Magnaturn,
643 3225 761 3255 consilio
782 3225 816 3255 &
838 3225 959 3264 assensu,
982 3226 1117 3257 Uxorem
1133 3228 1276 3267 nostram,

211 3261 261 3290 sub
281 3259 384 3300 magna
397 3260 513 3291 Amoris
528 3262 716 3301 confidenti-sa,
735 3263 769 3293 ad
785 3263 876 3301 ipsum
892 3264 1007 3302 Regem
1023 3275 1112 3304 nuper
1127 3266 1273 3297 transmisi-

210 3308 289 3337 mus,
307 3299 444 3337 sperantes
465 3299 550 3334 (ficut
571 3301 653 3331 nobis
666 3301 917 3340 certitudinaliter7
935 3314 983 3342 per
998 3304 1134 3335 Nuncios
1150 3304 1273 3336 Domini

208 3337 323 3367 Summi
347 3336 509 3376 Pontificis,
527 3339 575 3376 qui
599 3340 656 3369 tam
670 3339 703 3369 ad
719 3340 810 3377 ipsum
824 3340 956 3381 Regem,
976 3344 1060 3382 quam
1072 3343 1105 3374 ad
1121 3343 1204 3382 Nos,
1223 3354 1274 3382 pro

209 3375 350 3419 TraCtatu
365 3374 556 3420 Concordiae,
572 3377 681 3408 fuerant
694 3377 839 3417 destinati,
855 3380 889 3410 &
902 3382 983 3411 etiarn
997 3391 1045 3418 per
1061 3381 1170 3412 nostros
1184 3382 1274 3413 Nun-

208 3423 288 3459 6103,
306 3424 374 3446 tunc
391 3424 419 3444 in
433 3415 553 3454 partibus
568 3415 692 3446 Franciae
707 3416 869 3456 existentes,
887 3420 1057 3457 promissum
1070 3421 1176 3459 extitit)
1193 3422 1273 3460 quod

209 3453 266 3490 ipsa
285 3463 301 3483 a
316 3452 432 3491 praefato
447 3452 532 3497 Rege
546 3453 629 3497 fratre
644 3455 693 3484 suo
710 3454 817 3493 posset,
835 3466 1025 3496 quaecumque
1041 3467 1163 3498 peteret,
1181 3460 1272 3499 impe-

210 3499 299 3530 trare,
313 3493 346 3523 &
362 3491 440 3529 quod
451 3514 460 3529 ,
479 3501 536 3529 ejus
551 3499 726 3530 interventu,
744 3492 825 3523 firma
837 3493 895 3524 Pax
909 3496 942 3526 &
957 3499 1059 3526 amoris
1074 3498 1214 3536 integritas
1228 3500 1274 3528 in-

210 3538 254 3560 ter
273 3530 342 3560 Nos
360 3531 393 3561 &
415 3530 504 3568 ipsum
525 3530 660 3569 Regem,
677 3530 778 3569 absque
797 3532 942 3563 amiffione
959 3533 1033 3573 Juris
1047 3536 1092 3565 seu
1106 3535 1273 3567 Patrimonii

210 3567 319 3607 nostri,
336 3569 379 3599 seu
395 3569 508 3606 alicujus
520 3567 650 3599 Personae
663 3568 699 3599 de
711 3569 825 3607 nostris,
843 3571 987 3603 reformari
1002 3573 1168 3604 debuiflent.

239 3606 287 3652 ⁴Et
303 3631 311 3645 ,
338 3608 402 3652 post
424 3608 511 3651 haec',
538 3606 617 3637 dieto
638 3609 758 3644 negotio
773 3631 783 3646 ,
806 3619 865 3639 non
886 3609 1040 3641 secundum
1063 3612 1210 3649 promissa,
1235 3614 1272 3644 set

210 3645 298 3676 alium
317 3646 438 3676 totaliter
459 3655 584 3683 exitum,
603 3645 672 3676 sicut
684 3645 772 3676 nostis
806 3647 951 3686 sortiente,
970 3659 1037 3680 curn
1053 3651 1138 3687 parati
1152 3651 1273 3682 essemus

210 3684 242 3714 in
261 3683 351 3715 Portu
374 3684 530 3714 Dovorriae
552 3685 585 3714 ad
607 3684 767 3714 transfretan
790 3695 838 3715 um
860 3687 951 3717 versus
975 3696 1060 3725 partes
1077 3688 1219 3727 Franciae,
1237 3690 1273 3720 de

211 3721 341 3753 Consilio
360 3723 472 3760 vestm,
491 3733 524 3753 ac
544 3724 662 3752 aliorum
684 3721 867 3754 Praelatorum
889 3725 907 3744 ²¹⁵
922 3726 955 3755 &
980 3726 1149 3761 Magnarum
1173 3728 1272 3766 praedi-¹

213 3760 346 3800 (storum,
364 3771 396 3792 ac
418 3762 561 3792 diistorum
585 3761 791 3800 Nunciorum,
809 3764 928 3800 praefato
948 3762 1137 3805 etiamRege
1158 3766 1191 3796 ad
1213 3767 1270 3797 hoc

212 3799 348 3830 assensum
371 3801 530 3839 praebente,
551 3800 699 3829 Ducatum
714 3799 842 3830 nostrum
858 3800 1004 3832 Vasconiae
1038 3804 1071 3833 &
1085 3813 1184 3834 omnes
1197 3805 1272 3835 Ter-

213 3847 256 3867 ras
275 3837 396 3877 nostras,
414 3849 480 3877 quas
501 3838 648 3869 habuimus
668 3839 697 3868 in
718 3838 825 3873 Regno
849 3838 988 3875 Franciae,
1013 3826 1172 3882 iidwardo,
1198 3843 1271 3874 Filio

213 3875 314 3906 nostro
329 3875 548 3917 Primogenito,
563 3877 731 3907 donavimus
746 3876 795 3906 sub
808 3877 887 3907 certa
898 3878 991 3909 forma
1006 3879 1151 3918 habenda,
1169 3881 1272 3920 ipsum-

213 3922 269 3952 que
288 3914 323 3944 ad
338 3915 449 3946 dietum
471 3916 589 3953 Regem
612 3915 736 3945 Franci-te
750 3915 960 3954 transmifimus,
976 3926 1029 3955 pro
1042 3916 1190 3957 Homagio
1206 3919 1273 3959 suo,

213 3960 269 3989 pro
282 3950 397 3983 Ducatu
408 3977 418 3992 ,
436 3955 469 3985 &
484 3954 580 3984 Terris
593 3953 732 3992 praedietis
741 3978 750 3993 ,
767 3954 905 3984 faciendo.

237 3987 295 4033 ’Et‘
309 3991 391 4033 ecce!
410 4001 474 4030 quae
487 3994 590 4023 amoris
604 3992 750 4023 dulcedine
765 4002 819 4031 pro
835 4002 904 4029 pace
916 3994 1041 4033 egimus,
1056 4003 1087 4025 ut
1098 3994 1274 4027 Guerrarum

215 4027 374 4058 discrimina
391 4030 543 4061 vitarentur
552 4054 562 4070 ,
580 4032 664 4062 nobis
677 4033 705 4061 in
717 4031 780 4062 felle
794 4031 928 4064 conversa
942 4032 1003 4064 sunt
1016 4033 1222 4073 amaritudinis,
1240 4036 1275 4066 ὃς

217 4065 334 4096 Guerris
347 4068 474 4097 materias
487 4069 693 4102 habundantius
703 4069 904 4102 administrant.

223 4148 227 4150 η
250 4106 324 4146 :tina
340 4106 382 4135 11.
404 4106 437 4135 P.
450 4108 494 4136 11.

59 3047 135 3078 Anni
151 3045 192 3077 D.

80 3086 167 3126 1326.

58 3130 112 3153 An.
130 3136 176 3152 20.

58 3168 89 3192 Ε.
111 3173 138 3191 2.

57 3202 195 3239 Clausae,

60 3244 91 3267 E.
108 3250 133 3268 2.

59 3287 97 3307 m.
108 3288 117 3306 i
128 3289 150 3307 t.
165 3279 191 3307 d.

65 3740 85 3760 ’ὲ
100 3743 151 3769 IV.

66 3788 131 3808 222.

1357 153 1824 234 remmit-
2276 190 2351 241 163

1342 272 1474 304 Detinuit
1494 275 1628 312 fiquidem
1648 276 1723 307 idem
1742 275 1823 315 Rex,
1841 278 1875 309 &
1895 269 1987 308 adliue
2001 268 2106 308 detinet
2117 275 2211 307 diCtos
2223 273 2353 311 nostros,
2368 267 2444 311 Ann3
2456 258 2502 295 DJ

1298 309 1433 342 Uxorem
1447 313 1479 342 ὃ(
1495 313 1614 356 Filium,
1632 324 1664 356 ac
1681 324 1810 354 magnam
1827 324 1930 353 panem
1946 315 2076 346 Ducatus
2089 316 2234 356 praedieti,
2254 321 2352 355 quarn-
2394 302 2478 345 132⁶·

1297 358 1383 395 quam
1405 350 1586 389 Homagium
1610 353 1689 390 iplius
1712 354 1772 383 Filii
1793 354 1880 384 nostri
1904 365 1955 392 pro
1978 355 2087 394 integro
2107 354 2228 393 recepit,
2248 352 2281 382 ὃ(
2295 359 2351 387 iam
2366 346 2435 373 Edv.
2451 353 2478 370 ²2

1296 387 1447 431 residi-um,
1466 389 1552 419 missis
1574 389 1749 420 Exercitibus
1764 416 1773 429 ,
1793 392 1884 431 satagit
1905 402 2044 430 occupare
2067 403 2073 422 ι
2101 396 2221 430 receptat
2242 390 2352 429 insuper

1297 423 1432 469 1111011603
1455 427 1488 457 &
1511 427 1641 457 Rebelles
1664 428 1790 466 nostrOS,
1808 431 1840 460 δε
1859 440 1905 459 603
1921 432 1997 461 fovet
2015 442 2020 460 :
2042 431 2075 461 &
2091 431 2219 469 quasdam
2235 428 2354 464 Naves‚

1298 465 1486 501 quorumdam
1511 464 1706 508 Mercatorum
1729 467 1889 497 nostrorum
1900 491 1908 505 ,
1927 479 2015 506 nuper
2033 479 2081 508 per
2098 467 2207 498 Gentes
2221 467 2293 505 suas,
2311 466 2355 496 su-

1296 502 1468 546 pra-'Mare3
1482 512 1562 546 *cepit
1584 505 1736 543 hostiliter,
1753 506 1803 543 &,
1822 506 1971 536 intersertis
1994 507 2200 537 Mercatoribus
2216 507 2248 536 δί
2265 503 2355 534 Mari-

1296 544 1393 579 nariis,
1412 542 1440 571 in
1463 551 1500 571 eis
1523 543 1659 579 inventis,
1677 543 1745 572 infra
1762 543 1900 580 Regnum
1916 544 2040 575 Francite
2054 546 2156 575 abduci
2173 545 2256 582 fecit,
2276 542 2354 573 31111(-

1296 587 1350 616 que
1365 589 1416 609 nos
1436 579 1472 609 de
1485 580 1585 610 vuerra
1600 581 1789 618 multipliciter
1804 582 1988 621 persequitur,
2010 585 2067 613 tani
2083 579 2132 621 per
2149 582 2248 620 Mare,
2266 583 2352 622 quam

1297 625 1347 654 per
1365 617 1493 648 Terram.

1337 654 1453 695 Propter
1473 657 1549 696 quod
1574 666 1642 695 nos,
1679 667 1710 686 ro
1723 656 1882 687 defenfione
1898 657 1991 696 Regni
2007 659 2110 696 nostri,
2128 659 2353 697 Navigiumnm

1299 692 1388 736 strum
1411 695 1533 725 misimus
1554 693 1630 732 supra
1674 696 1752 733 dare,
1771 696 1804 726 ad
1826 696 2029 725 refraenandum
2054 698 2188 727 malitiam
2212 696 2355 728 Gentium

1299 735 1379 770 ipsius
1395 732 1502 772 Regis,
1521 732 1541 762 fi
1555 743 1618 771 quae
1634 733 1708 763 forte
1725 734 1829 771 ingredi
1846 734 1946 763 vellent
1962 734 2096 771 Regnum
2113 737 2250 766 nostrum.

1340 769 1449 801 Verum
1471 771 1534 810 quia
1549 772 1630 801 nobis
1646 773 1761 801 relatum
1777 771 1836 809 est,
1852 772 1928 810 quod
1944 772 2043 810 aliqui,
2060 772 2205 811 Fautores,
2221 772 2355 804 111616111-ἱ

1303 817 1380 851 muS,
1396 810 1541 840 (1181010111
1556 808 1740 840 inimicorum
1750 833 1758 847 ,
1772 811 1915 839 veritatem
1930 810 2052 839 nostram
2063 833 2072 848 ,
2087 812 2114 839 in
2130 813 2289 850 pral'miffis,
2304 812 2355 841 fal-³

1304 849 1336 876 113
1358 848 1485 878 relatibus
1506 848 1652 887 satagentes
1668 849 1831 887 depravare,
1850 848 1951 877 sinistra
1966 848 2002 877 de
2016 849 2113 885 nobis,
2129 851 2161 878 3:
2176 851 2308 881 aliquibus
2322 850 2356 879 fi·-¹

1303 884 1410 916 delibus
1432 886 1548 925 nostris,
1564 887 1714 920 praedicare
1728 896 1785 916 non
1799 895 1946 923 verentur,
1965 895 1994 915 ut
2010 895 2131 916 avertant
2147 898 2161 916 a
2174 883 2253 919 uobis
2269 888 2356 918 corda

1304 924 1490 955 Subditorum
1510 925 1689 963 nostrorum,
1705 926 1753 963 qui
1776 934 1808 955 ex
1831 924 2003 963 limplicitate
2025 924 2180 963 frequenter
2195 926 2262 956 salsis
2278 927 2357 957 Nar-

1305 964 1441 993 ratoribus
1457 964 1540 993 fidem
1556 965 1699 1001 praebent,

1341 1001 1424 1040 Nos,
1445 1002 1568 1041 ipsorum
1590 1002 1698 1032 malitiis
1712 1002 1846 1039 obviare,
1865 1002 1896 1032 &
1910 1001 2063 1031 Veritatem
2080 1000 2135 1030 Rei
2151 1001 2234 1040 96111,
2249 1004 2358 1034 cunffis

1305 1039 1425 1077 patefieri
1447 1041 1605 1077 cupientes,
1623 1041 1704 1070 vobis
1726 1041 1754 1069 in
1776 1039 1830 1069 fide
1846 1041 1877 1069 ὃς
1893 1039 2058 1077 (1116ξ110116,
2077 1040 2175 1077 quibus
2190 1041 2270 1069 nobis
2283 1051 2359 1072 tene-

1305 1079 1400 1115 mini,
1424 1078 1538 1108 firmiter
1560 1077 1749 1116 injungendo,
1773 1077 1952 1115 mandamus,
1977 1079 2074 1117 quiid,
2099 1077 2133 1107 ad
2155 1079 2359 1108 confutandum

1304 1116 1460 1153 hujusmodi
1482 1116 1679 1146 malivolorum
1701 1115 1843 1146 audaciam
1859 1138 1868 1154 ,
1889 1116 2025 1154 praemissa.
2047 1117 2160 1153 omnia,
2182 1125 2264 1153 prout
2285 1116 2361 1155 gesta.

1306 1155 1418 1185 fuerunt
1457 1155 1483 1184 in
1507 1155 1623 1193 publicis
1643 1154 1844 1192 Sermonibus,
1863 1155 1896 1184 &
1919 1155 1976 1183 aliis
1998 1154 2286 1193 Congregationibus,
2312 1164 2362 1192 per

1305 1202 1395 1224 totam
1452 1193 1565 1224 iocesim
1578 1192 1696 1224 vestram
1714 1193 1820 1222 recitari
1839 1215 1848 1230 ,
1867 1193 1899 1222 &
1915 1193 2004 1231 palam
2021 1194 2121 1231 exponi
2138 1194 2257 1226 finiatis,-
2276 1204 2305 1223 ut
2321 1194 2361 1223 se*

1308 1233 1360 1262 ries
1382 1232 1522 1270 gestarum
1546 1241 1638 1262 rerum
1665 1231 1795 1261 univerlis
1812 1231 1845 1261 &
1859 1231 1967 1269 fingulis
1983 1240 2047 1260 nota
2065 1231 2109 1260 fiat
2147 1233 2179 1260 ὅ(
2195 1241 2295 1261 contra
2309 1232 2359 1262 liu-

1304 1270 1426 1309 jusmodi
1445 1270 1506 1300 falsa
1527 1271 1560 1301 ὃ(
1582 1269 1702 1308 sinistra,
1721 1270 1756 1299 de
1775 1270 1856 1299 nobis
1869 1270 1902 1300 &
1919 1269 2056 1298 Fidem-<12
2069 1254 2185 1306 11011113,
2204 1270 2362 1307 1111601630-

1307 1318 1364 1347 163,
1382 1309 1447 1339 tales
1466 1309 1499 1340 &
1514 1310 1574 1339 tam
1590 1309 1689 1348 rigidas
1702 1308 1837 1338 Censuxas
1852 1307 2029 1347 promulgare
2045 1306 2186 1344 stude-aria,
2205 1317 2252 1344 ut,
2270 1308 2363 1346 liujus-

1308 1347 1388 1378 modi
1403 1347 1489 1378 saltim
1504 1348 1621 1385 timore,
1638 1357 1654 1377 a
1669 1346 1719 1376 suis
1733 1347 1931 1376 temeritatibus
1946 1346 2169 1382 compescantur.

1348 1386 1492 1425 Rogamus
1513 1385 1621 1425 insuper
1642 1395 1693 1415 vos
1714 1408 1724 1423 ,
1753 1393 1887 1423 quatenus
1906 1384 2021 1413 Cleruni
2044 1384 2077 1413 &
2100 1382 2240 1425 Populum
2263 1383 2362 1414 vestrse

1308 1424 1436 1456 Diocesis
1457 1424 1606 1454 salubribus
1627 1424 1862 1454 exhortationibus
1880 1423 2103 1460 comm-oniensis,
2122 1423 2245 1459 iplolqu:
2262 1421 2364 1453 Praela-

1307 1471 1351 1493 tos
1372 1463 1515 1493 inferiores
1531 1486 1540 1500 ,
1563 1462 1719 1501 Religiosos
1739 1464 1770 1492 ὃ(
1792 1461 1872 1498 alios,
1898 1471 1930 1491 ac
1955 1461 2093 1490 Reilores
2116 1460 2317 1497 Eccleiiaruui,
2336 1461 2366 1491 in

1306 1501 1416 1540 singulis
1437 1501 1584 1538 Ecclesiis,
1604 1511 1651 1538 per
1674 1509 1763 1530 totam
1788 1499 1933 1529 Diocelim
1954 1503 2074 1529 verti-im
2091 1522 2099 1537 ,
2131 1500 2309 1528 commoneri
2331 1499 2365 1529 &t

1309 1541 1448 1570 exhortari
1476 1540 1581 1570 faciatis
1596 1561 1606 1576 ,
1640 1546 1670 1569 ut
1693 1539 1740 1577 ipsi
1756 1561 1764 1575 ,
1801 1548 1853 1576 pro
1883 1538 1963 1567 nobis
1995 1541 2026 1567 et
2054 1536 2185 1576 prospero
2206 1537 2277 1567 statu
2304 1536 2366 1567 Re-

1307 1580 1356 1617 gni
1377 1577 1485 1615 nostri,
1505 1577 1646 1607 missarum
1666 1577 1838 1614 solempniis,
1858 1576 2078 1605 Ele-molinarum
2102 1576 2311 1613 largitionibus,
2331 1576 2365 1605 &

1308 1617 1367 1646 aliis
1386 1616 1515 1656 operibus
1537 1616 1658 1652 pietatis,
1675 1625 1707 1644 ac
1731 1614 1840 1644 devotis
1862 1613 2013 1655 Precibus,
2027 1615 2128 1652 jugiter
2150 1614 2274 1643 insistant
2293 1625 2307 1644 a
2329 1613 2366 1643 ud

1310 1655 1486 1686 Altiffimum
1502 1653 1671 1683 Creatorem
1685 1653 1818 1690 quatenus
1834 1653 1887 1688 lple
1903 1652 1947 1681 luri
1960 1653 2057 1690 pietate
2071 1662 2122 1681 1103
2140 1660 2231 1691 regat,
2250 1653 2283 1683 &
2299 1623 2367 1682 11111-

1308 1702 1370 1733 gat,
1386 1693 1415 1723 in
1440 1691 1545 1722 Mundi
1570 1692 1648 1727 liujus
1669 1691 1863 1728 Turbinibus,
1881 1699 1928 1728 per
1943 1690 2055 1720 suorum
2069 1691 2193 1719 semitam
2213 1690 2366 1721 Mundam*

1308 1742 1390 1770 rum,
1407 1731 1507 1761 statum
1531 1729 1628 1767 Regni
1648 1729 1735 1760 nostri
1751 1728 1895 1759 conservet
1911 1727 2103 1766 incolumem,
2121 1728 2152 1758 &
2168 1728 2213 1758 sua
2229 1729 2365 1760 ineflabili

1306 1769 1438 1800 Potentia
1452 1771 1466 1799 a
1481 1769 1675 1807 Malignorum
1691 1767 1848 1798 Incurfibus
1860 1775 1975 1797 tueatur.

1343 1809 1381 1840 Et
1403 1809 1533 1838 universis
1555 1809 1587 1838 &
1609 1807 1718 1846 lingulis
1740 1806 1834 1836 vestris
1848 1804 2031 1843 Suffraganeis
2046 1805 2191 1844 injungatis
2206 1805 2284 1842 quod
2299 1805 2369 1843 ipsi,

1306 1849 1339 1879 &
1354 1855 1455 1878 eorum
1471 1846 1603 1886 quilibet,
1622 1845 1763 1883 praemiffa
1776 1845 1873 1874 onmia
1888 1844 1921 1874 &
1937 1843 2055 1882 lingula,
2075 1853 2123 1880 per
2138 1844 2251 1883 lingulas
2266 1843 2368 1873 Eccle-·

1307 1888 1354 1917 fias
1383 1887 1491 1916 suarum
1512 1884 1680 1914 Diocesium
1701 1883 1864 1923 praedicari,
1883 1882 1915 1912 δε
1934 1882 2037 1919 exponi
2058 1881 2178 1919 faciant,
2196 1882 2229 1912 &
2246 1880 2368 1912 Clerum

1307 1925 1340 1955 &
1356 1925 1498 1962 Populum
1508 1948 1517 1963 ,
1537 1931 1567 1953 ut
1584 1922 1768 1953 Orationibus
1783 1922 1815 1952 &
1829 1920 1884 1950 aliis
1900 1921 2006 1959 pietatis
2020 1920 2178 1958 Operibus,
2195 1928 2226 1950 ut
2242 1921 2369 1960 praemit-

1307 1965 1390 2002 titur,
1409 1964 1507 2002 jugiter
1526 1961 1663 1999 insistant,
1682 1960 1807 1991 studeant
1828 1959 1968 1989 salubriter
1980 1958 2125 1988 exhortari.

1343 2001 1380 2032 Et
1404 2011 1455 2031 nos
1477 2001 1512 2030 de
1532 2010 1583 2038 eo,
1604 1999 1682 2039 quod
1703 2000 1768 2029 inde
1788 1998 1918 2028 duxeritis
1932 1996 2109 2034 faciendum,
2130 2006 2178 2034 per
2192 1995 2370 2027 ν6111331116ἐ

1307 2051 1363 2079 ras,
1378 2040 1518 2070 (11(Ξ11061ῑὲ
1539 2039 1572 2069 &
1594 2046 1703 2076 aperte,
1720 2047 1788 2068 curn
1809 2037 1961 2074 celeritate,
1976 2036 2030 2075 qua
2053 2036 2194 2073 poteritis,
2213 2034 2364 2065 certificare

1307 2087 1415 2109 curetis.

1343 2116 1431 2148 Teste
1444 2116 1527 2157 Rege
1539 2114 1613 2156 apud
1626 2113 1805 2152 Claryndon,
1823 2112 1995 2144 duodecimo
2009 2113 2054 2143 die
2071 2111 2197 2151 Augusti.

1347 2194 1509 2239 Consimilis
1530 2193 1605 2224 litera
1626 2191 1750 2232 dirigitur
1771 2190 1995 2230 Archiepiscopo
2017 2189 2149 2221 Eborum
2170 2187 2283 2228 Angliae
2305 2188 2369 2225 Prii]

1309 2243 1385 2265 mati.

2293 2315 2364 2322 ›⁴—

1354 2366 1403 2400 De
1435 2363 1609 2413 Corporibus
1636 2367 1823 2399 Gallicorum
1851 2363 2032 2408 arestana'is,
2058 2365 2094 2401 ὠ
2118 2364 2204 2394 Bonis
2220 2373 2323 2393 eorum

1593 2413 1741 2461 capiendis
1768 2418 1798 2446 in
1822 2416 1959 2446 Manum
1979 2415 2076 2458 Regis.

1379 2502 1444 2534 EX
1468 2500 1641 2533 Vicecomiti
1663 2499 1797 2530 Eborum
1820 2499 1955 2530 Salutem.
2393 2495 2521 2528 Ann‚D:

1336 2574 1340 2576 Α
1429 2541 1508 2580 Qia
1528 2538 1593 2570 Rex
1616 2539 1743 2569 Franciae
1764 2537 1906 2568 Guerram
1927 2544 2026 2567 contra
2043 2546 2094 2566 nos
2109 2537 2218 2573 movit,
2238 2533 2371 2566 Uxorem
2414 2537 2497 2576 ¹3²6·

1309 2580 1434 2610 nostram
1448 2581 1477 2609 in
1493 2578 1599 2617 Regno
1613 2578 1663 2608 suo
1678 2576 1868 2615 receptando,
1885 2577 1918 2607 &
1934 2575 2120 2612 Edwardum,
2139 2574 2225 2604 filium
2242 2574 2368 2604 nostrum
2384 2579 2440 2611 ΙΛη.
2457 2585 2501 2603 20.

1310 2618 1533 2659 primogenitum
1554 2618 1643 2655 (quos
1662 2625 1751 2654 nuper
1764 2639 1774 2654 ,
1798 2615 1846 2645 sub
1868 2612 2039 2644 confidentia
2063 2613 2175 2643 Amoris
2191 2636 2200 2650 ,
2213 2612 2257 2656 ,sd
2281 2613 2367 2651 ipsum
2388 2617 2419 2639 Ε.
2443 2622 2468 2640 2.

1311 2657 1452 2693 misimus)
1474 2665 1573 2686 contra
1595 2655 1771 2685 voluntatem
1790 2653 1914 2683 nostram
1928 2651 2100 2683 detinendo:
2135 2651 2269 2681 inimicos
2283 2652 2368 2680 etiam
2387 2653 2444 2679 Γ-Ξη.
2458 2661 2504 2678 20.

1311 2696 1344 2726 &
1373 2695 1505 2726 Rebelles
1526 2693 1636 2724 nostros
1657 2692 1786 2723 fovendo
1810 2692 1842 2722 ὃς
1865 2691 2058 2721 confortando
2078 2700 2084 2719 2
2118 2690 2151 2720 ὃς
2173 2699 2240 2719 cuin
2263 2690 2368 2728 magnis
2388 2693 2418 2717 E.
2436 2700 2460 2718 2.

1311 2734 1485 2764 Exercitibus
1503 2732 1580 2771 super
1594 2732 1738 2762 Ducatum
1754 2730 1903 2760 Vaseoniae
1917 2729 2069 2759 eruitando
2089 2738 2095 2757 1
2134 2728 2152 2746 *l*
2171 2727 2292 2766 Nosque
2305 2750 2314 2765 ,
2336 2728 2368 2757 ὅς
2390 2737 2426 2755 m.
2454 2737 2482 2762 9.
2525 2753 2528 2757 ,

1310 2773 1418 2803 Fideles
1439 2771 1565 2810 nostros,
1584 2772 1645 2801 alias
1666 2769 1858 2809 multipliciter
1876 2768 1912 2798 de
1966 2766 2045 2798 uerra
2064 2766 2223 2806 gravando,
2243 2769 2299 2796 tiitn
2323 2774 2371 2804 per
2391 2766 2410 2784 *
2434 2767 2485 2793 tv„

1310 2812 1447 2849 Terram,
1466 2811 1550 2850 quam
1565 2819 1614 2849 per
1628 2808 1711 2839 Mare
1726 2818 1732 2837 :
1839 2824 1843 2828 ·
2393 2813 2456 2839 223.

1348 2850 1393 2881 Ac
1410 2852 1487 2889 jam,
1503 2854 1532 2878 ut
1556 2849 1637 2878 nobis
1657 2847 1771 2877 relatum
1794 2844 1852 2883 est,
1872 2844 1947 2875 idem
1966 2844 2032 2874 Rex
2048 2844 2176 2874 Franciae
2191 2852 2292 2873 omnes
2302 2841 2385 2884 H0-·

1311 2889 1420 2926 mines,
1433 2887 1469 2917 de
1482 2886 1587 2926 Regno
1602 2886 1634 2916 &
1650 2884 1791 2915 Potestate
1803 2883 1905 2914 nostris
1919 2883 2071 2920 oriundos,
2080 2892 2128 2920 per
2142 2881 2279 2921 Regnum
2294 2883 2372 2911 suum

1309 2928 1491 2964 transeuntes6
1511 2926 1544 2956 &
1568 2926 1596 2954 in
1616 2924 1718 2954 eodem
1740 2930 1968 2959 commorantes,
1988 2923 2044 2951 uri-Ei
2063 2931 2129 2951 cum
2147 2920 2231 2950 Bonis
2246 2921 2278 2951 &
2293 2921 2374 2950 rebus

1309 2964 1377 3000 suis,
1397 2964 1521 3001 arestari,
1539 2963 1572 2993 &
1587 2962 1637 2992 sub
1652 2961 1752 2992 Aresto
1765 2960 1899 2991 custodiri
1914 2960 2055 2990 mandavit
2069 2960 2101 2990 1&
2117 2959 2182 2990 facit
2200 2969 2205 2988 :

1347 3003 1419 3033 Tibi
1441 3003 1639 3042 praecipimus,
1657 3001 1773 3031 firmiter
1794 3000 1989 3036 injungentes,
2007 2998 2085 3036 quod
2100 3007 2199 3028 omnes
2215 2997 2374 3034 Homines,

1309 3041 1344 3071 de
1373 3040 1514 3072 Potestate
1543 3040 1576 3070 ὃς
1601 3038 1745 3069 Dominio
1765 3037 1835 3068 (11611
1856 3037 1942 3076 Regis
1966 3037 2092 3067 Franciae
2107 3059 2116 3074 ,
2149 3035 2218 3065 infra
2238 3035 2373 3065 Bal-ivam

1311 3089 1404 3118 tuam,
1423 3081 1479 3110 tam
1501 3078 1572 3108 infra
1596 3078 1766 3114 Libertates‚
1786 3076 1871 3114 quam
1893 3086 1987 3113 exi-ra,
2006 3076 2147 3112 inventos,
2164 3074 2208 3104 seu
2234 3083 2303 3111 quos
2326 3081 2374 3116 ⁶³5².

1311 3128 1388 3148 nunc
1412 3119 1507 3148 venire
1528 3118 1696 3156 contigerit,
1714 3116 1768 3146 una
1787 3125 1858 3145 cum
1880 3114 2028 3152 Navibus,
2049 3113 2152 3150 Bonis,
2171 3113 2203 3142 &
2226 3111 2307 3141 rebus
2320 3110 2374 3141 suis

1312 3156 1552 3196 quibuscumque,
2105 3189 2109 3194 .
2132 3188 2137 3194 .
2239 3188 2244 3193 ⁶
2269 3188 2274 3193 ι
2363 3187 2373 3193 ·

1350 3194 1482 3234 Exceptis
1503 3193 1670 3233 Religiofis,
1687 3194 1721 3224 &
1744 3192 1800 3223 aliis
1818 3192 1939 3232 personis
1955 3189 2168 3232 Ecclefiastic153
2188 3188 2222 3218 Sc
2237 3187 2306 3225 illis,
2323 3196 2373 3225 qui

1312 3233 1382 3264 infra
1396 3233 1473 3264 idern
1487 3233 1624 3272 Regnum
1639 3231 1771 3262 nostrum
1786 3241 1860 3261 certa
1876 3231 1977 3261 liabent
1992 3227 2163 3264 Domicilia,
2185 3225 2319 3263 Liberos,
2337 3226 2372 3256 &

1313 3272 1445 3310 Uxores3
1463 3273 1497 3303 &
1517 3275 1547 3303 in
1569 3270 1671 3301 eodem
1696 3270 1802 3308 Regno
1823 3278 1955 3307 tanquam
1978 3266 2123 3310 Indigenae
2137 3273 2186 3304 per
2200 3264 2283 3304 longa
2299 3273 2374 3308 tem-

1313 3321 1382 3349 pora
1406 3321 1518 3342 moram
1539 3310 1684 3346 fecerunt,
1701 3319 1733 3339 ac
1749 3307 1957 3339 Flandrenlibus
1971 3306 2004 3336 ὃς
2018 3304 2177 3335 Britonibus
2187 3326 2196 3342 ,
2211 3302 2375 3333 durantibus

1312 3350 1433 3389 Treugis
1447 3351 1518 3380 inter
1533 3359 1586 3379 nos
1600 3348 1632 3378 &
1647 3348 1719 3388 ipsos
1732 3347 1823 3384 initis,
2371 3379 2375 3386 1

1348 3388 1414 3419 Sine
1434 3388 1568 3418 dilatione
1588 3385 1714 3425 arestari,
1732 3387 1765 3416 &
1787 3385 1857 3422 ipsos
1878 3383 1952 3413 salvo
1974 3382 2006 3413 ὃ(
2025 3380 2161 3424 honeste,
2179 3387 2292 3409 necnon
2305 3376 2374 3421 Na-

1311 3437 1375 3465 ves,
1391 3427 1424 3458 δε
1437 3426 1515 3457 Bona
1530 3426 1591 3463 sua,
1602 3424 1703 3463 absque
1718 3423 1898 3453 distractione
1907 3445 1916 3460 ,
1931 3419 2065 3452 custodiri
2078 3421 2176 3456 facias,
2190 3417 2282 3447 donec
2296 3414 2373 3446 aliud

1311 3466 1376 3496 inde
1391 3465 1552 3495 duxerimus
1563 3462 1759 3494 ordinandum.
2071 3497 2076 3501 ι
2296 3493 2302 3498 ¹

1347 3502 1387 3534 Et
1406 3504 1440 3534 de
1464 3502 1626 3534 nominibus
1649 3501 1779 3538 illorum,
1794 3508 1866 3537 quos
1878 3498 1915 3528 fic
1934 3496 2105 3532 arestavens,
2124 3501 2156 3525 ac
2173 3493 2208 3523 de
2222 3492 2377 3538 NaVibus;

1310 3542 1413 3581 Bonis,
1431 3542 1464 3572 &
1485 3541 1566 3571 rebus
1588 3539 1655 3577 suis,
1672 3540 1705 3570 &
1725 3538 1820 3568 valore
1838 3536 2007 3566 eorumdem
2025 3544 2031 3563 ;
2054 3542 2168 3563 necnon
2191 3531 2226 3560 de
2245 3541 2372 3561 nomini-

1310 3581 1361 3611 bus
1374 3580 1502 3617 illorum,
1520 3580 1569 3618 qui
1584 3577 1742 3608 Domicilia
1756 3576 1826 3606 infra
1839 3575 1948 3605 dietum
1964 3573 2099 3611 Regnum
2115 3569 2244 3601 nostrum
2257 3569 2372 3615 habent,

1311 3625 1342 3649 ut
1363 3618 1402 3649 est
1425 3617 1555 3655 (11810111,
1580 3625 1612 3646 36
1637 3616 1672 3645 de
1693 3625 1755 3645 toto
1774 3613 1851 3643 13ἂο
1871 3621 1938 3650 tuo,
1955 3611 1983 3640 in
2003 3609 2055 3640 hac
2077 3617 2169 3647 parte,
2188 3618 2239 3638 nos
2260 3607 2373 3646 reddas,

1310 3658 1359 3688 sub
1382 3657 1484 3694 Sigillo
1501 3664 1568 3694 tuo,
1586 3653 1716 3685 distinete
1732 3653 1765 3683 δε
1779 3652 1888 3689 aperte,
1906 3649 2037 3680 certiores
2056 3657 2062 3676 t
2095 3646 2133 3678 Et
2147 3646 2204 3677 hoc
2218 3646 2373 3676 nullatenus

1309 3703 1392 3726 omitt
1409 3705 1429 3725 3.

1345 3706 1434 3764 ‘reite
1450 3732 1533 3770 Rege
1545 3731 1616 3770 apud
1632 3729 1814 3770 Clary'ndon,
1831 3725 1968 3758 vicesimo
1979 3724 2054 3756 sexto
2068 3724 2113 3755 die
2129 3722 2257 3763 Augusti.

1958 3804 2012 3832 Per
2025 3800 2106 3842 ipfttm
2118 3803 2221 3838 Regem.

1348 3881 1459 3916 Eodem
1488 3880 1579 3916 modo
1608 3882 1769 3915 mandatum
1796 3881 1836 3913 est
1858 3880 1970 3921 singulis
1992 3878 2221 3911 Vicecomitibus
2242 3885 2292 3918 per
2313 3876 2375 3909 11111ᾱὲ

1309 3925 1404 3966 gliam.

1349 3962 1439 3994 Teste
1453 3971 1483 3993 ut
1497 3962 1584 4000 supra.

2307 4098 2376 4134 Com

1837 4105 1869 4141 Ἀ

1888 4119 1907 4139 μ
