2562 4279
759 139 870 180 ET
954 135 1215 177 ACTA

220 229 364 267 Jordanus
378 228 410 258 de
425 230 532 266 Fortes,
549 229 749 258 eon-Dominus
765 225 795 253 de
811 228 900 253 Forces
909 244 920 262 ,

222 267 317 307 Affien
331 268 362 296 de
376 267 501 305 Gaiard,
518 270 649 296 Dominus
664 266 695 294 de
707 263 854 293 Tarraube.

33 224 109 258 Arm.
124 223 165 254 D.

56 272 67 293 ι
74 271 141 303 324.

33 304 99 331 Edv.
120 311 134 328 2
140 322 147 329 .

250 394 447 425 Summonstio
475 389 519 422 ad
542 389 728 434 Colloqaiam
749 387 837 432 fiiper
867 385 1000 430 Paffagio
1028 386 1117 429 Regis
1145 385 1176 413 in

618 437 804 481 Vasconiam.

37 518 114 552 Arm·
132 519 173 549 D·
191 520 332 580 REX,
351 524 456 555 dilecto
476 525 508 555 δε
530 523 602 554 fideli
626 522 693 559 suo,
715 519 846 562 Thomae
865 516 979 548 comiti
997 515 1191 554 Norfforcrae‚
1209 516 1242 547 &

61 566 145 598 1324.
265 563 430 593 Marescallo
446 563 490 593 An
511 563 573 600 liae,
591 561 678 591 Fratri
693 559 742 588 suo
756 556 914 593 cariffimo,
933 555 1066 585 Salutem.

38 602 91 625 An.
111 599 153 624 ¹³5·
230 601 307 640 Qiia
329 602 362 631 ad
382 608 471 639 partes
488 572 617 631 Ducatsrs
628 596 714 627 nostri
730 596 889 633 Aquitaniae
901 593 954 635 (de
968 603 1027 631 quo
1039 593 1103 623 Rex
1118 592 1245 622 Franciae

39 640 71 664 Ε·
92 644 118 662 2-
192 641 329 670 malitiose
350 649 402 670 nos
422 639 597 669 exhaeredare
610 634 761 673 proponit)
784 634 813 662 in
829 632 998 662 Succurlum
1013 628 1133 669 ejusdem
1149 631 1246 660 Duca-

39 673 174 710 Claus.18.
191 677 236 708 tus
252 677 358 715 nostri,
378 676 540 715 Paffagium
555 674 685 705 nostrum
697 670 888 702 ordinavimus
901 670 1036 700 Domino
1048 670 1227 707 disponente:

40 716 71 740 Ε·
84 721 109 739 ²·
226 716 266 748 Et
281 716 446 754 vobiscum,
465 717 498 746 ὅ(
512 722 581 745 curn
595 711 733 746 praelatis,
752 709 786 739 ὃ(
802 710 907 739 caeteris
919 707 1116 747 Magnatibus,
1131 707 1164 738 &
1177 705 1248 736 Pro-

43 761 79 778 m.
95 750 173 779 2¹-d-
192 756 301 786 ceribus
318 753 416 792 Regni
435 753 537 790 nostri,
556 751 632 787 super
652 747 723 778 Paff
751 749 780 777 io
800 747 900 777 nostro
913 747 1067 786 praedic‘to,
1087 746 1120 776 &
1136 745 1193 775 aliis
1205 754 1248 773 ar-

194 793 255 824 duis
273 792 428 829 Negotiis,
445 791 530 827 Nos,
549 789 582 819 &
602 787 707 817 statum
717 756 819 825 a{egui
833 785 938 825 nostri,
955 796 987 816 ac
1000 783 1132 815 Ducatfis
1147 783 1248 822 praedi-

193 833 250 867 cti,
268 825 459 870 tangentibus,
474 829 574 857 habere
592 826 721 856 volumus
735 823 923 862 Colloquium
941 824 974 855 &
987 823 1172 860 Traetatum3

228 868 323 900 Vobis
344 867 513 899 Mandamus
526 889 535 903 ,
558 864 674 894 firmiter
693 863 893 900 injungentes,
919 861 1015 901 quod,
1033 861 1167 892 omnibus
1188 860 1249 890 aliis

191 906 396 948 praetermiffis,
412 905 465 934 {itis
485 903 518 934 ad
541 912 608 941 1108,
626 901 700 940 apud
720 902 762 932 Vis
784 903 930 940 ntoniam,
949 899 1069 931 secunda
1089 898 1249 930 Dominica

192 944 420 986 Quadragesimae
433 965 443 980 ,
468 943 602 980 proximo
626 942 719 972 futura
733 963 743 978 ,
798 940 928 970 obiscum
941 962 952 978 ,
970 940 1003 970 &
1022 948 1090 969 cum
1110 937 1250 975 Praelatis,

193 986 228 1017 &
250 983 353 1015 caeteris
373 980 573 1020 Magnatibus,
594 981 626 1011 &
649 979 815 1010 Proceribus
838 978 936 1016 Regni
958 976 1063 1016 nostri,
1081 977 1160 1017 super
1179 985 1251 1015 prae-

196 1022 299 1060 missis,
317 1019 497 1057 Tractaruri,
515 1019 695 1056 vestrumque
715 1017 876 1048 Consilium
899 1017 1069 1056 impensuri,
1087 1017 1121 1047 δε
1138 1016 1156 1034 ³*
1172 1016 1229 1045 hoc
1241 1035 1252 1053 ,

196 1062 264 1092 ficut
279 1058 361 1094 Nos,
381 1058 414 1088 &
429 1057 583 1088 Honorem
607 1057 738 1088 nostrum
754 1079 763 1095 ,
789 1067 823 1087 ac
845 1055 1038 1086 commodum
1061 1053 1132 1086 dieti
1150 1055 1246 1093 Regni

196 1098 299 1135 nostri,
315 1096 441 1135 diligitis,
460 1097 538 1126 nullo
553 1095 641 1126 modo
654 1095 798 1126 omittatis.

232 1135 324 1174 ,Teste
338 1135 423 1173 Rege
435 1135 509 1175 apud
523 1134 668 1175 Notingh.
689 1143 727 1174 30
747 1134 792 1165 die
807 1132 986 1164 Decembris.

46 1017 70 1043 ’θ
88 1023 140 1052 1v.

51 1069 114 1099 ¹¹72

779 1237 788 1248 ,
830 1212 884 1240 Per
897 1208 978 1248 ipfim
991 1211 1095 1246 Regem.

356 1292 470 1324 Eodem
490 1290 580 1323 modo
601 1290 729 1323 scribitur
750 1287 926 1327 subscriptis,
950 1285 1096 1324 videlicet,

241 1371 386 1401 Edwardo
411 1371 508 1399 comiti
535 1367 642 1409 Cestriae
653 1367 711 1408 filio
787 1367 904 1395 Henrico
920 1364 952 1394 de
967 1365 1062 1403 Percy,

275 1413 370 1448 Regis,
787 1403 916 1444 Johanni
931 1403 962 1432 de
979 1400 1153 1431 Crumbwell.

243 1450 358 1478 Henrico
377 1445 408 1475 de
430 1443 594 1485 Lancastria
615 1447 713 1475 comiti
789 1438 917 1473 Auchero
925 1440 988 1483 filio
1004 1442 1133 1478 Henrici,

280 1484 453 1525 Leycestriae,
791 1481 907 1512 Roberto
923 1480 955 1509 de
971 1478 1079 1516 Made,

244 1524 348 1556 David
358 1523 390 1554 ά
405 1521 541 1560 Strabolgi
553 1524 650 1553 Comiti
667 1523 714 1552 A·
792 1518 932 1558 Radulpho
948 1518 980 1547 de
995 1520 1130 1556 Cammoys
1139 1539 1150 1554 ,

246 1561 390 1631 Eb'frfbizdo
405 1603 427 1629 C
427 1603 501 1629 omiti
518 1598 665 1629 Arundell.

246 1639 362 1670 Roberto
375 1640 407 1668 de
421 1637 603 1678 Umframvill
623 1640 720 1667 Comiti

283 1678 314 1707 de
332 1679 441 1714 Anegos
449 1698 459 1715 ,

793 1558 909 1589 Roberto
925 1556 956 1586 de
972 1559 1070 1586 Monte
1084 1554 1174 1592 Alto,

795 1599 920 1627 Antonio
935 1596 967 1625 de
979 1597 1053 1633 Lucy
1062 1617 1072 1631 ,

796 1638 838 1666 W
836 1634 942 1664 illielmo
956 1636 1073 1671 Martyn
1081 1655 1092 1670 ,

796 1672 915 1711 Philippo
930 1672 961 1701 de
975 1669 1125 1700 Columbar.

249 1718 359 1754 Hugom'
391 1716 414 1745 le
446 1713 593 1754 Despenfi’r
620 1714 719 1743 comiti·
795 1711 902 1741 Thomae
924 1711 956 1739 de
970 1708 1135 1738 Fournivall
1145 1710 1265 1747 Seniori,

287 1757 413 1794 Wynton.
795 1749 901 1780 Thomae
914 1748 946 1777 de
957 1746 1121 1777 Fournivall
1131 1747 1247 1786 Juniori
1254 1770 1264 1786 ,

251 1792 380 1860 Jogkzja'zni
411 1792 443 1821 de
463 1792 602 1846 Warenna
622 1792 719 1820 Comiti
798 1786 948 1856 Wiialgelmo
976 1786 1007 1816 de
1031 1788 1084 1815 Ros
1105 1786 1138 1817 de
1160 1789 1265 1816 Hame-

355 1854 360 1859 ’
889 1850 899 1866 2

252 1869 362 1898 Roherti
384 1865 414 1897 de
437 1870 502 1897 Veer
517 1870 614 1896 Comiti
629 1870 720 1896 Oxon.

251 1910 360 1944 Hugoni
374 1906 397 1935 le
413 1904 556 1944 Despensbr
571 1905 703 1944 Juniori,

251 1945 363 1975 Thomae
382 1946 483 1983 stroke,

252 1983 382 2022 Johanni
396 1984 427 2012 de
443 1981 574 2023 Hastyng.

253 2022 382 2061 Johanni
397 2022 428 2051 de
443 2021 601 2061 Claveryng.

255 2060 405 2090 Willzelmo
421 2060 452 2089 de
471 2063 562 2089 Feror.

253 2101 363 2136 Hugoni
377 2098 408 2127 de
424 2097 531 2126 Nevill.

254 2136 397 2166 Edmundo
412 2138 563 2176 Deymourt
573 2158 583 2173 ,

254 2177 373 2203 Henrico
385 2175 416 2203 de
430 2173 577 2212 Cobeham,

256 2215 375 2242 Henrico
389 2212 421 2241 de
438 2211 512 2241 Bello
529 2215 643 2248 Monte,

257 2250 405 2281 Willielmo
427 2250 455 2280 la
477 2250 594 2288 Zousc‘he
614 2250 646 2279 de
661 2251 726 2279 Ha-

255 2289 445 2368 Βοῖἴὲῑΐῖἳῖἒ
454 2312 589 2366 bValteri,

257 2365 405 2397 Willielmo
419 2365 451 2395 de
464 2367 566 2404 Kyme,

257 2407 302 2434 W
302 2403 408 2434 illielmo
422 2403 446 2433 le
461 2407 612 2440 Latymer,

257 2442 402 2480 Ranulpho
417 2442 449 2471 de
463 2441 572 2473 Nevill.

258 2483 303 2512 W
304 2480 410 2510 illielmo
427 2481 458 2510 de
477 2479 661 2519 Grandifimo,

259 2518 391 2561 Johanai
405 2519 436 2548 de
450 2518 527 2549 Bello
541 2523 637 2557 Campo
645 2517 676 2547 de
685 2520 731 2547 So-

259 2557 433 2674 JZZJZQ
448 2597 548 2626 Sanc'lo
554 2595 688 2634 Johanne
700 2594 732 2623 de

325 2647 342 2663 a
353 2645 382 2664 ln
399 2657 406 2663 0

261 2678 299 2704 W
300 2645 407 2703 illieln‘io
420 2671 450 2702 Ia
465 2671 599 2714 Zousche,

797 1864 925 1904 Johanni
942 1862 1055 1902 Pecche,

798 1903 938 1942 Radulpho
954 1904 985 1932 de
1001 1906 1098 1932 Monte
1113 1905 1268 1942 Hermerii,

798 1943 913 1972 Roberto
927 1942 958 1971 de
973 1940 1085 1980 Infida,

798 1980 926 2019 Johanni
942 1981 973 2010 de
986 1981 1085 2009 Soneio
1100 1980 1251 2018 Amando,

799 2023 899 2057 Rogero
913 2020 944 2049 de
960 2022 1049 2058 Grey,

761 2090 763 2092 ,
799 2057 941 2096 Ranulpho
956 2057 988 2086 de
1003 2061 1110 2096 Dacre,
1124 2075 1131 2083 ·

800 2099 909 2133 Hugoni
925 2096 957 2125 de
970 2099 1143 2135 Courteneye‚

800 2134 928 2174 Johanni
943 2134 974 2163 de
990 2133 1147 2172 chalman,

801 2175 883 2203 Petro
897 2172 928 2202 de
942 2171 1021 2201 Malo
1037 2174 1114 2201 Lacu
1123 2195 1134 2211 ,

802 2212 845 2241 W
844 2209 951 2241 illielmo
966 2210 990 2240 le
1005 2209 1122 2240 Botiller
1135 2209 1168 2240 de
1183 2211 1272 2240 Wm-

805 2261 955 2318 Wroffielmo
969 2288 1000 2317 de
1012 2287 1134 2325 waeng
1142 2310 1152 2326 ,

806 2326 935 2365 Johanni
947 2326 979 2355 de
993 2329 1090 2355 Sutton
1098 2349 1109 2364 ,

806 2364 907 2394 Simoni
928 2364 1032 2402 PVard,

806 2405 917 2440 Hugoni
933 2405 1052 2441 Pointz,

807 2440 950 2480 Ranulpho
964 2441 995 2471 de
1011 2440 1162 2480 cobeham,

806 2479 935 2518 Johanni
950 2480 982 2508 de
998 2482 1216 2520 Haveryngton,

808 2517 930 2547 Gilberto
944 2518 976 2547 de
991 2521 1089 2556 Aron,

807 2555 939 2595 Johanni
952 2556 984 2585 de
999 2559 1086 2585 Moun
1093 2579 1104 2595 ,

809 2594 945 2624 Richardo
961 2595 992 2624 de
1004 2596 1074 2634 Grey
1082 2617 1093 2633 ,

810 2635 927 2664 Henrico
942 2632 973 2663 de
989 2635 1070 2673 Grey.

294 2748 358 2780 EX
377 2749 525 2793 yenerabili
545 2750 574 2779 in
595 2747 713 2779 Christo
734 2747 809 2778 Patri
830 2747 884 2779 W.
906 2749 1004 2780 eadem
1023 2747 1125 2788 gratia,
1152 2744 1283 2776 Eborum

304 2787 544 2825 Archiepiscopo,
563 2786 675 2826 Angliae
690 2786 824 2826 Primati,
843 2786 977 2818 Salutem.

264 2823 345 2868 Quia
364 2825 398 2856 ad
412 2824 522 2862 Partes,
540 2823 600 2860 &a
614 2832 645 2853 ut
653 2825 739 2892 [ζα
752 2826 831 2870 usque
846 2825 885 2855 ibi
900 2825 1035 2856 Domino
1050 2823 1216 2862 disponente
1231 2846 1240 2860 ‚
1252 2823 1286 2854 &

228 2863 376 2893 vobiscum
390 2885 400 2900 ,
420 2863 453 2894 &
473 2873 543 2893 cum
565 2870 671 2893 caeteris

226 2941 265 2969 tis
280 2939 425 2970 mutandis.

866 2980 920 3008 Per
933 2977 1015 3017 ipficm
1027 2979 1130 3015 Regem.

403 3054 517 3086 Eodem
530 3055 622 3086 modo
635 3055 762 3087 scribitur
774 3054 944 3094 subscriptis,
962 3053 1094 3085 videlicet
1102 3075 1111 3092 ,

268 3132 315 3200 {Z
328 3131 528 3201 {zzlitiopiscopo
542 3132 735 3173 Cantuarienfi
747 3135 831 3202 tozius
845 3130 958 3170 Angliae
973 3131 1100 3161 Primati.

269 3208 305 3246 J.
325 3208 445 3238 Bathon.
465 3208 503 3244 ὠ
523 3208 634 3240 Wllen.
791 3202 799 3286 Ι

269 3245 305 3285 J.
325 3245 430 3285 cicestr.

791 3287 817 3476 b
826 3431 964 3474 Epist-opis.

268 3326 309 3352 H·
328 3321 398 3360 Roff

269 3364 304 3391 R.
323 3364 454 3390 coventr.
470 3361 508 3398 (ly
524 3360 608 3402 Lych,

269 3402 301 3431 T.
315 3401 439 3439 Wygorn.

270 3442 305 3469 R.
319 3441 423 3468 Sarum.

270 3480 309 3508 L.
322 3475 482 3506 Danolmen.

270 3518 312 3546 H.
327 3514 451 3544 Lincoln.

270 3558 300 3585 S.
318 3554 442 3584 London.

273 3596 313 3623 D.
334 3590 472 3630 Affaven.

366 3633 513 3659 Meneven.

273 3672 317 3701 A.
334 3671 485 3705 Bangoren.

367 3706 536 3736 Landaven.

272 3744 389 3776 'Abbati
406 3745 438 3774 de
457 3741 663 3782 Malmesbury,

274 3782 389 3814 Abbati
409 3783 441 3813 de
460 3780 590 3820 Glaston,

271 3821 385 3852 Abbati
402 3821 434 3851 de
455 3820 484 3851 Ia
502 3819 576 3849 Hide
588 3820 676 3857 juxta
696 3817 821 3859 VVynton.

274 3859 389 3890 Abbati
407 3860 438 3889 de
457 3855 612 3895 Evesham,

275 3897 389 3928 Abbati
403 3898 435 3927 de
451 3897 548 3928 Sano‘lo
566 3895 700 3933 Albano,

278 3934 391 3965 Abbati
408 3936 441 3965 de
459 3934 607 3974 Abyndon.

277 3972 391 4002 Abbati
408 3975 440 4003 de
457 3972 612 4012 Rameseye,

277 4009 388 4040 Abbati
403 4011 434 4041 de
451 4013 549 4041 Sancto
568 4008 727 4047 Edmundo,

277 4050 351 4079 Tam.
366 4049 408 4079 H.
430 4050 464 4080 P.
477 4052 521 4080 ΙΙ.

322 2902 327 2907 .
426 2902 431 2907 .
658 2902 662 2906 ι
715 2864 812 2894 raelatis
824 2887 834 2901 ,
853 2863 1047 2902 Magnatibus‚
1066 2863 1100 2893 &
1119 2862 1289 2892 Proceribus

228 2899 329 2938 Regni
345 2901 451 2940 nostri,
468 2902 546 2941 super
559 2900 684 2940 Paffagio
696 2901 793 2932 nostro
807 2902 956 2941 praedieto,
969 2900 1029 2937 &c.
1045 2907 1076 2930 ut
1083 2901 1182 2942 supra,
1197 2907 1290 2930 muta-

1295 135 1327 175 P
1363 134 1408 174 U
1447 135 1478 174 Β
1518 135 1551 175 L
1588 134 1606 174 Ι
1642 133 1681 175 C
1719 137 1775 176 A.
2266 141 2282 167 1
2293 140 2341 180 23

1322 218 1435 248 Abbati
1458 220 1489 248 de
1508 222 1597 256 Burgo
1615 221 1708 250 Sanffii
1726 222 1820 257 Petri,
2357 208 2433 239 Arm.
2447 207 2488 239 D.»

1324 257 1435 286 Abbati
1453 258 1484 285 de
1502 258 1594 294 Sin'op,
2378 256 2461 287 1325.

1325 295 1437 323 Abbati
1455 297 1549 323 Saveh
1567 296 1713 334 Augustini
1732 300 1864 325 Cantuar.
2360 288 2429 316 Edv·
2445 295 2469 314 ²·

1325 333 1438 361 Abbati
1455 334 1549 361 Sandti
1568 336 1644 362 Pom*
1662 333 1751 363 Glouc.

1327 373 1417 400 Prion·
1431 371 1462 399 de
1477 375 1627 408 coventre,

1326 409 1436 438 Abbati
1453 408 1485 436 de
1506 408 1653 447 Croyltmd,

1328 447 1440 476 Abbati
1453 448 1484 475 de
1504 446 1644 475 Waltlmm
1654 471 1664 485 ‚

1328 484 1441 513 Abbati
1458 485 1489 513 de
1504 485 1653 523 Thornere,

1327 525 1418 552 Priori
1437 525 1531 552 Sanc‘ti
1548 521 1691 561 Johannis
1711 521 1812 561 Jerlm.
1828 525 1856 552 in
1868 522 1973 560 Anglia
1981 545 1994 561 ,

1326 561 1440 590 Abbati
1460 560 1566 599 Westm.

1328 599 1440 628 Abbati
1459 601 1490 628 de
1508 598 1689 637 Faverjsham,

1330 638 1442 667 Abbati
1460 638 1490 666 de
1510 637 1663 675 Cirencestr.

1330 674 1442 705 Abbati
1463 674 1593 714 Leycellr.

1330 714 1440 743 Abbati
1459 714 1491 742 de
1509 713 1638 752 Oseneye,

1329 753 1442 782 Abbati
1460 752 1547 782 beatae
1564 754 1667 781 Mariae
1683 750 1811 780 Eborum.

1390 873 1416 900 'k
1435 879 1484 910 De
1507 875 1698 922 Privilegiis,
1723 871 1906 908 Hominibus
1925 874 2093 920 Hispania,
2120 873 2252 916 conceffi's.
2366 884 2385 904 :a
2409 887 2463 913 iv.

1366 959 1445 999 EX,
1462 962 1595 993 universis
1611 962 1644 992 &
1656 961 1695 991 sin
1717 960 1783 998 ulis,
1802 958 1974 996 Senescalfis,
1989 957 2160 995 Maioribus,
2179 958 2351 997 Castellanis,
2367 924 2499 991 X15n.D,

1321 1039 1325 1043 ι
1383 970 2275 1040 Praepofitis,Ballivisjusticiariis,Officialibus,Ministris,&
2288 1007 2353 1027 om·
2390 1005 2474 1039 1325-

1298 1039 1380 1068 nlbus
1394 1039 1534 1070 Fidelibus
1547 1041 1580 1071 ὃς
1594 1039 1707 1069 subditis
1718 1038 1786 1076 suis,
1804 1037 1837 1067 ad
1854 1047 1939 1075 quos,
1957 1036 2015 1067 &c.
2028 1034 2162 1065 Salutem.
2367 1043 2418 1066 An.
2438 1039 2479 1064 ιδ,

1336 1075 1416 1108 Cum
1430 1102 1440 1116 ,
1472 1078 1589 1108 dileetus
1609 1078 1642 1108 &
1661 1076 1747 1106 fidelis
1767 1075 1861 1106 noster
1876 1099 1885 1114 ,
1910 1074 2073 1105 Edrnundus
2094 1073 2204 1103 Comes
2226 1072 2354 1109 Kantiae,
2372 1082 2399 1104 Ε.
2419 1086 2444 1103 2.

1300 1115 1507 1160 Frater'noster
1522 1116 1690 1154 carissimus,
1708 1116 1741 1146 &
1758 1114 1874 1145 Locum
1886 1113 2014 1143 nostrum
2029 1121 2124 1142 tenens
2139 1113 2170 1141 in
2184 1111 2299 1141 Ducatu
2315 1111 2355 1139 A-
2373 1115 2437 1151 Vasc.
2460 1112 2504 1140 18.

1321 1163 1432 1185 uitanrae
2374 1157 2402 1180 Ε.
2425 1162 2451 1179 2.

1299 1164 1319 1193 q
1339 1178 1460 1232 Volens’‚
1478 1192 1747 1224 Excellentissimum
1770 1190 1949 1231 Principem,
1975 1189 2140 1220 Dominum
2162 1188 2277 1225 Regem
2299 1185 2359 1217 Ca·
2375 1201 2410 1218 m.
2434 1198 2474 1225 ¹52

1304 1232 1406 1271 stellae,
1424 1232 1553 1270 Ispaniae,
1570 1233 1602 1263 &
1625 1232 1746 1268 Leonis,
1764 1239 1797 1260 ac
1817 1239 1916 1259 omnes
1937 1230 1970 1260 &
1990 1228 2111 1265 singulos
2129 1227 2190 1257 suos
2211 1225 2361 1263 Subditos,

1304 1272 1386 1308 ipsius
1409 1271 1498 1308 Regis
1517 1270 1770 1310 contemplatione,
1790 1269 1820 1297 in
1836 1268 1986 1303 omnibus,
2005 1267 2104 1305 quibus
2119 1265 2236 1302 poterit,
2252 1264 2361 1294 Favore

1304 1310 1431 1378 plrosequi
1454 1309 1593 1348 gratioso,
1611 1310 1643 1341 &
1666 1310 1720 1347 eis,
1741 1308 1770 1337 in
1791 1307 1843 1337 hac
1857 1314 1949 1345 parte,
1971 1315 2004 1335 ac
2019 1314 2121 1335 eorum
2135 1303 2264 1340 cuilibet,
2279 1311 2363 1333 com-

1334 1358 1430 1385 acere,

1305 1358 1323 1389 p
1345 1387 1399 1417 Per
1425 1387 1530 1417 Literas
1542 1385 1598 1416 suas
1611 1385 1739 1417 Patentes
1754 1383 1937 1421 concesserit,
1953 1382 2089 1413 omnibus
2104 1381 2137 1412 &
2152 1380 2278 1418 singuiis,
2294 1378 2364 1408 No-

1306 1426 1425 1463 bilibus,
1442 1426 1474 1456 &
1492 1425 1716 1463 Mercatoribus,
1734 1434 1766 1455 ac
1781 1423 1837 1453 aliis
1851 1422 1977 1452 Personis
1990 1419 2175 1459 quibussibet,
2194 1419 2364 1457 Regnorum

1307 1463 1455 1501 castell-sc,
1473 1462 1624 1502 Ispanniae,
1645 1463 1766 1501 Leonis,
1784 1463 1816 1492 ὃ(
1831 1462 1962 1491 omnium
1977 1459 2147 1498 Regnorum
2160 1459 2194 1489 ὅτ,
2211 1457 2366 1487 Terrarum

1306 1503 1374 1533 dieti
1395 1502 1497 1540 Regis,
1514 1502 1593 1541 qubd
1610 1502 1674 1540 ipsi,
1692 1502 1724 1533 δε
1741 1510 1840 1531 eorum
1856 1500 1989 1537 quilibet,
2006 1507 2073 1528 cum
2088 1496 2287 1534 Mercandisis,
2305 1492 2366 1523 Re-

1307 1543 1377 1579 bus,
1395 1541 1427 1571 &
1449 1541 1555 1570 caeteris
1575 1540 1656 1570 Bonis
1677 1541 1742 1577 suis,
1761 1540 1847 1569 libere
1870 1537 1974 1576 possint
1985 1538 2079 1567 venire
2095 1537 2124 1565 in
2140 1535 2221 1566 dicto
2233 1535 2365 1570 Ducam,

1308 1581 1342 1611 ὃς
1364 1589 1412 1619 per
1425 1587 1515 1608 totum
1529 1578 1692 1617 Ducatum,
1712 1579 1762 1607 sub
1776 1576 1920 1606 Dominio
1932 1576 1965 1606 ὃς
1981 1574 2123 1605 DistriCtu
2136 1573 2254 1612 nostris,
2270 1571 2366 1604 transi·

1309 1629 1355 1656 re,
1375 1617 1488 1685 ibiiem‘
1501 1618 1621 1655 morari,
1639 1617 1671 1649 &
1685 1616 1786 1647 exinde
1804 1614 1910 1653 redire,
1928 1623 2118 1652 quocunque,
2137 1613 2170 1644 ὃς
2183 1612 2367 1652 quandocun-

1332 1666 1366 1687 ue
1382 1665 1421 1686 vo
1431 1664 1521 1686 uennt

1309 1667 1329 1696 q
1347 1694 1492 1725 Solvendo
1507 1680 1601 1726 ta³men
1613 1693 1764 1725 Custumas
1777 1694 1809 1724 ὃ(
1824 1693 1973 1723 Locorum
1988 1690 2108 1729 pedagia
2121 1689 2221 1720 assueta
2230 1689 2281 1728 ,&
2293 1688 2368 1720 stan-

1310 1733 1349 1764 do
1365 1733 1444 1774 Juri‚
1462 1742 1492 1764 ut
1509 1734 1669 1771 debebunt,
1687 1734 1707 1764 fi
1721 1733 1868 1771 contingat
1883 1731 1970 1769 ipsos,
1990 1730 2035 1762 vel
2049 1738 2148 1759 corum
2163 1728 2302 1766 aliquem,
2319 1727 2369 1758 de-

1310 1773 1435 1811 linquere
1453 1773 1676 1811 quoquomodo,

1346 1812 1421 1842 Non
1434 1812 1609 1841 obstantibus
1621 1811 1843 1850 quibuscumque
1857 1808 1985 1839 Marchis
2001 1814 2099 1836 contra
2113 1804 2198 1844 ipsos,
2214 1813 2260 1835 aut
2273 1813 2371 1834 eorum

1312 1851 1448 1889 aliquem,
1465 1849 1618 1887 COl‘lCCffiS',
1636 1859 1702 1888 quas
1727 1849 1846 1879 totaliter
1867 1847 1959 1886 posuit
1972 1847 2002 1875 in
2016 1845 2156 1882 suspenso,
2174 1852 2259 1881 prout
2272 1844 2302 1872 in
2313 1843 2373 1872 lite-

1314 1891 1349 1920 ris
1364 1889 1502 1927 praediffls
1518 1887 1625 1926 plenius
1639 1888 1800 1918 continetur
1816 1896 1821 1915 :

1352 1928 1434 1967 Nos,
1452 1926 1677 1958 Concessronem
1699 1926 1768 1956 dieti
1790 1924 1892 1954 Fratris
1913 1922 2003 1953 nostri
2026 1922 2054 1951 in
2069 1922 2123 1951 hac
2139 1928 2213 1960 parte
2225 1928 2375 1958 acceptan-

1314 1975 1373 2006 tes,
1392 1977 1425 1997 ac
1449 1967 1592 2005 volentes,
1611 1965 1646 1995 ad
1665 1964 1870 2004 requisitionem
1891 1962 2018 2002 praedieti
2032 1960 2119 2000 Regis
2154 1961 2270 1997 gratiam
2284 1960 2375 1990 facere

1315 2007 1496 2043 uberiorem,
1516 2002 1718 2035 Conceffimus
1730 2025 1740 2040 ,
1758 2003 1891 2032 omnibus
1910 2001 1943 2031 &
1961 2000 2086 2038 singulis,
2102 1983 2276 2035 Nobilibus,
2294 1997 2376 2027 Mer-

1316 2045 1472 2081 catoribus,
1493 2042 1634 2081 Magistris
1655 2041 1786 2071 Navium
1797 2063 1806 2078 ,
1826 2038 2000 2075 Marinariis,
2017 2047 2050 2067 ac
2064 2037 2121 2067 aliis
2133 2037 2253 2075 personis
2267 2035 2378 2074 quibus-

1316 2092 1447 2120 cunque,
1468 2081 1602 2112 Dominii
1622 2081 1655 2110 &
1681 2079 1852 2118 Regnorum
1874 2076 2001 2115 praedicti
2027 2074 2132 2114 Regis,
2158 2074 2237 2113 quod
2259 2073 2324 2111 ipsi,
2344 2074 2378 2104 ὃς

1316 2131 1416 2152 eorum
1435 2120 1568 2158 quilibet,
1591 2129 1659 2149 cum
1680 2117 1782 2155 Bonis,
1802 2115 2018 2151 Mercimoniis,
2037 2114 2069 2144 &
2091 2113 2189 2143 Rebus
2206 2112 2271 2150 suis,
2290 2111 2380 2142 libere

1318 2159 1421 2198 poffint
1441 2160 1553 2195 venire,
1572 2158 1631 2189 tam
1652 2166 1700 2195 per
1715 2156 1854 2193 Terram,
1871 2155 1956 2193 quam
1969 2163 2020 2198 per
2035 2151 2136 2190 Mare,
2154 2153 2222 2182 infra
2238 2151 2380 2187 Regnum

1317 2198 1463 2236 nostrum,
1483 2197 1516 2227 &
1532 2196 1680 2227 Ducatum
1696 2194 1877 2235 praedierum,
1893 2201 1926 2223 ac
1941 2192 2005 2222 alias
2017 2190 2120 2221 Terras
2133 2189 2257 2229 nostras,
2271 2189 2380 2219 ibidem

1319 2237 1447 2274 morari,
1472 2234 1673 2266 mercandisare
1687 2257 1697 2272 ,
1720 2234 1753 2265 &
1774 2231 1874 2263 exinde
1895 2230 2006 2268 redire,
2032 2229 2260 2268 quandocunque
2283 2227 2381 2259 volue-

1318 2284 1373 2307 rint

1356 2299 1499 2345 Sblvendo
1521 2320 1614 2343 tamen
1638 2311 1805 2349 Custumas,
1825 2310 1858 2340 &
1879 2308 1937 2339 Ped
1973 2309 1998 2338 ia
2018 2306 2113 2336 debita
2127 2306 2160 2337 &
2175 2305 2325 2343 consueta,
2344 2304 2379 2335 &

1320 2352 1421 2422 {gando
1440 2352 1502 2391 Juri
1522 2352 1558 2382 de
1578 2350 1798 2387 Contraffibus,
1817 2349 1850 2379 &
1872 2317 2144 2386 Traffgreffionibus
2164 2344 2232 2382 suis,
2250 2351 2281 2374 ut
2294 2343 2382 2374 debe-

1344 2400 1403 2422 unt.

1360 2430 1398 2461 Et
1415 2428 1547 2459 nolumus
1559 2427 1638 2466 quod
1647 2425 1792 2465 praedieii,
1809 2424 1950 2461 Nobiles,
1971 2422 2161 2459 Mercatores,
2181 2419 2309 2460 Magistri
2322 2418 2386 2450 Na-

1322 2470 1416 2506 vium,
1431 2468 1585 2505 Marinarii‚
1601 2467 1645 2496 seu
1659 2466 1719 2496 aliae
1727 2464 1857 2495 Personae
1872 2459 2253 2501 quaecumque,Dominii&
2267 2458 2386 2497 Regno-

1324 2518 1387 2539 rum
1398 2508 1468 2538 dieti
1488 2506 1593 2546 Regis,
1610 2506 1640 2538 in
1660 2504 1776 2542 Rebus,
1791 2502 1893 2540 Bonis,
1911 2500 2056 2537 Navibus,
2072 2507 2117 2529 aut
2133 2498 2316 2529 Mercandisis
2327 2497 2389 2535 suis,

1362 2547 1505 2578 Praetextu
1525 2545 1639 2583 alicujus
1664 2542 1758 2573 Aresti
1772 2565 1782 2581 ,
1800 2542 1844 2572 seu
1867 2539 1999 2571 Marchae
2013 2561 2024 2577 ,
2042 2537 2132 2568 versus
2153 2547 2219 2574 eos,
2238 2537 2308 2567 infra
2326 2535 2389 2566 Re.

1324 2596 1414 2627 gnum
1431 2584 1578 2622 nostrum,
1596 2583 1640 2614 ieu
1654 2582 1803 2612 Ducatum
1817 2579 2001 2618 praedictum,
2016 2584 2062 2607 aut
2074 2576 2154 2614 alibi,

1364 2624 1526 2656 Occasione
1547 2623 1699 2662 aliquarum
1719 2617 1983 2658 Transgressionum
1998 2638 2008 2654 ,
2034 2615 2078 2645 seu
2101 2613 2308 2646 Contractuum
2323 2637 2332 2653 ,
2356 2613 2388 2642 in

1326 2664 1449 2699 eisdem,
1468 2662 1591 2701 Regno,
1606 2661 1639 2692 δε
1660 2659 1795 2696 Ducatu,
1809 2658 1856 2688 seu
1877 2657 1934 2687 aliis
1947 2654 2041 2686 Terris
2053 2651 2154 2684 nostris
2165 2653 2324 2691 fastorum,
2342 2650 2390 2683 vel

1326 2712 1438 2734 exnunc
1456 2699 1670 2737 faciendorum,

1366 2739 1521 2777 Conceffi,
1538 2738 1584 2769 seu
1600 2736 1792 2774 concedendi,

1366 2777 1558 2811 Molestentur
1573 2778 1602 2806 in
1616 2777 1708 2816 aliquo
1717 2798 1727 2814 ,
1743 2775 1787 2805 seu
1803 2777 1965 2811 graventur,
1982 2768 2126 2810 quousque
2137 2767 2210 2799 aliud
2222 2766 2289 2798 inde
2302 2766 2389 2798 duxe-

1331 2819 1418 2850 rimus
1431 2815 1629 2848 ordinandum.

1370 2857 1408 2887 Et
1431 2857 1497 2887 ideo
1519 2854 1620 2891 vobis,
1635 2853 1669 2883 &
1683 2851 1799 2882 cuilibet
1814 2847 1956 2886 vestrum,
1975 2847 2146 2885 iniungimus
2160 2846 2194 2877 &
2208 2845 2391 2883 mandamus,

1333 2895 1413 2935 quod
1429 2893 1593 2933 praedidtos,
1612 2890 1754 2927 Nobiles,
1772 2887 1964 2925 Mercatores,
1982 2885 2136 2924 Magistros
2157 2883 2307 2921 Navium,
2326 2883 2393 2913 Ma-

1332 2935 1447 2966 rinarios
1462 2957 1471 2970 ,
1496 2932 1529 2962 &
1549 2931 1611 2960 alias
1632 2929 1764 2959 Personas
1787 2925 1965 2965 quascunque
1979 2947 1988 2963 ,
2014 2922 2150 2954 Dominii
2171 2923 2204 2954 &
2226 2921 2272 2952 Re
2293 2931 2395 2952 norum

1334 2972 1462 3012 praediffi
1484 2969 1588 3009 Regis,
1610 2968 1643 2999 &
1665 2976 1768 2997 eorum
1787 2964 1962 3004 quemlibet,
1979 2972 2047 2993 curn
2069 2961 2268 2999 Mercandifis,
2313 2961 2396 2998 ebus,

1334 3011 1485 3046 Navibus,
1504 3009 1537 3039 ὅ(
1552 3007 1636 3038 Bonis
1648 3005 1699 3036 suis
1711 3003 1945 3043 quibuscunque,
1962 3003 1993 3031 in
2006 3000 2106 3038 dietis,
2124 2999 2250 3037 Regno,
2263 2999 2396 3037 Ducam,

1336 3052 1372 3082 ὅ(
1391 3050 1448 3080 aliis
1465 3047 1561 3079 Terris
1575 3044 1692 3083 nostris,
1711 3045 1768 3074 tam
1784 3052 1833 3080 per
1849 3042 1988 3078 Terram,
2007 3040 2092 3078 quam
2107 3048 2156 3076 per
2168 3037 2266 3073 Mare,
2284 3038 2398 3073 venite,

1335 3088 1444 3120 ibidem
1466 3086 1586 3122 morari,
1604 3085 1637 3115 &
1658 3083 1761 3114 exinde
1784 3081 1891 3119 redire,
1908 3081 1938 3109 in
1952 3078 2046 3109 forma
2060 3076 2208 3117 praedieta,
2225 3075 2328 3113 absque
2340 3076 2398 3105 im-

1336 3127 1501 3168 pedimento
1518 3123 1663 3162 quolibet,
1680 3120 1864 3162 permittatis,
2175 3152 2180 3157 ι
2360 3152 2365 3157 ⁸

1375 3165 1450 3196 Non
1472 3164 1619 3193 inferentes
1637 3163 1693 3198 eis,
1711 3159 1755 3190 vel
1779 3168 1879 3189 eorum
1901 3157 2001 3194 alicui,
2018 3156 2047 3184 in
2070 3152 2211 3195 Personrs,
2229 3160 2273 3182 aut
2294 3151 2397 3190 Bonis,

1339 3204 1385 3234 seu
1403 3203 1439 3234 ab
1458 3202 1513 3232 aliis
1534 3200 1629 3231 inferri
1650 3199 1840 3238 permittentes
1853 3219 1862 3235 ,
1880 3196 2023 3237 injuriam,
2043 3190 2219 3236 molestiam,
2240 3190 2398 3233 dampnum

1338 3241 1454 3280 aliquod
1470 3264 1479 3278 ,
1502 3248 1548 3271 aut
1569 3247 1719 3278 gravamen
1739 3247 1745 3265 :
1782 3235 1854 3266 Etsi
1869 3233 1969 3271 aliquid
1985 3255 1994 3270 ‚
2012 3242 2041 3260 in
2062 3230 2201 3268 ipsorum,
2213 3236 2266 3272 aut
2287 3229 2399 3265 alicujus

1339 3290 1441 3311 eorum
1455 3277 1649 3318 praejudicium
1663 3276 1771 3306 fabrum
1784 3274 1881 3310 fuerit,
1900 3272 1929 3302 id
1945 3272 2003 3309 eis,
2015 3270 2048 3300 &
2061 3277 2161 3298 eorum
2173 3267 2303 3304 curhbet,
2315 3274 2398 3307 prout

1338 3319 1447 3358 justum
1461 3318 1560 3354 fuerit,
1578 3316 1680 3346 faciatis
1695 3313 1818 3344 celeriter
1833 3309 1981 3341 emendari.
2111 3346 2116 3351 ι
2358 3341 2364 3346 ·

1379 3357 1461 3388 Dum
1485 3364 1579 3387 tamen
1594 3354 1727 3393 Pedagia,
1743 3353 1776 3382 &
1788 3350 1850 3381 alias
1863 3347 2034 3383 Custums,
2052 3345 2157 3375 debitas
2170 3345 2203 3375 &
2218 3343 2401 3385 usitataszrn-

1341 3396 1377 3426 de
1397 3395 1504 3427 solvant
1519 3418 1529 3433 ,
1553 3394 1586 3425 &
1608 3392 1683 3423 stent
1704 3390 1782 3421 recto
1802 3389 1838 3419 de
1859 3385 2061 3417 Contraffibus
2079 3384 2111 3415 &
2133 3379 2402 3420 Transgrefliombus

1340 3435 1406 3472 suis,
1426 3442 1457 3465 ut
1469 3433 1629 3469 debebunt,
2076 3461 2080 3466 ⁵

1380 3472 1470 3512 Ipsos.
1488 3472 1532 3502 vel
1555 3472 1694 3509 aliquem,
1709 3473 1845 3507 praetextu
1862 3464 1976 3502 alicujus
1990 3460 2098 3497 Aresti,
2116 3458 2159 3501 [bu
2174 3456 2304 3501 Marclrae
2335 3466 2400 3500 ver-

1343 3512 1386 3544 sus
1408 3508 1551 3541 Homines
1570 3509 1604 3540 &
1630 3508 1822 3542 Mercatores,
1838 3503 1873 3534 de
1893 3501 2001 3541 Regnis
2013 3502 2046 3531 &
2060 3498 2203 3528 Dominio
2213 3495 2282 3526 dicti
2297 3479 2402 3535 RQs,

1341 3559 1379 3582 ex
1398 3557 1576 3589 quacumque
1597 3545 1699 3584 causa,
1716 3541 1933 3578 concessorum,
1951 3540 1995 3570 seu
2015 3534 2283 3579 concedendorum,
2301 3542 2401 3563 contra

1342 3589 1417 3620 hanc
1438 3585 1663 3618 Conceffionern
1683 3581 1827 3619 nostram,
1843 3589 1903 3610 non
1923 3575 2100 3608 molestantes
2114 3583 2144 3604 m
2157 3573 2249 3612 aliquo
2254 3593 2265 3610 ‚
2282 3571 2326 3603 seu
2338 3580 2400 3610 gra-

1342 3635 1530 3702 valiiiescujus,
1548 3661 1608 3693 &o
1623 3659 1755 3700 quamdiu
1770 3657 1852 3688 nobis
1865 3654 1996 3692 placuerit
2008 3652 2155 3694 duraturas.

1417 3701 1486 3733 Dat.
1499 3700 1572 3741 apud
1587 3697 1776 3735 Ravensdale‚
1796 3695 1895 3735 quinto
1907 3692 1952 3723 die
1962 3691 2092 3730 januam.

1972 3769 2025 3797 Per
2038 3763 2120 3805 ipsum
2133 3765 2236 3802 Regem.

1475 3811 1628 3854 Qadrupl.
