2562 4279
5 299 82 331 Ano.
95 289 137 322 D·

27 340 110 372 1332.

8 375 72 404 Edv.
93 379 120 406 3-

11 684 101 711 ⁸1V.

13 731 79 762 5¹7·

21 2334 90 2366 Arm
107 2332 150 2364 D.

38 2382 126 2413 1332.

16 2417 70 2441 An.
84 2414 110 2439 6.

16 2457 48 2480 Ε.
70 2460 96 2487 3.

18 2495 60 2519 Ex
74 2491 100 2515 A
119 2503 131 2509 -

23 2537 87 2566 togr.

37 3683 57 3702 ⁸
74 3683 127 3710 IV.

41 3720 106 3756 518.

723 199 1181 243 ETVACTA
1259 192 1741 242 PUBLICA.

161 290 275 323 candisis
288 291 356 329 suis,
375 290 444 320 inFra
455 290 594 326 Regnum
608 287 736 318 nostrum
753 286 906 325 Adduffls,
925 287 959 317 &
970 286 1006 316 de
1020 284 1124 327 eodem
1138 283 1219 322 Reg-

162 341 203 362 no
215 330 347 366 Eduffis,
365 328 456 359 eidem
471 328 538 359 Avo
553 327 653 357 nostro
665 327 698 357 Sc
712 325 880 356 Haeredibus
896 325 947 355 suis
961 324 1114 358 concessiS,

202 367 391 399 Conceffiffet
411 376 464 404 pro
483 366 526 403 sc,
544 367 576 396 δε
597 364 767 395 Hzeredibus
781 364 850 401 su'rs,
868 362 946 400 quod
958 372 1059 392 omnes
1073 360 1220 405 Mercato-

162 418 204 439 res
216 407 361 437 dierorum
375 405 544 444 Regnorum
559 404 592 434 ὃς
606 403 759 433 Terrarum
772 402 847 433 salvo
862 402 895 432 &
909 400 1005 430 secure
1018 398 1221 442 sub'Tuitiorie

165 447 198 477 &
221 445 404 476 Proteffione
427 442 472 473 sua
495 443 522 472 in
545 441 655 471 dietum
674 440 811 479 Regnum
832 439 960 476 Angliae,
978 439 1011 468 &
1033 437 1137 481 ubique
1151 437 1221 466 infra

165 483 338 515 Potestatem
359 482 434 512 ssiam
454 480 535 517 alibi,
553 480 665 509 veniant
688 489 756 509 curn
777 477 962 507 Mercandisis
972 476 1023 505 suis
1038 475 1220 513 quibuscum-

167 533 240 562 que,
259 522 295 552 de
312 519 465 557 Muragio,
481 518 621 555 Pavagio,
639 517 673 547 ὅτ
686 516 776 547 Ponta
798 517 825 545 io
840 515 938 545 Liberi
951 515 986 558 ὃς
1035 515 1116 557 trieri,
1143 552 1148 557 Ι

206 559 353 600 Qiodque
374 558 442 588 ‘nfra
462 558 538 587 idem
562 555 698 595 Regnum
716 555 749 585 ὃς
796 553 961 590 otcstatetn,
978 562 1007 582 in
1062 551 1220 589 iVitatibus,

166 599 282 638 Burgis,
298 599 331 628 δε
375 597 425 626 illis
439 594 630 630 Mercaroriis,
648 592 751 630 poffint
767 592 885 622 mercari
898 591 1039 621 dumtaxat
1053 591 1082 620 in
1099 589 1220 627 Groffo,

166 639 227 669 tam
241 646 309 668 cum
322 634 463 671 Indigenis
477 633 521 663 seu
536 632 640 662 Incolis
655 631 776 668 ejusdem
790 630 886 668 Regni
900 630 933 660 &
953 628 1117 666 Potestatis,
1134 629 1220 695 {uam

168 686 239 707 cum
252 674 442 712 Alienigenis,
457 671 617 707 Exrraneis,
635 669 681 699 vel
699 669 718 688 2*
739 668 872 705 Privatis,
890 670 927 698 ita
941 675 1035 698 tamen
1050 669 1108 705 quo
1161 666 1221 695 'ler-

169 725 234 752 ces,
253 722 317 751 quae
339 711 485 754 vulgariter
506 708 658 742 Merceriae
679 716 817 747 vocantur
839 707 872 738 &
898 706 1010 744 Species
1025 730 1035 744 ,
1062 706 1221 735 minutatim

168 753 254 784 vendi
267 749 370 789 poffint
379 772 387 788 ,
407 756 489 786 prout
503 755 579 776 antea
593 744 649 774 fieri
662 747 806 775 coniuevit
815 768 824 782 ‚
1182 781 1186 786 ⁵

208 791 244 821 Et
265 788 344 827 quod
357 796 460 818 omnes
474 784 600 822 praedicti
616 782 790 813 Mercatores
805 782 993 813 Mercandisas
1006 782 1080 819 suas,
1099 791 1164 819 quas
1180 790 1222 818 ip-

169 830 213 860 sos
227 828 261 858 ad
277 826 441 866 praedidtum
454 823 589 862 Regnum
605 822 638 852 &
653 820 826 853 potestatem
840 822 992 858 adducere,
1001 820 1045 850 seu
1054 819 1223 863 ,infraidem

171 867 202 898 R
239 875 310 897 rium
323 866 360 896 ⁷&
382 861 571 900 potestatem,
589 870 699 898 emere,
717 861 763 891 vel
786 860 849 890 alias
868 860 1012 898 adquirere
1027 884 1037 896 ,
1054 866 1223 897 contigerit,

169 876 292 943 poeffint,
309 912 366 941 quo
383 900 544 936 voluerint,
562 899 619 929 tam
643 899 714 929 infra
732 899 868 938 Regnum
891 899 924 929 &
938 897 1109 928 Potestatem
1116 895 1225 965 (praedi—

169 944 233 982 ἀεὶ,
252 943 337 980 quam
356 946 449 976 extra,
466 937 569 967 ducere
588 938 633 967 seu
648 946 758 975 portare
771 939 878 975 facere,
918 944 1084 974 raeterquam
1100 947 1114 965 a
1149 935 1224 964 Ter—

171 992 213 1012 ras
236 977 454 1011 Manifestorum
478 976 512 1006 Sc
531 975 728 1006 Notoriorum
744 975 884 1007 Hostium
930 976 993 1014 egni
1006 974 1152 1013 priediCti,
1170 973 1224 1003 sol-

168 1019 264 1052 vendo
278 1015 500 1046 Consuetudines
514 1024 579 1052 quas
593 1014 754 1052 debebunt,

207 1056 286 1087 Vinis
299 1054 444 1085 dumtaxat
454 1054 576 1090 exceptis
585 1077 594 1090 ,
613 1063 677 1090 quae
691 1053 727 1083 de
743 1053 845 1083 eodem
858 1052 980 1091 Regno,
996 1051 1042 1082 seu
1067 1049 1224 1087 Potestate,

169 1094 321 1135 postquam
342 1092 412 1123 infra
432 1091 508 1122 idem
529 1091 666 1128 Regnum
681 1091 726 1122 seu
742 1091 916 1122 potestatem
930 1090 1014 1120 dudla
1028 1090 1152 1134 fuerint,
1167 1088 1224 1118 sine

169 1133 315 1165 voluntate
329 1131 412 1168 ipsius
428 1130 484 1161 Avi
501 1129 605 1168 nostri,
622 1129 668 1161 seu
682 1129 842 1160 Haercdum
858 1127 1225 1170 suorum,&.llcent1aspe-

168 1171 250 1208 ciali,
267 1180 327 1200 non
348 1169 444 1200 liceret
466 1169 502 1198 eis
524 1168 645 1198 educere
666 1178 784 1207 quoquo
804 1168 912 1206 modo,
931 1175 1013 1207 prout
1034 1176 1063 1196 in
1084 1164 1169 1196 Carta
1191 1165 1224 1196 ὃς

168 1208 396 1241 confirmatione
410 1207 548 1244 prtedic'tis
561 1207 667 1244 plenius
682 1208 858 1244 continetur,
1061 1242 1065 1248 ἡ

207 1248 252 1278 Ac
274 1247 380 1285 praefati
402 1245 593 1283 Mercatores,
611 1246 761 1276 occasione
784 1245 969 1283 quarumdam
993 1242 1224 1280 Dissensionum,

167 1287 242 1317 inter
258 1285 390 1324 quosdam
404 1284 440 1314 de
454 1283 482 1313 R
521 1294 559 1313 no
571 1283 669 1313 nostro
684 1294 748 1314 ante
760 1283 823 1313 haec
846 1291 975 1319 tempora
997 1289 1173 1325 exortarum,
1190 1281 1225 1311 ti-

167 1335 250 1355 more
273 1323 421 1362 Captionis
442 1323 475 1353 &
527 1321 679 1352 testationis
702 1321 850 1352 Bonorum
867 1322 899 1351 δε
913 1319 1152 1362 Mercandisarum
1168 1320 1226 1349 sua-

166 1374 249 1401 rum,
268 1362 294 1392 se
309 1374 324 1393 a
338 1362 418 1392 dieto
433 1361 539 1398 Regno
555 1360 654 1390 nostro
668 1370 735 1390 cum
748 1360 848 1390 Rebus
863 1360 896 1390 δε
913 1358 1096 1389 Mercandiiis
1111 1358 1162 1388 suis
1182 1368 1225 1387 re-

166 1402 315 1440 traxerint,
332 1401 402 1430 sicut
419 1409 452 1430 ex
468 1398 599 1438 Qerelis
612 1398 797 1429 intelleximus
812 1399 1018 1436 plurimorum,
1138 1435 1143 1439 ¹

203 1440 272 1470 Nos
286 1464 296 1478 ,
312 1439 439 1470 volentes
459 1436 575 1468 Cartam
596 1436 762 1474 praedictam
785 1438 814 1466 in
836 1437 969 1467 omnibus
990 1437 1024 1466 &
1046 1434 1157 1472 singulis
1175 1434 1226 1465 suis

167 1478 301 1510 Articulis
322 1477 511 1513 manuteneri,
532 1476 564 1505 &
587 1476 722 1506 securitati
742 1475 865 1513 ipsorum
882 1474 1080 1504 Mei-catorum
1095 1473 1227 1511 provide-

168 1528 217 1555 re,
234 1517 286 1548 tibi
300 1516 476 1553 praecipimus
497 1513 592 1552 quod,
612 1514 672 1544 visis
691 1514 889 1552 praesentibus,
905 1514 934 1543 in
954 1512 1139 1555 CivitatibuS,
1157 1511 1227 1555 Bur-

165 1557 227 1594 gis,
246 1558 279 1586 &
294 1554 374 1584 Villis
390 1553 589 1591 Mercatoriis,
606 1563 639 1582 ac
655 1552 735 1591 alibi,
753 1554 781 1582 iri
798 1552 901 1582 Balliva
919 1551 982 1587 tua,
1000 1551 1067 1594 tarn¹
1081 1550 1153 1580 infra
1176 1549 1226 1579 Li-

168 1595 305 1632 bertates,
323 1592 409 1631 quani
422 1601 515 1630 extra,
532 1592 582 1622 ubi
593 1590 722 1629 expedire
742 1591 859 1630 videris,
877 1589 993 1630 publice
1014 1589 1096 1619 saeias
1117 1588 1227 1626 procla-

169 1634 254 1670 mari,
954 1667 959 1671 .

208 1669 302 1710 Qiod
315 1679 415 1700 omnes
429 1668 621 1706 Memarores,
640 1667 792 1706 Extranei,
810 1669 843 1699 &
867 1666 1056 1705 Alienigenae,
1075 1674 1144 1695 curn
1165 1663 1227 1694 Re-

167 1710 221 1740 bus
241 1711 274 1740 &
297 1707 478 1739 Mercandisis
498 1706 568 1743 suis,
584 1717 642 1744 quo
661 1706 802 1736 voluerint
815 1730 824 1743 ,
843 1705 912 1735 infra
934 1704 1073 1741 Regnum
1095 1702 1226 1747 nostrum

167 1748 244 1779 salvo
257 1747 292 1778 ὃς
303 1746 415 1783 secure,
432 1744 482 1775 sub
495 1744 590 1775 nostra
605 1743 806 1782 Proteecione,
825 1744 859 1774 δε
872 1743 1026 1780 Tuitione,
1045 1750 1175 1779 veniant,
1193 1742 1227 1772 δε

168 1787 276 1817 ibidem
293 1784 483 1814 Mercimonia
495 1783 538 1813 sua
551 1783 637 1812 libere
650 1790 813 1819 exerceant,
833 1782 866 1812 ὃς
886 1780 985 1811 exinde
1009 1780 1156 1818 recedant,
1175 1779 1229 1810 sol-

167 1825 264 1855 vendo
277 1822 429 1853 Custumas
444 1822 477 1852 &
492 1820 714 1851 Consuetudines
729 1821 834 1851 debitas
848 1820 881 1850 δί
897 1819 1018 1857 usitatas,
1037 1819 1106 1850 sicut
1128 1818 1230 1856 praedi-

168 1863 251 1894 c‘turn
266 1861 306 1891 est

207 1900 244 1931 Et
263 1884 343 1937 qugd
358 1898 433 1928 nulla
446 1897 533 1935 Prisa,
551 1896 689 1936 Exactio,
707 1897 752 1928 seu
767 1897 907 1927 Arestatio
928 1896 1068 1934 indebita,
1083 1896 1164 1933 super
1185 1897 1228 1933 ip-

168 1939 212 1969 sos
235 1938 411 1968 Mercatores
432 1936 477 1966 seu
501 1935 690 1967 Mercandisas
708 1938 765 1967 suas
782 1935 847 1973 fiet,
863 1945 917 1965 nec
938 1937 1090 1973 quicquam
1113 1934 1179 1964 inde
1194 1934 1228 1964 ad

167 1987 240 2015 opus
253 1975 400 2014 nostrum,
417 1983 464 2005 aut
480 1975 618 2013 aliorum,
637 1984 735 2005 contra
749 1976 873 2013 ipsorum
894 1974 1086 2012 voluntatem,
1105 1974 1228 2010 capietur

167 2024 268 2047 contra
281 2015 406 2045 formam
419 2012 514 2044 Cartae
527 2013 702 2051 supradiffitae.

205 2093 297 2125 Teste
311 2094 392 2134 Rege
405 2093 479 2132 apud
492 2093 643 2124 Staunford
652 2116 661 2132 ,
677 2093 790 2124 dectrno
801 2094 884 2125 tertio
899 2093 944 2124 die
959 2092 1071 2130 Aprilis.

287 2227 377 2259 Bulla
389 2253 399 2270 ‚
423 2225 468 2259 ad
482 2228 591 2259 Pacem
610 2237 679 2258 cum
698 2227 774 2272 Rege
793 2228 924 2260 Franciae
947 2223 1126 2258 hortatoria.

201 2316 336 2348 Ohannes
345 2314 517 2353 Episcopus,
536 2314 637 2345 Servus
652 2314 808 2346 Servorum
822 2314 897 2352 Dei,
917 2314 1058 2345 cariffimo
1071 2315 1099 2344 in
1115 2312 1234 2345 Christo

169 2319 196 2390 J
220 2355 243 2385 F
246 2356 312 2393 ilio,
331 2353 491 2392 Edwardo,
508 2352 586 2391 Regi
599 2353 709 2392 Angliae
731 2352 852 2392 Illustri,
869 2353 1010 2391 Salutem,
1029 2354 1063 2384 ὃς
1087 2352 1233 2390 Apostoli-

173 2403 240 2424 cam
256 2392 499 2424 Benedictionem.

166 2461 169 2466 ,
215 2431 262 2462 Ad
277 2431 400 2462 nostram
416 2431 525 2468 pridem
536 2431 651 2462 veniens
670 2430 862 2469 praesentiam,
879 2429 996 2460 dileffims
1016 2429 1116 2467 Filius,
1132 2429 1234 2460 Nobi-

173 2471 205 2501 lis
220 2470 289 2508 Vir,
309 2469 490 2500 Guillielmus
504 2468 618 2499 Truffel
630 2468 717 2500 Miles
727 2492 736 2507 ,
751 2470 785 2500 &
799 2469 934 2500 Nuncius
947 2469 1072 2508 Regius,
1089 2469 1234 2499 nobistuae

171 2507 352 2540 Celsitudinis
366 2508 483 2538 Litteras
496 2507 532 2537 de
545 2506 698 2538 Credentia
712 2508 895 2546 praesentavir.

212 2547 298 2586 Qos
319 2546 436 2584 quidem
456 2545 612 2577 Nuncium
631 2547 666 2576 ὅ(
688 2546 806 2577 Litteras
828 2546 949 2585 benigne
971 2546 1129 2582 recepimus
1143 2569 1153 2583 ,
1176 2546 1210 2577 &
1225 2569 1234 2584 ,

171 2584 322 2624 quaeipse,
340 2593 395 2624 pro
407 2593 483 2622 parte
498 2584 607 2623 Regia,
625 2585 707 2614 nobis
721 2585 830 2615 curavit
843 2584 1150 2624 exponere,di6taeque
1161 2594 1235 2616 con-

174 2624 302 2655 tinebant
317 2623 448 2661 Litterae,
466 2623 553 2663 pleno
567 2623 734 2660 collegimus
746 2623 897 2653 intelledffl.

214 2662 305 2701 Super
319 2662 371 2692 hiis
382 2669 494 2700 autem,
509 2672 573 2700 quae
586 2661 714 2701 praefatus
728 2661 882 2700 Nuncius,
898 2671 950 2699 pro
963 2669 1040 2699 parte
1055 2660 1148 2701 Regia
1157 2684 1167 2700 ,
1181 2671 1236 2692 no-

175 2701 224 2732 bis
234 2700 359 2738 exposuit
367 2722 376 2738 ,
391 2700 480 2730 taliter
495 2699 703 2737 respondemus.

249 2739 324 2775 uod,
343 2737 484 2769 mriffimo
497 2739 526 2768 in
539 2737 658 2768 Christo
672 2738 744 2769 Filio
763 2737 881 2776 nostro,
895 2737 969 2768 Phili
991 2748 1030 2778 po
1048 2737 1124 2777 Regi
1148 2737 1236 2768 Fran-

176 2779 229 2808 ciae
257 2776 344 2808 ilustri
358 2776 529 2815 scripsimus,
544 2777 618 2815 juxta
630 2777 773 2816 formam,
791 2786 877 2815 quam
893 2776 956 2807 Ced
986 2787 1001 2807 a
1012 2778 1237 2815 continet,prae-

175 2815 294 2846 sentibus
307 2814 458 2845 interclusa.

175 2875 178 2877 Α
215 2853 290 2884 Sane
305 2876 315 2890 ,
339 2852 391 2883 Fili
411 2851 551 2883 carissime
564 2874 574 2890 ,
601 2853 665 2890 quia
687 2861 784 2884 mutua
801 2854 872 2885 inter
890 2862 919 2884 te
936 2853 1102 2891 dic'tumque
1124 2853 1236 2884 Reoem

178 2890 302 2921 Franciae
315 2890 497 2929 Concordia,
514 2891 573 2921 tam
589 2892 687 2928 vobis,
705 2892 791 2929 quam
805 2891 945 2930 utriusque
965 2891 1103 2930 Subditis,
1121 2878 1237 2923 existere

176 2938 323 2968 voportuna
345 2929 535 2966 multipliciter
555 2928 694 2966 noscitur,
712 2939 745 2959 ac
766 2929 917 2961 Discordia
939 2931 1036 2968 (quam
1048 2938 1151 2961 avertat
1172 2931 1238 2961 Do-

183 2968 291 3005 minus)
312 2967 466 3004 Dispendia
484 2967 624 3005 utriusque
644 2967 765 2998 Subditis
784 2968 894 2999 allatura
908 2992 917 3006 ,
944 2969 1084 3005 Regalem
1106 2978 1239 3006 rogamus

179 3005 404 3043 Excellentiam,
420 3007 454 3037 ὅτ,
477 3006 506 3036 in
530 3004 665 3036 Domino
686 3006 816 3037 attentius
838 3006 1035 3047 exhortamur,
1053 3008 1182 3045 quatinus
1204 3007 1237 3037 ad

182 3044 290 3075 Pacem
308 3044 356 3075 Re
377 3045 436 3074 ium
456 3043 572 3074 inclines
592 3045 719 3074 animum
741 3046 774 3076 ὃς
794 3043 938 3082 disponas,
956 3044 1099 3076 habiturus
1119 3056 1187 3083 nos,
1204 3048 1238 3077 δε

181 3083 330 3121 praefatum
348 3053 521 3121 Igluncitim,
538 3082 619 3120 super
640 3082 742 3120 mora,
760 3092 862 3121 quam,
879 3082 1075 3120 prosequendo
1090 3082 1240 3121 diligenter

180 3122 215 3152 ὅ(
229 3120 405 3158 expectando
420 3121 649 3159 Responsionem
662 3120 804 3159 nostram,
822 3123 903 3152 traxit
916 3123 946 3151 in
964 3120 1069 3160 Curia,
1087 3123 1240 3159 probabili-

176 3167 222 3190 ter
237 3159 386 3190 excusatos.

218 3197 288 3228 Nos
307 3199 386 3228 enim
406 3197 440 3229 ea
460 3197 541 3229 causa
562 3197 735 3236 distulimus,
755 3198 904 3238 ipsumque
925 3197 1015 3228 redire
1032 3208 1093 3228 non
1134 3199 1241 3229 ermisi-

180 3246 261 3275 mus,
276 3236 420 3274 quousque
432 3236 575 3274 poffimus
587 3237 689 3268 certius
702 3245 757 3267 tuae
771 3237 824 3267 Ma
844 3236 992 3268 nii-'icentiae
1007 3208 1192 3276 respondere,
1205 3238 1240 3269 de

178 3275 326 3305 Termino
338 3274 476 3311 speramus
490 3275 570 3313 quod
585 3283 641 3306 tuae
653 3276 756 3313 poterit
768 3275 826 3306 satis
847 3276 887 3305 eri
901 3275 1053 3306 voluntati:
1071 3276 1151 3314 super
1164 3277 1240 3307 fadto

182 3322 279 3344 autern
302 3312 437 3352 Paffagii,
451 3313 485 3343 ad
508 3313 585 3351 quod
605 3313 746 3350 agendum
768 3314 909 3345 salubriter
925 3314 985 3344 Pax
1006 3314 1122 3353 Regni,
1139 3315 1241 3345 Terra-

184 3361 306 3390 rumque
319 3350 451 3388 aliarun'i,
469 3360 524 3382 tuae
538 3351 637 3382 ditioni
649 3351 851 3390 subjeetamm,
868 3354 1034 3391 requiritur,
1048 3353 1242 3391 Thesaurique

180 3389 312 3421 itmnenfi
337 3390 419 3427 copia
438 3389 479 3419 est
497 3390 649 3420 necessario
673 3398 833 3428 oportuna,
851 3392 920 3422 cum
943 3402 995 3422 nos
1014 3392 1051 3422 de
1072 3392 1123 3422 hiis
1137 3403 1241 3430 nequa-

179 3439 272 3467 *quam
291 3427 479 3458 sufficientem
498 3429 629 3458 notitiam
649 3428 799 3458 habeamus
814 3451 824 3465 ,
849 3437 959 3460 certum
980 3432 1159 3468 nequivimus
1178 3430 1243 3461 dare

178 3466 386 3505 Responsum,
400 3466 446 3496 sed
460 3466 531 3496 etim
545 3474 575 3495 tu
589 3475 656 3496 cum
673 3465 839 3496 Proceribus
854 3468 923 3505 tuis,
940 3477 1025 3504 prout
1040 3470 1240 3507 intelleximus,

183 3506 426 3537 Deliberationem
438 3505 472 3535 &
484 3504 649 3534 Tradatum
657 3504 800 3542 habueris,
817 3515 868 3541 ac,
884 3513 915 3535 ut
929 3505 1085 3545 credimus,
1104 3508 1244 3545 praemiffa

178 3546 220 3577 &
240 3545 309 3583 alia,
324 3551 465 3581 oportuna
483 3550 562 3573 tanto
582 3544 716 3579 negotio,
733 3543 762 3573 in
784 3542 1007 3574 consideratione
1027 3545 1135 3575 duxeris
1155 3546 1244 3577 dedu-

187 3583 293 3620 cenda,
311 3582 418 3650 plenius
432 3589 510 3620 potes
507 3579 666 3649 dagvertere
680 3580 747 3619 quid
757 3590 790 3621 te
801 3581 900 3612 deceat
915 3581 949 3612 &
964 3582 1089 3622 expediat
1103 3584 1195 3615 facere
1201 3585 1244 3615 su-

286 3621 295 3629 *
378 3621 431 3649 ’σ”ι
460 3628 506 3649 nte
528 3620 533 3625 ’
567 3619 585 3648 i.

187 3633 243 3681 pessrss
253 3632 328 3690 xl¹xla0s
340 3621 434 3690 ssiiltaenrln
443 3630 509 3697 illa,
527 3667 590 3700 quae
606 3657 760 3688 secundum
781 3657 882 3689 Deum
901 3659 1071 3697 poterimus,
1088 3670 1156 3691 cum
1178 3660 1202 3691 F
1204 3671 1246 3691 ra-

187 3707 265 3730 trum
284 3697 449 3728 nostmrum
472 3695 604 3734 coniili0,
620 3697 704 3734 parati
723 3697 827 3727 erimus
842 3697 952 3736 facere,
970 3696 989 3727 si
1004 3697 1114 3729 dit‘l’uin
1127 3698 1183 3729 Iter
1195 3699 1246 3731 de-

190 3738 308 3770 creveris
321 3735 527 3771 assumendum.

192 3853 211 3885 s
228 3815 298 3887 Da&
318 3818 453 3863 Avinion.
472 3816 626 3849 undecimo
645 3814 710 3847 Kal.
732 3814 810 3848 Maii
821 3839 832 3856 ‚
856 3815 1042 3850 Pontificattis
1064 3816 1152 3849 nostri
1171 3829 1248 3850 anno

205 3861 268 3886 exto
288 3866 392 3889 ecimo.
967 3860 972 3864 ’

922 3933 1014 3973 sigillo
1032 3933 1135 3974 avulsa.

2268 215 2321 260 57

2341 285 2419 318 Anii.
2432 281 2474 318 D.

2363 331 2449 365 133'22

2342 368 2408 393 Edv.
2430 374 2456 402 3.

1391 368 1449 405 Ad
1463 373 1614 417 Custodem
1633 381 1732 411 Scotiae
1743 407 1753 422 ‚
1773 381 1863 427 fhper
1877 384 1979 415 Terris
1993 376 2185 426 restituendis.

1269 459 1385 513 REX
1404 461 1510 494 Nobili
1525 464 1611 503 Viro,
1629 466 1760 498 Thomae
1774 467 1885 500 Comiti
1900 467 1936 500 de
1951 466 2078 510 Murref,
2097 471 2222 504 Custodi
2244 474 2319 505 Ter·
2343 482 2396 505 An.
2414 478 2441 505 6.

1265 532 1303 562 ff
1345 504 1383 542 rae
1397 500 1518 540 Scotiae,
1539 503 1645 535 Amico
1658 505 1708 536 suo
1727 507 1881 546 cariffimo,
1900 509 2041 549 Salutem,
2059 511 2093 541 &
2114 511 2228 544 sincerae
2250 513 2319 543 dile·
2342 520 2372 543 Ε.
2395 526 2419 552 3.

1297 543 1369 566 [Orus
1384 538 1530 570 affecturn.
2341 554 2428 590 Claus.
2448 556 2477 581 62

1303 573 1384 605 Cum
1398 577 1427 606 in
1442 578 1578 610 Tradtatu
1592 580 1689 619 Pacis,
2341 597 2374 619 Ε,
2396 602 2421 628 3.
2437 601 2476 621 mi

1303 610 1380 657 Inter
1393 639 1403 652 ,
1421 616 1508 646 bonae
1530 620 1678 649 memoriae
1692 642 1702 657 ,
1726 619 1890 652 Dominum
1913 623 2074 655 Robertum
2093 636 2183 664 nuper
2206 627 2319 666 Regem
2344 631 2422 666 25.d.

1266 649 1389 696 Scotire,
1408 654 1442 683 δε
1463 655 1747 700 ηρίὶωευΝυηςίος,
1765 659 1799 689 ad
1821 660 1878 690 hoc
1897 661 2047 698 specialiter
2061 663 2225 703 deputatos,
2240 667 2320 704 super

1266 688 1388 734 Guerris
1400 693 1432 722 &
1447 691 1621 735 Discordiis,
1637 696 1702 726 hinc
1717 697 1782 726 inde
1795 700 1911 736 exortis,
1927 709 2015 738 nuper
2030 702 2144 740 habito,

1267 727 1425 795 m'Issllsset’
1443 739 1516 761 inter
1537 732 1605 771 alia,
1624 733 1840 766 Concordatum
1856 760 1866 776 ‚
1883 738 1916 768 ὃς
1938 748 1988 775 per
2009 739 2098 776 ipsum
2121 741 2237 779 Regem
2255 753 2323 781 prof²

1301 777 1306 794 1
1335 777 1402 805 um,

1306 805 1413 848 Quibd,
1432 806 1528 838 dilecti
1550 807 1759 848 Consanguinei
1779 811 1812 842 &
1836 812 1941 843 Fideles
1964 814 2066 853 nostri,
2084 812 2214 850 Thomas
2225 818 2323 850 Wake

1268 840 1415 888 Dominus
1429 845 1465 876 de
1484 846 1590 886 Lydel,
1604 847 1746 887 Henricus
1759 848 1794 879 de
1808 848 1886 880 Bello
1900 851 2006 882 Monte
2018 852 2127 885 Comes
2141 857 2176 886 de
2186 857 2304 894 Boghan

1268 881 1304 924 ὃς,
1316 880 1458 928 Henricus
1474 884 1509 915 de
1523 884 1629 924 Percy,
1649 886 1872 918 Restitutionem
1886 888 1989 920 habere
2008 891 2142 924 deberent
2159 896 2193 925 de
2214 882 2322 927 Domi³

1268 928 1319 948 nus
1334 920 1458 964 ,Terris
1472 946 1482 961 ,
1500 924 1533 954 ὅτ
1557 923 1778 956 possessionibus
1798 926 1851 957 suis
1865 950 1875 965 ,
1891 937 1953 965 quae
1975 929 2123 961 occasione
2144 932 2321 965 Guerrarurn

1268 959 1462 1003 praedictarum
1485 961 1611 998 pi-aefatus
1632 962 1698 993 Rex
1722 964 1791 1002 poni
1811 965 1914 996 fecerat
1934 966 1968 996 ad
1991 966 2115 998 Manum
2135 971 2208 1001 suam
2224 997 2234 1010 ,
2253 974 2323 1004 sicut

1267 1006 1318 1033 per
1340 997 1594 1037 LiterasPatentes
1607 1001 1688 1038 ipsius
1704 1001 1809 1041 Regis,
1827 1003 1893 1033 inde
1911 1004 2071 1044 confectas,
2089 1007 2198 1044 plenius
2221 1013 2325 1048 poterit

1267 1043 1408 1072 apparere:

1304 1073 1360 1112 Et,
1379 1074 1446 1105 licet
1468 1077 1597 1115 praefatus
1615 1077 1758 1109 Henricus
1779 1077 1815 1109 de
1829 1079 1919 1120 Percy
1935 1081 2156 1114 Restitutionem
2171 1084 2326 1118 Terrarum

1268 1112 1302 1142 &
1323 1111 1531 1157 Poffeffionum
1553 1116 1661 1159 suarum
1677 1118 1736 1154 jam
1758 1117 1886 1149 habuerit
1900 1142 1910 1158 ,
1935 1130 1965 1150 ut
1985 1121 2167 1153 intelleximus
2180 1148 2190 1161 ,
2224 1126 2327 1156 virtute

1268 1149 1443 1182 Concordiae
1459 1153 1493 1183 ὃ(
1505 1153 1702 1184 Promiffionis
1716 1155 1911 1192 praedietarum
1920 1181 1929 1194 ,
1947 1160 2076 1195 praefatus
2090 1168 2184 1191 tamen
2193 1162 2326 1195 Thomas

1269 1189 1375 1257 nHllam
1396 1190 1488 1221 adhuc
1509 1191 1545 1222 de
1566 1192 1618 1223 suis
1638 1192 1737 1223 Terris
1756 1194 1790 1224 ὃς
1805 1194 2025 1227 Poss'effionibus
2041 1198 2262 1232 Restitutionem
2276 1203 2329 1234 fuit

1269 1237 1285 1257 a
1310 1237 1426 1266 ecurusg

1305 1265 1374 1297 Nos
1396 1269 1495 1310 igitur,
1513 1267 1693 1300 desiderantes
1716 1270 1855 1309 universa,
1875 1282 1940 1310 quae
1960 1273 2090 1313 trastata,
2109 1277 2141 1306 &
2157 1277 2328 1310 concordata

1268 1303 1391 1349 fuerant,
1411 1310 1456 1336 ieu
1471 1308 1622 1346 promiffa,
1639 1309 1823 1347 compleri&
1842 1310 1940 1341 debito
1960 1311 2076 1342 effeetui
2098 1317 2266 1354 mancipari,
2284 1318 2328 1349 di-

1268 1342 1422 1374 lectionem
1445 1345 1566 1376 vestram
1586 1355 1716 1383 rogamus
1734 1349 1767 1379 ὅ(
1782 1349 1948 1386 requirimus
1962 1359 1996 1379 ex
2008 1349 2129 1388 affeetu,
2149 1356 2276 1390 quatinus
2297 1365 2328 1388 ut

1270 1391 1317 1419 ea7
1337 1392 1400 1420 quae
1422 1383 1595 1427 sic.tra<ftata
1615 1386 1648 1415 &
1672 1386 1806 1424 promissa
1826 1387 1952 1426 fuerant,
1970 1389 1998 1418 in
2021 1390 2185 1430 praemiffis,
2199 1392 2328 1424 debitum

1270 1420 1378 1464 possint
1388 1421 1477 1451 sortiri
1490 1422 1644 1462 effedtum,
1663 1434 1717 1462 pro
1731 1424 1877 1463 cujussibet
1885 1425 2042 1457 Discordiae
2057 1429 2173 1460 materia
2187 1432 2329 1471 evitanda,

1271 1457 1430 1489 Coniilium
1453 1461 1486 1491 &
1506 1461 1654 1492 Auxilium
1675 1463 1765 1493 velitis
1784 1463 1936 1494 efficaciter
1959 1466 2112 1504 impertiri,
2130 1467 2164 1498 ὃς
2180 1468 2330 1500 Portitori-

1272 1497 1322 1540 bus
1334 1497 1444 1541 ‚harum
1460 1499 1628 1541 ¹Literarum
1647 1501 1822 1540 nostrarum,
1841 1503 1870 1532 in
1893 1503 2089 1542 prosecutione
2102 1505 2224 1546 Negotii
2237 1508 2330 1547 supra-2

1270 1534 1339 1565 dicti
1347 1558 1358 1574 ,
1377 1535 1518 1567 favoribus
1529 1537 1649 1568 assistere
1662 1542 1820 1577 oportunis.

1307 1614 1381 1646 Data
1393 1616 1466 1653 apud
1480 1616 1647 1657 stamford,
1663 1619 1799 1650 vicesimo
1815 1619 1939 1651 secundo
1951 1621 1996 1653 die
2011 1622 2120 1661 Aprilis.

1779 1702 1832 1729 Pe?
1847 1703 1939 1731 Breve
1952 1701 1984 1731 de
1998 1705 2118 1733 Privato
2130 1703 2228 1742 Sigillo.

1509 1830 1604 1874 Super
1621 1830 1760 1875 Expenfis
1780 1832 1970 1865 Nunciorum
1988 1835 2088 1881 Regis.

1276 1913 1394 1968 REX
1414 1916 1600 1948 Thesaurario
1614 1918 1646 1948 δε
1661 1916 1830 1950 Camerariis
1845 1919 1896 1951 suis
1908 1921 2043 1953 Salutem.

1372 1954 1523 1992 Liberate,
1540 1955 1576 1986 de
1598 1955 1744 1987 Thesauro
1766 1958 1865 1991 nostro
1880 1983 1890 1998 ,
1910 1960 2069 1992 Venerabili
2091 1961 2166 1994 Patri
2352 1928 2428 1959 Ann'
2445 1926 2486 1959 D⁰

1273 1987 1317 2018 W
1414 1994 1418 1998 .
1548 1996 1552 2000 .
1839 1999 1844 2003 .
2068 2002 2072 2006 .
2099 2002 2103 2007 .
2184 1962 2331 2009 >J⁰hz²m¹i
2375 1977 2460 2008 1332·

1321 1993 1476 2027 yntonienii
1499 1993 1642 2032 Episcopo
1660 2020 1669 2034 ,
1688 1995 1865 2028 Cancellario
1885 1999 1984 2030 nostro
1997 2022 2006 2038 ,
2027 2010 2074 2038 qut
2096 2011 2125 2032 m
2149 2001 2330 2040 Obiequium
2352 2010 2404 2034 An.
2422 2009 2449 2036 6.

1272 2029 1421 2073 nostrum,
1437 2041 1486 2069 per
1507 2032 1687 2078 Praeceptum
1710 2035 1859 2074 nostrum,
1874 2038 1932 2080 *una
1953 2048 2021 2068 cum
2041 2039 2098 2069 aliis
2118 2039 2258 2071 Fidelibus
2278 2051 2332 2072 no-
2352 2049 2382 2072 E.
2405 2055 2432 2081 3.

1274 2065 1353 2107 stris,
1369 2068 1403 2100 ad
1417 2080 1505 2107 partes
1518 2070 1746 2112 Transmarinas,
1765 2084 1817 2111 pro
1832 2075 1997 2113 quibusdam
2014 2077 2103 2107 arduis
2118 2077 2254 2117 Negotiis
2279 2089 2334 2110 no-
2351 2083 2464 2111 Liberat.

1274 2105 1350 2144 stris,
1367 2108 1472 2152 ibidem
1487 2109 1663 2154 expediendis
1698 2112 1876 2156 profeCRurus
1896 2114 1954 2153 est²
1972 2113 2099 2147 Centum
2119 2116 2236 2156 Libras,
2255 2117 2334 2156 super
2355 2123 2382 2149 6.
2395 2125 2425 2149 Ε.
2442 2130 2467 2158 3,

1274 2143 1408 2184 Expeniis
1422 2147 1488 2185 suis,
1506 2157 1535 2177 m
1552 2157 1650 2179 itinere
1675 2150 1831 2188 upradicto.
2354 2169 2390 2188 m.
2408 2169 2437 2195 ς.

1311 2226 1400 2258 Teste
1414 2226 1500 2266 Rege
1513 2229 1587 2267 apud
1599 2229 1769 2270 stamford,
1788 2232 1925 2265 vicesimo
1939 2242 2038 2273 quarto
2052 2233 2099 2265 die
2113 2233 2224 2273 Aprilis.

1962 2316 2017 2347 Per
2030 2315 2112 2356 ipfimz
2125 2319 2232 2355 Regem.

1278 2386 1446 2432 Consimilia
1459 2388 1555 2420 Brevia
1570 2390 1605 2421 de
1620 2391 1752 2422 Liberate
1765 2391 1869 2425 habent
1883 2394 2100 2435 subscripti2qui
2114 2397 2143 2427 in
2158 2394 2337 2436 Obsequium

1314 2426 1362 2457 Re
1383 2437 1402 2456 is
1409 2450 1420 2465 ,
1439 2437 1489 2465 per
1512 2428 1692 2473 IJ'raeceptum
1716 2430 1804 2470 Regis
1819 2456 1828 2471 ,
1846 2434 1881 2464 ad
1901 2444 1991 2471 partes
2014 2435 2161 2472 praedietas
2175 2459 2186 2474 ,
2200 2446 2254 2474 pro
2277 2437 2341 2474 qui-

1314 2465 1354 2496 bu
1365 2466 1431 2496 dam
1451 2466 1541 2497 arduis
1555 2467 1693 2512 ‘Negotiis
1716 2468 1824 2514 Regis,
1841 2472 1948 2503 ibidem
1969 2472 2165 2513 expediendis,
2182 2474 2340 2514 profefituri

1315 2504 1394 2543 sunt,
1411 2503 1446 2534 de
1459 2504 1573 2537 summis
1589 2507 1761 2545 subscriptis,
1780 2510 1930 2549 videlicet,

1316 2585 1414 2614 Adam
1431 2587 1619 2627 ngwienfis
1635 2587 1773 2628 Epifiopus
1789 2590 1820 2619 de
1835 2593 1947 2620 Centum
1962 2595 2077 2622 Marcis.

1317 2625 1360 2652 W
1357 2622 1477 2654 dlielmus
1490 2626 1521 2654 de
1533 2625 1647 2665 Clynton
1662 2628 1694 2656 de
1707 2628 1905 2667 ‘Quadraginta
1919 2630 2024 2660 Libris.

1318 2662 1450 2702 Illagister
1462 2663 1607 2702 Johannes
1622 2666 1653 2694 de
1666 2665 1794 2697 Slaordzch
1806 2669 1838 2697 de
1852 2670 1961 2706 Viginti
1973 2669 2078 2699 Libris.

1281 2796 1340 2827 Pro
1358 2798 1491 2829 Nnnciis
1500 2796 1665 2843 Ρνιεάὶἑῗίς,
1689 2800 1734 2833 ad
1745 2800 1939 2834 narrandum
1960 2813 2030 2834 cum
2048 2805 2126 2850 Rege
2145 2804 2276 2836 Franciae
2284 2802 2342 2848 βι-

1522 2856 1577 2891 per
1596 2849 1708 2881 Itinere
1725 2849 1770 2882 ad
1785 2852 1914 2883 Terram
1934 2851 2091 2884 Sanffam.

1353 2931 1498 3001 Nipersis,
1516 2935 1662 2972 praesentes
1676 2937 1795 2970 Litteras
1812 2938 1989 2979 inspecturis,
2007 2937 2180 2978 Edwardus,
2198 2939 2260 2971 ὅτε.
2292 2939 2343 2971 Sa-
2364 2939 2492 2972 Ann.D0

1382 2982 1399 3001 u
1412 2982 1469 3002 em.

1320 3010 1370 3056 De
1391 3009 1521 3055 fidelitate
1562 3013 1660 3045 robata
1680 3015 1714 3046 &
1729 3016 1983 3054 circumspectione
1999 3015 2138 3055 provida,
2155 3015 2339 3046 Dileftorum
2358 2989 2472 3048 Aizi?

1284 3049 1317 3093 ὃς
1333 3048 1473 3079 Pidelium
1487 3060 1526 3080 no
1553 3061 1667 3095 rorum,
1685 3054 1898 3086 Venerabilium
1914 3055 2046 3094 Parrum,
2059 3055 2197 3094 Johannis
2211 3053 2339 3093 Wynto-
2356 3060 2386 3084 E.
2406 3067 2432 3093 3.

1282 3087 1404 3132 niensis,
1418 3088 1585 3132 Cancellarii
1597 3091 1702 3131 nostri,
1719 3094 1753 3124 ὃς
1770 3093 1842 3124 Adae
1857 3094 2092 3131 Wyoornienfis,
2113 3092 2338 3131 Episcoporum,
2356 3099 2413 3123 Par.
2429 3096 2458 3124 6.

1285 3125 1310 3169 *Ι
1322 3125 1474 3170 Wilheltni
1496 3127 1536 3171 de.
1551 3126 1589 3172 β]
1610 3138 1680 3160 nton
1701 3131 1820 3171 Militis,
1839 3134 1872 3163 &
1893 3118 2027 3170 Magistri
2041 3131 2177 3170 Johannis
2196 3130 2233 3160 de
2251 3130 2338 3161 Shor-
2356 3137 2387 3161 Ε.
2408 3142 2433 3170 3.
2449 3136 2480 3170 p.'-

1282 3163 1366 3201 dich,
1381 3164 1455 3202 Juris
1470 3163 1569 3196 Civilis
1610 3168 1767 3209 rofefforis,
1785 3172 1909 3209 plenarie
1924 3170 2116 3208 confidentes,

1322 3202 1369 3246 Ad
1389 3203 1567 3247 tracjtandum
1587 3217 1670 3246 cum,
1689 3208 1851 3248 Magnifice
1870 3209 2017 3246 Principe,
2035 3208 2169 3238 Domino
2190 3205 2326 3246 Philippo

1284 3240 1344 3285 Dei
1358 3250 1462 3279 gratia,
1480 3242 1563 3282 Rege
1582 3245 1710 3277 Franciae
1730 3247 1848 3287 illustri,
1867 3249 1912 3278 seu
1928 3247 2105 3284 Deputandis
2116 3247 2152 3276 ab
2165 3246 2242 3286 ipso,
2259 3247 2337 3284 super
2359 3257 2426 3284 519„

1283 3279 1386 3311 Itinere
1401 3280 1493 3311 versus
1506 3282 1628 3314 Terram
1642 3284 1773 3316 Sanctam
1785 3288 1818 3317 &
1830 3287 1887 3317 aliis
1900 3285 2052 3324 Negotiis,
2066 3285 2243 3324 tangentibus
2266 3285 2341 3315 Ter-

1287 3328 1348 3348 ram
1363 3318 1515 3359 Santram,
1534 3322 1683 3359 praedicfitos
1697 3323 1868 3365 Episcopos,
1886 3324 2096 3362 &Villielmum‚
2114 3325 2148 3355 &
2159 3323 2339 3360 Johannem,

1286 3356 1398 3388 Omnes
1411 3382 1421 3395 -ι
1438 3358 1513 3389 Tres
1528 3384 1537 3397 ,
1565 3362 1598 3392 &
1621 3361 1706 3392 Duos
1728 3373 1829 3394 eorum
1851 3364 1986 3401 (quorum
2005 3362 2133 3400 praefatus
2153 3360 2342 3391 Cancellarius

1284 3395 1380 3425 noster
1397 3396 1433 3426 sit-
1449 3396 1548 3435 Urius)
1570 3399 1707 3438 facimus,
1725 3401 1888 3432 ordinamus
1903 3424 1912 3439 ,
1930 3403 1964 3433 ὃς
1984 3401 2180 3431 constituimus
2193 3422 2203 3437 ,
2228 3398 2341 3430 nostros

1284 3433 1484 3465 Procuratores
1499 3437 1532 3467 &
1545 3437 1680 3469 Nuncios
1692 3440 1837 3477 speciales:

1323 3471 1523 3515 promittentes
1544 3476 1611 3506 Nos
1633 3486 1724 3507 ratum
1742 3479 1775 3509 ὃς
1793 3478 1908 3509 firmum
1927 3478 2069 3508 habituros
2084 3474 2218 3514 quicquid
2234 3485 2284 3513 per
2298 3474 2342 3506 di-

1285 3511 1348 3541 etos
1363 3534 1373 3549 ,
1390 3510 1544 3551 Episcopos
1557 3539 1567 3552 ,
1586 3514 1778 3546 Willielmurn
1793 3539 1803 3554 ,
1821 3517 1854 3547 &
1874 3516 2035 3554 Johannem
2044 3538 2056 3558 7
2074 3515 2148 3544 Tres
2161 3536 2171 3552 ,
2189 3514 2235 3545 vel
2255 3514 2339 3545 Duos

1286 3559 1387 3618 2233OE
1398 3550 2015 3624 iiz‘gssffi‘mp‘tzfsffsoffizffifflmaasia
2035 3556 2073 3622 ¹32
2090 3553 2237 3622 3315.AEss
2239 3554 2340 3623 Οέἓὲῗὲ

1287 3627 1316 3656 in
1332 3627 1483 3663 praemiffis.
1575 3615 1584 3630 ³
1826 3617 1835 3630 ²
2013 3616 2023 3629 ²

1286 3665 1358 3741 apln
1373 3666 1449 3733 cujpis
1464 3667 1725 3699 reiTestimonium
1732 3668 1860 3708 Sigillum
1873 3667 2004 3699 nostrum
2019 3667 2198 3707 praesentibus
2210 3667 2340 3699 duximus

1322 3714 1418 3741 ponen
1440 3714 1496 3734 uni.

2362 3172 2482 3199 i.m.6.

2331 3232 2340 3245 ‚
2360 3210 2440 3237 *1v.

1326 3779 1395 3810 Dat.
1410 3781 1482 3818 apud
1496 3780 1531 3811 N
1532 3782 1685 3821 otyngham
1694 3806 1704 3820 ,
1721 3781 1860 3814 vicesimo
1873 3782 1948 3814 sexto
1961 3782 2006 3813 die
2020 3782 2132 3823 Aprilis.

1501 3907 1558 3940 Ad
1571 3908 1764 3941 trastandum
1775 3909 1867 3955 sisper
1881 3920 1989 3942 mutua
2005 3911 2130 3957 Vzfione.
2360 3947 2427 3978 Am]
2446 3944 2478 3975 D

1365 3984 1507 4023 Niversis,
1525 3983 1585 4020 &c.
1598 3996 1628 4029 ue
1635 3984 1720 4055 fhga
1734 3986 1813 4027 usque
1824 3986 1862 4017 ibi
1874 3987 1928 4032 ‘seu
1946 3987 2110 4032 deputandis
2129 3991 2165 4035 ab
2184 3992 2259 4031 ipso,
2277 3999 2341 4022 tunc
2378 3970 2463 4023 ¹33i2·
2480 3969 2487 3975 ⁸

1375 4023 1430 4064 fic,
1445 4023 1481 4053 de
1493 4032 1575 4054 certis
1589 4024 1647 4054 Die
1712 4024 1816 4063 Loco,
1833 4026 1934 4064 quibus
1953 4026 2044 4058 dietus
2063 4027 2208 4061 Dominus
2226 4031 2290 4061 Rex
2308 4031 2341 4061 &
2360 4027 2412 4050 An.
2425 4025 2453 4051 ⁶·

1291 4074 1346 4094 nos
1364 4064 1394 4092 in
1415 4063 1536 4100 partibus
1554 4062 1681 4096 Franciae
1702 4062 1737 4094 ad
1754 4064 1882 4096 invicem
1893 4067 2114 4107 conveniamus,
2130 4068 2166 4100 &
2176 4078 2228 4099 nos
2240 4071 2343 4099 mutuo
2358 4064 2396 4105 Εχ
2410 4070 2436 4097 3-

1291 4101 1391 4134 videre
1403 4101 1541 4134 valcamus
1549 4125 1558 4138 ,
2359 4099 2461 4128 [bidem.

1815 4138 1880 4180 K3
2306 4142 2347 4175 Et
