2562 4279
705 146 815 187 ET
900 139 1166 184 ACTA

0 241 63 273 kmi.
73 239 113 271 D.
133 234 290 280 praediffis,
308 237 343 268 ad
356 245 444 276 partes
458 231 568 274 Angliae
581 231 717 263 redeundi
731 230 835 263 vestras
853 229 914 260 fieri
934 229 1054 260 feceritis
1077 228 1196 257 Litteras

8 287 88 319 1313-
134 281 171 311 de
185 277 350 314 condustu3
771 318 780 323 <
805 308 810 313 θ
1100 304 1105 310 ,
1185 318 1198 324 q

0 321 55 348 ῑιλν-
71 327 98 344 2·
173 315 367 347 Postmodum
381 322 491 350 tamen,
508 317 658 346 antequam
680 307 715 337 N
717 318 779 338 aves
803 307 872 345 illae,
890 315 1011 349 propter¹
1028 312 1106 335 venti
1126 312 1196 346 ⁶09.

135 357 304 388 trarietatem
351 352 471 382 Portum
493 348 660 386 proeAEzstum
681 347 756 375 exire
776 353 941 388 potuerunt,
966 343 1079 388 quidam
1101 341 1198 372 Balliw

141 393 228 426 vestri
249 376 348 422 Nav'es
372 387 532 428 praedietas,
551 395 618 415 cum
633 384 800 414 hominibus
815 383 848 413 ὃς
862 384 943 413 bonis
959 382 1111 425 omnibus,
1129 388 1198 409 tunc

141 431 322 463 existentibus
342 430 372 459 in
390 426 512 463 eisdem,
529 423 679 453 occasione
702 423 800 451 mortis
815 421 954 459 cujusdam
971 420 1090 456 Militis,
1109 427 1199 455 nuper

140 470 240 502 Billivi
254 467 338 499 vestri
356 467 385 496 in
405 463 506 500 Vikia,
524 471 573 498 per
594 458 794 490 Malefatftores
811 459 845 489 ὃς
863 457 983 495 Piratas,
1003 458 1073 488 dum
1098 456 1198 486 Naves

163 494 286 539 &adiere
299 507 328 536 in
343 504 431 534 Portu
452 500 608 539 praedicto,
628 498 696 528 sicut
719 498 915 536 praemittitur,
935 497 1138 540 remanserunt,
1156 494 1200 524 su-

141 520 192 578 pra
207 530 290 576 Maie
321 551 352 573 ut
365 541 484 576 dicitur,
501 537 658 573 interfeciti,
675 535 712 565 de
727 534 860 579 mandato
873 534 987 572 vestro,
1006 543 1036 564 ut
1052 534 1201 577 dicebant,

141 558 306 616 {restarunt’
330 581 363 610 δι’
374 578 421 608 diu
435 577 485 607 sub
499 575 591 605 aresto
603 574 764 613 hujusmodi
778 573 959 616 detinebant,
978 573 1144 618 quousque,
1160 582 1202 601 v:-

142 605 244 654 delicet
278 604 406 650 homines
420 615 453 645 &
467 614 614 645 Marinarii
628 611 755 650 praedicti
774 612 810 642 de
832 612 1009 650 quadraginta
1030 611 1105 654 libris
1126 613 1201 640 Ster-

142 644 303 694 1inooru’m,
322 664 402 685 certo
416 653 462 683 die
478 652 596 689 statuto,
614 650 648 680 ad
661 660 731 691 opus
752 649 900 694 vestrum,
915 660 970 694 pro
990 650 1114 694 qualib-et
1137 648 1203 692 Na-

167 686 226 730 iti'm
260 693 436 726 raedifftarum
471 688 608 722 solvendis
624 689 749 720 inviti&
770 690 864 719 coaCti
885 691 1059 718 securitatem
1081 697 1203 731 invenis-

144 711 220 770 sent:
240 708 273 765 gc
292 732 415 763 similiter
435 715 471 760 de
490 727 595 759 eisdem
616 727 767 764 Navibus,
787 737 855 757 cum
867 727 1031 757 hominibus
1044 726 1203 771 prcedidtisa,

147 775 216 807 infra
230 773 353 802 Portum
366 768 553 808 praedictum,
568 766 637 796 citra
649 765 765 796 Festum
779 765 944 796 Nativitatis
958 765 1052 796 Saneti
1063 765 1202 808 johannis

147 810 276 850 Baptistae
290 809 421 848 proximo
435 806 579 842 futurum,
596 803 630 834 ad
642 803 774 834 standum
787 813 857 835 tunc
878 804 1001 842 ibidem,
1019 804 1054 834 de
1075 803 1202 847 Personis

147 852 181 883 δὲ
194 849 328 880 Navibus
341 847 408 884 suis,
426 843 527 875 vestrae
540 843 637 881 gratiae
651 843 697 873 seu
712 842 863 873 voluntatis
876 843 1008 880 arbitrio,
1026 841 1203 880 reducendis,

145 898 200 921 tres
216 887 335 918 Obsides
347 884 459 915 ulterius
474 881 646 912 liberassent:
668 880 747 919 quod
768 881 830 919 iplis
849 881 929 924 valde
951 891 1036 918 grave
1058 881 1204 919 censetur,

143 928 179 959 &
192 926 288 957 auditu
300 922 426 954 mirabile
435 922 546 951 auribus
557 919 730 951 audientium
746 930 806 949 non
816 920 963 949 immerito
981 927 1131 963 reputatur.
1150 958 1154 963 ⁵

184 965 223 996 Et
259 963 321 1001 quia
344 968 445 992 contra
464 961 604 990 rationem
626 960 659 990 &
679 969 704 988 ae
726 959 858 996 uitatem,
874 968 1052 996 omnemque
1066 957 1204 996 justitiam

146 1004 210 1035 fore
224 988 376 1032 dinoscitur
388 1009 472 1037 atque
485 998 595 1037 legem,
614 997 693 1035 quod
707 969 928 1041 delinquentium
945 997 1037 1040 culpae
1050 997 1095 1026 seu
1107 996 1206 1040 deme-

145 1044 196 1073 rita
231 1040 261 1070 in
284 1038 407 1080 personis
429 1037 475 1068 vel
499 1037 581 1067 rebus
594 1036 726 1074 illorum,
746 1045 794 1074 qui
806 1046 931 1066 criminis
944 1045 999 1074 rei,
1017 1034 1203 1078 conscllxvel

144 1065 306 1119 participes,
325 1077 370 1108 seu
383 1076 418 1106 de
431 1075 591 1114 hujusmodi
603 1075 827 1112 delinquentium
843 1074 986 1104 Societate
999 1084 1065 1118 non·
1081 1073 1202 1117 suerint,

144 1117 296 1156 aliqualiter
312 1115 496 1152 ulciscantur,
515 1113 637 1145 vestram
652 1114 808 1144 amicitiam
819 1112 973 1143 affeetuose
988 1121 1156 1155 requirimus
1169 1112 1204 1141 ὃς

144 1165 276 1196 rogamus
289 1178 298 1193 ,
322 1162 473 1192 quatenus,
495 1152 636 1190 praemissa
655 1152 779 1190 diligenti
798 1151 983 1181 meditatione
1005 1150 1070 1180 zelo
1089 1149 1203 1188 justitlae

141 1194 346 1234 ponderantes,
364 1191 474 1222 obsides
486 1189 639 1229 prae'ditstos
648 1190 748 1228 jubere
759 1189 850 1219 velitis
873 1190 909 1219 ab
926 1188 1132 1232 osta-giamento
1149 1188 1203 1218 hu-

139 1232 263 1272 jusmodi
277 1231 402 1267 liberari,
417 1229 582 1266 <irritamque
595 1227 771 1258 securitatem
792 1227 904 1257 relaxari
925 1228 1087 1271 penitus&
1105 1227 1203 1271 dissol-

141 1273 193 1302 vi:
219 1270 345 1301 Scientes
365 1278 418 1306 pro
440 1276 519 1298 certo
539 1265 636 1305 quod,
654 1266 674 1296 fi
698 1265 900 1296 Malefaetores
917 1266 1060 1309 praedusti,
1090 1276 1139 1303 qni
1158 1266 1203 1295 di-

143 1311 226 1341 &um
240 1308 368 1339 Militem
384 1305 527 1343 vestrum,
545 1313 576 1335 ut
587 1305 703 1342 dicitur,
722 1304 907 1342 occiderunt,
926 1304 1027 1334 alicubi
1041 1304 1203 1348 infraReg-

140 1358 213 1379 num
227 1346 274 1378 seu
288 1345 457 1385 potestatem
471 1343 599 1374 nostram
613 1350 746 1381 poterunt
761 1343 897 1380 inveniri,
917 1342 952 1372 de
968 1343 1028 1379 ipfis
1044 1342 1152 1387 justitia
1169 1345 1203 1387 ὃς

137 1387 296 1427 judicium,
313 1383 469 1415 secundum
481 1383 575 1422 legem
586 1383 620 1413 &
633 1380 866 1412 consuetudinem
881 1380 1003 1419 ejusdem
1017 1381 1130 1420 Regni,
1145 1381 1204 1412 fieri

142 1426 300 1494 facsserssigsh
311 1462 387 1492 enim
407 1459 554 1499 possumus
573 1458 625 1489 hiis
644 1458 742 1489 diebus
762 1459 958 1497 aequanimiter
980 1458 1110 1496 tolerare,
1129 1459 1208 1496 quod

143 1502 246 1534 Navae
259 1500 401 1539 praedietae
410 1524 418 1538 ‚
435 1499 482 1529 seu
493 1499 552 1528 aliae
565 1497 602 1527 de
615 1497 722 1537 Regno
735 1497 850 1535 nostro,
865 1506 930 1535 quae
942 1497 1050 1534 semper
1063 1506 1206 1535 promptae

143 1541 178 1572 ad
192 1539 322 1571 nostrum
335 1539 477 1569 servitium
492 1537 548 1567 effe
558 1536 678 1572 debent,
697 1544 772 1579 extra
785 1535 865 1579 idem.
886 1535 1042 1579 Regnum,
1059 1536 1094 1566 ad
1116 1545 1206 1576 partes

140 1587 282 1617 remotaS,
298 1577 326 1608 se
339 1577 477 1607 divertant
489 1575 545 1605 sine
559 1573 657 1605 nostrii
669 1573 780 1604 licentia
792 1573 925 1617 speciali..

181 1616 262 1656 Qid
274 1624 386 1653 autem,
402 1614 436 1645 ad
450 1615 524 1645 hanc
540 1612 663 1644 nostram
678 1612 837 1642 instantiam
847 1635 857 1650 ,
873 1612 1034 1642 faeiendum
1048 1612 1206 1644 decreveri-

138 1658 177 1689 'tis
191 1658 220 1686 in
235 1652 398 1693 praemissis,
414 1653 514 1691 nobis,
532 1651 552 1682 fi
566 1651 692 1690 placeat,
710 1651 861 1683 rescribatis
874 1660 924 1690 per
938 1651 1116 1689 praesentium
1132 1652 1205 1683 Por-

140 1704 268 1727 morem.

0 1466 11 1486 ²
26 1467 80 1496 111.

0 1514 59 1542 μοι.

179 1771 248 1803 Dat.
265 1763 338 1810 apud
355 1768 516 1802 windesor.
539 1769 583 1800 16.
604 1768 651 1800 die
670 1769 783 1809 Aprilis.

413 1885 473 1929 Ad
488 1892 613 1928 eundem
631 1896 742 1941 Regem
764 1894 942 1940 Norwegiae.

0 1985 63 2022 Ann
80 1984 112 2021 D
143 1974 354 2042 MAgnifico
367 1972 510 2020 principi,
527 1979 663 2011 Domino
676 1977 832 2022 Haquino,
850 1978 908 2009 Dei
921 1978 1007 2018 gratia
1029 1978 1104 2017 Regi
1120 1978 1206 2009 Nor-

22 2015 120 2070 13'13,'
215 2030 218 2033 ’
240 2022 336 2060 wagiae
356 2020 472 2059 illustri,
497 2020 592 2050 amico
612 2018 662 2049 suo
683 2017 842 2056 carissimo,
867 2017 1041 2056 Edwardus,
1058 2019 1119 2050 &c.
1139 2018 1207 2049 salu-

0 2072 46 2097 Aa.
63 2071 90 2096 6,
143 2066 220 2095 tem,
239 2069 307 2089 curn
321 2058 473 2089 dilectione
486 2057 602 2088 sincera.

0 2111 15 2134 Ε
189 2096 343 2135 Qerelam
369 2097 540 2127 dile&0rum
567 2095 765 2130 Mercatorum
792 2094 956 2125 nostrorum
973 2117 983 2132 ,
1019 2095 1149 2137 Thomae
1170 2093 1206 2123 de

0 2117 98 2174 ωηιξη,
144 2135 231 2173 Swyn
252 2136 288 2165 de
308 2134 458 2173 Wyr'iflet,
476 2135 510 2165 ὃς
533 2134 657 2164 Simonis
674 2133 737 2163 Filii
751 2133 835 2164 Alani
849 2133 884 2163 de
899 2131 1015 2169 eadem,
1035 2140 1207 2174 recepimus,

143 2181 341 2204 continentem
364 2173 444 2210 quod
466 2173 535 2201 cum
549 2172 600 2209 ipsi
613 2181 702 2207 nuper
717 2171 852 2208 quosdam
868 2170 1028 2200 Servientes
1040 2170 1119 2207 suos,
1137 2171 1209 2200 intra

142 2211 286 2249 Regnum
300 2210 426 2240 vestrum
436 2234 445 2247 ,
460 2219 512 2249 pro
526 2209 576 2239 suis
593 2207 700 2238 ibidem
713 2207 875 2238 exercendis
893 2208 1209 2246 Merclmoniis,trans-

141 2249 294 2285 misissent,
313 2248 511 2278 Thesaurarius
524 2246 617 2276 vester
633 2248 710 2276 bona
723 2248 757 2278 &
773 2246 975 2289 Mercimonia
986 2247 1206 2284 praedictorum,

141 2287 271 2318 Thomae
293 2286 326 2317 &
345 2286 490 2323 Simonis,
514 2284 548 2316 ad
571 2284 718 2314 valentiam
743 2284 936 2322 Qadraginta
958 2285 1094 2328 librarum
1108 2309 1118 2322 ,
1143 2295 1208 2322 quae

143 2326 303 2357 servientes
316 2324 445 2360 praedicti
459 2324 487 2352 in
501 2322 576 2353 Villa
587 2322 623 2352 de
635 2321 823 2352 Northbern.
841 2323 870 2351 in
886 2322 931 2351 sua
946 2322 1081 2365 'custodia
1101 2323 1208 2353 habue-

142 2372 226 2402 runt,
244 2363 290 2394 die
309 2362 403 2394 saneti
424 2361 574 2392 Michaelis
597 2360 700 2391 ultimo
722 2359 880 2398 praeterita,
898 2360 981 2398 fecit,
999 2361 1102 2399 absque
1123 2362 1208 2405 causa

144 2402 318 2440 rationabili,
342 2400 469 2436 arestari,
496 2400 529 2430 δε
550 2409 582 2429 ea
600 2398 710 2437 adhuc,
728 2398 818 2429 taliter
838 2397 968 2436 arestata,
985 2398 1092 2430 detinet
1114 2408 1209 2443 nunus

139 2440 234 2481 juste,
251 2441 279 2470 iti
301 2440 423 2477 ipsorum
441 2438 570 2470 Thomae
589 2439 623 2469 &
646 2436 770 2468 Simonis
790 2435 949 2475 dampnum
962 2447 1022 2467 non
1039 2437 1207 2476 modicum,

140 2481 180 2511 ⁷&
193 2479 462 2518 depauperationem
475 2476 662 2507 manifestam.
777 2514 782 2520 .
921 2515 925 2520 Ι

182 2517 237 2556 Et,
255 2519 320 2555 quia
342 2516 446 2547 eisdem
466 2515 674 2546 Mercatoribus
695 2513 797 2544 nostris
812 2514 958 2544 subvenire
972 2514 1123 2554 volumus,
1142 2525 1210 2558 qua-

142 2566 242 2594 tenuS,
260 2555 390 2586 suadente
405 2554 526 2593 justititi,
542 2554 717 2592 poterimus,
735 2554 764 2582 in
785 2552 838 2582 hac
859 2561 953 2598 parte,
974 2553 1096 2599 vesp-am
1110 2556 1209 2598 amict-

143 2597 212 2627 tiam
228 2595 395 2632 requirimus
410 2604 479 2624 cum
493 2592 615 2630 affeetu,
634 2600 786 2629 quatenus,
805 2587 900 2621 audita
922 2592 1035 2635 querela
1057 2592 1210 2636 praedioto-

145 2643 229 2671 rum,
248 2633 374 2663 Thomae
390 2633 428 2663 ’δε
451 2632 592 2670 Simonis,
611 2631 658 2661 vel
677 2630 802 2668 ipsorum
825 2629 983 2668 Attornati,
1001 2631 1080 2668 super
1100 2630 1211 2662 restitu-

145 2673 227 2703 tione
241 2672 386 2702 bonorum
400 2672 433 2702 &
455 2670 718 2701 Mercimoniorum
738 2667 957 2712 praedidiorum,
976 2669 1143 2706 impendere
1161 2680 1211 2700 ve—

147 2711 200 2742 litis
212 2709 316 2740 eisdem
333 2710 428 2740 celeris
440 2708 559 2747 Justitiae
574 2707 843 2750 complementum-¹
855 2716 893 2736 ita
909 2707 1004 2745 quod,
1024 2717 1077 2746 pro
1096 2708 1211 2739 defeetu

147 2749 325 2780 exhibitionis
334 2748 464 2786 justitiae,
481 2748 560 2785 super
574 2745 739 2776 arestatione
758 2731 910 2783 praedius,
928 2755 989 2789 non
1008 2755 1138 2790 oporteat
1158 2758 1211 2777 nos

149 2797 203 2825 pro
216 2786 427 2817 Mercatoribus
440 2785 541 2816 nostris
557 2785 698 2823 praedietis
712 2783 749 2814 de
761 2783 816 2819 alio
832 2783 961 2814 remedio
975 2784 1142 2823 providere,
1158 2796 1212 2816 no-

149 2826 300 2856 bis-autem
316 2825 399 2863 quid,
418 2825 453 2855 ad
469 2825 540 2855 hanc
556 2823 683 2854 nostram
698 2821 877 2862 instantiam,
895 2821 1027 2855 duxeritis
1040 2823 1214 2863 faciendum,

151 2863 300 2893 rescribere
310 2863 400 2909 velitis
412 2873 462 2902 per
470 2863 651 2902 praesentium
664 2861 848 2893 Portitorem.

190 2935 260 2969 Dat.
279 2947 310 2970 ut
323 2939 410 2977 supra.

295 3063 345 3094 De
366 3062 516 3107 Comitiffic
533 3052 568 3094 de
588 3061 708 3109 Boghan
725 3076 739 3096 e
756 3056 880 3111 Pmssma
896 3063 1063 3098 liberanda.

6 3139 133 3176 Ann.D.
153 3145 274 3208 REX
289 3146 395 3179 dilectis
409 3149 442 3180 &
454 3147 581 3192 fidelibus
594 3148 662 3184 suis,
681 3146 839 3178 Edmundo
853 3148 889 3177 de
903 3148 1006 3178 Hastin
1028 3158 1071 3187 es,
1089 3148 1213 3193 Custodi

6 3192 119 3250 ,432323‘
155 3222 203 3253 stii
216 3184 688 3262 dil-&silidvc-iiiss'ffissifissessssiffl'
701 3186 862 3225 Twedam'
882 3187 915 3217 ἃ
928 3186 997 3217 (³⁰¹¹
1025 3187 1147 3218 abularm
1156 3186 1213 3218 ὦ

6 3263 29 3288 Σ
55 3270 69 3287 2

32 3280 37 3287 .
74 3281 80 3287 .
191 3261 362 3292 Mandamus
378 3263 459 3293 vobis
474 3264 551 3300 quod
566 3263 727 3302 Isabellam,
746 3273 809 3301 quae
823 3264 876 3294 fuit
898 3264 984 3294 Uxor
1001 3264 1138 3302 joliannis
1159 3275 1213 3296 nu-

7 3297 92 3334 Claus-
111 3299 139 3325 6·
153 3310 202 3340 per
217 3299 340 3330 Comitis
353 3301 389 3336 de
404 3300 539 3340 Boghan,
560 3312 624 3340 quae
636 3311 704 3332 cum
737 3303 880 3333 uibusdarn
902 3303 1011 3340 ScotiS,
1032 3303 1157 3333 inimicis
1178 3305 1212 3335 &

9 3338 117 3365 2⁴·2-m·
139 3339 317 3370 »Rebellibus
339 3338 461 3369 Domini
484 3337 517 3369 E.
542 3339 686 3377 quondam
740 3342 796 3380 egis
818 3341 933 3378 Angliae
947 3366 956 3379 ,
991 3342 1078 3372 Patris
1101 3342 1213 3381 nostri,

11 3374 39 3401 ⁶·
152 3385 252 3409 contra
271 3377 360 3415 ipsum
374 3376 487 3408 Patrem
500 3378 631 3409 nostrum
647 3387 727 3416 capta
739 3379 809 3417 fuit,
827 3380 860 3410 &
882 3389 945 3418 quae
967 3381 995 3409 in
1016 3380 1144 3411 custodia
1164 3391 1215 3412 ve-

151 3416 207 3447 stra
221 3416 360 3446 detinetur

191 3454 309 3485 Diieeto
332 3440 552 3491 Co'nsanguineo
573 3456 606 3486 ὃς
624 3454 699 3486 fideli
715 3455 815 3486 nostro
830 3456 962 3486 Henrico
976 3456 1012 3486 de
1027 3456 1106 3488 Bello
1121 3456 1213 3488 Mon-

152 3501 181 3524 te
195 3518 204 3532 ,
229 3492 275 3524 vel
299 3492 460 3522 Willielmo
484 3492 519 3522 de
538 3493 623 3533 Felyn
657 3518 667 3531 ,
692 3493 845 3525 Attornato
866 3494 948 3532 ipsius
969 3495 1088 3526 Henrici
1111 3497 1139 3525 in
1158 3496 1212 3526 hac

153 3542 248 3570 parte,
272 3531 328 3561 sine
348 3530 482 3560 dilatione
497 3530 604 3561 liberari
626 3503 745 3571 aciatis,
768 3532 803 3562 ad
823 3533 1054 3572 custodiendam,
1079 3543 1163 3577 prout
1186 3536 1213 3565 ei

99 3576 101 3579 '
153 3580 203 3608 pei·
216 3579 269 3601 nos
284 3569 392 3607 plenius
408 3568 449 3599 est
463 3569 638 3608 injunCtum3
657 3571 690 3601 &
703 3571 761 3602 hoc
775 3571 856 3602 nullo
871 3571 962 3603 rnodo
977 3573 1119 3603 omittatis.

190 3645 280 3677 Teste
293 3645 376 3686 Rege
389 3645 464 3684 apud
477 3644 520 3675 W
523 3643 604 3675 estm.
623 3647 670 3677 28.
688 3647 734 3678 die
746 3647 858 3686 Aprilis.

826 3727 879 3755 Per
897 3724 980 3764 ipsum
998 3728 1102 3763 Regem.

18 3853 148 3886 Ann.D.

16 3901 121 3959 Διηῖἷςῖ·
157 3929 378 3989 Wfflterusn,
396 3931 608 3976 Coventriensis
622 3932 655 3963 &
672 3930 881 3975 chhseldensis
901 3933 1075 3978 Episcopus,
1093 3932 1141 3970 qui
1161 3939 1216 3971 pro

18 3971 48 3995 Ε.
67 3978 94 3996 2.
266 3979 383 4008 negotiis
399 3970 485 4009 Regis
499 3980 623 4001 moratur
638 3981 665 4000 iii
682 3967 771 4000 Curia
783 3968 1028 4010 Romana,habet
1041 3971 1146 4002 Literas
1157 3972 1216 4001 Re-

17 4008 77 4034 Pat.
85 4007 112 4035 6.
159 4005 200 4043 gis
211 4003 247 4034 de
258 4008 435 4042 proteetione
445 4031 454 4046 ,
472 4019 540 4039 cum
552 4009 673 4040 clausula
681 4032 691 4047 ‚
699 4009 785 4047 usque
797 4007 832 4038 ad
845 4008 963 4041 Festum
974 4010 1072 4042 SanCti
1086 4009 1218 4042 Michae-

17 4045 84 4072 ΞΛ.
91 4043 188 4083 p.2.lis
202 4044 334 4081 proximo
346 4045 476 4077 futurum
490 4046 639 4082 duraturas.

17 4089 53 4109 m.
74 4091 116 4120 ¹3·
226 4084 307 4113 Pom.
322 4085 360 4112 Π.
378 4086 411 4114 Ρ.
431 4087 458 4114 Ι.

337 3849 386 3880 De
403 3848 586 3880 Proteflione
598 3858 652 3893 pro
671 3847 808 3892 Epifiopo
829 3846 1033 3893 Lichfeldenst.

1249 138 1729 183 PUBLICA‚

1274 223 1478 262 Praesentibus,
1496 225 1557 256 &c.

2259 163 2281 203 3
2291 164 2313 204 5

2317 227 2444 261 Amo.

1281 298 1368 329 Teste
1384 298 1467 337 Rege
1479 300 1552 339 apui
1568 300 1798 342 Wyndesorarn,
1817 312 1863 343 30.
1880 304 1927 335 die
1937 303 2047 344 Aprilis.
2339 277 2423 336 lgm}

1925 384 1979 413 Per
1995 381 2077 422 ipsscm
2091 386 2195 422 Regem.

1690 418 1886 457 Dupplicatum.

1294 535 1322 561 δέ
1347 539 1397 570 De
1415 539 1517 571 Terris
1529 566 1538 581 ,
1566 553 1625 586 quae
1636 542 1764 585 fuerunt
1782 547 1933 590 quondam
1949 550 2187 595 Templariorum
2198 575 2208 591 ‚
2227 552 2258 582 in
2317 548 2332 566 *
2350 550 2406 579 ῙῘΪ·

1493 589 1644 621 comitatu
1661 590 1886 627 Northtambriae
1903 596 2065 640 commffls.
2315 596 2382 624 4⁰²¹

1246 669 1360 724 REX
1374 671 1528 708 omnibus,
1545 671 1578 702 ad
1595 683 1684 712 quos,
1702 675 1762 706 &c.
1781 676 1904 708 salutem.
2313 671 2389 703 ΑΠΠ-
2406 673 2449 705 Da*

1338 708 1436 739 Sciatis
1453 710 1532 747 quod
1544 712 1740 742 commiiimiis
1753 713 1857 745 dilecto
1874 718 1906 746 ὃς
1921 717 1995 748 fideli
2008 721 2125 761 nostro,
2135 716 2302 761 Johannide
2338 721 2424 752 ¹3¹3·

1247 743 1436 785 Kyiigeston,
1456 747 1627 778 Custodiam
1642 750 1765 782 Manerii
1788 753 1825 783 de
1843 754 2016 795 Thornton,
2034 759 2067 788 &
2087 762 2219 791 omnium
2238 761 2303 792 alja-
2315 755 2368 779 A..
2382 753 2410 779 ⁶-

1247 793 1312 814 ruin
1332 785 1489 815 Terrarum
1511 788 1544 817 ὃς
1558 788 1824 829 Tenementorum,
1843 802 1907 831 quae
1925 793 2035 825 fuerunt
2051 798 2193 834 quondam
2208 800 2302 830 Tem·
2319 793 2344 818 E.
2363 800 2389 817 ²·

1246 821 1399 857 planorum
1414 825 1443 853 in
1455 823 1603 856 Comitatu
1617 826 1857 868 Northumbriae,
1876 832 1909 861 &
1929 842 1993 869 quae
2013 833 2147 875 dilectus,
2165 838 2198 867 ὃς
2220 837 2307 869 fidelis
2323 830 2376 856 Fin.
2397 828 2426 856 ⁶·

1246 861 1341 892 noster
1363 862 1494 893 Thomas
1515 863 1552 893 de
1575 864 1671 904 Grey,
1697 876 1788 904 nuper
1806 870 1895 899 tenuit
1917 879 1950 899 ex
1973 874 2173 904 commissione
2194 875 2306 916 nostr23
2321 871 2350 894 E.
2365 877 2392 894 ²·
2414 869 2452 895 ’⁰²'

1246 899 1462 939 HABENDAM,
1482 911 1550 931 cum
1565 904 1700 934 omnibus
1714 906 1886 942 pertinentiis
1907 907 1975 946 suis,
1993 910 2126 946 quamdiu
2148 914 2227 943 nobis
2249 914 2308 952 pla-
2321 914 2351 941 4·

1245 940 1352 1007 giem,
1370 938 1474 969 eodem
1489 939 1580 971 modo
1596 952 1654 980 quo
1666 942 1888 980 idem-Thomas
1903 945 2062 978 custodiam
2082 949 2179 982 habuit
2198 952 2306 984 antedi-

1279 986 1334 1006 am.

1285 1014 1320 1045 In
1335 1016 1432 1054 cujus,
1449 1017 1509 1048 &c.

1290 1090 1382 1122 Teste
1394 1091 1479 1130 Rege
1492 1093 1566 1132 apud
1580 1095 1708 1127 Westm.
1729 1107 1775 1138 30.
1795 1097 1842 1128 die
1856 1097 1966 1137 Aprilis.

1738 1176 1792 1204 Per
1807 1177 1901 1205 Breve
1915 1176 1946 1205 de
1955 1180 2070 1215 privato
2082 1178 2180 1217 Sigillo.

1248 1244 1337 1305 ET
1354 1245 1516 1290 mandatum
1532 1248 1573 1278 est
1589 1250 1707 1287 praefato
1719 1250 1864 1290 Thomae,
1884 1252 1961 1291 quod
1972 1253 2065 1284 eidem
2081 1254 2223 1296 johanni,
2242 1256 2311 1289 Ma÷

1326 1294 1456 1323 nerium,
1472 1287 1594 1324 Terras,
1613 1290 1647 1319 ὃς
1663 1289 1843 1321 Tenementa
1858 1292 1991 1328 praedidta
2001 1317 2010 1330 ,
2029 1293 2084 1323 un‘a
2097 1303 2165 1323 cum
2180 1295 2262 1326 bonis
2276 1299 2311 1328 &

1247 1319 1361 1352 Catallis
1382 1323 1487 1363 Regis,
1505 1326 1536 1355 in
1554 1326 1659 1357 eisdem
1679 1327 1875 1367 existentibus,
1896 1340 1958 1368 quae
1978 1331 2039 1361 sunt
2058 1333 2086 1361 in
2103 1331 2230 1363 custodia
2252 1335 2313 1374 sua,

1246 1361 1596 1432 peikindenturargiggnter
1607 1365 1678 1403 ipsos
1690 1365 1756 1406 inde
1772 1367 2000 1407 conficiendam,
2015 1370 2115 1401 liberet
2126 1370 2310 1406 custodienda

1245 1408 1275 1427 in
1303 1409 1388 1430 orma
1402 1411 1462 1439 prae
1483 1413 1491 1432 i
1523 1413 1546 1433 a.

1287 1474 1377 1507 Teste
1391 1486 1422 1509 ut
1436 1478 1524 1517 supra.

1247 1599 1307 1633 Ad
1322 1603 1537 1648 Imperatorem
1548 1630 1558 1647 ‚
1568 1604 1659 1652 fitper
1675 1607 1713 1639 V
1710 1607 1815 1640 istoria
1828 1635 1837 1650 ,
1851 1611 1887 1646 &⁶
1909 1611 2111 1644 coronationis
2127 1612 2315 1657 Sokmpniis,

1643 1656 1918 1702 Congratulatoria.

1248 1733 1539 1795 EXcellentiffimo
1561 1739 1702 1778 Principi,
1723 1740 1859 1773 Domino
1879 1742 2030 1783 Henrico,
2049 1744 2108 1776 Dei
2133 1746 2237 1790 gratia,
2256 1745 2316 1777 Im-
2334 1756 2402 1789 Arm
2421 1757 2461 1788 D,

1265 1811 1269 1816 -
1326 1778 1445 1812 peratori
1458 1777 1662 1809 Romanorum
1675 1779 1789 1818 illustri,
1808 1781 1916 1819 semper
1931 1782 2188 1822 Augusto,amico
2200 1785 2250 1815 suo
2269 1785 2317 1817 ka·
2361 1783 2445 1838 ηιξ,

1249 1811 1374 1852 rlffimo,
1389 1814 1558 1855 Edwardus,
1577 1817 1679 1848 eadem
1693 1818 1796 1857 gratia,
1812 1820 1872 1851 &c.
1887 1820 2004 1852 salutem
2018 1823 2051 1854 &
2066 1823 2176 1861 semper
2188 1823 2316 1855 felicibus
2331 1840 2384 1864 An.
2401 1838 2429 1864 6.

1247 1850 1416 1883 successibus
1429 1854 1599 1886 habundare.
2333 1879 2354 1902 13
2383 1886 2396 1902 2

1281 1889 1370 1934 ,Dum
1385 1891 1542 1929 Imperium
1555 1904 1570 1924 a
1584 1894 1642 1924 Dei
1657 1894 1750 1933 Filio,
1768 1897 1816 1934 qui
1830 1896 1896 1927 Rex
1911 1898 2029 1937 Regum
2045 1909 2078 1931 ac
2094 1899 2243 1932 Dominus
2263 1901 2316 1933 do-
2333 1896 2421 1949 ciuus.

1246 1936 1415 1960 minantium
1434 1931 1491 1961 effe
1513 1942 1574 1962 nori
1595 1933 1765 1973 ambigitur,
1783 1936 1836 1965 viri
1856 1937 1967 1973 providi
1980 1939 2108 1977 regimini
2124 1941 2316 1972 committitur
2334 1954 2360 1978 6.
2377 1956 2405 1979 E.
2417 1962 2444 1979 2,

1248 1966 1283 1996 &
1299 1969 1399 2012 periti,
1418 1969 1476 1999 tam
1497 1970 1696 2009 spiritualium,
1715 1974 1802 2011 quam
1820 1974 2058 2015 Temporalium,
2078 1979 2192 2015 negotia
2206 1979 2315 2017 speran-
2329 2000 2355 2018 m
2379 1991 2406 2018 6,
2422 1989 2448 2019 Α,

1249 2013 1294 2048 tur
1318 2006 1423 2044 ubique
1442 2016 1579 2039 terrarum
1598 2010 1707 2041 felicius
1729 2012 1898 2051 prosperari,
1915 2024 1948 2044 ex
1970 2015 2071 2052 quibus
2085 2016 2255 2048 immensam
2267 2018 2316 2048 lae-
2359 2012 2366 2020 ’

1249 2051 1340 2073 titiam
1356 2045 1493 2077 affumere
1507 2047 1608 2086 debet,
1627 2058 1686 2078 non
1701 2050 1866 2089 immerito,
1885 2060 1960 2081 totus
1978 2053 2099 2090 populus
2124 2053 2318 2094 Christianus,

1251 2082 1284 2111 ὅ(
1300 2083 1401 2113 exinde
1414 2083 1531 2115 devotas
1545 2086 1646 2122 gratias
1657 2087 1799 2117 exsolvere
1814 2089 1959 2119 bonorum
1972 2092 2106 2121 omnium
2120 2092 2251 2132 largitori.

1289 2118 1426 2187 {eceptis
1443 2121 1579 2161 siquidem
1602 2124 1666 2155 laeta
1686 2134 1772 2156 manu
1791 2125 1949 2158 Serenitatis
1970 2128 2072 2160 vestrae
2093 2129 2195 2162 Literis
2210 2156 2220 2171 ,
2252 2141 2321 2171 quas

1251 2167 1290 2187 no
1313 2168 1349 2197 is,

1272 2196 1379 2240 ‘Super
1390 2198 1530 2230 elefflooe
1542 2201 1578 2231 de
1593 2201 1675 2232 vobis
1689 2203 1717 2232 in
1735 2202 1904 2235 Romanum
1926 2205 2148 2245 Imperatorem,
2166 2218 2215 2246 per
2238 2208 2321 2240 Prin-

1252 2245 1327 2278 cipes
1342 2236 1519 2279 Alemanniae
1536 2239 1581 2277 (ad
1595 2250 1665 2278 quos
1680 2240 1833 2281 Imperialis
1846 2243 1950 2280 speritat
1972 2244 2087 2281 eleetio)
2110 2246 2269 2286 celebrata,
2286 2249 2321 2278 δε

1253 2274 1406 2305 victoriosa
1427 2276 1623 2316 subjestione,
1648 2280 1680 2310 &
1705 2280 1889 2311 submiffione
1910 2282 2039 2312 Civitatis
2059 2283 2206 2315 Brixiensis
2219 2307 2230 2323 ,
2256 2294 2322 2323 quae

1253 2313 1326 2347 prius
1343 2311 1443 2344 vestrae
1457 2315 1625 2346 Celsitudini
1644 2317 1804 2355 rebellavit,
1823 2318 1893 2348 sicut
1916 2319 2051 2350 Domino
2068 2321 2190 2360 placuit,
2209 2323 2257 2361 qui
2275 2323 2320 2354 su-

1252 2349 1409 2392 perborum
1429 2362 1536 2384 cornua
1556 2353 1704 2392 deprimit,
1728 2354 1916 2393 postmodum
1938 2358 2021 2388 vobis
2043 2358 2139 2398 faeta,
2164 2360 2265 2392 vestrae
2287 2371 2324 2392 ue

1253 2390 1472 2432 consecrationis
1487 2393 1520 2423 ὃς
1535 2392 1741 2424 Coronationis
1753 2393 1942 2434 Solempniis,
1959 2406 1992 2426 ac
2004 2396 2076 2435 aliis,
2094 2399 2124 2428 in
2147 2398 2250 2431 eisdem
2302 2400 2325 2430 i-

1253 2434 1318 2456 teris
1333 2428 1480 2467 expressis,
1499 2432 1584 2461 nobis
1599 2432 1726 2462 seriosius
1740 2434 1894 2473 nunciatis,

1291 2464 1394 2496 Vestra
1407 2469 1552 2500 transmisit
1563 2469 1741 2509 Sublimitas,
1760 2471 1880 2508 ipsarum
1895 2481 2027 2504 tenorem
2042 2474 2216 2515 audivimus,
2229 2476 2263 2508 &
2280 2478 2325 2508 in-

1252 2503 1408 2547 telleximus
1425 2505 1589 2547 diligenter,
1608 2508 1643 2539 de
1664 2510 1805 2539 contentis
1826 2511 1854 2540 in
1875 2511 1977 2542 eisdem
1996 2512 2080 2543 literis
2099 2514 2236 2552 grandem
2250 2515 2324 2547 laeti-2

1253 2548 1320 2572 tiam
1334 2543 1517 2583 assumentes,
1536 2548 1636 2578 vestrae
1653 2548 1870 2586 magnificentiae
1884 2548 1921 2580 de
1941 2550 2074 2582 miffione
2093 2552 2237 2584 literarum
2255 2555 2323 2593 ipsa-

1255 2591 1319 2610 rum
1333 2591 1422 2620 grates
1438 2585 1578 2616 uberimas
1594 2587 1750 2617 referendo.

1293 2619 1442 2657 Speramus
1464 2625 1571 2654 etenim
1590 2626 1619 2655 in
1641 2624 1775 2655 Domino
1791 2625 1875 2664 Jhesu
1897 2627 2018 2659 Christo
2044 2629 2140 2669 quod,
2158 2640 2208 2668 per
2221 2629 2324 2662 vestrae

1256 2657 1420 2701 strenuitatis
1433 2664 1606 2701 potentiam,
1626 2673 1659 2695 ac
1683 2664 1946 2702 circumspectionis
1969 2666 2134 2699 industriam
2154 2669 2321 2709 providam,

1255 2698 1381 2729 universa
1393 2698 1474 2730 Gens
1489 2700 1656 2740 Catholica,
1674 2704 1817 2741 praecipue
1831 2704 1865 2733 ad
1878 2703 2067 2736 Inimicorum
2089 2706 2191 2737 Crucis
2209 2705 2321 2739 Christi

1256 2736 1453 2768 confusionem
1469 2740 1502 2770 ὃς
1514 2739 1721 2778 depressionem
1735 2750 1917 2780 perpetuam,
1934 2753 1966 2774 ac
1980 2744 2086 2774 nostrae
2102 2745 2166 2776 fidei
2182 2744 2320 2777 Christia-

1256 2784 1302 2804 nae
1315 2776 1529 2817 exaltationem,
1547 2780 1660 2810 salubria
1675 2781 1703 2809 in
1717 2780 1851 2811 Domino
1865 2781 1990 2820 suscipiet
2005 2783 2189 2815 incrementa.

1271 2852 1275 2856 ι
1295 2812 1436 2846 Volumus
1457 2824 1569 2855 autem,
1587 2819 1621 2848 &
1644 2818 1770 2849 corditer
1787 2818 1970 2859 affectamus,
1993 2829 2080 2859 prout
2094 2822 2204 2862 justum
2226 2823 2261 2855 &
2281 2828 2325 2854 rai-²

1255 2853 1390 2883 tionabile
1402 2855 1502 2894 fuerit,
1520 2856 1618 2887 vestris
1631 2856 1724 2888 adeffe
1735 2857 1874 2889 desideriis
1886 2868 1970 2898 atque
1981 2861 2065 2892 votis.

1294 2927 1362 2960 Dat.
1380 2930 1455 2968 apud
1471 2931 1597 2963 Westm.
1619 2943 1666 2973 30.
1684 2933 1730 2965 die
1743 2934 1855 2974 Aprilis.

1296 3066 1354 3101 Ad
1369 3070 1513 3101 Comitem
1530 3068 1676 3102 Flandriae
1687 3096 1696 3113 ‚
1721 3069 1757 3102 de
1776 3071 1906 3116 Injuriis
1923 3069 1992 3104 hinc
2007 3071 2075 3105 inde
2093 3072 2188 3106 illatis
2199 3099 2209 3116 ,
2235 3076 2273 3112 &-

1512 3119 1548 3151 V
1545 3116 1704 3151 trinalibus
1719 3118 1763 3151 ad
1775 3122 1873 3152 Scotos
1887 3119 2056 3166 deportatis.

1320 3201 1378 3233 EX
1398 3202 1505 3233 Nobili
1524 3203 1613 3242 Viro,
1633 3203 1768 3235 Domino
1790 3204 1829 3235 R.
1849 3204 1962 3235 Comiti
1984 3205 2137 3244 Flandriae,
2155 3206 2253 3238 arnico
2271 3205 2322 3239 suo
2338 3206 2413 3239 Ann.
2425 3207 2468 3245 D.

1337 3241 1478 3272 cariffimo
1487 3265 1496 3280 ,
1509 3239 1623 3273 salutem
1631 3267 1640 3282 ,
1660 3253 1727 3274 curn
1738 3243 1892 3274 dileetione
1903 3243 2016 3274 sincera.
2364 3256 2448 3288 1313.

1290 3277 1408 3316 Justum
1423 3279 1464 3310 est
1478 3282 1511 3311 &
1525 3281 1685 3312 consonum
1700 3283 1800 3312 rationi
1813 3283 1893 3320 quod
1909 3292 1956 3321 ea,
2337 3289 2388 3314 An.
2406 3289 2434 3314 6.

1296 3318 1375 3356 Qae
1390 3319 1461 3349 inter
1473 3318 1569 3359 Reges
1590 3321 1624 3351 &
1642 3320 1805 3358 Principes,
1822 3321 1945 3359 aliosque
1966 3320 2130 3360 Dominos,
2149 3322 2250 3361 quibus
2267 3332 2321 3360 po-
2335 3328 2364 3352 E.
2388 3334 2415 3352 2.

1257 3356 1315 3393 puli
1332 3358 1459 3394 regimen
1477 3358 1495 3377 *
1510 3358 1552 3388 est
1574 3358 1778 3397 commissum,
1797 3369 1850 3396 pro
1871 3359 1952 3389 bono
1973 3361 2063 3398 pacis,
2078 3362 2150 3391 inter
2173 3361 2244 3398 ipsos
2266 3370 2319 3390 nu—
2335 3363 2424 3401 Claus.
2437 3364 2465 3392 6.

1256 3395 1387 3433 triendte,
1413 3405 1446 3425 ac
1465 3397 1649 3434 tranquilitate
1672 3398 1705 3428 ὃς
1727 3399 1820 3436 quiete
1840 3397 2016 3428 subditorum
2038 3398 2208 3429 eorumdem
2223 3421 2233 3435 ,
2257 3398 2318 3429 sunt
2332 3405 2363 3429 E.
2388 3411 2413 3430 2.
2428 3411 2466 3431 m.

1256 3433 1323 3462 hinc
1338 3435 1405 3463 inde
1420 3435 1602 3465 concorditer
1617 3436 1759 3474 ordinata,
2339 3448 2379 3468 ii.
2398 3440 2424 3468 A.

1288 3471 1374 3510 Juxta
1395 3473 1519 3503 formam
1538 3474 1719 3504 ordinationis
1739 3475 1952 3506 &concordiae
1966 3474 2142 3513 hujusmodi,
2161 3473 2318 3512 procedant
2335 3477 2354 3497 ²¹²
2373 3479 2426 3508 ΙΙΙ.

1255 3511 1285 3540 in
1298 3511 1411 3549 aetum,
1431 3513 1465 3542 δε
1480 3514 1642 3543 executioni
1656 3513 1760 3543 debitae
1775 3513 1987 3543 demandentur.
2108 3551 2114 3556 .
2312 3553 2317 3559 η
2330 3526 2398 3554 403.

1292 3549 1398 3587 Nuper
1412 3549 1561 3589 siquidem,
1578 3550 1642 3589 post
1659 3551 1784 3581 mediam
1797 3551 2048 3590 quadragesimam,
2089 3549 2182 3581 uidam
2203 3550 2319 3583 Nuncii

1256 3587 1359 3626 vestri,
1378 3589 1410 3619 ὃς
1425 3589 1471 3618 alii
1484 3588 1520 3618 de
1535 3589 1672 3626 potestate
1688 3589 1794 3627 vestra,
1808 3599 1905 3632 coram
1919 3590 2001 3618 nobis
2016 3590 2064 3632 &.
2094 3589 2195 3620 onfilio
2208 3591 2321 3630 nostro,

1254 3626 1328 3663 apud
1343 3626 1632 3658 Westmonasterium
1644 3628 1817 3666 personaliter
1831 3635 1991 3664 venienteS,
2008 3634 2165 3666 petierunt,
2184 3637 2218 3658 ex
2240 3638 2320 3667 parte

1257 3665 1363 3703 vestra,
1381 3665 1458 3703 quod
1479 3665 1558 3703 super
1578 3665 1706 3703 dampnis
1727 3668 1760 3697 ὃς
1783 3666 1902 3703 injuriis,
1921 3664 1993 3701 apud
2015 3663 2168 3696 Crasdenn.
2187 3668 2222 3698 &
2235 3668 2320 3707 alibi,

1257 3712 1307 3739 per
1326 3703 1461 3742 Anglicos
1481 3703 1710 3741 Flandrenlibus,
1736 3714 1751 3732 a
1770 3711 1899 3745 tempore
1920 3712 1978 3740 quo
2001 3702 2168 3746 suscepimus
2188 3715 2202 3735 r
2241 3707 2318 3738 'men

1259 3741 1355 3780 Regni
1369 3742 1467 3779 nostri,
1487 3743 1582 3779 illatis,
1602 3741 1770 3773 utdicebant
1800 3748 1877 3778 Juxta
1887 3740 2012 3770 formam
2026 3742 2168 3780 cujusdam
2181 3742 2215 3773 In
2236 3753 2319 3776 entu-

1258 3789 1314 3816 rae,
1334 3781 1400 3810 hinc
1416 3780 1449 3810 &
1462 3780 1527 3810 inde
1542 3781 1643 3818 pluries
1656 3789 1763 3810 concor
1784 3786 1855 3816 atae,
1867 3778 1993 3810 exhiberi
2005 3779 2160 3812 faceremus
2173 3781 2319 3820 hujusmo-

1209 3857 1212 3860 Α
1257 3817 1287 3847 di
1301 3818 1512 3848 Flandrenlibus
1522 3819 1631 3855 justitiae
1645 3817 1899 3854 complementum.

1294 3855 1363 3886 Nos
1377 3857 1476 3894 igitur,
1494 3857 1619 3886 formam
1633 3854 1808 3885 Concordiae
1822 3853 1857 3886 &
1871 3855 2032 3887 Indenturae
2047 3857 2243 3895 praedictarum
2265 3870 2320 3891 vo-

1257 3895 1344 3925 lentes
1365 3895 1393 3923 in
1413 3894 1565 3931 omnibus,
1584 3901 1720 3931 quantum
1741 3893 1775 3924 ad
1791 3903 1844 3924 nos
1857 3895 1970 3933 attinet,
1988 3895 2145 3935 observari,
2161 3906 2252 3928 certos
2265 3899 2318 3936 ju«

1257 3933 1387 3963 sticiarios
1404 3929 1530 3970 nostros,

1298 3971 1343 4002 Ad
1359 3969 1498 4008 querelas,
1516 3970 1682 4009 petitiones,
1700 3970 1734 4001 &
1747 3971 1914 4008 quaestiones
1949 3981 2016 4010 quas
2029 3972 2131 4005 subditi
2152 3975 2235 4006 vestri
2257 3975 2321 4013 qui-

1259 4019 1374 4047 cunque
1393 4017 1492 4038 contra
1512 4008 1709 4046 quoscumque
1729 4008 1852 4040 subditos
1871 4021 1910 4041 no
1921 4020 1996 4050 tros,
2012 4011 2050 4042 de
2067 4020 2197 4051 tempore
2216 4014 2318 4051 praedi-

1260 4048 1329 4087 isto,
1346 4056 1507 4087 proponere
1520 4047 1643 4088 vellent,
1659 4048 1867 4086 recipiendum:
1885 4050 1920 4083 ὃς
1936 4049 1971 4083 ad
1982 4051 2181 4091 inquirendum
2201 4061 2250 4090 per
2272 4050 2322 4080 Sa-

1776 4097 1795 4118 2
2260 4096 2320 4120 crae
