2562 4279
790 143 824 182 E
858 141 900 181 T
983 142 1022 182 A
1059 142 1097 182 C
1143 140 1183 181 T
1222 140 1261 180 A

54 223 188 255 Ann.D.

52 272 166 329 3532}-
373 264 487 298 Eodem
502 267 592 298 modo
613 267 739 297 scribitur
753 265 936 306 Subscriptis3
951 264 1101 300 videlicet,

114 323 120 329 ³
161 322 167 329 ⁸
241 341 450 373 Archambaldo
465 347 562 373 Comiti
577 341 794 381 Petragoricensi.

240 382 359 412 Domino
373 384 455 412 Petro
469 383 501 411 de
514 385 571 412 Via
579 404 590 420 ,
609 383 708 420 Nepoti
723 383 836 410 Domini
850 382 940 419 Papae.

252 510 311 540 Pro
326 507 463 552 Epistopo
481 504 677 539 Armachano
695 532 705 548 ‚
732 504 768 538 de
784 502 972 547 Rqslitutione
986 501 1220 548 Dmporazlium.

55 571 135 651 A1n3nz
140 571 187 649 Ξ·
213 592 262 645 R
279 591 342 622 EX
354 591 509 630 Justitiario
528 592 578 622 suo
596 590 746 622 Hiberniae
758 613 768 628 ,
787 588 832 620 vel
857 588 914 626 ejus
934 586 1050 618 Locum
1063 588 1189 624 tenenti,
1206 585 1272 616 salu-

249 639 497 699 Ciiteiimbominus
513 667 542 707 J.
562 668 697 698 Summus
715 665 847 696 Pontifex
862 687 871 703 ,
887 664 1024 695 dilectum
1049 664 1081 694 &
1095 664 1207 695 fidelem
1220 672 1273 692 no-

212 703 319 745 strum,
334 707 527 745 Stephanum,
542 706 676 736 Elefitum
690 704 920 741 Armachanum‚
939 702 1090 733 Hiberniae
1107 702 1274 740 Primatem‚

54 654 106 677 An.
128 660 170 685 17.

53 692 84 715 E.
104 698 130 714 2.

55 730 119 791 Zur,
128 735 171 762 ¹7·
211 747 241 775 in
255 746 507 789 Arcbiepiscopum
520 743 653 788 Ecclesiae
668 742 813 780 praedlessae
824 742 1030 786 Ps²¹3fecefit.&
1041 740 1133 788 ῘΡῆΓῈΟΥ
1135 741 1209 785 ³159]
1225 750 1276 770 cu*

48 788 84 839 μ’
102 787 131 830 ι’·
213 794 274 814 ram
288 807 298 823 ,
316 784 350 815 &
370 782 638 814 administrationem
652 781 787 811 Ecclesiae
807 781 968 819 praedidhe,
985 790 1014 810 in
1030 780 1048 810 δ
1070 780 1222 810 ititualibus
1240 778 1274 809 &

213 822 450 860 Temporalibus,
469 821 517 851 fibi
528 819 756 856 committendo,
773 819 843 850 ficut
856 829 904 859 per
918 819 1038 849 Litteras
1075 826 1179 849 arentes
1192 817 1274 856 ipsius

211 859 334 891 Domini
362 860 475 892 Summi
496 857 643 888 Pontificis
666 857 784 889 Bullatas
798 881 808 897 ,
833 859 915 888 nobis
933 858 999 888 inde
1020 857 1138 887 diredhs
1152 880 1162 896 ,
1191 856 1274 887 nobis

209 900 388 970 cogrcraffiem
410 935 565 974 Stephanus
581 935 718 965 omnibus
733 936 766 967 ὃς
781 935 820 966 fin
842 935 892 965 ulis
907 935 1018 973 verbis,
1038 935 1067 965 in
1082 934 1164 965 dietis
1175 933 1273 964 litteris

206 978 347 1008 contentis
357 999 368 1014 ,
385 974 484 1005 Nobis
499 974 533 1004 &
552 973 613 1011 Juri
627 973 758 1005 Coronae
770 985 810 1005 no
837 984 874 1003 rae
890 973 1138 1012 praejudicialibus,
1155 972 1273 1011 sponte,

205 1016 296 1053 palam
310 1038 320 1052 ,
338 1016 372 1046 &
390 1012 518 1052 expresse
540 1014 738 1044 renuntiaverit
754 1023 760 1042 z
780 1013 814 1044 δε
832 1013 912 1055 supet
934 1012 992 1043 hoc
1011 1013 1107 1051 gratiae
1127 1011 1233 1042 nostrae
1249 1010 1274 1040 se

208 1054 379 1089 submiserit,
397 1052 431 1083 &
446 1053 661 1091 recognoverit,
680 1061 713 1082 ac
727 1051 870 1082 confessus
884 1052 968 1082 fuerit
982 1074 992 1089 ,
1012 1052 1039 1082 se
1053 1051 1126 1082 velle
1141 1051 1275 1088 Tempo-

207 1092 272 1136 ralia
279 1090 555 1138 *Archiepiscopatfis
574 1090 703 1128 praediffi
722 1091 847 1129 recipere
865 1100 899 1121 ex
919 1089 1016 1121 nostra
1037 1090 1221 1127 liberatione,
1240 1088 1274 1119 &

207 1129 611 1213 gssalxnlaogqegsslldntes'praefato
624 1167 769 1206 Stephano
783 1169 813 1198 in
825 1168 878 1212 liae
892 1175 971 1206 parte
984 1167 1104 1210 gratiam
1117 1165 1208 1210 facere
1216 1164 1276 1209 spe-

209 1207 312 1238 cialem
326 1230 336 1245 ,
355 1206 576 1238 Praefeenonem
596 1206 671 1237 illam
692 1215 902 1250 acceptavimus
915 1230 925 1245 ‚
943 1207 977 1236 δε
999 1215 1125 1250 cepimus
1147 1204 1277 1248 Fidelita-

210 1246 366 1290 temipfius
380 1245 521 1291 *Praefecti
533 1269 543 1284 ,
561 1246 595 1277 &
607 1245 789 1285 Temporalia
809 1245 1075 1286 Archiepilcopatus
1088 1243 1218 1282 praedrCti
1233 1252 1276 1272 re-

208 1284 479 1354 stifflmiigsegrclleaei}
502 1322 668 1354 mandamus
684 1345 694 1360 ,
719 1323 799 1361 quod
821 1321 912 1352 eidem
934 1321 1078 1352 Praefeeco
1091 1319 1277 1359 Temporalia

211 1361 475 1402 Archiepii‘copatus
490 1362 618 1399 praediffi
632 1362 753 1392 liberetis
768 1361 796 1391 in
809 1360 905 1391 forma
919 1360 1064 1399 praedidia.

247 1401 337 1433 Teste
350 1399 435 1439 Rege
449 1400 522 1440 apud
535 1399 667 1440 Cowyk,
685 1399 829 1432 tricesimo
844 1400 938 1439 primo
951 1399 996 1429 die
1005 1399 1082 1438 Julii.

55 850 88 868 m.
112 840 154 869 13.

639 1479 695 1507 Per
711 1480 806 1507 Breve
824 1479 856 1508 de
875 1479 996 1506 Privato
1015 1475 1116 1513 sigillo.

208 1555 293 1613 ET
314 1555 478 1586 mandatum
496 1554 536 1585 est
557 1553 699 1584 Militibus
712 1577 721 1592 ,
743 1554 851 1584 Liberis
874 1553 1051 1584 Hominibus
1066 1576 1076 1591 ,
1096 1552 1129 1583 &
1144 1551 1278 1582 omnibus

272 1594 330 1625 aliis
346 1594 528 1624 Tenentibus
540 1593 575 1623 de
588 1593 835 1632 Archiepiscopatu
847 1593 985 1630 praedfflto
993 1615 1002 1630 ,
1021 1591 1102 1629 quud
1110 1591 1204 1633 eidem
1215 1590 1277 1619 Ste-

208 1632 305 1672 phano
355 1642 487 1672 tanquam
510 1632 733 1671 Archiepiscopo
751 1632 783 1662 ὃ(
808 1631 942 1661 Domino
964 1630 1011 1659 suo
1025 1653 1034 1667 ,
1051 1631 1080 1659 in
1105 1628 1251 1671 Omnibus
1266 1650 1276 1665 ,

209 1681 277 1708 quae
294 1656 329 1702 ad
345 1670 629 1710 Archiepiscopatum
643 1671 721 1699 illum
735 1671 877 1707 pertinent
891 1691 900 1707 ,
918 1668 1095 1699 intendentes
1111 1672 1164 1697 lint
1181 1666 1214 1697 δε
1234 1676 1278 1696 re-

209 1710 377 1750 spondentes
385 1733 395 1748 ,
402 1711 471 1740 ficut
486 1709 655 1747 praedi&um
669 1707 719 1739 est.

250 1748 285 1779 In
300 1749 395 1787 cujus,
412 1749 473 1779 δίε.

286 1787 377 1819 Teste
392 1786 473 1826 Rege
485 1793 515 1816 ut
532 1784 618 1823 supra.

414 1910 460 1942 Dc
478 1912 589 1956 Rogero
608 1907 644 1942 a'e
667 1907 797 1941 Alortno
814 1910 912 1942 Mari
929 1907 1076 1954 capiendo-

65 1988 141 2019 AfflL
152 1986 193 2017 D·
278 1995 302 2026 E
311 1995 342 2026 X
361 1994 536 2026 Vicecomiti
552 1993 667 2024 Kantiae
678 1993 803 2024 salutem.

87 2035 170 2066 ¹323·
328 2035 407 2073 Qia
428 2033 563 2072 Rogerus
586 2033 622 2063 de
643 2032 766 2065 Mortuo
785 2031 862 2062 Mari
882 2031 918 2062 de
933 2032 1111 2073 XViggemor
1125 2033 1285 2072 ,inimicus

64 2069 117 2093 Aa.
141 2075 182 2101 ¹7-
219 2071 256 2102 “53v
269 2073 395 2103 Rebellis
417 2071 512 2101 noster
528 2072 635 2110 (nuper
656 2071 690 2101 ea
703 2071 853 2101 occasione
873 2080 970 2110 captus
986 2095 995 2109 ‚
1013 2072 1047 2103 ὃς
1063 2073 1092 2102 in
1108 2071 1221 2116 prisona
1232 2082 1287 2102 no-

221 2110 276 2141 stra
296 2111 396 2141 Turris
413 2109 576 2140 Londoni'ae
595 2109 724 2140 detentus
740 2110 748 2147 )
770 2109 890 2139 eandem
911 2109 1051 2148 prisonam
1073 2110 1178 2149 fregit,
1202 2111 1235 2140 ὅς
1251 2110 1286 2139 ab

221 2149 320 2179 eadem
333 2149 423 2179 Turri
437 2149 585 2179 nodtanter
600 2149 633 2180 &
648 2147 770 2179 felonice
786 2148 869 2178 evasit
875 2159 885 2186 3
904 2148 979 2178 unde
994 2148 1152 2187 plurimum
1167 2157 1287 2180 contur-

222 2189 336 2219 bamur:
1224 2192 1231 2195 '⁷

258 2226 345 2264 Nos,

259 2265 394 2295 Volentes
408 2264 488 2302 ipsius
501 2263 611 2303 Rogeri
623 2263 737 2294 malitiae
753 2263 786 2294 &
801 2264 951 2303 nequitiae,
969 2274 1083 2295 necnon
1097 2266 1130 2296 &
1145 2264 1289 2302 pericul‘ffi',

222 2314 287 2342 quse
303 2314 350 2341 per
365 2303 503 2340 eundem,
519 2303 552 2333 δε
568 2303 619 2333 fibi
633 2302 826 2340 Adherentes‚
845 2303 864 2333 fi
877 2304 926 2342 qui
941 2303 1009 2341 sint,
1027 2304 1106 2342 quod
1123 2304 1208 2342 abiit,
1220 2312 1288 2334 eve-

220 2345 280 2373 nire
294 2350 444 2381 poterunt,
461 2342 511 2371 nifi
523 2343 552 2371 in
565 2341 618 2371 hac
631 2349 708 2381 parte
721 2341 878 2371 remedium
894 2350 1064 2379 apponatur,
1082 2342 1214 2379 obviare,

257 2381 328 2411 Tibi
341 2381 537 2420 praecipimus,
556 2379 671 2410 firmiter
683 2379 874 2418 injungentes,
890 2379 970 2419 quod
984 2381 1014 2410 in
1031 2380 1142 2419 fingulis
1154 2380 1237 2418 locis,
1259 2380 1290 2409 in

220 2419 325 2450 Balliva
340 2419 406 2458 tua,
423 2420 480 2450 tam
494 2420 565 2450 infra
581 2418 735 2449 Libertates
748 2441 758 2457 ,
779 2419 863 2456 quam
883 2426 958 2448 extra
973 2441 982 2456 ,
999 2419 1017 2437 *ἶ
1039 2420 1089 2449 ubi
1104 2419 1233 2457 expedire
1248 2420 1290 2449 vi—

219 2459 292 2490 deris
306 2481 316 2497 ,
332 2459 446 2497 publice
465 2457 633 2497 proclamari
648 2480 658 2495 ‚
675 2458 708 2488 &
729 2465 763 2487 ex
781 2465 856 2494 parte
875 2456 973 2487 nostra
990 2456 1106 2488 firmiter
1121 2459 1232 2496 injungi
1251 2459 1291 2488 fa-

221 2499 294 2537 cias,
312 2496 394 2536 quod
412 2506 512 2526 omnes
526 2496 679 2535 &singuli,
697 2495 732 2526 ad
746 2494 852 2525 Pacem
865 2495 899 2526 &
913 2495 1015 2526 Fidem
1028 2496 1155 2527 nostram
1170 2496 1291 2527 existen-

221 2545 262 2567 tes
276 2559 286 2574 ,
305 2535 415 2567 dietum
436 2534 587 2573 Rogerum
601 2557 611 2572 ,
629 2534 785 2564 Inimicum
800 2533 951 2572 nostrum,
970 2535 990 2565 fi
1010 2534 1044 2565 ad
1057 2544 1144 2575 partes
1158 2534 1290 2566 Comita—

221 2574 266 2606 tsis
281 2576 321 2605 tui
335 2574 516 2604 declinaverit
531 2596 542 2612 ,
561 2572 697 2604 Clamore
717 2573 751 2604 &
765 2572 887 2603 Hutesio
900 2573 995 2603 levatis
1008 2595 1018 2612 ,
1036 2574 1237 2613 prosequantur
1255 2575 1290 2605 de

222 2613 318 2644 Patria
339 2613 370 2642 in
387 2612 510 2643 Patriam
523 2635 534 2651 ,
552 2612 587 2643 &
609 2611 700 2649 ipsum
716 2609 847 2641 Arestent
868 2611 902 2642 &
917 2610 1056 2651 Capiant,
1074 2621 1219 2644 mortuum
1235 2613 1292 2644 sive

224 2654 325 2682 vivum
340 2663 350 2689 z,
370 2651 449 2689 quod
467 2652 552 2682 etiam
573 2658 603 2681 tu
617 2673 627 2688 ,
644 2652 673 2680 in
688 2649 800 2689 propria
816 2650 935 2690 persona
948 2650 997 2681 tufi
1010 2674 1021 2690 ,
1036 2660 1107 2681 cum
1129 2659 1193 2682 toto
1206 2650 1291 2682 Poffe

226 2689 390 2721 Comitatus
412 2690 452 2719 tui
467 2713 476 2728 ‚
493 2690 544 2720 sub
562 2688 739 2719 forisfactura
757 2689 895 2719 omnium
908 2712 919 2727 ,
943 2699 1007 2728 quae
1030 2690 1113 2720 nobis
1132 2690 1293 2721 forisfacere

225 2730 346 2767 poteris,
366 2728 448 2758 facias
464 2729 497 2759 δε
511 2729 666 2767 exequaris,
684 2727 703 2757 fi
718 2727 830 2759 diorum
842 2726 997 2758 Inimicum
1011 2728 1143 2759 nostrum
1164 2729 1199 2760 ad
1213 2729 1294 2760 Balli-

226 2778 292 2798 vam
310 2775 387 2798 tuam
400 2765 555 2804 declinare,
570 2767 615 2797 vel
628 2767 658 2797 in
672 2766 789 2806 eadem,
804 2766 860 2799 five
871 2766 942 2797 infra
957 2766 1132 2798 Libertatem
1147 2790 1157 2806 ,
1174 2768 1231 2800 five
1245 2777 1293 2799 ex-

227 2813 283 2844 tra,
300 2806 451 2844 contigerit
465 2805 592 2836 inveniri.

266 2844 360 2874 Facies
371 2845 460 2873 etiam
473 2844 502 2873 in
516 2843 594 2874 dieta
609 2842 713 2874 Balliva
725 2842 775 2875 tua
789 2843 914 2875 similiter
927 2844 1065 2883 publicari
1098 2845 1180 2885 quod
1192 2855 1293 2876 omnes

227 2883 261 2913 ὃς
278 2882 413 2921 singulos,
430 2892 518 2922 quos,
535 2883 565 2912 in
580 2881 775 2919 prosecutione
788 2883 822 2913 &
836 2892 870 2913 ca
890 2883 967 2913 tione
980 2882 1052 2913 diei-i
1063 2867 1179 2914 fnimici
1194 2884 1295 2924 nostri,

226 2922 254 2951 se
275 2920 431 2951 contrarios
444 2943 453 2957 ,
470 2920 600 2958 rebelles,
618 2928 663 2950 aut
682 2919 792 2959 tepidos
808 2920 857 2950 red
881 2921 982 2952 'derint
993 2945 1004 2960 ,
1022 2922 1073 2952 fibi
1089 2922 1273 2955 Adhaerentes
1286 2947 1296 2962 ,

227 2960 260 2990 &
276 2959 357 2996 ipsius
371 2958 502 2988 Fautores
515 2959 721 2997 reputabimus,
738 2958 863 2998 ipsosque
896 2969 929 2989 ro
945 2960 1042 2990 talibus
1055 2961 1213 2998 puniemus.

266 2996 304 3028 Et
325 2996 464 3034 praemissa
476 3019 486 3035 ,
505 2997 574 3027 sicut
589 2995 810 3034 indignationem
829 2969 954 3027 nossram
971 2998 1076 3037 vitare,
1096 2999 1130 3030 &
1149 3007 1178 3029 te
1197 3001 1230 3030 ὃ(
1249 3008 1296 3031 tua

229 3035 393 3073 indempnia
412 3035 518 3066 servare
538 3034 657 3065 volueris
669 3056 679 3072 ,
689 3043 768 3077 *cum
792 3035 869 3066 tanta
882 3035 1024 3075 diligentia
1036 3036 1118 3067 facias
1132 3038 1165 3068 &
1177 3048 1296 3079 exequa-

232 3076 266 3105 ris
301 3074 380 3113 quod
395 3083 456 3104 non
470 3072 555 3112 possis
569 3073 596 3103 su
618 3083 646 3102 er
661 3072 753 3111 aliqua
767 3073 840 3113 negli
860 3073 935 3105 entia
950 3074 1123 3112 reprehendi.

266 3097 305 3142 Ιέτ
326 3112 362 3142 de
380 3122 415 3142 eo
429 3135 438 3150 ,
456 3112 535 3151 quod
556 3083 622 3142 indi:
644 3111 740 3141 feceris
752 3135 761 3150 ,
780 3113 814 3143 &
829 3082 871 3143 ’ἕο
883 3113 1047 3143 nominibus
1060 3124 1161 3144 eorum
1177 3114 1213 3152 (fi
1225 3126 1296 3155 quos

64 2126 200 2177 clausis

66 2184 93 2206 Ε.
115 2190 140 2207 2.
167 2191 202 2208 m.

64 2229 111 2253 40.
129 2218 154 2246 d.

68 2416 88 2436 ²*
104 2417 157 2445 IV.
173 2415 201 2443 8.

232 3152 385 3181 contrarios
405 3159 449 3180 aut
468 3150 581 3181 rebelles
596 3151 734 3194 inveneris
748 3150 757 3187 )
785 3161 839 3181 nos
851 3174 862 3189 ,
878 3152 1008 3189 quotiens
1024 3152 1156 3191 expedire
1169 3154 1296 3194 videris,

233 3189 347 3226 reddas,
367 3189 416 3218 sub
430 3189 518 3228 sigillo
528 3197 596 3227 tuo,
612 3188 744 3219 drstmc'te
758 3190 792 3221 &
806 3191 903 3227 aperte
916 3191 1059 3221 certiores.

270 3226 360 3258 Teste
371 3226 458 3265 Rege
471 3227 544 3265 apud
559 3225 733 3267 Kirkeham,
751 3227 828 3259 sexto
839 3228 888 3259 die
903 3228 1032 3268 Augusti.

889 3307 944 3336 Per
956 3305 1038 3345 z'pficm
1051 3309 1155 3346 Regem.

293 3381 408 3411 Eodem
425 3379 514 3410 modo
530 3379 657 3412 scribitur
669 3381 708 3412 fin
730 3382 777 3412 ulis
792 3380 1022 3414 Vicecomitibus
1036 3394 1086 3422 per
1102 3384 1244 3423 Angliam.

248 3419 319 3465 ..De
335 3420 527 3457 receptoribus
540 3418 649 3459 Rogeri
660 3420 697 3451 de.
750 3428 835 3451 ortuo
851 3419 929 3451 Mari
948 3421 985 3452 de
998 3423 1164 3462 Wygernor
1183 3424 1298 3462 capien-

235 3467 284 3490 nis.

408 3587 527 3618 lteram
546 3581 704 3616 Mandata
714 3583 805 3632 fhper
830 3588 969 3632 Captione
980 3585 1132 3632 praediHa.

89 3675 166 3707 Anii.
179 3673 221 3704 D.
240 3670 384 3726 REX,
402 3670 510 3701 diieffls
526 3669 559 3700 &
574 3668 699 3700 fidelibus
720 3669 787 3709 suis,
805 3669 987 3710 Comitibus,
1007 3671 1179 3711 Batonibus,
1196 3671 1302 3703 Militi-

112 3721 197 3752 1323.
313 3711 381 3748 bus,
400 3709 510 3739 Liberis
523 3709 684 3738 hominibus
699 3731 709 3747 ,
727 3708 760 3739 &
777 3710 912 3740 omnibus
926 3710 984 3740 aliis
996 3733 1005 3749 ,
1021 3711 1056 3740 de
1071 3712 1192 3748 partibus
1204 3710 1302 3741 West-

91 3757 144 3781 An.
164 3761 205 3787 ¹7-
239 3748 338 3779 walliae
350 3749 383 3779 δε
398 3747 604 3785 Southwalliae,
622 3748 679 3777 tiim
695 3747 730 3777 de
746 3747 953 3787 Libertatibus,
972 3749 1058 3787 quam
1074 3751 1152 3781 terris
1171 3749 1228 3780 aliis
1241 3751 1303 3791 qui-

91 3795 205 3863 {ai-17.
240 3787 685 3871 ϋυὲῗὲἰεᾶξὲἐὲἑῗὲΜοηυο
699 3825 774 3855 Mari
790 3824 826 3892 qve
839 3824 1036 3892 Wygzmore,
1055 3825 1189 3857 Inimicus
1201 3825 1304 3857 &Re-

93 3872 123 3942 ξ..
141 3877 168 3932 7ιη
240 3864 321 3932 bellilli5
330 3863 787 3943 ἓξὲξζίῑείἓσῐῖξέοέἓίᾃῑςνὸοᾘέἔῖ
797 3874 854 3932 τἀΐτξ
868 3874 1067 3939 ἶζῖςςίήἒίιξὶ
1083 3902 1209 3942 Angliae,
1218 3903 1305 3941 quam

94 3953 131 3972 m.
157 3951 200 3978 17.
241 3939 345 3970 Terrae
359 3941 464 3972 nostrae
476 3943 607 3980 Walliae,
621 3944 674 4012 iqui
688 3951 737 3983 per
753 3941 923 3979 praedictum
938 3940 1091 3971 Inimicum
1108 3940 1254 3980 nostrum,
1271 3942 1304 3973 ὅ(

242 3978 541 4055 ἓξὲνιίλόεὲἰξτεηεεεᾼῑ
558 3983 607 4020 qui
632 3990 691 4021 int,
709 3980 786 4020 quod
803 3980 886 4018 absit,
905 3980 1010 4010 turbari
1026 3987 1158 4019 poterunt
1179 3979 1307 4018 forsitan,

398 4040 408 4055 ²

280 4056 352 4085 Tom.
367 4057 409 4085 ΙΙ.
433 4057 466 4085 Ρ.
481 4059 530 4088 ΙΙ.

1346 142 1822 188 PUBLICA.
2341 147 2387 185 81

1354 226 1562 271 Affignavimus
1583 232 1717 262 diletimm
1739 232 1884 264 Valetrum
1905 231 2049 269 nostrum,
2069 231 2178 262 Resum
2199 241 2234 272 ap
2254 230 2371 273 Griffit,
2389 224 2466 256 Ann-
2482 225 2525 256 D·

1311 264 1345 293 ad
1367 266 1556 310 colligendum
1578 271 1610 299 ὃ(
1625 270 1803 301 adunandum
1814 295 1823 310 ,
1841 272 1860 302 si
1875 272 1984 302 necesse
1998 273 2099 310 tuerit,
2117 280 2217 300 omnes
2230 271 2262 300 δε
2277 273 2371 307 lingu-
2412 271 2424 292 ¹
2435 272 2497 301 323.

1310 302 1352 345 los
1366 303 1525 348 Homines,
1544 307 1602 336 tam
1616 308 1747 347 Equites,
1760 311 1846 348 quam
1863 310 1982 349 pedites,
1994 310 2030 340 de
2046 309 2234 340 Libertatibus
2247 309 2279 339 &
2295 307 2372 339 Ter·
2390 303 2458 331 Edv.
2478 311 2506 330 ²·

1312 350 1346 369 ris
1361 342 1519 383 praedicitis,
1530 344 1573 387 ⁴acl
1589 348 1728 385 eundem,
1749 350 1801 377 unii
1816 359 1882 378 curn
1898 349 2016 387 proefato
2030 348 2124 386 Reii),
2145 350 2172 378 in
2190 347 2370 389 Obsequium

1310 379 1458 426 ῙῬῘῘΥΠΠῚ)
1474 382 1507 412 &
1524 385 1606 427 ,lleUS
1623 384 1769 426 Fautores,
1784 386 1875 424 eisque
1891 387 2070 417 Adhaerentes
2080 410 2089 425 ,
2107 397 2159 426 pro
2174 389 2295 424 iplorum
2311 396 2372 417 rna-

1309 416 1368 447 litia
1391 418 1424 448 &
1446 429 1570 460 nequitia
1591 423 1784 461 retraenandis,
1804 425 1837 454 &
1858 434 1909 463 pro
1930 426 2010 456 dicio
2025 425 2162 465 Rogero,
2179 426 2304 455 Inimico
2317 435 2372 455 no·-

1309 453 1384 492 stro,
1403 455 1561 499 Arestando
1576 460 1608 490 δε
1623 460 1790 500 Capierido,
1811 462 1931 493 Mortuo
1945 464 1999 494 five
2014 464 2109 494 Vivo:

1350 492 1388 523 Et
1405 495 1472 526 ideo
1487 498 1590 543 yobis,
1610 500 1743 541 omnibus
1758 501 1790 530 ὃς
1807 500 1933 540 singulis,
1952 502 2132 541 mandamus,
2152 501 2372 540 firmiterinjun-

1311 538 1424 571 gentes,
1443 534 1522 572 quod
1535 536 1652 579 praefato
1669 537 1762 576 Relo,
1781 539 1809 567 in
1822 540 1981 578 praemiffis,
2001 542 2053 571 [itis
2067 541 2254 579 intendentes,
2270 540 2372 571 conlu-

1311 570 1414 608 lentes,
1432 572 1465 602 ὃς
1478 573 1654 617 auxiliantes,
1672 575 1856 615 facientesque
1870 586 1932 607 toto
1943 579 2022 615 posse
2037 580 2129 610 vestro
2146 580 2191 615 id,
2206 579 2283 620 quod
2300 588 2372 618 prae-

1311 607 1380 638 fatus
1396 608 1484 640 Resus
1497 612 1593 655 vobis,
1613 624 1645 643 ex
1659 623 1736 650 parte
1751 614 1862 652 nostra,
1880 616 2007 654 injunget
2023 618 2051 647 in
2064 617 2224 657 praemissis,
2243 619 2374 656 quoriens

1312 646 1346 677 &
1362 649 1476 691 quando
1490 659 1537 686 per
1552 651 1642 689 ipsum
1662 651 1788 690 Resum,
1809 652 1888 690 super
1901 654 1957 684 hoc
1968 677 1978 692 ,
1998 665 2031 684 ex
2046 665 2123 693 parte
2135 657 2249 695 nosti-a,
2268 656 2373 694 fueritis

1312 689 1455 730 requisiti,
1477 688 1510 718 &
1530 688 1588 718 hoc
1603 712 1612 727 ,
1635 690 1705 720 sicut
1731 690 1767 720 de
1787 689 1917 722 fidelitate
1938 692 2031 723 vestra
2051 694 2168 731 probata
2187 695 2375 733 confidimus,

1312 724 1405 754 modis
1418 727 1554 756 omnibus
1573 727 1684 758 faciatis.

1350 761 1384 792 In
1400 764 1494 803 cujus,
1510 765 1571 795 ὅτε.
1588 766 1724 804 quamdiu
1739 765 1816 806 Regi
1827 767 1960 804 placuerit
1972 768 2120 800 duraturas.

1384 801 1474 833 Teste
1488 802 1575 842 Rege
1590 804 1665 843 apud
1679 804 1817 836 Kirkham
1825 828 1837 844 ,
1853 806 1928 836 serim
1939 807 1985 837 die
1999 808 2125 847 Augusti.

1999 885 2053 912 Fer
2071 883 2153 923 ipsum
2168 887 2271 923 Regem.

1379 955 1529 988 Onsimiles
1548 958 1654 990 Literae
1675 959 1833 998 diriguntur
1853 958 2038 997 Comitibus,
2064 959 2234 999 Batonibus²
2259 960 2319 997 &4

1313 994 1472 1064 Militisffra
1497 997 1533 1027 de
1548 999 1670 1038 pastibus
1684 997 1902 1036 Northwanjae,
1923 998 1972 1028 sub
1986 999 2105 1028 nomine
2120 998 2239 1030 Gtiffini
2255 1002 2301 1039 Ap
2316 1000 2377 1032 Res

1350 1071 1440 1103 Teste
1453 1081 1484 1103 ut
1504 1072 1592 1111 supra.
1909 1097 1916 1105 ο

1951 1115 2005 1142 Per
2018 1112 2100 1152 ipfttm
2113 1115 2218 1152 Regem.

1316 1187 1371 1249 E
1381 1188 1413 1219 T
1431 1188 1597 1220 mandatum
1621 1188 1662 1220 est
1675 1190 1792 1230 praefato
1804 1190 1898 1229 Reso,
1915 1189 1994 1228 quod
2009 1190 2086 1229 super
2100 1191 2211 1221 dierum
2227 1191 2378 1230 Rogerum

1392 1228 1580 1266 exploratores
1603 1228 1747 1268 diligentes
1764 1230 1798 1260 &
1821 1228 1929 1267 fideles,
1954 1238 1997 1260 tot
2019 1238 2088 1266 quot
2112 1232 2240 1269 expedse
2262 1232 2381 1270 viderit,

1315 1265 1483 1304 constituat,
1508 1267 1542 1298 δε
1564 1268 1662 1298 omnia
1680 1268 1715 1299 &
1736 1267 1857 1307 singula,
1881 1269 1907 1298 ei
1927 1267 2047 1304 superius
2070 1269 2238 1307 commissa,
2259 1270 2294 1300 ita
2316 1270 2380 1301 dili·

1317 1314 1417 1341 genter
1438 1305 1540 1344 faciat,
1559 1307 1638 1344 quod
1661 1307 1728 1338 inde
1742 1306 1842 1337 debeat
1856 1306 1931 1345 apud
1947 1306 2059 1345 Regem
2075 1307 2177 1336 merito
2194 1309 2379 1339 commenda·

1316 1343 1355 1380 ri,
1374 1344 1407 1374 δε
1430 1344 1510 1382 quod
1535 1355 1594 1375 non
1614 1344 1698 1385 possit
1720 1346 1800 1386 super
1814 1346 1987 1383 negligentia
2001 1344 2091 1385 aliqua
2107 1345 2324 1383 quomodolibet
2336 1356 2380 1386 re-

1315 1382 1468 1420 prehendi,
1487 1383 1520 1413 δε
1544 1383 1580 1413 de
1599 1394 1654 1422 eo,
1670 1384 1750 1422 quod
1772 1384 1841 1414 inde
1853 1384 1968 1423 fecerit,
1989 1383 2124 1421 Regem,
2143 1393 2191 1421 pet
2207 1389 2262 1414 luas
2277 1386 2379 1422 literam,

1316 1420 1409 1451 reddat
1425 1420 1558 1451 distinete
1573 1422 1607 1452 ὅ(
1622 1424 1716 1460 aperte
1732 1424 1901 1462 certiorem,
1919 1422 2052 1462 quotiens
2065 1423 2164 1453 viderit
2176 1423 2315 1461 expedire.

1354 1458 1445 1491 Teste
1465 1459 1551 1497 Rege
1565 1470 1596 1491 ut
1610 1460 1697 1502 supra.

2009 1501 2062 1530 Per
2076 1498 2158 1539 ipsiaem
2170 1501 2276 1537 Regem.

1354 1573 1469 1604 Eodem
1484 1575 1575 1605 modo
1593 1576 1757 1607 mandatum
1772 1576 1813 1607 est
1827 1576 1944 1616 praefato
1961 1575 2092 1608 Griffino
2106 1576 2155 1615 Ap
2170 1576 2239 1607 Res.

1352 1611 1443 1643 Teste
1457 1612 1541 1653 Rege
1555 1622 1584 1645 ut
1598 1615 1685 1654 supra.

1983 1655 2036 1683 Per
2051 1653 2132 1692 ipsitm
2149 1656 2252 1692 Regem.

1451 1776 1478 1803 ἢ*
1497 1780 1546 1812 De
1570 1778 1764 1821 intendendo,
1793 1783 1825 1811 in
1849 1782 1979 1825 captione
1992 1779 2110 1825 praefizti
2132 1781 2251 1826 Rogeri.
2404 1781 2423 1803 ’¹⁸
2440 1783 2491 1810 IV.
2510 1791 2537 1817 9.

1324 1862 1478 1917 REX,
1495 1863 1602 1894 dilectis
1624 1865 1658 1896 ες
1680 1864 1807 1895 fideiibus
1822 1865 1874 1895 suis
1911 1863 2092 1903 comitibus,
2113 1863 2270 1895 Baronibus
2304 1863 2384 1894 Miir-
2408 1856 2535 1888 Arm-D·

1323 1939 1328 1944 ¹
1402 1903 1494 1945 tibus,
1513 1903 1545 1933 &
1565 1904 1698 1933 omnibus
1723 1904 1797 1941 aliis,
1816 1904 1853 1933 de
1867 1887 1973 1942 [Zegno
1988 1903 2021 1933 &
2037 1902 2178 1934 Potestate
2193 1888 2307 1942 nostrci,
2327 1905 2386 1934 tam
2427 1904 2510 1936 1323·

1320 1938 1391 1969 infra
1406 1940 1557 1979 libertates,
1575 1943 1660 1981 quiim
1675 1952 1768 1979 exrra,
1787 1942 1820 1972 ad
1836 1952 1926 1982 quos,
1942 1942 2003 1972 ὅςε-
2018 1942 2142 1972 salutem.
2404 1939 2459 1962 An.
2477 1945 2519 1971 ι7·
2547 1950 2549 1953 ’

1361 1979 1438 2017 Qiia
1452 1979 1586 2017 Rogerus
1601 1980 1637 2011 de
1652 1980 1775 2011 Mortuo
1790 1980 1868 2012 Mari
1881 1980 1917 2011 de
1931 1980 1973 2011 W
1993 1989 2110 2019 gemor,
2127 1979 2263 2012 Inimicus
2277 1980 2311 2011 &
2327 1980 2387 2011 Re-
2406 1977 2436 2001 Ε·
2457 1984 2484 2000 2·

1322 2016 1401 2047 bellis
1413 2018 1522 2056 noster,
1543 2017 1602 2052 &a
1616 2018 1738 2058 utfitpra
1752 2019 1791 2058 uſs
1799 2030 1830 2049 ue
1843 2018 1900 2049 haec
1912 2029 1963 2049 ver
1983 2030 2017 2057 a,
2034 2022 2096 2049 viz.
2405 2016 2462 2040 Pat.
2481 2020 2524 2047 ¹7·

1358 2055 1405 2086 Ac
1427 2056 1605 2096 tranquilitati
1623 2057 1656 2087 &
1675 2059 1761 2097 quieti
1781 2030 1886 2097 {opali
1905 2057 2012 2095 nostri,
2030 2059 2078 2096 qui
2098 2067 2147 2095 per
2160 2056 2272 2088 dicrum
2287 2056 2386 2089 Inimi-
2406 2053 2438 2078 E.
2459 2060 2486 2077 ²·

1323 2103 1393 2123 cum
1406 2094 1554 2133 nostrum,
1573 2096 1607 2126 &
1621 2095 1673 2126 fibi
1688 2096 1890 2134 Adhaerentes,
1908 2096 1927 2126 fi
1941 2097 1990 2136 qui
2005 2095 2073 2135 fint,
2087 2096 2167 2134 quod
2181 2097 2263 2134 abiit,
2281 2097 2386 2127 turbari
2404 2095 2430 2125 P·
2455 2098 2478 2116 ¹·

1323 2133 1436 2163 forsitan
1450 2142 1600 2171 poterunt,
1617 2135 1768 2174 providere
1780 2135 1921 2173 volentes,
2405 2136 2443 2155 m·
2463 2135 2505 2162 ι7’

1362 2172 1567 2211 Affignavimus
1574 2172 1712 2203 dilectum
1728 2175 1761 2204 &
1776 2174 1887 2204 fidelem
1895 2172 2024 2204 nostrum
2035 2172 2213 2212 ,Hugonem
2225 2172 2251 2203 le
2259 2172 2389 2213 Despen-

1323 2209 1380 2248 ser,
1399 2211 1550 2242 Comitem
1572 2211 1761 2251 Wyntoniae,
1777 2213 1813 2243 ad
1835 2212 2006 2250 praediCtum
2025 2211 2196 2250 Rogerum,
2216 2212 2249 2243 &
2265 2212 2314 2242 fibi
2328 2213 2390 2244 Ad-

1324 2248 1478 2287 haerenres,
1498 2250 1517 2280 fi
1537 2251 1586 2287 qui
1602 2250 1721 2289 fuerint,
1739 2251 1914 2289 ubicumque
1929 2250 2000 2288 ipsos
2015 2251 2085 2281 infra
2100 2250 2239 2290 Regnum
2255 2251 2288 2282 &
2305 2251 2391 2282 Pote-

1325 2287 1424 2318 statem
1448 2289 1601 2326 praedicta,
1626 2289 1683 2319 five
1704 2291 1807 2320 fuerint
1829 2289 1900 2320 infra
1922 2289 2099 2327 Libertates,
2118 2289 2175 2320 five
2197 2299 2290 2328 exrra,
2315 2289 2391 2321 Inse-

1324 2327 1490 2393 quendum,
1508 2327 1717 2367 Arestandum,
1736 2329 1769 2360 ὃς
1794 2327 1991 2366 capiendum,
2008 2328 2042 2358 &
2064 2326 2135 2365 ipsos
2155 2328 2185 2357 in
2204 2327 2324 2359 Prisonis
2338 2339 2391 2360 no·

1352 2365 1405 2403 ris,
1423 2375 1473 2405 per
1493 2365 1686 2396 Vicecomites
1705 2367 1814 2397 nostros
1823 2386 1837 2406 ,-
1853 2368 1883 2397 in
1894 2376 2016 2406 quorum
2031 2365 2139 2396 Ballivis
2153 2366 2226 2404 ipsos
2240 2369 2304 2405 capi
2320 2378 2392 2398 cori—

1325 2404 1434 2443 tigerit,
1449 2404 1526 2435 salvo
1547 2404 1684 2435 custodiri
1694 2405 1873 2444 faciendum,
1893 2405 2039 2444 quousque
2052 2404 2126 2435 aliud
2141 2404 2220 2443 super
2233 2405 2291 2436 hoc
2306 2406 2395 2437 duxe-

1326 2443 1413 2472 rimus
1431 2442 1660 2473 demandandum
1677 2453 1683 2472 :

1364 2479 1401 2511 Et
1423 2482 1491 2512 ideo
1507 2482 1606 2520 vobis,
1623 2481 1761 2512 omnibus
1776 2481 1809 2512 &
1825 2481 1952 2521 singulis,
1969 2481 2154 2522 mandamus,
2171 2480 2288 2513 firmiter
2303 2483 2395 2521 injun-

1326 2528 1437 2560 gentes,
1455 2520 1505 2550 sub
1527 2520 1703 2551 forisfactura
1724 2521 1873 2558 omnium,
1891 2531 1955 2559 quae
1977 2521 2061 2551 nobis
2081 2521 2239 2551 forisfacere
2254 2524 2396 2562 poteritis,

1327 2559 1407 2597 qubd
1438 2559 1532 2589 eidem
1555 2559 1668 2589 Comici
1683 2560 1713 2589 in
1729 2558 1875 2598 praemiffis
1898 2560 1951 2589 sitis
1966 2559 2157 2598 intendentes,
2182 2560 2395 2600 respondentes,

1329 2598 1523 2636 consulentes,
1540 2599 1574 2629 &
1597 2599 1757 2629 auxiliantes
1766 2621 1775 2637 ,
1793 2597 1980 2638 facientesque
1992 2606 2055 2629 toto
2066 2598 2146 2636 posse
2157 2598 2251 2630 vestro
2263 2609 2312 2639 ea,
2330 2609 2395 2640 quae

1329 2636 1406 2667 idem
1423 2635 1533 2667 Comes
1546 2637 1627 2667 vobis
1640 2638 1765 2675 injunget
1778 2646 1812 2667 ex
1825 2646 1901 2675 parte
1912 2636 2016 2668 nostra.

1364 2674 1476 2706 Damus
1495 2683 1589 2706 antem
1610 2676 1706 2706 eidem
1724 2674 1836 2705 Comiti
1859 2675 1971 2713 plenam
1995 2674 2170 2706 Potestatem
2192 2684 2292 2706 omnes
2311 2676 2396 2716 illas,

1329 2724 1400 2752 quos
1414 2715 1444 2744 in
1458 2714 1510 2744 hac
1524 2722 1600 2754 parte
1614 2715 1752 2745 invenerit
1766 2715 1923 2745 contrarios
1936 2724 1983 2744 aut
1997 2714 2146 2752 Rebelles,
2161 2723 2211 2751 per
2222 2714 2395 2752 Captionem

1330 2754 1364 2784 δε
1384 2752 1641 2784 Incarcerationem
1660 2751 1825 2790 Corporum
1841 2753 1975 2791 suorum,
1993 2754 2026 2784 &
2077 2762 2089 2781 r
2103 2751 2277 2792 Captionem
2291 2752 2397 2785 Terra-

1329 2801 1412 2829 rum,
1437 2793 1471 2823 ὃς
1493 2792 1759 2830 Tenementorum,
1782 2790 1946 2829 Bonorum,
1969 2791 2004 2822 &
2053 2790 2204 2822 atallorum
2226 2792 2254 2821 in
2278 2801 2395 2824 manum

1329 2830 1454 2861 nostram
1464 2853 1473 2869 ,
1489 2830 1631 2870 puniendi.

1367 2869 1401 2900 In
1415 2870 1507 2907 cujus,
1527 2870 1586 2899 &o

1404 2907 1494 2938 Teste
1507 2906 1591 2946 Rege
1602 2906 1677 2945 apud
1690 2905 1832 2946 Pykering
1839 2929 1851 2945 ,
1868 2905 1988 2937 decimo
1999 2905 2045 2936 die
2063 2905 2194 2946 Augusti.

1970 2985 2024 3013 Per
2039 2982 2121 3022 ipfitm
2135 2985 2240 3021 Regem.

1530 3120 1580 3152 De
1608 3116 1729 3161 Custode
1746 3118 1848 3164 Infitlae
1867 3119 2001 3153 Oleronis
2018 3117 2197 3166 affignana'o-

1335 3204 1427 3264 RE
1437 3205 1486 3244 X,
1504 3204 1635 3235 universis
1648 3204 1681 3235 δε
1697 3204 1823 3244 singulis,
1841 3204 1875 3235 ad
1891 3215 1976 3243 quos,
1995 3205 2054 3235 &e
2068 3203 2190 3245 salutem,
2415 3212 2490 3243 Ann·
2506 3212 2550 3244 D·

1450 3244 1586 3275 Volentes
1606 3242 1754 3274 Custodiae
1771 3244 1875 3274 debitae
1888 3246 1920 3275 ὃ(
1933 3243 2079 3282 Regimini
2093 3241 2191 3272 lniulae
2205 3241 2308 3272 nostrae
2323 3241 2394 3272 Ole—
2427 3261 2519 3292 ,1323-

1332 3285 1425 3322 tonis,
1441 3284 1501 3322 jam
1515 3281 1646 3313 Custode
1659 3284 1792 3320 carentis,
1810 3282 1964 3319 provideri:
1984 3291 2016 3311 ac
2032 3280 2068 3311 de
2081 3279 2210 3312 fidelitate
2224 3281 2256 3311 &
2271 3282 2393 3311 circum·
2413 3294 2466 3318 An.
2488 3301 2496 3317 1
2506 3301 2533 3326 7,

1335 3323 1478 3364 spectione
1498 3320 1613 3360 provida
1628 3321 1793 3351 venerabilis
1806 3321 1909 3359 Patris,
1921 3320 1947 3358 J.
1963 3319 2076 3350 Elienfis
2089 3319 2114 3350 E
2137 3319 2225 3357 iscopi
2239 3322 2344 3358 (quem
2359 3317 2391 3348 ad
2414 3333 2442 3357 E.
2461 3338 2486 3354 2-

1335 3372 1422 3402 partes
1436 3359 1567 3392 Ducatus
1582 3359 1668 3390 nostri
1682 3360 1828 3399 praediffi,
1847 3368 1899 3397 pro
1913 3359 2048 3399 Negotiis
2066 3363 2117 3388 noi
2133 3359 2165 3388 ris
2178 3357 2286 3387 ibidem
2301 3356 2394 3394 prose·
2414 3367 2480 3402 mss,
2493 3375 2534 3400 ¹7·

1336 3400 1453 3442 quendis
1466 3401 1498 3432 &
1511 3398 1660 3437 dirigendis
1696 3408 1785 3436 nuper
1798 3397 2014 3432 destinavimus)
2034 3397 2142 3437 plenius
2155 3395 2345 3433 confidentes,
2417 3409 2446 3432 E⁴
2466 3414 2492 3430 2,

1374 3438 1540 3480 Deputandi
1561 3438 1593 3468 &
1617 3421 1796 3474 Affignandi,
1813 3446 1861 3474 per
1881 3436 1986 3466 Literas
1997 3435 2053 3465 suas
2068 3434 2212 3478 Parentes,
2232 3433 2330 3477 nostro
2343 3443 2397 3478 no·-
2418 3453 2453 3471 m·
2470 3443 2498 3471 3,

1338 3480 1434 3518 mine,
1452 3475 1613 3508 Custodem
1636 3473 1734 3505 Insulae
1756 3475 1916 3512 praedistae,
1933 3473 2067 3513 quamdiu
2089 3473 2170 3503 nobis
2193 3473 2343 3509 placuerit,
2361 3482 2401 3502 ei-

1339 3518 1405 3548 dem
1425 3516 1569 3557 Episcopo
1583 3514 1715 3552 plenam,
1733 3522 1832 3544 tenore
1848 3513 2042 3551 praesentium,
2061 3510 2403 3549 committimuspotesta-

1340 3565 1549 3625 tenssdandanoes
1562 3590 1697 3621 omnibus
1711 3590 1745 3620 &
1759 3590 1870 3629 singulis
1883 3588 2007 3620 Subdiris
2019 3586 2119 3630 nostris
2135 3585 2233 3617 Insulae
2248 3587 2403 3626 praedistae,

1342 3636 1376 3666 ὃς
1397 3633 1456 3663 aliis
1478 3639 1601 3670 quorum
1623 3628 1754 3665 interest,
1772 3629 1819 3658 vel
1839 3627 1966 3658 interesse
1986 3633 2109 3663 poterit,
2127 3625 2159 3655 &
2177 3624 2294 3656 firmiter
2309 3626 2404 3663 injun-

1342 3680 1453 3712 gentes,
1469 3669 1549 3710 qubd
1570 3668 1623 3704 illi,
1643 3676 1728 3704 quem
1747 3665 1839 3696 ditius
1857 3666 2030 3703 Episcopus,
2048 3673 2096 3701 per
2113 3663 2220 3706 Literas
2232 3663 2288 3695 suas
2301 3664 2404 3697 Paten-

1342 3721 1381 3741 tes
1417 3710 1516 3740 nostro
1541 3705 1678 3742 nomine,
1697 3704 1730 3734 ad
1753 3702 1922 3734 Custodiam
1943 3702 2041 3733 Insulae
2057 3701 2200 3739 praedietae
2215 3703 2407 3742 deputaverit,

1342 3734 1477 3786 taniiuam
1492 3745 1615 3776 Custodi
1627 3742 1725 3772 nostro
1740 3740 1838 3771 Insulae
1851 3741 1996 3781 praedidtae
2008 3742 2037 3770 in
2050 3741 2200 3779 omnibus,
2214 3751 2278 3778 qua:
2291 3741 2326 3772 ad
2343 3741 2405 3773 Cn.

1343 3788 1465 3818 stodiam
1487 3784 1587 3815 Insulae
1610 3781 1682 3811 illius
1706 3781 1862 3818 pertinent,
1878 3778 2051 3810 intendentes
2074 3778 2125 3808 sint
2146 3779 2179 3810 &
2194 3779 2407 3820 respondentes,

1343 3826 1478 3866 quamdiu
1495 3824 1532 3853 sic
1547 3822 1694 3859 deputatus
1709 3816 1859 3849 Custodiae
1873 3817 2022 3848 intenderit
2036 3817 2210 3855 supradiCtae.

1468 3864 1472 3867 “
1493 3872 1505 3891 s
1537 3860 1597 3889 &c.

1378 3864 1411 3895 In
1418 3873 1492 3933 §tantu
1501 3885 1572 3937 a⁷pud
1588 3895 1746 3935 Pykering,
1763 3893 1880 3925 decimo
1893 3894 1970 3925 sexto
1983 3894 2029 3925 die
2042 3893 2169 3934 Augusti.

1476 3977 1529 4008 Per
1544 3973 1627 4014 ipfizm
1643 3975 1756 4012 Regem,
1774 3974 1919 4003 nunciante
1934 3970 2069 4011 Magistro
2082 3970 2197 4003 Roherto
2208 3971 2241 4018 d?
2253 3971 2369 4005 Baldok.

1879 4047 1907 4081 L
2353 4046 2408 4080 Ad
