2562 4279
54 287 131 321 Anu.
145 283 187 316 D.

56 332 174 401 Εὖὶῒζ.

100 2723 234 2761 *V·394·

101 2857 178 2889 Ann.
194 2856 235 2887 D.

132 2904 218 2935 1343·

100 2938 154 2962 An.
176 2943 220 2968 17.

102 2978 135 3000 E.
157 2981 183 3008 3.

101 3015 173 3038 Rom.
194 3018 222 3045 17

101 3053 130 3076 F..
147 3058 172 3085 3.
198 3057 235 3076 m.

745 204 859 247 ET
941 206 1204 249 ACTA
1285 205 1755 252 PUBLICA.

206 286 289 332 eisin
311 288 362 331 illis
383 290 520 329 panibus3
536 288 693 331 generales,
709 290 796 323 dietae
815 291 911 331 Sedis,
929 292 975 323 vel
998 293 1172 332 Legatorum
1194 293 1266 331 ejus,

207 325 324 358 Litteras
335 330 527 368 impetrarint,

244 364 337 396 Etiam
349 367 369 397 si
381 377 430 405 per
444 378 488 399 eas
502 367 536 399 ad
550 367 769 407 Inhibitionem‚
786 368 1016 400 Reservationem
1024 392 1035 408 ,
1052 370 1085 400 &
1100 368 1266 406 Decretum,

206 404 253 436 vel
267 404 329 434 alias
344 406 558 443 quomodolibet
573 406 604 436 sit
616 405 781 437 Proceffum
791 430 800 445 ,

246 443 360 481 Qibus
380 446 514 475 omnibus
527 467 536 483 ,
562 453 747 483 praeterquam
768 446 943 476 Auitoritate
959 444 1070 482 nostra,
1089 445 1118 475 in
1141 444 1270 475 Ecclesia

208 481 266 519 ipsa
281 482 414 521 receptis,
431 483 477 513 vel
491 482 655 513 Praebendas
665 492 699 513 ex
718 484 872 513 eetantibus
885 485 915 512 in
930 483 1045 521 eadem,
1064 483 1208 520 praefatum
1219 483 1269 522 Jo-

209 517 332 551 hannem
345 522 372 549 in
388 521 468 558 ipsius
481 520 635 551 Prebendae
649 521 675 551 A
700 522 829 552 ecutione
841 520 977 551 voluimus
992 523 1116 551 anteierri
1125 545 1134 559 ,

246 557 302 587 Sed
319 558 424 589 nullum
441 570 489 597 per
504 560 562 589 hoc
577 560 631 597 eis,
649 559 742 597 quoad
764 558 975 589 Affecutionem
998 558 1215 590 Praebendarum
1236 558 1270 589 &

209 595 420 628 Beneficiorum
434 598 568 635 aliorum,
586 598 781 636 praejudicium
796 597 938 635 generari,

249 633 303 664 Seu
320 634 339 663 fi
353 634 475 674 eisdem,
494 636 636 674 Epiicopo
650 636 683 665 ὃ(
699 634 847 673 Capitulo,
866 635 909 665 vel
931 635 1070 673 quibusvis
1092 635 1165 674 aliis,
1190 644 1273 666 corn-

214 673 354 710 rnuniter,
370 673 414 702 vel
432 673 560 713 divisim,
581 675 617 703 ab
631 673 727 703 eadem
743 673 775 702 iit
791 672 862 703 Sede
884 673 1039 713 indultum,
1056 674 1136 712 quod
1158 674 1192 703 ad
1216 673 1275 703 Re-

214 710 396 749 ceptionem,
414 711 459 742 vel
474 711 671 743 Provisionem
686 711 814 749 alicujus,
833 713 956 742 minime
970 721 1132 751 teneantur,
1150 712 1183 742 ὃς
1197 711 1231 742 ad
1245 711 1274 741 id

213 748 350 785 ‘compelli
362 759 425 779 non
439 750 558 788 poffint,

254 786 400 828 Qodque
413 788 449 818 de
464 787 683 818 Canonicatibus
697 787 729 818 &
745 786 903 818 Praebendis
918 789 996 826 ipsius
1003 787 1153 826 Ecclesiae,
1167 788 1278 825 aliisque

215 824 362 856 Beneficiis
377 826 592 863 Ecclesiasticis,
610 825 758 862 adleorum
774 826 984 864 Collationem,
1003 826 1215 864 Provisionem,
1233 826 1278 856 seu

217 865 348 901 quamvis
361 864 442 895 aliam
459 864 689 904 Dispositionem,
705 865 883 902 conjunetim
893 887 903 902 ,
919 865 963 894 vel
970 865 1140 902 separaratim
1154 864 1279 902 spectan-

218 904 309 941 tibus,
328 902 394 931 nulli
408 903 494 932 valeat
509 901 650 939 provideri
666 912 713 939 per
729 903 844 933 Litteras
859 902 1052 941 Apostolicas,
1070 913 1128 933 non
1151 902 1282 933 facientes

219 940 332 978 plenam
346 941 379 970 &
393 939 562 978 expressam,
583 949 616 970 ac
637 940 672 970 de
687 941 777 972 verbo
791 941 825 972 ad
847 942 984 979 verbum,
1001 941 1037 972 de
1059 941 1170 971 Indulto
1193 940 1282 979 hujus-

220 978 298 1009 modi
314 979 504 1016 mentionem,

259 1016 296 1046 Et
311 1015 432 1054 qualibet
448 1016 499 1046 alia
519 1016 605 1046 dista:
628 1016 706 1047 Sedis
727 1017 905 1055 Indulgentia
928 1017 1067 1056 generali,
1086 1016 1131 1047 vel
1154 1016 1262 1055 speciali

222 1053 410 1092 cujuscunque
426 1055 528 1084 tenoris
540 1055 652 1093 existat,
671 1066 718 1093 per
732 1067 815 1094 quam
825 1079 834 1094 ,
853 1055 954 1086 nostris
973 1056 1083 1086 Litteris
1103 1066 1163 1085 non
1177 1065 1259 1093 expre
1271 1073 1284 1078 -

220 1092 279 1122 {arn
289 1114 299 1129 ,
316 1092 361 1122 vel
376 1093 495 1123 totaliter
511 1103 570 1123 non
586 1092 730 1132 insertam,
748 1094 864 1124 effec'tus
879 1094 1036 1133 hujusmodi
1058 1093 1162 1124 nostrae
1178 1092 1285 1124 Gratiae

222 1130 353 1167 impediri
369 1131 454 1162 valeat
475 1131 709 1171 quomodolibet,
728 1132 773 1162 vel
796 1131 918 1171 differri,
936 1134 969 1163 &
991 1133 1027 1163 de
1048 1132 1104 1172 qua
1119 1155 1129 1170 ,
1155 1132 1285 1169 cujusque

224 1175 287 1236 tog?
309 1176 403 1200 tenore
417 1192 428 1208 ,
453 1169 580 1200 habenda
611 1169 643 1200 fit
663 1171 693 1200 in
710 1170 814 1201 eisdem
836 1170 938 1200 nostris
959 1170 1071 1201 Litteris
1095 1171 1203 1200 mentio
1224 1171 1285 1208 spe-

223 1216 252 1236 ci
281 1216 302 1236 is

263 1230 320 1275 Au}
334 1245 353 1276 fi
369 1246 461 1278 dietus
471 1246 611 1286 Johannes
645 1245 739 1277 raesens
754 1257 814 1277 non
826 1246 909 1278 fuerit
931 1247 965 1277 ad
979 1246 1165 1284 praestandum
1180 1247 1216 1278 de
1232 1248 1286 1278 ob-

224 1283 359 1315 servandis
373 1285 484 1316 Statutis
497 1287 531 1317 &
544 1284 610 1315 Con
624 1285 798 1315 uetudinibus
813 1286 934 1323 ejusdem
957 1285 1088 1315 Ecclesiae
1109 1285 1217 1316 solitum
1237 1287 1288 1325 Ju-

227 1331 403 1361 ramentum,
421 1323 583 1354 dummodo
599 1325 627 1353 in
642 1322 763 1353 absentia
776 1323 822 1354 sua
837 1334 885 1361 per
901 1323 1114 1354 Procuratorem
1127 1325 1288 1364 ydoneum,

223 1361 276 1399 &,
294 1362 365 1392 cum
380 1362 414 1392 ad
429 1361 585 1392 Ecclesiam
597 1360 756 1400 accefferit,
775 1362 954 1399 corporaliter
970 1362 1037 1392 illud
1054 1362 1180 1400 praestet,

264 1399 318 1430 Seu
333 1401 408 1438 quod
425 1399 633 1430 Canonicatum
643 1422 652 1437 ,
668 1399 718 1429 sub
738 1400 930 1437 expediatione
945 1400 1126 1437 Praebendae,
1145 1402 1174 1430 in
1189 1400 1290 1431 Eccle-

226 1436 265 1467 sia
287 1437 429 1470 Affavensr
444 1461 454 1478 ,
480 1439 657 1469 Auetoritate
679 1437 849 1469 Litterarum
871 1438 1045 1477 nostrarum,
1072 1439 1194 1469 noscitur
1214 1440 1290 1470 obti-

224 1485 308 1506 nere·

265 1500 412 1553 Quocirca
427 1514 595 1546 Discretioni
617 1514 714 1546 vestrae
736 1526 785 1554 per
808 1515 972 1554 Apostolica
991 1516 1089 1553 scripta
1110 1515 1292 1554 mandamus,

248 1555 352 1584 uatinus
367 1553 446 1592 Vos,
463 1554 507 1584 vel
522 1554 610 1592 Duo,
626 1562 671 1584 aut
694 1553 781 1585 Unus
795 1553 921 1585 vestrum
932 1578 942 1593 ,
961 1565 1008 1592 per
1031 1555 1105 1592 Vos,
1124 1554 1169 1584 vel
1188 1554 1272 1584 alium
1283 1577 1293 1592 ,

226 1563 273 1623 {a
288 1592 372 1630 alios,
390 1592 512 1623 eundem
523 1592 702 1631 johannem,
721 1593 765 1623 vel
780 1592 993 1624 Procuratorem
1007 1593 1084 1623 suum
1094 1615 1103 1630 ,
1122 1594 1176 1630 ejus
1198 1593 1293 1622 nomi-

227 1640 284 1668 ne,
300 1640 411 1661 exnunc
429 1631 600 1661 Austoritate
614 1629 709 1660 nostra
732 1632 762 1660 in
782 1631 858 1663 dieta
882 1631 1006 1662 Ecclesia
1030 1630 1199 1668 Bangorenfi
1220 1631 1293 1660 reci-

227 1669 259 1706 pi
271 1668 403 1700 facientes
422 1670 451 1700 in
466 1668 647 1699 Canonicum
670 1669 703 1699 &
716 1670 746 1698 in
763 1668 883 1700 Fratrem
893 1692 903 1708 ,
920 1669 1004 1699 Stallo
1018 1669 1068 1698 fibi
1083 1670 1112 1698 in
1125 1668 1244 1706 Clioro,
1260 1669 1293 1698 δε

228 1708 296 1738 loco
311 1709 341 1737 in
355 1707 490 1745 Capitulo
506 1707 586 1745 ipsius
600 1706 752 1745 Ecclesiae,
771 1717 837 1738 cum
860 1707 1030 1745 plenitudine
1048 1707 1120 1745 Juris
1135 1705 1295 1745 Canonici,

227 1745 386 1784 affignatis,
403 1745 560 1783 hujusmodi
577 1745 782 1784 Praebendam,
799 1756 847 1783 per
862 1756 930 1784 nos,
949 1754 978 1775 ut
991 1746 1184 1786 praemittitur,
1202 1746 1230 1774 in
1251 1755 1296 1775 ea-

229 1783 298 1814 dem
313 1784 481 1821 Bangorensi
496 1782 622 1814 Ecclesia⁴
636 1783 816 1821 reservatam,
833 1784 852 1813 fi
866 1792 996 1821 tempore
1015 1783 1175 1821 hujuirnodi
1196 1784 1296 1814 nostrae

229 1821 439 1853 Reservationis
464 1823 494 1852 in
510 1822 590 1852 didi&
604 1821 729 1852 Ecclesia
745 1822 862 1852 vacabat
877 1845 886 1860 ,
911 1822 955 1852 vel
977 1830 1082 1852 extunc
1106 1822 1234 1859 vacavit,
1251 1830 1297 1852 aut

253 1862 444 1898 uamprimiim
458 1861 535 1890 illam
557 1860 629 1889 inibi
643 1869 742 1890 vacare
759 1860 928 1899 contigerit,
945 1859 1062 1897 praefato
1080 1859 1218 1897 johanni,
1236 1859 1298 1897 post

259 1900 466 1937 cceptationem
481 1897 665 1936 hujusmodi,
691 1907 758 1928 cum
781 1899 913 1928 omnibus
941 1898 1053 1936 Juribus
1076 1899 1109 1928 δε
1128 1899 1299 1935 pertinentiis

228 1936 299 1976 suis,
315 1937 489 1968 Auctoritare
504 1934 640 1974 praedieta
655 1935 783 1967 conferre
798 1937 832 1966 &
846 1935 976 1975 assignare
992 1937 1110 1975 curetis,

267 1975 434 2005 Inducentes
448 1984 512 2005 eum
522 1997 532 2012 ,
556 1974 600 2004 vel
615 1973 827 2004 Procuratorem
843 1974 921 2004 suum
940 1974 1107 2012 praedictum
1123 1984 1174 2012 pro
1189 1985 1241 2014 eo,
1269 1976 1299 2005 in

230 2013 421 2051 Corporalem
443 2012 648 2043 Posseffionem
672 2012 831 2050 hujusmodi
852 2012 1036 2051 Praebendae,
1059 2023 1093 2043 ac
1113 2013 1242 2052 Jurium,
1267 2014 1300 2044 &

231 2051 438 2082 Pertinentium
453 2051 526 2088 ejus,
545 2051 579 2080 ὅ(
599 2049 777 2081 defendentes
798 2050 971 2090 Induifflm,
991 2051 1095 2089 sibique
1116 2052 1248 2082 facientes
1266 2052 1303 2083 de

233 2090 357 2127 ipsorum
380 2087 572 2119 Canonicatfis
594 2089 627 2119 &
649 2088 812 2119 Praebendae
836 2089 998 2128 Fructibus,
1027 2089 1213 2128 Redditibus,
1230 2090 1302 2121 Pro-

232 2128 379 2166 ventibus,
392 2127 505 2165 Juribus
517 2128 550 2158 &
569 2126 798 2158 Obventionibus
813 2128 942 2158 univer-fis
951 2151 960 2166 ,
978 2129 1088 2165 integre
1100 2128 1271 2166 responderi:

274 2166 348 2197 Non
370 2165 540 2196 obstantibus
559 2167 692 2196 omnibus
717 2166 894 2204 supradietis,
918 2166 963 2198 seu
986 2167 1006 2197 fi
1027 2167 1146 2205 eisdem,
1164 2167 1306 2206 Episcopo

237 2207 273 2238 δι
287 2204 420 2242 Capitulo
443 2203 488 2234 vel
507 2203 647 2242 quibusvis
664 2204 740 2242 aliis,
758 2206 932 2242 comuniter,
949 2204 995 2236 vel
1013 2205 1142 2242 divisim,
1159 2206 1194 2236 ab
1209 2206 1308 2236 eadem

239 2244 272 2275 fit
287 2243 360 2274 Sede
373 2242 528 2281 indultum,
544 2242 625 2281 quod
648 2241 799 2281 Interdici,
817 2243 967 2282 Suspendi,
988 2243 1034 2274 vel
1056 2243 1309 2275 Excommunicari

237 2292 299 2314 non
315 2280 416 2319 poffint
431 2291 478 2319 per
493 2280 610 2311 Litteras
627 2280 821 2320 Apostolicas,
838 2292 896 2312 non
923 2282 1057 2312 facientes
1079 2282 1190 2320 plenam
1211 2283 1244 2313 &
1262 2293 1311 2313 ex-

237 2319 378 2360 pressam,
397 2329 430 2350 ac
445 2319 480 2349 de
496 2320 585 2350 verbo
608 2319 642 2349 ad
663 2320 801 2358 verbum,
821 2319 856 2350 de
876 2320 988 2351 Indulto
1011 2320 1169 2358 hujusmodi
1190 2323 1312 2351 mentio-

241 2369 311 2390 nem
328 2357 592 2426 3ῑΟοιὲῑῑειάἰᾶοτεε
613 2357 788 2388 Αυθεοῐίῑειῐε
809 2358 921 2397 nostra,
946 2358 1120 2397 Apellatione
1143 2358 1311 2399 postposita,

241 2407 350 2435 compe
362 2406 416 2427 cen
437 2406 466 2426 o.

281 2435 349 2504 Dgt.
377 2435 514 2468 Avinion.
536 2435 575 2465 xri
591 2433 658 2465 Kal.
675 2433 832 2466 Decembr.
860 2434 1044 2466 Pontificatsis
1067 2435 1155 2466 nostri
1176 2446 1250 2467 anno
1271 2435 1316 2467 se-

252 2484 308 2505 cun
329 2484 358 2505 ο.

404 2514 438 2541 R.
459 2515 538 2543 Boer.
1045 2512 1159 2542 Lambt.

890 2589 943 2620 Sub
960 2587 1016 2630 filis
1034 2587 1214 2620 cannabaceis.

250 2715 332 2750 *Ad
353 2719 488 2761 Papam,
511 2714 548 2748 de
568 2715 726 2756 Termino,
751 2713 795 2746 ad
814 2714 1022 2748 Traflandum
1047 2715 1083 2748 de
1101 2719 1196 2756 Pace,
1218 2725 1321 2761 proro-

346 2775 439 2810 gato:
463 2762 501 2795 de
522 2764 642 2808 Treuga
665 2762 800 2800 violata‚·
824 2766 860 2800 ᾤ’
885 2772 988 2795 contra
1011 2765 1202 2808 Prcvg'fiones.

294 2847 405 2881 APAE
425 2846 490 2877 Rex
525 2847 586 2877 &c.

253 2851 290 2906 P
347 2870 582 2924 Receptis,'cum
598 2885 682 2914 omni
696 2883 884 2922 Reverentia,
901 2884 1058 2916 Sanfflratis
1080 2886 1180 2917 vestrae
1207 2886 1322 2925 Literis,

253 2934 317 2964 per,
334 2925 471 2955 dile&um
484 2923 631 2953 Clericum
645 2922 789 2960 nostrum,
808 2922 979 2960 Magistrum
993 2923 1139 2955 Andream
1154 2926 1190 2956 de
1205 2925 1322 2964 Offord,

254 2965 338 2995 nobis
356 2962 459 3001 miffis,
476 2962 554 3000 super
568 2962 710 2992 contentis
731 2962 761 2990 in
782 2961 821 2991 eis
842 2961 1069 2992 deliberationem
1091 2963 1238 2994 habuimus
1260 2964 1323 2994 dili-

272 3011 376 3033 entem.

253 3011 272 3042 g
290 3040 327 3072 Et
350 3041 414 3079 quia
435 3039 584 3070 Traeiatus
608 3037 709 3076 Pacis,
735 3038 804 3068 inter
832 3037 900 3068 Nos
922 3038 955 3068 δε
973 3038 1170 3070 Adversarium
1194 3040 1323 3071 nostrum

253 3079 396 3117 Franciae,
411 3078 487 3116 juxta
500 3078 622 3108 formam
644 3076 770 3112 Treugae
792 3075 915 3113 flendus,
932 3085 1030 3106 coram
1052 3079 1133 3108 vobis
1153 3088 1213 3108 non
1233 3079 1323 3116 potest

252 3119 324 3149 infra
344 3117 483 3148 Statutum
497 3116 686 3152 Terminum,
705 3114 853 3152 videlicet,
872 3114 974 3145 instans
995 3115 1108 3146 Festum
1126 3116 1235 3146 Natalis
1259 3117 1324 3147 Do-

254 3157 343 3193 mini,
360 3153 518 3186 commode
543 3154 700 3190 terminari,
718 3152 752 3183 ad
772 3152 855 3183 vestri
875 3152 1076 3183 Reverentiam
1100 3154 1133 3184 &
1156 3153 1325 3193 Rogatutn,

252 3194 365 3225 di&um
380 3192 534 3223 Tractandi
550 3192 722 3222 Terminum
732 3214 741 3229 ,
759 3191 843 3229 usque
857 3191 891 3221 ad
907 3201 995 3222 unum
1008 3192 1127 3222 Annum
1143 3194 1323 3232 continuum,

252 3239 390 3271 quantum
404 3230 438 3260 ad
454 3230 519 3261 Nos
531 3232 629 3261 attinet
638 3253 647 3268 ,
664 3229 794 3260 duximus
808 3229 1036 3267 Prorogandum,

291 3270 345 3308 Et,
360 3268 410 3299 sub
427 3268 557 3299 Bonitatis
570 3270 603 3299 δε
618 3268 808 3298 Κεᾶὶίωάἰηίε
823 3267 921 3298 vestrae
937 3267 1056 3307 fiducia,
1073 3268 1229 3308 solempnes
1236 3269 1325 3301 Nun-

254 3310 316 3341 cios
334 3306 487 3344 (videlicet)
505 3306 622 3337 dilectos
640 3307 674 3337 &
688 3305 781 3337 fideles
793 3305 922 3345 nostros,

289 3387 436 3415 Henricum
453 3382 486 3412 de
501 3381 685 3422 Lancastrid,
702 3380 928 3421 Confiznguineum
945 3383 1079 3423 nostrum,
1098 3384 1231 3424 Darbiae‚

292 3423 422 3452 Thomam
439 3420 471 3450 de
490 3420 566 3450 Bello
585 3425 699 3458 Campo,
718 3423 881 3460 Wrwicae,

291 3460 439 3491 Robertum
455 3459 488 3488 de
504 3458 615 3498 Uffbrd,
633 3457 761 3497 Suffblciae
769 3482 778 3497 ‚

296 3497 475 3566 lVilltglmqm
492 3497 524 3528 de
542 3496 672 3537 Clynton,
692 3497 926 3536 Huntyngdoniae‚

392 3544 507 3566 omites:

297 3572 527 3606 Bartholomaeum
548 3573 579 3602 de
598 3575 657 3602 Bur
673 3571 746 3611 herfh
757 3595 767 3611 ‚

296 3616 340 3644 Et
358 3612 487 3642 &rhomam
505 3612 536 3641 de
556 3583 722 3651 Bradesson,

362 3651 497 3681 Barones:

298 3687 463 3729 Magistros,
482 3685 658 3718 Willielmum
675 3686 708 3716 de
726 3688 875 3725 Norwico,
894 3689 1035 3717 Decanum
1053 3687 1218 3727 Lincolniae,

298 3728 458 3800 ῗοΙπῗὲιηΞίη
475 3727 507 3756 de
524 3724 635 3764 Offird,
649 3724 883 3755 Archidiaconum
900 3725 1053 3766 Elienfi’m,

391 3774 402 3796 t
446 3775 502 3803 ios,

298 3842 420 3882 Propter
440 3842 497 3872 hoc
513 3863 524 3879 ,
549 3849 618 3870 cum
642 3838 779 3870 Potestate
803 3838 976 3879 Sufficienti,
994 3840 1028 3871 ad
1056 3839 1214 3871 sanctitatis
1232 3839 1331 3871 vestrae

265 3881 435 3919 praesentiam
451 3878 624 3917 providimus
638 3877 832 3916 destinandos,

304 3918 382 3956 Qii,
399 3920 427 3949 in
449 3917 557 3955 vigilia
578 3916 634 3946 diei
654 3915 822 3946 Dominicae
842 3916 870 3945 in
893 3914 990 3946 Ramis
1009 3915 1190 3955 palmarum,
1207 3915 1331 3946 instantis

267 3955 514 4024 Qffiidragesimae,
533 3965 581 3993 per
594 3953 655 3984 Dei
667 3955 786 3991 gratiam
797 3976 806 3992 ,
822 3953 887 3984 illuc
904 3962 1002 3991 erunt,

335 3994 388 4024 um
401 4002 494 4025 tamen
510 3994 573 4024 Pars
586 3991 705 4023 Adversa
726 3992 814 4022 dietae
828 3991 1027 4028 Prorogationi
1051 3991 1230 4029 consenserit,
1249 3993 1283 4023 &
1298 3991 1332 4022 il-

268 4033 316 4062 luc
329 4031 364 4063 ad
377 4031 486 4063 dietum
500 4032 671 4064 Terminum
685 4030 745 4061 suos
764 4029 901 4060 solemnes
913 4029 1063 4068 Nuncios,
1079 4040 1149 4061 cum
1173 4030 1332 4061 Sufficienti

267 4068 431 4143 Poiestattel}
438 4070 686 4140 qltgaelflequiritur,
702 4069 811 4102 duxerit
829 4067 1069 4108 uansnfittendos‚
1093 4078 1127 4101 ac
1149 4068 1252 4102 Literae
1273 4068 1334 4100 Im-

329 4118 379 4139 om.
432 4131 437 4137 .
479 4132 486 4140 .
544 4132 551 4140 .

2289 226 2368 268 155

1305 295 1445 325 munitatis
1459 296 1492 326 &
1513 293 1700 335 Condufflrs,
1719 295 1782 326 alias
1794 296 1851 326 tam
1867 304 1914 335 per
1929 295 2109 329 sanctitatem
2125 294 2247 330 vestram

1305 343 1352 370 per
1373 333 1486 363 dietum
1508 333 1698 365 Adversarium
1720 334 1865 372 nostrum,
1883 346 1933 373 pro
1955 336 2078 367 Nunciis
2091 338 2190 368 nostris
2203 339 2237 369 δί
2252 310 2364 375 filingas?
2378 310 2506 346 Ann'D‘

1304 379 1395 401 torum
1418 371 1596 409 nostrorum,
1614 371 1679 402 illuc
1701 373 1857 410 mittendis,
1875 374 1983 410 pridem
1999 374 2099 412 factae,
2116 376 2163 406 sub
2184 376 2282 406 eadem
2302 377 2361 406 for-

1306 409 1353 438 ma
1373 409 1417 438 vel
1440 409 1548 439 meliori
1568 419 1733 441 renoventur
1749 433 1758 448 ,
1782 412 1814 441 &
1838 411 1934 442 Nobis
1952 422 2018 442 cum
2043 415 2179 444 celeritate
2201 415 2363 446 accomodi

1305 446 1534 485 transmittantur,
1551 447 1638 478 saltim
1650 449 1732 487 usque
1746 448 1780 478 ad
1797 448 1882 479 finem
1904 450 2050 487 Prorogati
2064 452 2196 482 Termini
2209 454 2364 492 duraturae,

1307 494 1340 515 ac
1357 484 1392 514 de
1407 487 1549 524 praemiffis
1563 488 1695 516 omnibus
1710 487 1787 517 simul
1803 487 1934 518 fuerimus
1949 489 2047 518 redditi
2063 492 2198 521 certiores.

1344 523 1487 561 Treugam
1501 526 1570 554 vero
1586 525 1750 561 praedic‘tam
1768 525 1899 555 haetenus
1914 526 1988 556 bona
2005 526 2057 557 fide
2078 528 2259 568 servavimus,
2276 539 2310 560 ac
2326 537 2367 560 ω·

1308 571 1373 591 nere
1387 561 1419 591 &
1434 561 1535 592 servare
1551 564 1680 593 volumus
1696 565 1723 592 in
1739 563 1888 601 omnibus,
1915 575 1943 594 ut
1959 565 2109 603 debemus,
2127 568 2178 604 &,
2200 568 2217 597 ii
2234 578 2297 607 quse
2316 578 2364 605 per

1308 597 1416 628 nostros
1428 608 1586 642 attemptata
1598 599 1702 630 fuerint
1717 601 1839 631 indebite
1854 611 1953 638 contra
1965 613 2026 633 eam
2035 626 2045 642 ,
2063 604 2107 634 illa
2121 606 2269 645 faciemus,
2285 614 2366 644 prout

1311 647 1466 676 convenit,
1484 638 1577 668 debite
1593 639 1755 677 reformari,

1349 675 1434 743 EDt'irn
1448 685 1541 706 tamen
1557 686 1615 713 pars
1630 677 1680 706 alia
1695 678 1772 707 idern
1787 677 1884 708 fecerit
1900 680 1962 709 vice
1978 679 2062 710 versa.

1375 722 1401 751 s>

1351 752 1432 782 Cum
1458 751 1545 783 multa
1571 752 1732 789 (praesertim
1757 754 1786 783 in
1813 754 1932 791 partibus
1956 755 2114 793 Britanniae)
2141 766 2239 788 contra
2264 757 2372 789 dietam

1314 788 1482 828 Treugam,
1499 801 1547 828 per
1562 790 1669 821 Gentes
1683 792 1765 828 partis
1779 792 1885 821 alterius
1907 802 2082 833 attemptata,
2100 797 2132 826 ὃς
2157 797 2285 834 quaedam
2302 796 2373 827 Exe-

1317 829 1446 866 crabilia,
1463 830 1548 859 etiam
1570 830 1599 858 in
1621 829 1760 866 praesentia
1778 829 1877 866 Legati
1900 832 1981 861 vestri
2006 834 2068 871 (pro
2093 833 2202 864 meliori
2227 834 2374 864 conserva*

1316 867 1393 896 tione
1409 866 1536 904 Treugae
1551 867 1692 904 praedidiae
1708 867 1772 897 illuc
1787 870 1870 904 miili)
1893 869 1943 899 sint
1963 872 2002 905 (ut
2019 872 2184 909 authvimus)
2210 881 2378 911 perpetrata,

1319 915 1381 942 quae
1397 915 1454 935 non
1468 905 1528 935 sunt
1541 906 1650 943 adhuc,
1663 907 1738 944 quta
1759 907 1845 936 dietae
1858 906 1887 935 T
1890 916 1984 944 reugae
2005 910 2190 948 exigentiam,
2208 911 2376 949 reformata,

1319 943 1447 980 quinimo
1463 944 1590 981 graviora
1605 944 1664 974 sunt
1687 945 1726 982 (ut
1741 943 1852 981 dicitur)
1873 947 2032 984 commata,

1358 981 1467 1012 Placeat
1481 981 1577 1012 vestrae
1593 981 1776 1020 Clementiae,
1795 992 1846 1020 pro
1856 982 2070 1014 Reformatione
2085 986 2121 1015 sic
2133 987 2381 1026 Attemptatorum,

1321 1019 1355 1049 &
1369 1020 1558 1050 observatione
1573 1020 1699 1057 Treugae
1713 1021 1871 1059 praedictae,
1889 1030 1971 1060 penes
1987 1022 2097 1053 Partem
2114 1025 2200 1060 ipissim
2222 1027 2381 1063 interpone-

1323 1067 1353 1088 re
1368 1068 1434 1087 cum
1458 1057 1586 1088 efficacia
1606 1058 1709 1088 sanetae
1729 1058 1911 1089 solicitudinis
1933 1060 2030 1091 vestrae
2054 1071 2154 1100 putes,
2172 1065 2204 1091 0¹:
2222 1073 2288 1099 nos,
2305 1066 2383 1102 juxta

1324 1096 1418 1126 Sacras
1433 1096 1644 1126 Exhortationes
1658 1096 1774 1133 vestras,
1793 1098 1825 1127 ὃς
1835 1099 1879 1135 pia
1895 1098 1982 1129 vestra
1998 1099 2118 1129 Coniilia
2128 1123 2136 1138 ,
2157 1101 2192 1129 lic
2209 1103 2235 1130 in
2253 1101 2304 1131 hac
2321 1112 2384 1139 par-

1324 1142 1351 1164 re
1372 1134 1504 1164 faciemus
1531 1134 1616 1169 (duce
1637 1134 1781 1171 Domino)
1801 1136 1875 1172 quod
1899 1136 2055 1175 incumbit,
2075 1138 2152 1175 quod
2175 1141 2203 1167 in
2225 1140 2305 1168 nobis
2325 1149 2386 1169 non

1323 1173 1445 1202 inveniet
1461 1171 1548 1203 vestra
1563 1172 1698 1203 Sandiitas
1713 1173 1788 1210 quod
1802 1174 1901 1204 debeat
1916 1176 2107 1206 rationabiliter
2121 1176 2265 1213 inculpari.

1364 1211 1411 1241 Ad
1433 1211 1513 1249 haec,
1530 1210 1609 1253 Pater
1633 1210 1827 1249 Sanetissime,
1845 1211 1912 1241 scire
1931 1214 1995 1243 velit
2016 1213 2101 1244 vestra
2128 1214 2270 1245 Matzrritas
2290 1213 2387 1253 quod,

1325 1258 1423 1279 contra
1446 1249 1617 1279 Proviiiones
1632 1249 1734 1279 vestras
1748 1251 1780 1280 ὃς
1796 1248 1874 1278 Sedis
1888 1250 2078 1290 Apostolicae,
2096 1253 2178 1283 nullas
2192 1252 2309 1283 fecimus
2320 1253 2388 1283 No-

1325 1288 1438 1325 vitates,
1455 1287 1494 1317 set
1505 1287 1634 1318 duntaxat
1650 1289 1728 1317 civili
1746 1287 1854 1326 modo,
1871 1289 1955 1317 etiam
1972 1290 2066 1319 miritis
2080 1292 2164 1327 quani
2173 1291 2279 1321 dudum
2290 1292 2388 1321 atium

1327 1327 1430 1363 extitit,
1454 1327 1678 1356 continuavimus
1701 1336 1763 1363 quae
1781 1336 1847 1363 per,
1873 1326 1987 1356 celebris
2010 1331 2127 1357 memori
2137 1340 2171 1366 t,
2195 1329 2391 1360 Pitivcr‘ritores

1327 1363 1451 1402 nostros,
1470 1363 1564 1400 Reges
1579 1364 1690 1402 Angliae
1725 1365 1757 1394 &
1773 1364 1923 1401 praesertim
1940 1364 2102 1396 Dominam
2112 1366 2279 1397 Emanium
2290 1369 2390 1398 tivum

1328 1402 1473 1440 nostrum,
1490 1402 1668 1440 solempniter
1689 1386 1824 1432 &rdinata
1846 1403 1878 1433 ὃς
1893 1402 1996 1434 Statura
2019 1406 2209 1444 coinpsriarns
2233 1406 2265 1435 ὃ(
2288 1407 2393 1436 realiter

1328 1439 1468 1478 Executa,
1487 1441 1555 1471 sicut
1578 1441 1703 1477 praefatus
1727 1439 1853 1470 Clericus
1875 1441 1967 1471 noster
1990 1445 2086 1472 vestr-ac
2111 1442 2273 1473 E-atitutiizii
2295 1445 2394 1473 referre

1329 1480 1430 1516 poterit
1441 1480 1508 1509 viva
1521 1489 1614 1514 voce,
1633 1479 1678 1509 cui
1697 1478 1727 1515 (sl
1743 1478 1841 1516 placet)
1862 1479 1940 1517 super
1955 1479 2106 1519 Dicendis,
2122 1482 2152 1510 in
2167 1482 2219 1511 hac
2233 1489 2327 1520 parte,
2344 1491 2394 1513 ve-

1331 1517 1498 1555 litieridem
1514 1515 1665 1547 Credulam
1681 1517 1822 1547 adhibere.

1372 1555 1547 1592 conservet,
1565 1555 1624 1585 διε.

1405 1592 1474 1624 Dat.
1490 1593 1563 1630 apud
1580 1592 1883 1632 Westmonasterium,
1900 1595 2036 1626 vicesimo
2054 1605 2131 1627 nono
2150 1595 2196 1626 die
2211 1596 2398 1628 Novembris.

1429 1716 1457 1743 ᾖ
1480 1720 1539 1750 Pro
1561 1715 1784 1763 Archiepiftopo
1811 1720 2014 1762 Cantuaricnfi
2034 1719 2068 1752 dc
2093 1722 2280 1754 Protefflone.

1340 1803 1395 1859 R

1339 1879 1497 1909 tholomaeo
1512 1879 1547 1909 de
1562 1878 1747 1917 Burgherssh‚
1764 1879 1894 1910 Salutem.

1375 1917 1457 1947 Cum
1469 1927 1519 1947 nos
1535 1928 1641 1956 nuper,

2375 361 2489 429 ΕΞΞῩΞῗ-

2412 1723 2547 1762 *Vv395-

1398 1801 1482 1840 EX,
1499 1801 1619 1832 Dilestis
1634 1803 1667 1833 &
1681 1802 1819 1832 Fidelibus
1833 1803 1900 1841 suis,
1917 1803 2078 1833 willielmo
2102 1804 2138 1834 de
2154 1804 2271 1843 Bohun,
2290 1805 2398 1836 Corni-
2412 1809 2488 1840 Ann.
2502 1806 2546 1837 D.

1417 1842 1438 1870 ti
1459 1840 1731 1878 Northamptonice,
1747 1840 1965 1878 Consanguineo
1986 1842 2083 1872 nostro
2105 1843 2263 1882 cariisimo,
2281 1844 2313 1874 ὅτ.
2334 1844 2399 1875 Bar-
2438 1855 2522 1886 1343.

2413 1890 2466 1914 An.
2489 1895 2532 1920 ¹7·

2414 1929 2444 1952 E.
2470 1933 2497 1961 3.

1373 1956 1505 1987 Volentes
1518 1957 1578 1985 tam
1592 1956 1754 1993 Securitati,
1772 1957 1936 1987 venerabilis
1950 1955 2039 1988 Patris
2048 1980 2058 1996 ,
2068 1956 2204 1996 Johannis
2218 1957 2405 1990 Cantuarien-
2423 1967 2478 1990 ΡΜ.
2492 1970 2535 1996 ¹7·

1340 1993 1372 2024 sls
1389 1993 1614 2033 Archiepiscopi‚
1633 1995 1717 2024 totius
1729 1994 1842 2031 Angliae
1857 1994 1984 2026 Primatis

1378 2032 1426 2063 Ad
1440 2031 1600 2062 Dioeceiim
1617 2033 1855 2071 Norwicensem,
1873 2034 1954 2065 causa
1968 2018 2138 2064 V'isitationis
2152 2034 2206 2064 suae
2221 2035 2327 2066 ibIdem
2347 2037 2407 2074 jure

1347 2070 1567 2108 Metropolitieo
1582 2071 1780 2109 excercendae,
1798 2071 1968 2110 profecturi,
1985 2073 2019 2103 &
2034 2072 2133 2103 exinde
2147 2073 2180 2103 ad
2203 2083 2272 2112 nm,
2288 2083 2340 2112 pro
2353 2084 2414 2107 ma-

1345 2110 1409 2148 gnis
1421 2110 1454 2140 &
1467 2109 1557 2139 arduis
1571 2110 1668 2140 nostris
1684 2110 1717 2140 ὅ(
1732 2109 1826 2147 Regni
1842 2109 1929 2140 nostri
1944 2110 2096 2149 Negotiis,
2115 2111 2260 2150 reversuri,

1385 2147 1484 2186 Qam
1500 2146 1715 2178 Conservationi
1730 2147 1811 2178 Pacis
1823 2148 1925 2178 nostrae
1940 2150 2105 2188 providere,

1384 2186 1591 2224 Susceperimus
1605 2185 1677 2216 Eum
1687 2209 1696 2225 ,
1714 2185 1874 2224 Homines,
1892 2187 1925 2218 ὃς
1941 2187 1999 2218 Res
2012 2188 2084 2226 firas,
2101 2189 2130 2218 in
2154 2187 2365 2219 Proteffionem
2379 2189 2413 2221 &

1348 2224 1552 2254 Defensionem
1568 2224 1671 2255 nostras
1693 2225 1838 2263 speciales,
1863 2225 1979 2256 firmiter
2000 2226 2160 2257 Inhibentes
2186 2228 2223 2256 ne
2246 2228 2305 2265 quis
2324 2228 2417 2257 eidem

1351 2263 1592 2302 Archiepiscopo,
1610 2263 1653 2293 vel
1670 2263 1720 2293 suis
1755 2264 1784 2292 in
1800 2263 1943 2302 personis,
1966 2264 2011 2295 vel
2033 2263 2147 2303 Rebus,
2166 2264 2297 2296 inferrent
2322 2265 2419 2303 Impe2

1351 2301 1510 2332 dimentum
1526 2301 1637 2339 aliquod
1655 2301 1699 2331 vel
1715 2285 1893 2332 &ravamenz

1390 2340 1426 2370 Et
1442 2341 1506 2378 quia
1520 2340 1617 2370 datum
1635 2340 1686 2370 fuit
1699 2341 1782 2370 nobis
1796 2340 1932 2379 intelligi,
1950 2340 2027 2378 quod
2052 2341 2085 2371 ad
2110 2340 2319 2379 impediendum
2338 2343 2418 2373 inde-

1353 2379 1412 2409 bite
1431 2377 1612 2415 progressum
1625 2378 1722 2416 suum,
1740 2379 1769 2407 in
1782 2378 1945 2409 Visitatione
1959 2379 2005 2410 sua
2023 2380 2171 2418 praedieta,
2191 2389 2279 2417 parata
2297 2381 2349 2411 fuit
2364 2381 2417 2411 Ar·-

1357 2425 1431 2447 mata
1446 2416 1590 2455 Potentia,
1607 2417 1637 2446 in
1652 2417 1762 2447 diversis
1778 2416 1860 2455 locis,
1878 2418 1907 2446 in
1924 2416 2111 2448 Comitatibus
2122 2418 2294 2449 Norffolciae
2309 2420 2342 2450 &
2355 2419 2420 2449 Suf-

1355 2455 1466 2494 folciae,
1489 2464 1587 2485 contra
1608 2465 1691 2493 eum,
1710 2456 1739 2485 in
1762 2456 2002 2493 perturbationem
2026 2456 2106 2487 Pacis
2126 2456 2245 2495 nostrae,
2269 2457 2301 2488 ὃς
2323 2466 2423 2488 contra

1357 2494 1460 2524 Statuta
1479 2494 1512 2524 ὃς
1537 2492 1734 2523 Ordinationes
1755 2493 1865 2532 nostra,
1883 2494 1916 2524 &
1936 2493 2157 2530 Progenitorum
2179 2495 2337 2525 nostrorum
2353 2519 2362 2534 ,
2386 2505 2421 2526 ac

1357 2531 1596 2563 Proclamationes
1612 2532 1644 2562 &
1661 2531 1842 2561 Inhibitiones
1857 2531 1981 2570 nostras,
1998 2533 2027 2562 in
2043 2533 2096 2562 hac
2111 2541 2186 2570 parte
2198 2532 2300 2570 factas,

1397 2571 1434 2601 Et
1456 2571 1670 2608 praeceperimus
1685 2570 1858 2600 Vicecomiti
1880 2570 1975 2600 nostro
1988 2569 2186 2602 Comitatuum
2201 2571 2423 2609 praedietomm,

1360 2609 1439 2647 quod
1454 2611 1484 2638 in
1499 2609 1567 2639 locis
1582 2608 1735 2647 praeditfftis,
1753 2609 1786 2638 &
1800 2608 1864 2638 alibi
1876 2609 1904 2637 in
1920 2607 2024 2639 Balliva
2044 2609 2107 2648 sua,
2128 2610 2186 2639 tam
2207 2609 2275 2639 infra
2297 2610 2422 2639 Liberta-

1360 2656 1416 2685 tes,
1435 2648 1518 2685 quam
1533 2655 1624 2684 extra,
1643 2648 1691 2676 ubi
1705 2646 1833 2683 expedire
1847 2646 1970 2685 videret,
1988 2657 2021 2676 ex
2037 2656 2112 2684 parte
2127 2647 2219 2677 nostra
2235 2648 2346 2685 publice
2357 2658 2424 2685 pro·-

1361 2686 1473 2716 clamari
1486 2685 1605 2723 faceret,
1623 2685 1656 2715 &
1672 2684 1786 2715 firmiter
1802 2685 1919 2714 inhiberi
1933 2687 1968 2715 ne
1985 2686 2048 2723 qui,
2066 2686 2264 2724 cujuscumque
2275 2686 2365 2716 Status
2381 2686 2425 2716 vel

1360 2723 1543 2755 Condicionis
1557 2723 1719 2762 existerent,
1735 2722 1975 2762 Congregationes
1995 2723 2158 2753 Hominum
2176 2724 2358 2754 Armatorum
2381 2732 2427 2754 aut

1361 2762 1480 2792 aliorum
1501 2762 1699 2800 supeetorum,
1719 2762 1763 2792 seu
1781 2760 1987 2791 Conventicula
2010 2761 2106 2791 illicita
2127 2763 2155 2791 in
2175 2763 2258 2792 dictis
2277 2763 2364 2799 locis,
2381 2762 2426 2792 seu

1361 2801 1427 2831 alibi
1444 2802 1472 2830 in
1493 2800 1594 2831 Billiva
1608 2800 1672 2839 sua,
1692 2800 1814 2829 facerent
1833 2800 1878 2830 vel
1899 2799 1958 2830 fieri
1981 2808 2175 2838 procurarent,
2193 2810 2248 2830 nec
2271 2802 2425 2838 quicquam

1362 2840 1390 2868 in
1408 2839 1565 2869 Laesionem
1582 2838 1661 2867 Pacis
1674 2837 1794 2876 nostrae,
1813 2847 1909 2868 contra
1930 2837 2050 2875 Statura,
2074 2837 2285 2877 Ordinationes,
2312 2838 2428 2869 Procla-

1364 2878 1515 2914 mationes,
1541 2877 1573 2906 ὅ(
1597 2875 1796 2914 inhibitiones,
1822 2876 1953 2913 prteditsta
1979 2877 2175 2913 praesumerent
2198 2885 2376 2915 attemptare,
2393 2877 2427 2907 ὃς

1364 2925 1446 2954 quoa,
1465 2915 1528 2953 post
1545 2913 1779 2944 proclamationes
1794 2914 1827 2944 ἃ
1840 2912 2022 2945 inhibitiones
2036 2914 2196 2953 praedieras,
2214 2916 2251 2945 sie
2261 2915 2365 2953 factas,
2383 2916 2427 2944 in-

1363 2954 1470 2985 veniret
1492 2953 1661 2984 contrarium
1684 2951 1831 2990 facientes,
1849 2960 1976 2990 caperet,
1993 2953 2025 2983 ὃ(
2047 2954 2076 2982 in
2099 2952 2213 2983 Prisona
2234 2953 2326 2983 nostr-12
2350 2954 2428 2983 salvo

1364 2991 1496 3023 custodiri
1512 2992 1630 3029 faceret,
1648 2991 1790 3030 quousque
1803 2990 1839 3020 de
1851 2991 1888 3020 eis
1903 2990 2067 3021 duceremus
2082 2991 2158 3021 aliter
2170 2991 2374 3021 ordinandum:

1402 3031 1447 3061 Ac
1460 3032 1536 3069 jam,
1555 3039 1614 3059 non
1637 3029 1693 3059 sine
1710 3030 1789 3064 gravi
1811 3030 1953 3059 turbation
2014 3029 2224 3059 intellexerimus
2247 3029 2342 3067 quod,
2368 3039 2429 3060 non

1363 3069 1535 3099 obstantibus
1554 3067 1680 3105 Statutis,
1700 3066 1950 3104 OrdinationibuS,

1363 3147 1397 3176 δε
1414 3143 1621 3175 Conventicula
1633 3144 1744 3181 illicna,
1761 3144 1852 3174 adhuc
1868 3145 1897 3173 in
1912 3144 1995 3174 dietis
2010 3144 2145 3181 partibus,
2164 3143 2313 3181 praesertim
2330 3154 2360 3173 m
2370 3145 2431 3174 Lo-

1364 3186 1404 3215 cis
1419 3183 1452 3213 ad
1469 3193 1532 3221 quae
1550 3182 1643 3212 dietus
1658 3182 1891 3222 Archiepiscopus
1910 3191 1943 3212 ex
1957 3181 2037 3212 causa
2051 3182 2187 3219 praedicta
2207 3182 2233 3212 se
2254 3183 2379 3220 divertit,
2396 3182 2431 3213 ad

1364 3221 1577 3260 impediendum
1590 3219 1704 3251 Armati
1720 3220 1849 3251 Potentia
1862 3220 1973 3250 dictum
1988 3219 2153 3250 Proceffum
2166 3220 2262 3258 suum,
2280 3220 2368 3250 indies
2389 3220 2431 3251 fa-

1364 3262 1460 3298 ciunt,
1478 3260 1510 3291 &
1524 3259 1615 3289 facere
1630 3260 1808 3289 cominantur
1822 3260 1849 3288 in
1867 3257 1951 3288 nostri
1966 3266 2162 3295 contemptum
2175 3259 2206 3289 ὃ(
2218 3259 2430 3288 retardationem

1363 3301 1545 3336 negotiorum
1557 3296 1716 3327 nostrorum
1730 3296 1949 3335 praedictorum,
1965 3296 1998 3327 &
2012 3295 2204 3327 violationem
2218 3296 2289 3327 dieti
2308 3296 2429 3327 Manda-

1364 3339 1385 3369 ti
1399 3337 1488 3406 nNostri
1504 3334 1700 3374 manifestam,

1433 3386 1464 3406 os

1401 3397 1649 3451 Praesumptuosam
1662 3421 1764 3442 eorum
1777 3409 1934 3442 Audaciam
1946 3433 1956 3449 ,
1970 3410 2007 3442 fic
2020 3412 2049 3441 in
2065 3411 2153 3442 nostri
2167 3410 2431 3443 Dedecus&Con-‘

1364 3460 1520 3493 temptum,
1536 3452 1568 3482 &
1584 3450 1767 3488 perniciosum
1789 3450 1907 3480 aliorum
1927 3449 2116 3489 Exemplum,
2132 3459 2318 3488 attemptatam
2329 3450 2431 3489 ,trans-

1365 3494 1404 3524 ire
1424 3491 1564 3528 nolenteS,
1581 3489 1649 3520 sicut
1664 3498 1721 3519 ncc
1738 3489 1890 3526 convenit,
1908 3488 2088 3526 impunitam,

1403 3529 1611 3566 Affignavimus
1625 3537 1691 3564 vos,
1708 3526 1883 3564 conjunffim
1893 3549 1902 3564 ,
1920 3527 2087 3565 &divitum
2106 3526 2139 3556 ad
2148 3525 2382 3556 proclamationes
2396 3527 2430 3558 &

1366 3568 1552 3598 Inhibitiones
1575 3565 1719 3603 praediffitas
1734 3587 1743 3602 ,
1770 3573 1803 3594 ex
1825 3573 1901 3604 parte
1921 3564 2032 3603 nostra,
2051 3567 2079 3594 in
2103 3564 2325 3604 quibuscumque
2344 3565 2432 3595 Locis

1366 3606 1565 3637 Comitatuum
1582 3604 1782 3641 praedid’torum
1792 3625 1801 3640 ,
1821 3604 1868 3632 ubi
1881 3603 2009 3644 expedire
2024 3603 2162 3640 videritis,
2181 3604 2239 3632 tam
2254 3603 2324 3633 infra
2333 3602 2432 3634 Liber-

1366 3654 1449 3682 tates,
1468 3643 1553 3681 quarn
1574 3650 1664 3680 erttra,
1680 3643 1710 3671 in
1730 3641 1825 3670 forma
1841 3640 1977 3678 praedicta
1999 3641 2097 3671 iterato
2112 3640 2228 3678 publice
2249 3641 2307 3671 fieri
2325 3641 2433 3672 facien-

1365 3684 1435 3714 dum

1406 3704 1533 3751 Ne³cnon
1546 3718 1579 3748 ad
1594 3716 1810 3757 Inquirendum,
1828 3726 1877 3753 per
1891 3715 2101 3757 Sacramentum
2125 3718 2278 3754 proborum
2299 3717 2332 3748 &
2353 3718 2432 3756 lega-

1367 3761 1437 3790 lium
1462 3758 1625 3788 Hominum
1644 3756 1679 3785 dc
1700 3753 1889 3785 Comitatibus
1911 3755 2067 3793 praedittis,
2086 3757 2143 3785 tam
2168 3756 2236 3786 infra
2259 3756 2430 3796 Libertates,

1367 3800 1454 3836 qua-m
1467 3805 1557 3832 extra,
1573 3804 1622 3831 per
1637 3803 1705 3834 quos
1719 3794 1758 3823 rei
1774 3793 1869 3822 veritas
1889 3793 1985 3822 melitis
2001 3793 2061 3823 sciri
2082 3796 2199 3831 poterit,
2214 3794 2250 3824 de
2269 3795 2431 3826 nominibus

1367 3837 1480 3867 illorum
1495 3835 1542 3871 qui
1555 3831 1712 3869 hujusmodi
1724 3831 1980 3869 Congregationes,
1996 3832 2172 3870 Alligantias,
2187 3833 2221 3862 &
2235 3831 2430 3864 conventicu-

1368 3876 1393 3906 la
1417 3873 1529 3909 illicita,
1547 3870 1611 3908 post
1632 3870 1720 3900 distas
1741 3870 1842 3907 primas
1863 3867 2102 3900 Proclamationes
2123 3871 2156 3901 &c
2176 3869 2375 3908 Inhibitiones,
2392 3871 2431 3901 slc

1368 3912 1465 3949 fadias,
1486 3910 1627 3946 fecerunt,
1839 3946 1844 3950 ¹
1901 3945 1906 3950 Ι

1408 3949 1443 3980 Et
1457 3950 1516 3980 tam
1531 3947 1565 3978 ad
1581 3956 1646 3984 eos,
1662 3947 1709 3984 qui
1725 3944 1884 3983 Culpabiles
1899 3947 2006 3975 inventi
2022 3945 2137 3982 fuerint,
2157 3947 2242 3984 quam
2262 3948 2343 3984 alios,
2363 3956 2432 3983 quos

1370 3997 1479 4019 exnunc
1494 3988 1522 4016 in
1537 3985 1676 4016 laesionem
1692 3983 1770 4014 Pacis
1784 3983 1900 4021 nostrae,
1916 3983 1950 4013 &
1964 3983 2064 4021 Populi
2081 3985 2168 4015 nostri
2181 3983 2432 4022 Commotionem,

1370 4026 1542 4058 contrarium
1564 4023 1722 4053 inveneritis
1737 4022 1885 4058 facientes,
1909 4022 2146 4060 Attachiandum,
2161 4023 2380 4060 Ini'equendum,
2397 4022 2431 4051 &

1371 4064 1576 4102 Arestandum,
1599 4062 1633 4093 &
1656 4060 1781 4102 Prisonae
1802 4058 2176 4092 nostraeCommittendum
2190 4085 2200 4099 ,
2224 4069 2305 4099 prout
2323 4059 2432 4090 Delicti

1864 4096 1892 4128 V
1909 4106 1930 4128 2
2356 4097 2437 4135 Qua-

1955 3039 1971 3059 e

1363 3107 1503 3145 tionibus,
1520 3105 1700 3149 supraditftis,
1714 3105 1831 3144 quidam
1853 3052 2432 3149 Rebelleljrssfjgzrfrgggpigrgggffgggrtrihgffg

2421 2005 2454 2028 E:
2477 2009 2501 2036 3.
2523 2005 2549 2036 p.

2425 2048 2450 2066 2.
2460 2048 2496 2067 m.
2508 2044 2552 2074 ις.

2425 2078 2452 2115 ιι.
