<?xml version="1.0" encoding="UTF-8"?>
<!DOCTYPE html PUBLIC "-//W3C//DTD XHTML 1.0 Transitional//EN"
    "http://www.w3.org/TR/xhtml1/DTD/xhtml1-transitional.dtd">
<html xmlns="http://www.w3.org/1999/xhtml" xml:lang="en" lang="en">
 <head>
  <title>
</title>
<meta http-equiv="Content-Type" content="text/html;charset=utf-8" />
  <meta name='ocr-system' content='tesseract 3.04.00' />
  <meta name='ocr-capabilities' content='ocr_page ocr_carea ocr_par ocr_line ocrx_word'/>
</head>
<body>
  <div class='ocr_page' id='page_1' title='image "./fderaconventione02ryme_0083.png"; bbox 0 0 2562 4279; ppageno 0'>
   <div class='ocr_carea' id='block_1_1' title="bbox 8 3426 12 3478">
    <p class='ocr_par' dir='ltr' id='par_1_1' title="bbox 8 3426 12 3478">
     <span class='ocr_line' id='line_1_1' title="bbox 8 3426 11 3445; baseline 0 0"><span class='ocrx_word' id='word_1_1' title='bbox 8 3426 11 3445; x_wconf 78' lang='grc' dir='ltr'>ε</span> 
     </span>
     <span class='ocr_line' id='line_1_2' title="bbox 8 3447 12 3478; baseline 0 0"><span class='ocrx_word' id='word_1_2' title='bbox 8 3447 12 3478; x_wconf 70' lang='lat' dir='ltr'>l</span> 
     </span>
    </p>
   </div>
   <div class='ocr_carea' id='block_1_2' title="bbox 10 3489 177 3599">
    <p class='ocr_par' dir='ltr' id='par_1_2' title="bbox 10 3489 177 3599">
     <span class='ocr_line' id='line_1_3' title="bbox 10 3489 177 3527; baseline -0.006 -1"><span class='ocrx_word' id='word_1_3' title='bbox 10 3489 13 3526; x_wconf 59' lang='lat'>³,</span> <span class='ocrx_word' id='word_1_4' title='bbox 48 3493 126 3527; x_wconf 53' lang='lat' dir='ltr'>nnn.</span> <span class='ocrx_word' id='word_1_5' title='bbox 138 3493 177 3525; x_wconf 93' lang='lat' dir='ltr'>D.</span> 
     </span>
     <span class='ocr_line' id='line_1_4' title="bbox 12 3542 154 3599; baseline -0.007 0"><span class='ocrx_word' id='word_1_6' title='bbox 12 3548 15 3580; x_wconf 72' lang='lat'><em>³</em></span> <span class='ocrx_word' id='word_1_7' title='bbox 52 3542 154 3599; x_wconf 58' lang='grc' dir='ltr'>Αἷέἴεῖ·</span> 
     </span>
    </p>
   </div>
   <div class='ocr_carea' id='block_1_3' title="bbox 657 159 1156 204">
    <p class='ocr_par' dir='ltr' id='par_1_3' title="bbox 657 159 1156 204">
     <span class='ocr_line' id='line_1_5' title="bbox 657 159 1156 204; baseline -0.01 0"><span class='ocrx_word' id='word_1_8' title='bbox 657 161 777 204; x_wconf 90' lang='lat' dir='ltr'>ET</span> <span class='ocrx_word' id='word_1_9' title='bbox 860 159 1156 203; x_wconf 88' lang='lat' dir='ltr'>ACTA</span> 
     </span>
    </p>
   </div>
   <div class='ocr_carea' id='block_1_4' title="bbox 0 239 1175 519">
    <p class='ocr_par' dir='ltr' id='par_1_4' title="bbox 0 239 1174 290">
     <span class='ocr_line' id='line_1_6' title="bbox 0 239 1174 290; baseline -0.007 -8"><span class='ocrx_word' id='word_1_10' title='bbox 0 249 44 272; x_wconf 64' lang='grc' dir='ltr'>ΠΩ·</span> <span class='ocrx_word' id='word_1_11' title='bbox 59 239 100 272; x_wconf 81' lang='lat' dir='ltr'>D·</span> <span class='ocrx_word' id='word_1_12' title='bbox 156 250 250 290; x_wconf 82' lang='lat' dir='ltr'>Qiae,</span> <span class='ocrx_word' id='word_1_13' title='bbox 265 259 298 282; x_wconf 78' lang='lat' dir='ltr'>ex</span> <span class='ocrx_word' id='word_1_14' title='bbox 314 247 493 288; x_wconf 73' lang='lat' dir='ltr'>assignatione</span> <span class='ocrx_word' id='word_1_15' title='bbox 509 246 603 280; x_wconf 66' lang='lat' dir='ltr'>nostrii</span> <span class='ocrx_word' id='word_1_16' title='bbox 615 270 625 286; x_wconf 86' lang='lat'>,</span> <span class='ocrx_word' id='word_1_17' title='bbox 644 247 680 278; x_wconf 90' lang='lat' dir='ltr'>de</span> <span class='ocrx_word' id='word_1_18' title='bbox 700 247 780 278; x_wconf 69' lang='lat' dir='ltr'>firma</span> <span class='ocrx_word' id='word_1_19' title='bbox 803 247 837 278; x_wconf 90' lang='lat'>&amp;</span> <span class='ocrx_word' id='word_1_20' title='bbox 857 247 974 277; x_wconf 77' lang='lat' dir='ltr'>exitibus</span> <span class='ocrx_word' id='word_1_21' title='bbox 987 245 1103 277; x_wconf 82' lang='lat' dir='ltr'>Bastidae</span> <span class='ocrx_word' id='word_1_22' title='bbox 1118 253 1174 274; x_wconf 89' lang='lat' dir='ltr'>no-</span> 
     </span>
    </p>

    <p class='ocr_par' dir='ltr' id='par_1_5' title="bbox 0 283 1170 327">
     <span class='ocr_line' id='line_1_7' title="bbox 0 283 1170 327; baseline -0.007 -6"><span class='ocrx_word' id='word_1_23' title='bbox 0 287 77 323; x_wconf 76' lang='lat'>[313.</span> <span class='ocrx_word' id='word_1_24' title='bbox 117 288 181 320; x_wconf 88' lang='lat' dir='ltr'>strae</span> <span class='ocrx_word' id='word_1_25' title='bbox 193 289 229 319; x_wconf 93' lang='lat' dir='ltr'>de</span> <span class='ocrx_word' id='word_1_26' title='bbox 244 288 403 327; x_wconf 84' lang='lat' dir='ltr'>Florentio,</span> <span class='ocrx_word' id='word_1_27' title='bbox 419 289 540 326; x_wconf 82' lang='lat' dir='ltr'>praefatae</span> <span class='ocrx_word' id='word_1_28' title='bbox 553 285 743 327; x_wconf 68' lang='lat' dir='ltr'>Constantiae‚</span> <span class='ocrx_word' id='word_1_29' title='bbox 764 285 825 322; x_wconf 85' lang='lat' dir='ltr'>die,</span> <span class='ocrx_word' id='word_1_30' title='bbox 845 295 902 322; x_wconf 88' lang='lat' dir='ltr'>quo</span> <span class='ocrx_word' id='word_1_31' title='bbox 921 285 1009 322; x_wconf 83' lang='lat' dir='ltr'>obiit,</span> <span class='ocrx_word' id='word_1_32' title='bbox 1028 283 1170 314; x_wconf 79' lang='lat' dir='ltr'>debeban-</span> 
     </span>
    </p>

    <p class='ocr_par' dir='ltr' id='par_1_6' title="bbox 0 320 1175 519">
     <span class='ocr_line' id='line_1_8' title="bbox 0 320 1172 365; baseline -0.008 -6"><span class='ocrx_word' id='word_1_33' title='bbox 0 320 40 346; x_wconf 48' lang='grc' dir='ltr'>Ᾰν·</span> <span class='ocrx_word' id='word_1_34' title='bbox 56 327 83 344; x_wconf 85' lang='lat'>2·</span> <span class='ocrx_word' id='word_1_35' title='bbox 117 335 178 365; x_wconf 86' lang='lat' dir='ltr'>tur,</span> <span class='ocrx_word' id='word_1_36' title='bbox 191 335 323 365; x_wconf 78' lang='lat' dir='ltr'>praetexm</span> <span class='ocrx_word' id='word_1_37' title='bbox 337 327 406 361; x_wconf 82' lang='lat' dir='ltr'>illius</span> <span class='ocrx_word' id='word_1_38' title='bbox 425 327 508 358; x_wconf 88' lang='lat' dir='ltr'>annui</span> <span class='ocrx_word' id='word_1_39' title='bbox 530 323 654 354; x_wconf 70' lang='lat' dir='ltr'>redditus</span> <span class='ocrx_word' id='word_1_40' title='bbox 672 326 869 354; x_wconf 70' lang='lat' dir='ltr'>trescentarum</span> <span class='ocrx_word' id='word_1_41' title='bbox 889 323 1023 353; x_wconf 83' lang='lat' dir='ltr'>librarum</span> <span class='ocrx_word' id='word_1_42' title='bbox 1039 344 1050 359; x_wconf 86' lang='lat'>,</span> <span class='ocrx_word' id='word_1_43' title='bbox 1077 320 1172 350; x_wconf 88' lang='lat' dir='ltr'>eidem</span> 
     </span>
     <span class='ocr_line' id='line_1_9' title="bbox 117 359 1173 404; baseline -0.008 -8"><span class='ocrx_word' id='word_1_44' title='bbox 117 365 293 397; x_wconf 81' lang='lat' dir='ltr'>Constantiae</span> <span class='ocrx_word' id='word_1_45' title='bbox 303 388 313 404; x_wconf 90' lang='lat'>,</span> <span class='ocrx_word' id='word_1_46' title='bbox 324 366 442 396; x_wconf 87' lang='lat' dir='ltr'>nomine</span> <span class='ocrx_word' id='word_1_47' title='bbox 455 363 590 400; x_wconf 85' lang='lat' dir='ltr'>dotalitii,</span> <span class='ocrx_word' id='word_1_48' title='bbox 613 372 676 400; x_wconf 86' lang='lat' dir='ltr'>per,</span> <span class='ocrx_word' id='word_1_49' title='bbox 690 361 806 391; x_wconf 87' lang='lat' dir='ltr'>celebris</span> <span class='ocrx_word' id='word_1_50' title='bbox 826 361 971 391; x_wconf 80' lang='lat' dir='ltr'>memoriae</span> <span class='ocrx_word' id='word_1_51' title='bbox 980 383 990 398; x_wconf 91' lang='lat'>,</span> <span class='ocrx_word' id='word_1_52' title='bbox 1007 359 1173 390; x_wconf 82' lang='lat' dir='ltr'>Dominum</span> 
     </span>
     <span class='ocr_line' id='line_1_10' title="bbox 118 397 1174 442; baseline -0.008 -8"><span class='ocrx_word' id='word_1_53' title='bbox 118 403 145 434; x_wconf 90' lang='lat' dir='ltr'><strong>E</strong></span> <span class='ocrx_word' id='word_1_54' title='bbox 166 403 311 442; x_wconf 88' lang='lat' dir='ltr'>quondam</span> <span class='ocrx_word' id='word_1_55' title='bbox 324 402 438 440; x_wconf 84' lang='lat' dir='ltr'>Regem</span> <span class='ocrx_word' id='word_1_56' title='bbox 453 401 583 437; x_wconf 86' lang='lat' dir='ltr'>Angliae,</span> <span class='ocrx_word' id='word_1_57' title='bbox 604 399 715 430; x_wconf 88' lang='lat' dir='ltr'>Patrem</span> <span class='ocrx_word' id='word_1_58' title='bbox 736 398 861 429; x_wconf 88' lang='lat' dir='ltr'>nostrum</span> <span class='ocrx_word' id='word_1_59' title='bbox 877 421 887 436; x_wconf 89' lang='lat'>,</span> <span class='ocrx_word' id='word_1_60' title='bbox 907 398 1100 434; x_wconf 76' lang='lat' dir='ltr'>assignatarum</span> <span class='ocrx_word' id='word_1_61' title='bbox 1112 419 1122 435; x_wconf 91' lang='lat'>,</span> <span class='ocrx_word' id='word_1_62' title='bbox 1141 397 1174 426; x_wconf 88' lang='lat'>&amp;</span> 
     </span>
     <span class='ocr_line' id='line_1_11' title="bbox 119 435 1175 510; baseline -0.009 -38"><span class='ocrx_word' id='word_1_63' title='bbox 119 442 156 472; x_wconf 93' lang='lat' dir='ltr'>de</span> <span class='ocrx_word' id='word_1_64' title='bbox 171 443 288 510; x_wconf 52' lang='lat' dir='ltr'>egenibus</span> <span class='ocrx_word' id='word_1_65' title='bbox 304 441 448 475; x_wconf 84' lang='lat' dir='ltr'>Custumae</span> <span class='ocrx_word' id='word_1_66' title='bbox 460 440 540 478; x_wconf 86' lang='lat' dir='ltr'>ipsius</span> <span class='ocrx_word' id='word_1_67' title='bbox 555 438 640 468; x_wconf 91' lang='lat' dir='ltr'>Patris</span> <span class='ocrx_word' id='word_1_68' title='bbox 650 436 735 467; x_wconf 90' lang='lat' dir='ltr'>nostri</span> <span class='ocrx_word' id='word_1_69' title='bbox 749 436 875 468; x_wconf 87' lang='lat' dir='ltr'>Civitatis</span> <span class='ocrx_word' id='word_1_70' title='bbox 889 435 1175 474; x_wconf 73' lang='lat' dir='ltr'>Burdegaliae,perci-</span> 
     </span>
     <span class='ocr_line' id='line_1_12' title="bbox 117 490 299 519; baseline -0.005 -8"><span class='ocrx_word' id='word_1_71' title='bbox 117 490 182 519; x_wconf 81' lang='lat' dir='ltr'>pien</span> <span class='ocrx_word' id='word_1_72' title='bbox 202 490 299 519; x_wconf 91' lang='lat' dir='ltr'>arum,</span> 
     </span>
    </p>
   </div>
   <div class='ocr_carea' id='block_1_5' title="bbox 123 510 1187 936">
    <p class='ocr_par' dir='ltr' id='par_1_7' title="bbox 123 510 1178 591">
     <span class='ocr_line' id='line_1_13' title="bbox 157 510 1178 552; baseline -0.007 -4"><span class='ocrx_word' id='word_1_73' title='bbox 157 518 282 549; x_wconf 87' lang='lat' dir='ltr'>Velimus</span> <span class='ocrx_word' id='word_1_74' title='bbox 301 516 393 548; x_wconf 88' lang='lat' dir='ltr'>eidem</span> <span class='ocrx_word' id='word_1_75' title='bbox 409 514 595 552; x_wconf 83' lang='lat' dir='ltr'>Margaretae,</span> <span class='ocrx_word' id='word_1_76' title='bbox 617 524 670 552; x_wconf 88' lang='lat' dir='ltr'>pro</span> <span class='ocrx_word' id='word_1_77' title='bbox 683 514 846 544; x_wconf 83' lang='lat' dir='ltr'>executione</span> <span class='ocrx_word' id='word_1_78' title='bbox 865 512 1021 543; x_wconf 87' lang='lat' dir='ltr'>testamenti</span> <span class='ocrx_word' id='word_1_79' title='bbox 1036 510 1178 550; x_wconf 66' lang='lat' dir='ltr'>praedi&amp;ae</span> 
     </span>
     <span class='ocr_line' id='line_1_14' title="bbox 123 551 841 591; baseline -0.01 -3"><span class='ocrx_word' id='word_1_80' title='bbox 123 555 297 587; x_wconf 82' lang='lat' dir='ltr'>Constantiae</span> <span class='ocrx_word' id='word_1_81' title='bbox 311 553 506 591; x_wconf 72' lang='lat' dir='ltr'>adimplenda,</span> <span class='ocrx_word' id='word_1_82' title='bbox 521 553 679 583; x_wconf 75' lang='lat' dir='ltr'>concedere</span> <span class='ocrx_word' id='word_1_83' title='bbox 695 551 841 589; x_wconf 67' lang='lat' dir='ltr'>assignari,</span> 
     </span>
    </p>

    <p class='ocr_par' dir='ltr' id='par_1_8' title="bbox 125 588 1184 784">
     <span class='ocr_line' id='line_1_15' title="bbox 161 588 1179 633; baseline -0.007 -9"><span class='ocrx_word' id='word_1_84' title='bbox 161 594 297 633; x_wconf 86' lang='lat' dir='ltr'>Nos,sup</span> <span class='ocrx_word' id='word_1_85' title='bbox 317 592 440 622; x_wconf 86' lang='lat' dir='ltr'>licationi</span> <span class='ocrx_word' id='word_1_86' title='bbox 456 592 465 621; x_wconf 92' lang='lat' dir='ltr'>i</span> <span class='ocrx_word' id='word_1_87' title='bbox 486 592 536 622; x_wconf 88' lang='lat' dir='ltr'>sius</span> <span class='ocrx_word' id='word_1_88' title='bbox 550 591 718 627; x_wconf 82' lang='lat' dir='ltr'>Margaretae</span> <span class='ocrx_word' id='word_1_89' title='bbox 730 599 849 620; x_wconf 87' lang='lat' dir='ltr'>annuere</span> <span class='ocrx_word' id='word_1_90' title='bbox 855 588 1084 626; x_wconf 90' lang='lat' dir='ltr'>volentes,vobis</span> <span class='ocrx_word' id='word_1_91' title='bbox 1098 596 1179 617; x_wconf 85' lang='lat' dir='ltr'>man-</span> 
     </span>
     <span class='ocr_line' id='line_1_16' title="bbox 125 602 1181 670; baseline -0.007 -8"><span class='ocrx_word' id='word_1_92' title='bbox 125 632 223 664; x_wconf 85' lang='lat' dir='ltr'>damus</span> <span class='ocrx_word' id='word_1_93' title='bbox 236 641 291 670; x_wconf 86' lang='lat' dir='ltr'>quo</span> <span class='ocrx_word' id='word_1_94' title='bbox 325 629 418 660; x_wconf 90' lang='lat' dir='ltr'>eidem</span> <span class='ocrx_word' id='word_1_95' title='bbox 434 602 608 668; x_wconf 51' lang='lat' dir='ltr'>Mfairgaretae,</span> <span class='ocrx_word' id='word_1_96' title='bbox 615 639 668 666; x_wconf 92' lang='lat' dir='ltr'>pro</span> <span class='ocrx_word' id='word_1_97' title='bbox 678 628 735 658; x_wconf 70' lang='lat' dir='ltr'>rata</span> <span class='ocrx_word' id='word_1_98' title='bbox 750 629 883 665; x_wconf 87' lang='lat' dir='ltr'>portionis</span> <span class='ocrx_word' id='word_1_99' title='bbox 896 628 1097 663; x_wconf 85' lang='lat' dir='ltr'>arreragiorum</span> <span class='ocrx_word' id='word_1_100' title='bbox 1111 635 1181 668; x_wconf 74' lang='lat' dir='ltr'>prae-</span> 
     </span>
     <span class='ocr_line' id='line_1_17' title="bbox 127 664 1183 706; baseline -0.009 -5"><span class='ocrx_word' id='word_1_101' title='bbox 127 671 269 701; x_wconf 71' lang='lat' dir='ltr'>di&amp;orum</span> <span class='ocrx_word' id='word_1_102' title='bbox 278 690 289 706; x_wconf 88' lang='lat'>‚</span> <span class='ocrx_word' id='word_1_103' title='bbox 300 667 337 698; x_wconf 91' lang='lat' dir='ltr'>de</span> <span class='ocrx_word' id='word_1_104' title='bbox 352 668 450 706; x_wconf 83' lang='lat' dir='ltr'>quibus</span> <span class='ocrx_word' id='word_1_105' title='bbox 463 668 545 698; x_wconf 91' lang='lat' dir='ltr'>vobis</span> <span class='ocrx_word' id='word_1_106' title='bbox 562 667 690 697; x_wconf 90' lang='lat' dir='ltr'>constare</span> <span class='ocrx_word' id='word_1_107' title='bbox 706 665 787 704; x_wconf 85' lang='lat' dir='ltr'>poffit</span> <span class='ocrx_word' id='word_1_108' title='bbox 805 665 966 704; x_wconf 64' lang='lat' dir='ltr'>praedieram</span> <span class='ocrx_word' id='word_1_109' title='bbox 987 664 1183 694; x_wconf 86' lang='lat' dir='ltr'>Constantiam</span> 
     </span>
     <span class='ocr_line' id='line_1_18' title="bbox 130 702 1184 745; baseline -0.007 -7"><span class='ocrx_word' id='word_1_110' title='bbox 130 719 147 739; x_wconf 92' lang='lat' dir='ltr'>a</span> <span class='ocrx_word' id='word_1_111' title='bbox 162 716 232 738; x_wconf 90' lang='lat' dir='ltr'>retro</span> <span class='ocrx_word' id='word_1_112' title='bbox 246 705 326 736; x_wconf 83' lang='lat' dir='ltr'>fuiffe</span> <span class='ocrx_word' id='word_1_113' title='bbox 345 706 408 745; x_wconf 88' lang='lat' dir='ltr'>die,</span> <span class='ocrx_word' id='word_1_114' title='bbox 420 716 476 744; x_wconf 85' lang='lat' dir='ltr'>quo</span> <span class='ocrx_word' id='word_1_115' title='bbox 490 706 578 744; x_wconf 83' lang='lat' dir='ltr'>obiit,</span> <span class='ocrx_word' id='word_1_116' title='bbox 593 705 629 735; x_wconf 92' lang='lat' dir='ltr'>de</span> <span class='ocrx_word' id='word_1_117' title='bbox 648 704 730 734; x_wconf 65' lang='lat' dir='ltr'>firma</span> <span class='ocrx_word' id='word_1_118' title='bbox 747 705 780 735; x_wconf 86' lang='lat'>&amp;</span> <span class='ocrx_word' id='word_1_119' title='bbox 798 704 913 734; x_wconf 82' lang='lat' dir='ltr'>exitibus</span> <span class='ocrx_word' id='word_1_120' title='bbox 926 727 936 742; x_wconf 87' lang='lat'>,</span> <span class='ocrx_word' id='word_1_121' title='bbox 957 702 1184 742; x_wconf 73' lang='lat' dir='ltr'>provenientibus</span> 
     </span>
     <span class='ocr_line' id='line_1_19' title="bbox 131 742 872 784; baseline -0.007 -7"><span class='ocrx_word' id='word_1_122' title='bbox 131 746 166 777; x_wconf 84' lang='lat' dir='ltr'>de</span> <span class='ocrx_word' id='word_1_123' title='bbox 185 744 293 776; x_wconf 70' lang='lat' dir='ltr'>Bastida</span> <span class='ocrx_word' id='word_1_124' title='bbox 308 744 443 784; x_wconf 66' lang='lat' dir='ltr'>praedieta</span> <span class='ocrx_word' id='word_1_125' title='bbox 456 743 604 782; x_wconf 88' lang='lat' dir='ltr'>Florentii,</span> <span class='ocrx_word' id='word_1_126' title='bbox 618 743 734 773; x_wconf 84' lang='lat' dir='ltr'>satisfieri</span> <span class='ocrx_word' id='word_1_127' title='bbox 749 742 872 780; x_wconf 73' lang='lat' dir='ltr'>faciatis,</span> 
     </span>
    </p>

    <p class='ocr_par' dir='ltr' id='par_1_9' title="bbox 128 777 1187 936">
     <span class='ocr_line' id='line_1_20' title="bbox 166 777 1184 821; baseline -0.007 -8"><span class='ocrx_word' id='word_1_128' title='bbox 166 782 206 813; x_wconf 92' lang='lat' dir='ltr'>Ita</span> <span class='ocrx_word' id='word_1_129' title='bbox 219 782 295 821; x_wconf 89' lang='lat' dir='ltr'>quod</span> <span class='ocrx_word' id='word_1_130' title='bbox 309 783 406 819; x_wconf 82' lang='lat' dir='ltr'>eadem</span> <span class='ocrx_word' id='word_1_131' title='bbox 418 781 578 819; x_wconf 87' lang='lat' dir='ltr'>Margareta</span> <span class='ocrx_word' id='word_1_132' title='bbox 594 780 754 820; x_wconf 88' lang='lat' dir='ltr'>hujusmodi</span> <span class='ocrx_word' id='word_1_133' title='bbox 776 781 909 818; x_wconf 87' lang='lat' dir='ltr'>arreragia</span> <span class='ocrx_word' id='word_1_134' title='bbox 927 781 1061 819; x_wconf 89' lang='lat' dir='ltr'>percipiat</span> <span class='ocrx_word' id='word_1_135' title='bbox 1081 778 1114 809; x_wconf 90' lang='lat'>&amp;</span> <span class='ocrx_word' id='word_1_136' title='bbox 1135 777 1184 807; x_wconf 90' lang='lat' dir='ltr'>ha-</span> 
     </span>
     <span class='ocr_line' id='line_1_21' title="bbox 130 817 1187 859; baseline -0.008 -7"><span class='ocrx_word' id='word_1_137' title='bbox 130 822 210 859; x_wconf 86' lang='lat' dir='ltr'>beat,</span> <span class='ocrx_word' id='word_1_138' title='bbox 224 829 305 859; x_wconf 86' lang='lat' dir='ltr'>prout</span> <span class='ocrx_word' id='word_1_139' title='bbox 315 821 391 852; x_wconf 64' lang='lat' dir='ltr'>dieta</span> <span class='ocrx_word' id='word_1_140' title='bbox 406 819 570 851; x_wconf 87' lang='lat' dir='ltr'>Constantia</span> <span class='ocrx_word' id='word_1_141' title='bbox 588 831 635 857; x_wconf 84' lang='lat' dir='ltr'>ea,</span> <span class='ocrx_word' id='word_1_142' title='bbox 649 819 720 850; x_wconf 88' lang='lat' dir='ltr'>dum</span> <span class='ocrx_word' id='word_1_143' title='bbox 738 820 806 850; x_wconf 80' lang='lat' dir='ltr'>vixit</span> <span class='ocrx_word' id='word_1_144' title='bbox 820 843 830 857; x_wconf 89' lang='lat'>,</span> <span class='ocrx_word' id='word_1_145' title='bbox 858 820 893 850; x_wconf 95' lang='lat' dir='ltr'>de</span> <span class='ocrx_word' id='word_1_146' title='bbox 910 818 992 849; x_wconf 72' lang='lat' dir='ltr'>firma</span> <span class='ocrx_word' id='word_1_147' title='bbox 1015 818 1048 848; x_wconf 73' lang='grc' dir='ltr'>ὃ(</span> <span class='ocrx_word' id='word_1_148' title='bbox 1071 817 1187 846; x_wconf 84' lang='lat' dir='ltr'>exitibus</span> 
     </span>
     <span class='ocr_line' id='line_1_22' title="bbox 130 854 1187 897; baseline -0.006 -7"><span class='ocrx_word' id='word_1_149' title='bbox 130 859 217 890; x_wconf 69' lang='lat' dir='ltr'>dietae</span> <span class='ocrx_word' id='word_1_150' title='bbox 232 858 348 890; x_wconf 84' lang='lat' dir='ltr'>Bastidae</span> <span class='ocrx_word' id='word_1_151' title='bbox 364 858 530 897; x_wconf 72' lang='lat' dir='ltr'>percepisse,</span> <span class='ocrx_word' id='word_1_152' title='bbox 545 860 578 889; x_wconf 88' lang='lat'>&amp;</span> <span class='ocrx_word' id='word_1_153' title='bbox 591 857 715 889; x_wconf 83' lang='lat' dir='ltr'>habuiffe</span> <span class='ocrx_word' id='word_1_154' title='bbox 729 858 864 889; x_wconf 82' lang='lat' dir='ltr'>debuiflet</span> <span class='ocrx_word' id='word_1_155' title='bbox 873 858 960 896; x_wconf 79' lang='lat' dir='ltr'>,juxta</span> <span class='ocrx_word' id='word_1_156' title='bbox 973 864 1099 886; x_wconf 88' lang='lat' dir='ltr'>tenorem</span> <span class='ocrx_word' id='word_1_157' title='bbox 1114 854 1187 885; x_wconf 85' lang='lat' dir='ltr'>litte-</span> 
     </span>
     <span class='ocr_line' id='line_1_23' title="bbox 128 895 1117 936; baseline -0.005 -8"><span class='ocrx_word' id='word_1_158' title='bbox 128 905 222 929; x_wconf 82' lang='lat' dir='ltr'>rarum</span> <span class='ocrx_word' id='word_1_159' title='bbox 236 897 387 929; x_wconf 86' lang='lat' dir='ltr'>nostrarum</span> <span class='ocrx_word' id='word_1_160' title='bbox 396 920 406 935; x_wconf 88' lang='lat'>,</span> <span class='ocrx_word' id='word_1_161' title='bbox 417 897 482 928; x_wconf 81' lang='lat' dir='ltr'>inde</span> <span class='ocrx_word' id='word_1_162' title='bbox 496 898 573 936; x_wconf 75' lang='lat' dir='ltr'>prius</span> <span class='ocrx_word' id='word_1_163' title='bbox 590 896 713 935; x_wconf 82' lang='lat' dir='ltr'>praefatae</span> <span class='ocrx_word' id='word_1_164' title='bbox 726 895 901 927; x_wconf 83' lang='lat' dir='ltr'>Constantiae</span> <span class='ocrx_word' id='word_1_165' title='bbox 917 895 1117 926; x_wconf 75' lang='lat' dir='ltr'>concessarum.</span> 
     </span>
    </p>
   </div>
   <div class='ocr_carea' id='block_1_6' title="bbox 170 971 912 1015">
    <p class='ocr_par' dir='ltr' id='par_1_10' title="bbox 170 971 912 1015">
     <span class='ocr_line' id='line_1_24' title="bbox 170 971 912 1015; baseline -0.004 -9"><span class='ocrx_word' id='word_1_166' title='bbox 170 972 257 1006; x_wconf 82' lang='lat' dir='ltr'>Teste</span> <span class='ocrx_word' id='word_1_167' title='bbox 269 973 353 1013; x_wconf 88' lang='lat' dir='ltr'>Rege</span> <span class='ocrx_word' id='word_1_168' title='bbox 365 973 438 1013; x_wconf 84' lang='lat' dir='ltr'>apud</span> <span class='ocrx_word' id='word_1_169' title='bbox 452 973 660 1015; x_wconf 85' lang='lat' dir='ltr'>Wyndesoram</span> <span class='ocrx_word' id='word_1_170' title='bbox 669 997 679 1012; x_wconf 90' lang='lat'>,</span> <span class='ocrx_word' id='word_1_171' title='bbox 701 983 746 1004; x_wconf 84' lang='lat'>12.</span> <span class='ocrx_word' id='word_1_172' title='bbox 760 973 807 1004; x_wconf 92' lang='lat' dir='ltr'>die</span> <span class='ocrx_word' id='word_1_173' title='bbox 828 971 912 1003; x_wconf 90' lang='lat' dir='ltr'>Maii.</span> 
     </span>
    </p>
   </div>
   <div class='ocr_carea' id='block_1_7' title="bbox 703 1045 1154 1089">
    <p class='ocr_par' dir='ltr' id='par_1_11' title="bbox 703 1045 1154 1089">
     <span class='ocr_line' id='line_1_25' title="bbox 703 1045 1154 1089; baseline -0.013 -8"><span class='ocrx_word' id='word_1_174' title='bbox 703 1052 757 1081; x_wconf 82' lang='lat' dir='ltr'>Per</span> <span class='ocrx_word' id='word_1_175' title='bbox 774 1055 860 1080; x_wconf 82' lang='lat' dir='ltr'>Breve</span> <span class='ocrx_word' id='word_1_176' title='bbox 877 1050 908 1079; x_wconf 84' lang='lat' dir='ltr'>de</span> <span class='ocrx_word' id='word_1_177' title='bbox 921 1052 1037 1089; x_wconf 83' lang='lat' dir='ltr'>privato</span> <span class='ocrx_word' id='word_1_178' title='bbox 1055 1045 1154 1085; x_wconf 73' lang='lat' dir='ltr'>Sigillo.</span> 
     </span>
    </p>
   </div>
   <div class='ocr_carea' id='block_1_8' title="bbox 128 1123 1183 1137">
    <p class='ocr_par' dir='ltr' id='par_1_12' title="bbox 128 1123 1183 1137">
     <span class='ocr_line' id='line_1_26' title="bbox 128 1123 1183 1137; baseline 0 3142"><span class='ocrx_word' id='word_1_179' title='bbox 128 1123 1183 1137; x_wconf 95' lang='lat' dir='ltr'> </span> 
     </span>
    </p>
   </div>
   <div class='ocr_carea' id='block_1_9' title="bbox 201 2166 1193 2210">
    <p class='ocr_par' dir='ltr' id='par_1_13' title="bbox 201 2166 1193 2210">
     <span class='ocr_line' id='line_1_27' title="bbox 201 2166 1193 2210; baseline 0 0"><span class='ocrx_word' id='word_1_180' title='bbox 201 2166 1193 2210; x_wconf 95' lang='lat' dir='ltr'> </span> 
     </span>
    </p>
   </div>
   <div class='ocr_carea' id='block_1_10' title="bbox 0 1174 1225 2499">
    <p class='ocr_par' dir='ltr' id='par_1_14' title="bbox 8 1174 1090 1250">
     <span class='ocr_line' id='line_1_28' title="bbox 8 1174 1090 1250; baseline -0.006 -37"><span class='ocrx_word' id='word_1_181' title='bbox 8 1174 98 1250; x_wconf 53' lang='grc' dir='ltr'><strong>ἷῐῘῙῘῙ·</strong></span> <span class='ocrx_word' id='word_1_182' title='bbox 238 1175 260 1198; x_wconf 68' lang='lat'>&#39;⁸‘</span> <span class='ocrx_word' id='word_1_183' title='bbox 276 1177 336 1212; x_wconf 79' lang='lat' dir='ltr'>Ad</span> <span class='ocrx_word' id='word_1_184' title='bbox 353 1181 466 1224; x_wconf 81' lang='lat' dir='ltr'><em>Papam</em></span> <span class='ocrx_word' id='word_1_185' title='bbox 478 1205 489 1222; x_wconf 86' lang='lat'>‚</span> <span class='ocrx_word' id='word_1_186' title='bbox 507 1178 544 1212; x_wconf 86' lang='lat' dir='ltr'>de</span> <span class='ocrx_word' id='word_1_187' title='bbox 559 1177 745 1225; x_wconf 71' lang='lat' dir='ltr'>dispenfhndo</span> <span class='ocrx_word' id='word_1_188' title='bbox 761 1189 831 1210; x_wconf 83' lang='lat' dir='ltr'>cum</span> <span class='ocrx_word' id='word_1_189' title='bbox 851 1176 974 1211; x_wconf 85' lang='lat' dir='ltr'>Medico</span> <span class='ocrx_word' id='word_1_190' title='bbox 992 1178 1090 1223; x_wconf 81' lang='lat' dir='ltr'>Regis.</span> 
     </span>
    </p>

    <p class='ocr_par' dir='ltr' id='par_1_15' title="bbox 0 1248 913 1295">
     <span class='ocr_line' id='line_1_29' title="bbox 0 1248 913 1295; baseline -0.004 0"><span class='ocrx_word' id='word_1_191' title='bbox 0 1251 65 1284; x_wconf 47' lang='grc' dir='ltr'>ΑΜ·</span> <span class='ocrx_word' id='word_1_192' title='bbox 79 1248 118 1279; x_wconf 85' lang='lat' dir='ltr'>D·</span> <span class='ocrx_word' id='word_1_193' title='bbox 183 1261 292 1295; x_wconf 89' lang='lat' dir='ltr'>APAE</span> <span class='ocrx_word' id='word_1_194' title='bbox 315 1261 380 1294; x_wconf 78' lang='lat' dir='ltr'>Rex</span> <span class='ocrx_word' id='word_1_195' title='bbox 398 1262 499 1295; x_wconf 89' lang='lat' dir='ltr'>devota</span> <span class='ocrx_word' id='word_1_196' title='bbox 516 1263 627 1294; x_wconf 89' lang='lat' dir='ltr'>Pedum</span> <span class='ocrx_word' id='word_1_197' title='bbox 645 1261 738 1293; x_wconf 89' lang='lat' dir='ltr'>oscula</span> <span class='ocrx_word' id='word_1_198' title='bbox 756 1261 913 1294; x_wconf 90' lang='lat' dir='ltr'>Beatorum.</span> 
     </span>
    </p>

    <p class='ocr_par' dir='ltr' id='par_1_16' title="bbox 0 1263 1200 1357">
     <span class='ocr_line' id='line_1_30' title="bbox 0 1263 1200 1357; baseline -0.004 -24"><span class='ocrx_word' id='word_1_199' title='bbox 0 1297 102 1357; x_wconf 43' lang='lat'>‘1713323‘</span> <span class='ocrx_word' id='word_1_200' title='bbox 135 1263 174 1321; x_wconf 83' lang='lat' dir='ltr'><strong>P</strong></span> <span class='ocrx_word' id='word_1_201' title='bbox 214 1301 297 1346; x_wconf 68' lang='lat' dir='ltr'>Dum</span> <span class='ocrx_word' id='word_1_202' title='bbox 316 1304 468 1341; x_wconf 87' lang='lat' dir='ltr'>mores,&amp;</span> <span class='ocrx_word' id='word_1_203' title='bbox 492 1303 589 1346; x_wconf 79' lang='lat' dir='ltr'>merita</span> <span class='ocrx_word' id='word_1_204' title='bbox 602 1300 747 1332; x_wconf 83' lang='lat' dir='ltr'>laudabilia</span> <span class='ocrx_word' id='word_1_205' title='bbox 758 1324 768 1340; x_wconf 85' lang='lat'>,</span> <span class='ocrx_word' id='word_1_206' title='bbox 794 1302 893 1344; x_wconf 79' lang='lat' dir='ltr'>quibus</span> <span class='ocrx_word' id='word_1_207' title='bbox 911 1299 1029 1343; x_wconf 62' lang='lat' dir='ltr'>dileffims</span> <span class='ocrx_word' id='word_1_208' title='bbox 1048 1298 1179 1342; x_wconf 79' lang='lat' dir='ltr'>Clericus</span> <span class='ocrx_word' id='word_1_209' title='bbox 1190 1320 1200 1336; x_wconf 92' lang='lat'>,</span> 
     </span>
    </p>

    <p class='ocr_par' dir='ltr' id='par_1_17' title="bbox 0 1337 1202 1417">
     <span class='ocr_line' id='line_1_31' title="bbox 0 1337 1201 1396; baseline -0.007 -22"><span class='ocrx_word' id='word_1_210' title='bbox 0 1372 24 1396; x_wconf 75' lang='lat' dir='ltr'>E.</span> <span class='ocrx_word' id='word_1_211' title='bbox 37 1350 70 1393; x_wconf 34' lang='lat'>‘2‘</span> <span class='ocrx_word' id='word_1_212' title='bbox 82 1347 90 1355; x_wconf 90' lang='grc'><em>·</em></span> <span class='ocrx_word' id='word_1_213' title='bbox 140 1342 173 1373; x_wconf 90' lang='lat'>&amp;</span> <span class='ocrx_word' id='word_1_214' title='bbox 183 1339 316 1371; x_wconf 88' lang='lat' dir='ltr'>Medicus</span> <span class='ocrx_word' id='word_1_215' title='bbox 330 1340 422 1371; x_wconf 91' lang='lat' dir='ltr'>noster</span> <span class='ocrx_word' id='word_1_216' title='bbox 430 1340 587 1385; x_wconf 62' lang='lat' dir='ltr'>,Magister</span> <span class='ocrx_word' id='word_1_217' title='bbox 602 1340 742 1385; x_wconf 75' lang='lat' dir='ltr'>Roberms</span> <span class='ocrx_word' id='word_1_218' title='bbox 754 1339 789 1370; x_wconf 96' lang='lat' dir='ltr'>de</span> <span class='ocrx_word' id='word_1_219' title='bbox 804 1339 932 1369; x_wconf 85' lang='lat' dir='ltr'>Cisterne</span> <span class='ocrx_word' id='word_1_220' title='bbox 947 1340 1011 1382; x_wconf 24' lang='lat' dir='ltr'>(Uqui</span> <span class='ocrx_word' id='word_1_221' title='bbox 1025 1337 1201 1382; x_wconf 80' lang='lat' dir='ltr'>complexio-</span> 
     </span>
     <span class='ocr_line' id='line_1_32' title="bbox 140 1377 1202 1417; baseline -0.005 -7"><span class='ocrx_word' id='word_1_222' title='bbox 140 1390 208 1411; x_wconf 88' lang='lat' dir='ltr'>nem</span> <span class='ocrx_word' id='word_1_223' title='bbox 224 1379 361 1417; x_wconf 86' lang='lat' dir='ltr'>nostram,</span> <span class='ocrx_word' id='word_1_224' title='bbox 377 1389 410 1409; x_wconf 89' lang='lat' dir='ltr'>ac</span> <span class='ocrx_word' id='word_1_225' title='bbox 428 1389 553 1417; x_wconf 89' lang='lat' dir='ltr'>corporis</span> <span class='ocrx_word' id='word_1_226' title='bbox 570 1378 656 1409; x_wconf 87' lang='lat' dir='ltr'>nostri</span> <span class='ocrx_word' id='word_1_227' title='bbox 674 1377 776 1409; x_wconf 88' lang='lat' dir='ltr'>statum</span> <span class='ocrx_word' id='word_1_228' title='bbox 800 1387 859 1416; x_wconf 82' lang='lat' dir='ltr'>prae</span> <span class='ocrx_word' id='word_1_229' title='bbox 883 1378 1018 1407; x_wconf 87' lang='lat' dir='ltr'>omnibus</span> <span class='ocrx_word' id='word_1_230' title='bbox 1040 1377 1099 1407; x_wconf 86' lang='lat' dir='ltr'>aliis</span> <span class='ocrx_word' id='word_1_231' title='bbox 1120 1383 1202 1405; x_wconf 84' lang='lat' dir='ltr'>nOVit</span> 
     </span>
    </p>

    <p class='ocr_par' dir='ltr' id='par_1_18' title="bbox 0 1402 1201 1473">
     <span class='ocr_line' id='line_1_33' title="bbox 0 1402 1201 1473; baseline -0.005 -24"><span class='ocrx_word' id='word_1_232' title='bbox 0 1409 72 1473; x_wconf 58' lang='lat' dir='ltr'>{ng</span> <span class='ocrx_word' id='word_1_233' title='bbox 82 1402 121 1470; x_wconf 47' lang='grc' dir='ltr'>ῤ’</span> <span class='ocrx_word' id='word_1_234' title='bbox 141 1418 303 1463; x_wconf 71' lang='lat' dir='ltr'>diligenter)</span> <span class='ocrx_word' id='word_1_235' title='bbox 317 1417 500 1456; x_wconf 87' lang='lat' dir='ltr'>attendimus,</span> <span class='ocrx_word' id='word_1_236' title='bbox 512 1417 617 1462; x_wconf 73' lang='lat' dir='ltr'>justum</span> <span class='ocrx_word' id='word_1_237' title='bbox 634 1417 668 1447; x_wconf 89' lang='lat'>&amp;</span> <span class='ocrx_word' id='word_1_238' title='bbox 684 1416 811 1461; x_wconf 80' lang='lat' dir='ltr'>debitum</span> <span class='ocrx_word' id='word_1_239' title='bbox 828 1417 1009 1452; x_wconf 79' lang='lat' dir='ltr'>arbitramur,</span> <span class='ocrx_word' id='word_1_240' title='bbox 1033 1424 1062 1445; x_wconf 88' lang='lat' dir='ltr'>ut</span> <span class='ocrx_word' id='word_1_241' title='bbox 1078 1414 1112 1445; x_wconf 88' lang='lat' dir='ltr'>ad</span> <span class='ocrx_word' id='word_1_242' title='bbox 1126 1421 1201 1444; x_wconf 88' lang='lat' dir='ltr'>certa</span> 
     </span>
    </p>

    <p class='ocr_par' dir='ltr' id='par_1_19' title="bbox 0 1450 1203 1510">
     <span class='ocr_line' id='line_1_34' title="bbox 0 1450 1203 1510; baseline -0.006 -22"><span class='ocrx_word' id='word_1_243' title='bbox 0 1485 27 1510; x_wconf 39' lang='grc' dir='ltr'>Ε.</span> <span class='ocrx_word' id='word_1_244' title='bbox 41 1490 68 1509; x_wconf 47' lang='grc'>2.</span> <span class='ocrx_word' id='word_1_245' title='bbox 85 1489 123 1509; x_wconf 48' lang='lat' dir='ltr'>m.</span> <span class='ocrx_word' id='word_1_246' title='bbox 142 1457 230 1501; x_wconf 70' lang='lat' dir='ltr'>ipsius</span> <span class='ocrx_word' id='word_1_247' title='bbox 241 1455 395 1487; x_wconf 86' lang='lat' dir='ltr'>commoda</span> <span class='ocrx_word' id='word_1_248' title='bbox 409 1478 419 1494; x_wconf 89' lang='lat'>,</span> <span class='ocrx_word' id='word_1_249' title='bbox 447 1456 542 1501; x_wconf 79' lang='lat' dir='ltr'>modis¹</span> <span class='ocrx_word' id='word_1_250' title='bbox 557 1456 590 1486; x_wconf 91' lang='lat'>&amp;</span> <span class='ocrx_word' id='word_1_251' title='bbox 608 1465 661 1487; x_wconf 81' lang='lat' dir='ltr'>vus</span> <span class='ocrx_word' id='word_1_252' title='bbox 675 1478 685 1494; x_wconf 90' lang='lat'>,</span> <span class='ocrx_word' id='word_1_253' title='bbox 711 1456 812 1493; x_wconf 89' lang='lat' dir='ltr'>quibus</span> <span class='ocrx_word' id='word_1_254' title='bbox 828 1455 911 1499; x_wconf 32' lang='lat' dir='ltr'>bono.</span> <span class='ocrx_word' id='word_1_255' title='bbox 925 1450 958 1485; x_wconf 71' lang='lat' dir='ltr'>«Sc</span> <span class='ocrx_word' id='word_1_256' title='bbox 976 1453 1096 1499; x_wconf 72' lang='lat' dir='ltr'>honesto</span> <span class='ocrx_word' id='word_1_257' title='bbox 1114 1452 1203 1482; x_wconf 89' lang='lat' dir='ltr'>modo</span> 
     </span>
    </p>

    <p class='ocr_par' dir='ltr' id='par_1_20' title="bbox 0 1493 1201 1548">
     <span class='ocr_line' id='line_1_35' title="bbox 0 1493 1201 1548; baseline -0.006 -21"><span class='ocrx_word' id='word_1_258' title='bbox 0 1520 41 1548; x_wconf 42' lang='grc'>16.</span> <span class='ocrx_word' id='word_1_259' title='bbox 163 1504 316 1533; x_wconf 82' lang='lat' dir='ltr'>oterimuS,</span> <span class='ocrx_word' id='word_1_260' title='bbox 344 1494 515 1532; x_wconf 84' lang='lat' dir='ltr'>procuranda</span> <span class='ocrx_word' id='word_1_261' title='bbox 534 1503 761 1532; x_wconf 76' lang='lat' dir='ltr'>interponamus,</span> <span class='ocrx_word' id='word_1_262' title='bbox 782 1503 851 1524; x_wconf 89' lang='lat' dir='ltr'>cum</span> <span class='ocrx_word' id='word_1_263' title='bbox 865 1493 1027 1531; x_wconf 76' lang='lat' dir='ltr'>diligentia,</span> <span class='ocrx_word' id='word_1_264' title='bbox 1039 1500 1127 1532; x_wconf 86' lang='lat' dir='ltr'>partes</span> <span class='ocrx_word' id='word_1_265' title='bbox 1149 1500 1201 1520; x_wconf 90' lang='lat' dir='ltr'>no-</span> 
     </span>
    </p>

    <p class='ocr_par' dir='ltr' id='par_1_21' title="bbox 167 1544 1205 1610">
     <span class='ocr_line' id='line_1_36' title="bbox 167 1544 1205 1610; baseline -0.006 -8"><span class='ocrx_word' id='word_1_266' title='bbox 167 1544 259 1602; x_wconf 58' lang='lat' dir='ltr'>rCiim</span> <span class='ocrx_word' id='word_1_267' title='bbox 275 1572 361 1609; x_wconf 85' lang='lat' dir='ltr'>igitur</span> <span class='ocrx_word' id='word_1_268' title='bbox 377 1571 526 1610; x_wconf 60' lang='lat' dir='ltr'>praedictus</span> <span class='ocrx_word' id='word_1_269' title='bbox 542 1569 674 1602; x_wconf 87' lang='lat' dir='ltr'>Medicus</span> <span class='ocrx_word' id='word_1_270' title='bbox 687 1570 852 1608; x_wconf 86' lang='lat' dir='ltr'>noster,qui</span> <span class='ocrx_word' id='word_1_271' title='bbox 866 1568 1005 1608; x_wconf 86' lang='lat' dir='ltr'>quandam</span> <span class='ocrx_word' id='word_1_272' title='bbox 1021 1567 1205 1598; x_wconf 79' lang='lat' dir='ltr'>Praebendam</span> 
     </span>
    </p>

    <p class='ocr_par' dir='ltr' id='par_1_22' title="bbox 143 1608 1208 1764">
     <span class='ocr_line' id='line_1_37' title="bbox 144 1608 1207 1650; baseline -0.007 -8"><span class='ocrx_word' id='word_1_273' title='bbox 144 1612 174 1642; x_wconf 76' lang='lat' dir='ltr'>in</span> <span class='ocrx_word' id='word_1_274' title='bbox 192 1610 318 1641; x_wconf 63' lang='lat' dir='ltr'>Ecclesia</span> <span class='ocrx_word' id='word_1_275' title='bbox 336 1609 496 1648; x_wconf 72' lang='lat' dir='ltr'>Collegiata</span> <span class='ocrx_word' id='word_1_276' title='bbox 509 1609 544 1640; x_wconf 91' lang='lat' dir='ltr'>de</span> <span class='ocrx_word' id='word_1_277' title='bbox 557 1609 746 1647; x_wconf 87' lang='lat' dir='ltr'>Wengeham</span> <span class='ocrx_word' id='word_1_278' title='bbox 760 1609 910 1639; x_wconf 87' lang='lat' dir='ltr'>dinoscitur</span> <span class='ocrx_word' id='word_1_279' title='bbox 925 1608 1066 1650; x_wconf 75' lang='lat' dir='ltr'>optinere,</span> <span class='ocrx_word' id='word_1_280' title='bbox 1086 1616 1138 1645; x_wconf 89' lang='lat' dir='ltr'>pro</span> <span class='ocrx_word' id='word_1_281' title='bbox 1154 1615 1207 1635; x_wconf 93' lang='lat' dir='ltr'>no-</span> 
     </span>
     <span class='ocr_line' id='line_1_38' title="bbox 143 1644 1208 1686; baseline -0.007 -6"><span class='ocrx_word' id='word_1_282' title='bbox 143 1649 196 1680; x_wconf 86' lang='lat' dir='ltr'>stra</span> <span class='ocrx_word' id='word_1_283' title='bbox 213 1649 405 1680; x_wconf 86' lang='lat' dir='ltr'>incolumitate</span> <span class='ocrx_word' id='word_1_284' title='bbox 422 1650 454 1684; x_wconf 70' lang='grc'>86</span> <span class='ocrx_word' id='word_1_285' title='bbox 471 1648 581 1679; x_wconf 85' lang='lat' dir='ltr'>sanitate</span> <span class='ocrx_word' id='word_1_286' title='bbox 597 1647 749 1686; x_wconf 66' lang='lat' dir='ltr'>corporea,</span> <span class='ocrx_word' id='word_1_287' title='bbox 767 1657 833 1678; x_wconf 89' lang='lat' dir='ltr'>cum</span> <span class='ocrx_word' id='word_1_288' title='bbox 853 1647 911 1678; x_wconf 91' lang='lat' dir='ltr'>Dei</span> <span class='ocrx_word' id='word_1_289' title='bbox 927 1645 1047 1677; x_wconf 78' lang='lat' dir='ltr'>subiidlo</span> <span class='ocrx_word' id='word_1_290' title='bbox 1063 1668 1072 1684; x_wconf 89' lang='lat'>,</span> <span class='ocrx_word' id='word_1_291' title='bbox 1099 1644 1208 1684; x_wconf 80' lang='lat' dir='ltr'>praeser-</span> 
     </span>
     <span class='ocr_line' id='line_1_39' title="bbox 148 1683 1208 1726; baseline -0.005 -8"><span class='ocrx_word' id='word_1_292' title='bbox 148 1687 244 1718; x_wconf 83' lang='lat' dir='ltr'>vandis</span> <span class='ocrx_word' id='word_1_293' title='bbox 252 1709 262 1725; x_wconf 84' lang='lat'>‚</span> <span class='ocrx_word' id='word_1_294' title='bbox 270 1686 417 1718; x_wconf 86' lang='lat' dir='ltr'>nobiscum</span> <span class='ocrx_word' id='word_1_295' title='bbox 429 1689 458 1717; x_wconf 90' lang='lat' dir='ltr'>in</span> <span class='ocrx_word' id='word_1_296' title='bbox 471 1687 606 1726; x_wconf 88' lang='lat' dir='ltr'>obsequio</span> <span class='ocrx_word' id='word_1_297' title='bbox 618 1686 731 1725; x_wconf 86' lang='lat' dir='ltr'>nostro,</span> <span class='ocrx_word' id='word_1_298' title='bbox 745 1696 792 1726; x_wconf 86' lang='lat' dir='ltr'>per</span> <span class='ocrx_word' id='word_1_299' title='bbox 805 1692 976 1726; x_wconf 86' lang='lat' dir='ltr'>praeceptum</span> <span class='ocrx_word' id='word_1_300' title='bbox 988 1683 1114 1715; x_wconf 89' lang='lat' dir='ltr'>nostrum</span> <span class='ocrx_word' id='word_1_301' title='bbox 1122 1706 1132 1722; x_wconf 90' lang='lat'>,</span> <span class='ocrx_word' id='word_1_302' title='bbox 1141 1693 1208 1722; x_wconf 85' lang='lat' dir='ltr'>qua-</span> 
     </span>
     <span class='ocr_line' id='line_1_40' title="bbox 146 1726 610 1764; baseline -0.004 -7"><span class='ocrx_word' id='word_1_303' title='bbox 146 1726 169 1757; x_wconf 86' lang='lat' dir='ltr'>fi</span> <span class='ocrx_word' id='word_1_304' title='bbox 189 1726 353 1756; x_wconf 89' lang='lat' dir='ltr'>continuam</span> <span class='ocrx_word' id='word_1_305' title='bbox 375 1734 484 1756; x_wconf 85' lang='lat' dir='ltr'>moram</span> <span class='ocrx_word' id='word_1_306' title='bbox 505 1726 610 1764; x_wconf 76' lang='lat' dir='ltr'>trahat,</span> 
     </span>
    </p>

    <p class='ocr_par' dir='ltr' id='par_1_23' title="bbox 145 1761 1214 1996">
     <span class='ocr_line' id='line_1_41' title="bbox 187 1761 1212 1804; baseline -0.004 -10"><span class='ocrx_word' id='word_1_307' title='bbox 187 1763 313 1795; x_wconf 88' lang='lat' dir='ltr'>Vestram</span> <span class='ocrx_word' id='word_1_308' title='bbox 338 1762 528 1794; x_wconf 85' lang='lat' dir='ltr'>Clementiam</span> <span class='ocrx_word' id='word_1_309' title='bbox 549 1762 706 1794; x_wconf 60' lang='lat' dir='ltr'>affectuosis</span> <span class='ocrx_word' id='word_1_310' title='bbox 727 1763 854 1802; x_wconf 85' lang='lat' dir='ltr'>precibus</span> <span class='ocrx_word' id='word_1_311' title='bbox 882 1761 1047 1800; x_wconf 85' lang='lat' dir='ltr'>requirimus</span> <span class='ocrx_word' id='word_1_312' title='bbox 1071 1761 1212 1804; x_wconf 52' lang='grc'><strong>8610911-</strong></span> 
     </span>
     <span class='ocr_line' id='line_1_42' title="bbox 150 1801 1211 1841; baseline -0.006 -7"><span class='ocrx_word' id='word_1_313' title='bbox 150 1811 214 1839; x_wconf 86' lang='lat' dir='ltr'>mus</span> <span class='ocrx_word' id='word_1_314' title='bbox 226 1825 236 1841; x_wconf 90' lang='lat'>,</span> <span class='ocrx_word' id='word_1_315' title='bbox 262 1803 388 1840; x_wconf 82' lang='lat' dir='ltr'>quatinus</span> <span class='ocrx_word' id='word_1_316' title='bbox 399 1811 473 1833; x_wconf 86' lang='lat' dir='ltr'>cum</span> <span class='ocrx_word' id='word_1_317' title='bbox 491 1802 631 1840; x_wconf 69' lang='lat' dir='ltr'>praedieto</span> <span class='ocrx_word' id='word_1_318' title='bbox 650 1801 790 1841; x_wconf 80' lang='lat' dir='ltr'>Magistro</span> <span class='ocrx_word' id='word_1_319' title='bbox 812 1801 946 1831; x_wconf 87' lang='lat' dir='ltr'>Roberto</span> <span class='ocrx_word' id='word_1_320' title='bbox 963 1823 973 1839; x_wconf 92' lang='lat'>,</span> <span class='ocrx_word' id='word_1_321' title='bbox 995 1808 1025 1831; x_wconf 90' lang='lat' dir='ltr'>ut</span> <span class='ocrx_word' id='word_1_322' title='bbox 1052 1807 1211 1838; x_wconf 84' lang='lat' dir='ltr'>portionem</span> 
     </span>
     <span class='ocr_line' id='line_1_43' title="bbox 147 1837 1212 1879; baseline -0.004 -8"><span class='ocrx_word' id='word_1_323' title='bbox 147 1840 312 1872; x_wconf 76' lang='lat' dir='ltr'>Praebendae</span> <span class='ocrx_word' id='word_1_324' title='bbox 328 1839 382 1872; x_wconf 77' lang='lat' dir='ltr'>suae</span> <span class='ocrx_word' id='word_1_325' title='bbox 399 1840 542 1879; x_wconf 68' lang='lat' dir='ltr'>praedietae</span> <span class='ocrx_word' id='word_1_326' title='bbox 558 1863 568 1879; x_wconf 83' lang='lat'>,</span> <span class='ocrx_word' id='word_1_327' title='bbox 591 1841 661 1871; x_wconf 91' lang='lat' dir='ltr'>dum</span> <span class='ocrx_word' id='word_1_328' title='bbox 680 1840 828 1871; x_wconf 90' lang='lat' dir='ltr'>nobiscum</span> <span class='ocrx_word' id='word_1_329' title='bbox 847 1841 877 1870; x_wconf 87' lang='lat' dir='ltr'>in</span> <span class='ocrx_word' id='word_1_330' title='bbox 894 1838 1029 1877; x_wconf 88' lang='lat' dir='ltr'>obsequio</span> <span class='ocrx_word' id='word_1_331' title='bbox 1045 1837 1141 1868; x_wconf 87' lang='lat' dir='ltr'>nostro</span> <span class='ocrx_word' id='word_1_332' title='bbox 1158 1837 1212 1867; x_wconf 88' lang='lat' dir='ltr'>ste-</span> 
     </span>
     <span class='ocr_line' id='line_1_44' title="bbox 147 1875 1213 1918; baseline -0.003 -9"><span class='ocrx_word' id='word_1_333' title='bbox 147 1880 227 1917; x_wconf 86' lang='lat' dir='ltr'>terit,</span> <span class='ocrx_word' id='word_1_334' title='bbox 242 1887 272 1910; x_wconf 89' lang='lat' dir='ltr'>ut</span> <span class='ocrx_word' id='word_1_335' title='bbox 289 1878 328 1909; x_wconf 85' lang='lat' dir='ltr'>est</span> <span class='ocrx_word' id='word_1_336' title='bbox 346 1878 455 1910; x_wconf 64' lang='lat' dir='ltr'>dietum</span> <span class='ocrx_word' id='word_1_337' title='bbox 464 1902 474 1918; x_wconf 92' lang='lat'>,</span> <span class='ocrx_word' id='word_1_338' title='bbox 491 1889 524 1909; x_wconf 88' lang='lat' dir='ltr'>ac</span> <span class='ocrx_word' id='word_1_339' title='bbox 543 1880 562 1909; x_wconf 90' lang='lat' dir='ltr'>si</span> <span class='ocrx_word' id='word_1_340' title='bbox 579 1880 609 1909; x_wconf 86' lang='lat' dir='ltr'>in</span> <span class='ocrx_word' id='word_1_341' title='bbox 623 1878 700 1910; x_wconf 64' lang='lat' dir='ltr'>dieta</span> <span class='ocrx_word' id='word_1_342' title='bbox 716 1877 841 1910; x_wconf 65' lang='lat' dir='ltr'>Ecclesia</span> <span class='ocrx_word' id='word_1_343' title='bbox 865 1877 1040 1918; x_wconf 85' lang='lat' dir='ltr'>personaliter</span> <span class='ocrx_word' id='word_1_344' title='bbox 1066 1875 1192 1907; x_wconf 80' lang='lat' dir='ltr'>resideret</span> <span class='ocrx_word' id='word_1_345' title='bbox 1202 1898 1213 1914; x_wconf 90' lang='lat'>,</span> 
     </span>
     <span class='ocr_line' id='line_1_45' title="bbox 145 1914 1214 1957; baseline -0.003 -9"><span class='ocrx_word' id='word_1_346' title='bbox 145 1919 290 1956; x_wconf 79' lang='lat' dir='ltr'>percipere</span> <span class='ocrx_word' id='word_1_347' title='bbox 314 1917 402 1948; x_wconf 82' lang='lat' dir='ltr'>valeat</span> <span class='ocrx_word' id='word_1_348' title='bbox 418 1919 452 1952; x_wconf 68' lang='grc' dir='ltr'>ὃς</span> <span class='ocrx_word' id='word_1_349' title='bbox 470 1918 590 1957; x_wconf 83' lang='lat' dir='ltr'>habere,</span> <span class='ocrx_word' id='word_1_350' title='bbox 607 1917 695 1948; x_wconf 89' lang='lat' dir='ltr'>nostri</span> <span class='ocrx_word' id='word_1_351' title='bbox 712 1916 968 1956; x_wconf 82' lang='lat' dir='ltr'>contemplatione,</span> <span class='ocrx_word' id='word_1_352' title='bbox 983 1915 1134 1954; x_wconf 86' lang='lat' dir='ltr'>dispensare</span> <span class='ocrx_word' id='word_1_353' title='bbox 1148 1914 1214 1952; x_wconf 84' lang='lat' dir='ltr'>dig—</span> 
     </span>
     <span class='ocr_line' id='line_1_46' title="bbox 151 1955 641 1996; baseline 0.002 -10"><span class='ocrx_word' id='word_1_354' title='bbox 151 1963 231 1987; x_wconf 85' lang='lat' dir='ltr'>netur</span> <span class='ocrx_word' id='word_1_355' title='bbox 247 1955 335 1987; x_wconf 86' lang='lat' dir='ltr'>vestra</span> <span class='ocrx_word' id='word_1_356' title='bbox 349 1955 501 1989; x_wconf 86' lang='lat' dir='ltr'>Paternitas</span> <span class='ocrx_word' id='word_1_357' title='bbox 517 1957 641 1996; x_wconf 90' lang='lat' dir='ltr'>gratiosa.</span> 
     </span>
    </p>

    <p class='ocr_par' dir='ltr' id='par_1_24' title="bbox 187 2031 436 2073">
     <span class='ocr_line' id='line_1_47' title="bbox 187 2031 436 2073; baseline 0.008 -9"><span class='ocrx_word' id='word_1_358' title='bbox 187 2031 358 2073; x_wconf 76' lang='lat' dir='ltr'>conservet,</span> <span class='ocrx_word' id='word_1_359' title='bbox 375 2033 436 2066; x_wconf 60' lang='lat' dir='ltr'>&amp;a</span> 
     </span>
    </p>

    <p class='ocr_par' dir='ltr' id='par_1_25' title="bbox 189 2109 705 2149">
     <span class='ocr_line' id='line_1_48' title="bbox 189 2109 705 2149; baseline 0.002 -9"><span class='ocrx_word' id='word_1_360' title='bbox 189 2109 259 2141; x_wconf 85' lang='lat' dir='ltr'>Dat.</span> <span class='ocrx_word' id='word_1_361' title='bbox 271 2109 344 2149; x_wconf 79' lang='lat' dir='ltr'>apud</span> <span class='ocrx_word' id='word_1_362' title='bbox 359 2110 485 2142; x_wconf 85' lang='lat' dir='ltr'>Westm.</span> <span class='ocrx_word' id='word_1_363' title='bbox 505 2112 549 2142; x_wconf 87' lang='lat'>16.</span> <span class='ocrx_word' id='word_1_364' title='bbox 563 2111 608 2143; x_wconf 84' lang='lat' dir='ltr'>die</span> <span class='ocrx_word' id='word_1_365' title='bbox 623 2109 705 2142; x_wconf 86' lang='lat' dir='ltr'>Maii.</span> 
     </span>
    </p>

    <p class='ocr_par' dir='ltr' id='par_1_26' title="bbox 14 2232 1225 2499">
     <span class='ocr_line' id='line_1_49' title="bbox 255 2232 1127 2280; baseline -0.005 -12"><span class='ocrx_word' id='word_1_366' title='bbox 255 2237 369 2268; x_wconf 79' lang='lat' dir='ltr'>Forma</span> <span class='ocrx_word' id='word_1_367' title='bbox 391 2233 427 2267; x_wconf 87' lang='lat' dir='ltr'>de</span> <span class='ocrx_word' id='word_1_368' title='bbox 448 2232 628 2280; x_wconf 79' lang='lat' dir='ltr'>Majoribus</span> <span class='ocrx_word' id='word_1_369' title='bbox 648 2232 786 2280; x_wconf 83' lang='lat' dir='ltr'>eligendis</span> <span class='ocrx_word' id='word_1_370' title='bbox 803 2235 835 2266; x_wconf 83' lang='lat' dir='ltr'>in</span> <span class='ocrx_word' id='word_1_371' title='bbox 853 2235 986 2267; x_wconf 81' lang='lat' dir='ltr'>Civitate</span> <span class='ocrx_word' id='word_1_372' title='bbox 1005 2234 1127 2269; x_wconf 77' lang='lat' dir='ltr'>Baimae.</span> 
     </span>
     <span class='ocr_line' id='line_1_50' title="bbox 14 2303 1220 2387; baseline -0.004 -36"><span class='ocrx_word' id='word_1_373' title='bbox 14 2303 147 2386; x_wconf 48' lang='grc' dir='ltr'>Ἣὲῗ·</span> <span class='ocrx_word' id='word_1_374' title='bbox 230 2318 294 2350; x_wconf 85' lang='grc' dir='ltr'>ΕΧ</span> <span class='ocrx_word' id='word_1_375' title='bbox 320 2318 474 2387; x_wconf 56' lang='lat' dir='ltr'>{enefcalilo</span> <span class='ocrx_word' id='word_1_376' title='bbox 485 2318 534 2350; x_wconf 91' lang='lat' dir='ltr'>suo</span> <span class='ocrx_word' id='word_1_377' title='bbox 547 2319 768 2357; x_wconf 83' lang='lat' dir='ltr'>Vasconiae,qui</span> <span class='ocrx_word' id='word_1_378' title='bbox 785 2328 860 2349; x_wconf 89' lang='lat' dir='ltr'>nunc</span> <span class='ocrx_word' id='word_1_379' title='bbox 881 2317 989 2357; x_wconf 82' lang='lat' dir='ltr'>est,vel</span> <span class='ocrx_word' id='word_1_380' title='bbox 1008 2318 1057 2356; x_wconf 87' lang='lat' dir='ltr'>qui</span> <span class='ocrx_word' id='word_1_381' title='bbox 1076 2326 1130 2355; x_wconf 86' lang='lat' dir='ltr'>pro</span> <span class='ocrx_word' id='word_1_382' title='bbox 1149 2323 1220 2347; x_wconf 58' lang='lat' dir='ltr'>tem*</span> 
     </span>
     <span class='ocr_line' id='line_1_51' title="bbox 17 2357 1224 2436; baseline -0.004 -9"><span class='ocrx_word' id='word_1_383' title='bbox 17 2384 145 2414; x_wconf 79' lang='lat' dir='ltr'>An.6.E.</span> <span class='ocrx_word' id='word_1_384' title='bbox 199 2357 713 2435; x_wconf 39' lang='lat' dir='ltr'>Expggtiteuffilatjbrislffffeiiilatorum,&amp;</span> <span class='ocrx_word' id='word_1_385' title='bbox 730 2394 954 2426; x_wconf 82' lang='lat' dir='ltr'>Communitatis</span> <span class='ocrx_word' id='word_1_386' title='bbox 973 2393 1105 2425; x_wconf 84' lang='lat' dir='ltr'>Civitatis</span> <span class='ocrx_word' id='word_1_387' title='bbox 1119 2392 1224 2436; x_wconf 68' lang='lat' dir='ltr'>nostrae</span> 
     </span>
     <span class='ocr_line' id='line_1_52' title="bbox 18 2431 1225 2499; baseline -0.006 -32"><span class='ocrx_word' id='word_1_388' title='bbox 18 2432 86 2499; x_wconf 41' lang='lat' dir='ltr'>32st-</span> <span class='ocrx_word' id='word_1_389' title='bbox 105 2463 131 2489; x_wconf 40' lang='lat'>6.</span> <span class='ocrx_word' id='word_1_390' title='bbox 164 2434 290 2473; x_wconf 79' lang='lat' dir='ltr'>Baionae,</span> <span class='ocrx_word' id='word_1_391' title='bbox 306 2434 388 2465; x_wconf 88' lang='lat' dir='ltr'>nobis</span> <span class='ocrx_word' id='word_1_392' title='bbox 404 2434 444 2466; x_wconf 93' lang='lat' dir='ltr'>est</span> <span class='ocrx_word' id='word_1_393' title='bbox 461 2435 638 2474; x_wconf 87' lang='lat' dir='ltr'>suggestum,</span> <span class='ocrx_word' id='word_1_394' title='bbox 657 2433 737 2473; x_wconf 81' lang='lat' dir='ltr'>quod</span> <span class='ocrx_word' id='word_1_395' title='bbox 754 2433 832 2472; x_wconf 88' lang='lat' dir='ltr'>super</span> <span class='ocrx_word' id='word_1_396' title='bbox 850 2433 988 2464; x_wconf 66' lang='grc'><strong>6166110116</strong></span> <span class='ocrx_word' id='word_1_397' title='bbox 1006 2432 1122 2471; x_wconf 87' lang='lat' dir='ltr'>Majoris</span> <span class='ocrx_word' id='word_1_398' title='bbox 1141 2431 1225 2462; x_wconf 86' lang='lat' dir='ltr'>Civi-</span> 
     </span>
    </p>
   </div>
   <div class='ocr_carea' id='block_1_11' title="bbox 20 2469 1240 3164">
    <p class='ocr_par' dir='ltr' id='par_1_27' title="bbox 20 2469 1240 3164">
     <span class='ocr_line' id='line_1_53' title="bbox 164 2469 1226 2512; baseline -0.004 -8"><span class='ocrx_word' id='word_1_399' title='bbox 164 2475 224 2504; x_wconf 88' lang='lat' dir='ltr'>tatis</span> <span class='ocrx_word' id='word_1_400' title='bbox 240 2473 311 2504; x_wconf 86' lang='lat' dir='ltr'>illius</span> <span class='ocrx_word' id='word_1_401' title='bbox 327 2473 454 2512; x_wconf 79' lang='lat' dir='ltr'>ibidem,</span> <span class='ocrx_word' id='word_1_402' title='bbox 471 2485 487 2504; x_wconf 87' lang='lat' dir='ltr'>a</span> <span class='ocrx_word' id='word_1_403' title='bbox 505 2482 633 2511; x_wconf 85' lang='lat' dir='ltr'>tempore</span> <span class='ocrx_word' id='word_1_404' title='bbox 651 2483 708 2511; x_wconf 84' lang='lat' dir='ltr'>quo</span> <span class='ocrx_word' id='word_1_405' title='bbox 726 2482 783 2503; x_wconf 89' lang='lat' dir='ltr'>non</span> <span class='ocrx_word' id='word_1_406' title='bbox 801 2481 873 2503; x_wconf 84' lang='lat' dir='ltr'>extat</span> <span class='ocrx_word' id='word_1_407' title='bbox 893 2472 1051 2509; x_wconf 88' lang='lat' dir='ltr'>memoria,</span> <span class='ocrx_word' id='word_1_408' title='bbox 1067 2471 1154 2501; x_wconf 83' lang='lat' dir='ltr'>extitit</span> <span class='ocrx_word' id='word_1_409' title='bbox 1174 2469 1226 2500; x_wconf 88' lang='lat' dir='ltr'>usi-</span> 
     </span>
     <span class='ocr_line' id='line_1_54' title="bbox 20 2504 1228 2551; baseline -0.004 -8"><span class='ocrx_word' id='word_1_410' title='bbox 20 2504 54 2528; x_wconf 69' lang='grc' dir='ltr'>Ε·</span> <span class='ocrx_word' id='word_1_411' title='bbox 68 2509 95 2531; x_wconf 79' lang='lat'>²⁴</span> <span class='ocrx_word' id='word_1_412' title='bbox 112 2510 148 2529; x_wconf 78' lang='lat' dir='ltr'>m·</span> <span class='ocrx_word' id='word_1_413' title='bbox 166 2520 272 2550; x_wconf 88' lang='lat' dir='ltr'>tatum,</span> <span class='ocrx_word' id='word_1_414' title='bbox 292 2512 387 2551; x_wconf 87' lang='lat' dir='ltr'>quod,</span> <span class='ocrx_word' id='word_1_415' title='bbox 405 2522 472 2543; x_wconf 91' lang='lat' dir='ltr'>cum</span> <span class='ocrx_word' id='word_1_416' title='bbox 492 2511 587 2550; x_wconf 86' lang='lat' dir='ltr'>Major</span> <span class='ocrx_word' id='word_1_417' title='bbox 604 2512 672 2549; x_wconf 89' lang='lat' dir='ltr'>eligi</span> <span class='ocrx_word' id='word_1_418' title='bbox 689 2512 826 2549; x_wconf 82' lang='lat' dir='ltr'>deberet,</span> <span class='ocrx_word' id='word_1_419' title='bbox 849 2519 901 2541; x_wconf 88' lang='lat' dir='ltr'>tres</span> <span class='ocrx_word' id='word_1_420' title='bbox 922 2511 1005 2548; x_wconf 86' lang='lat' dir='ltr'>probi</span> <span class='ocrx_word' id='word_1_421' title='bbox 1033 2511 1163 2540; x_wconf 88' lang='lat' dir='ltr'>homines</span> <span class='ocrx_word' id='word_1_422' title='bbox 1180 2518 1228 2546; x_wconf 83' lang='lat' dir='ltr'>per</span> 
     </span>
     <span class='ocr_line' id='line_1_55' title="bbox 23 2547 1230 2587; baseline -0.004 -5"><span class='ocrx_word' id='word_1_423' title='bbox 23 2547 52 2574; x_wconf 86' lang='grc'>7·</span> <span class='ocrx_word' id='word_1_424' title='bbox 165 2550 413 2585; x_wconf 82' lang='lat' dir='ltr'>Communitatem</span> <span class='ocrx_word' id='word_1_425' title='bbox 431 2550 560 2583; x_wconf 83' lang='lat' dir='ltr'>Civitatis</span> <span class='ocrx_word' id='word_1_426' title='bbox 577 2551 648 2581; x_wconf 88' lang='lat' dir='ltr'>illius</span> <span class='ocrx_word' id='word_1_427' title='bbox 664 2549 829 2587; x_wconf 86' lang='lat' dir='ltr'>eligerentur</span> <span class='ocrx_word' id='word_1_428' title='bbox 844 2572 854 2587; x_wconf 84' lang='lat'>,</span> <span class='ocrx_word' id='word_1_429' title='bbox 875 2549 909 2580; x_wconf 87' lang='lat'>&amp;</span> <span class='ocrx_word' id='word_1_430' title='bbox 932 2548 1159 2586; x_wconf 80' lang='lat' dir='ltr'>Progenitoribus</span> <span class='ocrx_word' id='word_1_431' title='bbox 1176 2557 1230 2577; x_wconf 92' lang='lat' dir='ltr'>no-</span> 
     </span>
     <span class='ocr_line' id='line_1_56' title="bbox 167 2584 1230 2627; baseline -0.003 -8"><span class='ocrx_word' id='word_1_432' title='bbox 167 2588 245 2627; x_wconf 84' lang='lat' dir='ltr'>stris,</span> <span class='ocrx_word' id='word_1_433' title='bbox 262 2589 282 2619; x_wconf 87' lang='lat' dir='ltr'>fi</span> <span class='ocrx_word' id='word_1_434' title='bbox 299 2591 330 2619; x_wconf 89' lang='lat' dir='ltr'>in</span> <span class='ocrx_word' id='word_1_435' title='bbox 347 2589 427 2620; x_wconf 62' lang='lat' dir='ltr'>dieto</span> <span class='ocrx_word' id='word_1_436' title='bbox 445 2589 559 2620; x_wconf 88' lang='lat' dir='ltr'>Ducatu</span> <span class='ocrx_word' id='word_1_437' title='bbox 578 2587 708 2627; x_wconf 82' lang='lat' dir='ltr'>fuissent,</span> <span class='ocrx_word' id='word_1_438' title='bbox 724 2587 786 2626; x_wconf 92' lang='lat' dir='ltr'>vel,</span> <span class='ocrx_word' id='word_1_439' title='bbox 803 2588 824 2618; x_wconf 88' lang='lat' dir='ltr'>fi</span> <span class='ocrx_word' id='word_1_440' title='bbox 840 2587 961 2618; x_wconf 83' lang='lat' dir='ltr'>absentes</span> <span class='ocrx_word' id='word_1_441' title='bbox 977 2584 1230 2625; x_wconf 84' lang='lat' dir='ltr'>effent,Senescal-</span> 
     </span>
     <span class='ocr_line' id='line_1_57' title="bbox 165 2625 1231 2666; baseline -0.004 -8"><span class='ocrx_word' id='word_1_442' title='bbox 165 2627 196 2658; x_wconf 87' lang='lat'>10</span> <span class='ocrx_word' id='word_1_443' title='bbox 213 2627 332 2666; x_wconf 87' lang='lat' dir='ltr'>ejusdem</span> <span class='ocrx_word' id='word_1_444' title='bbox 348 2627 478 2663; x_wconf 74' lang='lat' dir='ltr'>Ducatils</span> <span class='ocrx_word' id='word_1_445' title='bbox 495 2626 873 2666; x_wconf 73' lang='lat' dir='ltr'>praesentarenturzquodque</span> <span class='ocrx_word' id='word_1_446' title='bbox 891 2635 960 2656; x_wconf 91' lang='lat' dir='ltr'>unus</span> <span class='ocrx_word' id='word_1_447' title='bbox 976 2625 1087 2656; x_wconf 87' lang='lat' dir='ltr'>illorum</span> <span class='ocrx_word' id='word_1_448' title='bbox 1096 2625 1148 2664; x_wconf 87' lang='lat' dir='ltr'>,fic</span> <span class='ocrx_word' id='word_1_449' title='bbox 1160 2634 1231 2663; x_wconf 76' lang='lat' dir='ltr'>prae-</span> 
     </span>
     <span class='ocr_line' id='line_1_58' title="bbox 169 2662 1170 2705; baseline -0.003 -8"><span class='ocrx_word' id='word_1_450' title='bbox 169 2665 352 2703; x_wconf 83' lang='lat' dir='ltr'>sentatorum,</span> <span class='ocrx_word' id='word_1_451' title='bbox 368 2669 396 2697; x_wconf 87' lang='lat' dir='ltr'>in</span> <span class='ocrx_word' id='word_1_452' title='bbox 415 2666 558 2705; x_wconf 88' lang='lat' dir='ltr'>Majorem</span> <span class='ocrx_word' id='word_1_453' title='bbox 577 2665 706 2697; x_wconf 88' lang='lat' dir='ltr'>Civitatis</span> <span class='ocrx_word' id='word_1_454' title='bbox 723 2664 868 2704; x_wconf 66' lang='lat' dir='ltr'>praedietae</span> <span class='ocrx_word' id='word_1_455' title='bbox 885 2664 993 2695; x_wconf 85' lang='lat' dir='ltr'>admitti</span> <span class='ocrx_word' id='word_1_456' title='bbox 1010 2662 1170 2702; x_wconf 70' lang='lat' dir='ltr'>consuevit,</span> 
     </span>
     <span class='ocr_line' id='line_1_59' title="bbox 209 2703 1233 2743; baseline -0.004 -8"><span class='ocrx_word' id='word_1_457' title='bbox 209 2704 326 2743; x_wconf 84' lang='lat' dir='ltr'>Propter</span> <span class='ocrx_word' id='word_1_458' title='bbox 342 2705 417 2743; x_wconf 88' lang='lat' dir='ltr'>quod</span> <span class='ocrx_word' id='word_1_459' title='bbox 433 2705 517 2735; x_wconf 89' lang='lat' dir='ltr'>nobis</span> <span class='ocrx_word' id='word_1_460' title='bbox 528 2705 579 2735; x_wconf 88' lang='lat' dir='ltr'>fuit</span> <span class='ocrx_word' id='word_1_461' title='bbox 595 2704 718 2735; x_wconf 87' lang='lat' dir='ltr'>similiter</span> <span class='ocrx_word' id='word_1_462' title='bbox 730 2704 966 2742; x_wconf 81' lang='lat' dir='ltr'>supplicatum,ut</span> <span class='ocrx_word' id='word_1_463' title='bbox 978 2703 1165 2741; x_wconf 66' lang='lat' dir='ltr'>elerstionem,</span> <span class='ocrx_word' id='word_1_464' title='bbox 1180 2711 1233 2732; x_wconf 88' lang='lat' dir='ltr'>nu—</span> 
     </span>
     <span class='ocr_line' id='line_1_60' title="bbox 171 2740 1234 2782; baseline -0.003 -8"><span class='ocrx_word' id='word_1_465' title='bbox 171 2754 222 2782; x_wconf 85' lang='lat' dir='ltr'>per</span> <span class='ocrx_word' id='word_1_466' title='bbox 239 2754 288 2781; x_wconf 86' lang='lat' dir='ltr'>per</span> <span class='ocrx_word' id='word_1_467' title='bbox 308 2742 553 2774; x_wconf 86' lang='lat' dir='ltr'>Communitatem</span> <span class='ocrx_word' id='word_1_468' title='bbox 570 2742 698 2773; x_wconf 88' lang='lat' dir='ltr'>Civitatis</span> <span class='ocrx_word' id='word_1_469' title='bbox 713 2742 872 2780; x_wconf 66' lang='lat' dir='ltr'>praedictae,</span> <span class='ocrx_word' id='word_1_470' title='bbox 886 2741 923 2772; x_wconf 93' lang='lat' dir='ltr'>de</span> <span class='ocrx_word' id='word_1_471' title='bbox 942 2740 1055 2780; x_wconf 85' lang='lat' dir='ltr'>Majore</span> <span class='ocrx_word' id='word_1_472' title='bbox 1069 2740 1179 2772; x_wconf 86' lang='lat' dir='ltr'>ibidem</span> <span class='ocrx_word' id='word_1_473' title='bbox 1193 2740 1234 2771; x_wconf 86' lang='lat' dir='ltr'>fa-</span> 
     </span>
     <span class='ocr_line' id='line_1_61' title="bbox 174 2779 1235 2821; baseline -0.004 -9"><span class='ocrx_word' id='word_1_474' title='bbox 174 2782 267 2820; x_wconf 64' lang='lat' dir='ltr'>ctam,</span> <span class='ocrx_word' id='word_1_475' title='bbox 280 2782 312 2813; x_wconf 87' lang='lat'>&amp;</span> <span class='ocrx_word' id='word_1_476' title='bbox 328 2792 377 2820; x_wconf 83' lang='lat' dir='ltr'>per</span> <span class='ocrx_word' id='word_1_477' title='bbox 387 2782 546 2821; x_wconf 74' lang='lat' dir='ltr'>johannem</span> <span class='ocrx_word' id='word_1_478' title='bbox 558 2782 595 2812; x_wconf 87' lang='lat' dir='ltr'>de</span> <span class='ocrx_word' id='word_1_479' title='bbox 609 2782 829 2820; x_wconf 80' lang='lat' dir='ltr'>FerariiS,nuper</span> <span class='ocrx_word' id='word_1_480' title='bbox 841 2780 1029 2813; x_wconf 84' lang='lat' dir='ltr'>Senescallum</span> <span class='ocrx_word' id='word_1_481' title='bbox 1040 2779 1166 2811; x_wconf 83' lang='lat' dir='ltr'>nostrum</span> <span class='ocrx_word' id='word_1_482' title='bbox 1180 2780 1235 2809; x_wconf 90' lang='lat' dir='ltr'>ibi-</span> 
     </span>
     <span class='ocr_line' id='line_1_62' title="bbox 176 2818 1103 2859; baseline -0.003 -8"><span class='ocrx_word' id='word_1_483' title='bbox 176 2821 263 2858; x_wconf 88' lang='lat' dir='ltr'>bem,</span> <span class='ocrx_word' id='word_1_484' title='bbox 278 2829 308 2850; x_wconf 91' lang='lat' dir='ltr'>ut</span> <span class='ocrx_word' id='word_1_485' title='bbox 322 2821 421 2850; x_wconf 87' lang='lat' dir='ltr'>dicitur</span> <span class='ocrx_word' id='word_1_486' title='bbox 429 2843 439 2859; x_wconf 88' lang='lat'>,</span> <span class='ocrx_word' id='word_1_487' title='bbox 451 2828 638 2859; x_wconf 84' lang='lat' dir='ltr'>acceptatam,</span> <span class='ocrx_word' id='word_1_488' title='bbox 653 2819 786 2850; x_wconf 87' lang='lat' dir='ltr'>ratificare</span> <span class='ocrx_word' id='word_1_489' title='bbox 799 2819 918 2850; x_wconf 89' lang='lat' dir='ltr'>velimus</span> <span class='ocrx_word' id='word_1_490' title='bbox 932 2818 965 2849; x_wconf 91' lang='lat'>&amp;</span> <span class='ocrx_word' id='word_1_491' title='bbox 980 2818 1103 2849; x_wconf 85' lang='lat' dir='ltr'>firmare:</span> 
     </span>
     <span class='ocr_line' id='line_1_63' title="bbox 214 2857 1236 2901; baseline -0.001 -12"><span class='ocrx_word' id='word_1_492' title='bbox 214 2858 347 2889; x_wconf 85' lang='lat' dir='ltr'>Volentes</span> <span class='ocrx_word' id='word_1_493' title='bbox 369 2859 471 2898; x_wconf 87' lang='lat' dir='ltr'>igitur,</span> <span class='ocrx_word' id='word_1_494' title='bbox 486 2859 543 2889; x_wconf 75' lang='lat' dir='ltr'>tarn</span> <span class='ocrx_word' id='word_1_495' title='bbox 556 2859 634 2901; x_wconf 82' lang='lat' dir='ltr'>super</span> <span class='ocrx_word' id='word_1_496' title='bbox 648 2858 694 2890; x_wconf 90' lang='lat' dir='ltr'>usu</span> <span class='ocrx_word' id='word_1_497' title='bbox 709 2859 742 2891; x_wconf 85' lang='lat'>&amp;</span> <span class='ocrx_word' id='word_1_498' title='bbox 756 2857 951 2889; x_wconf 85' lang='lat' dir='ltr'>consuetudine</span> <span class='ocrx_word' id='word_1_499' title='bbox 971 2857 1113 2896; x_wconf 67' lang='lat' dir='ltr'>praedietis</span> <span class='ocrx_word' id='word_1_500' title='bbox 1151 2857 1236 2895; x_wconf 78' lang='lat' dir='ltr'>quam</span> 
     </span>
     <span class='ocr_line' id='line_1_64' title="bbox 180 2879 1237 2941; baseline 0 -16"><span class='ocrx_word' id='word_1_501' title='bbox 180 2895 258 2941; x_wconf 69' lang='lat' dir='ltr'>super</span> <span class='ocrx_word' id='word_1_502' title='bbox 271 2896 406 2927; x_wconf 72' lang='lat' dir='ltr'>electione</span> <span class='ocrx_word' id='word_1_503' title='bbox 421 2898 454 2928; x_wconf 90' lang='lat'>&amp;</span> <span class='ocrx_word' id='word_1_504' title='bbox 468 2899 659 2935; x_wconf 86' lang='lat' dir='ltr'>acceptatione</span> <span class='ocrx_word' id='word_1_505' title='bbox 673 2896 791 2935; x_wconf 81' lang='lat' dir='ltr'>Majoris</span> <span class='ocrx_word' id='word_1_506' title='bbox 805 2896 1007 2935; x_wconf 57' lang='lat' dir='ltr'>praediffiffler</span> <span class='ocrx_word' id='word_1_507' title='bbox 1021 2906 1073 2928; x_wconf 92' lang='lat' dir='ltr'>vos</span> <span class='ocrx_word' id='word_1_508' title='bbox 1086 2879 1162 2926; x_wconf 54' lang='lat' dir='ltr'>effici</span> <span class='ocrx_word' id='word_1_509' title='bbox 1178 2895 1237 2934; x_wconf 88' lang='lat' dir='ltr'>ple-</span> 
     </span>
     <span class='ocr_line' id='line_1_65' title="bbox 181 2933 1238 2978; baseline -0.001 -15"><span class='ocrx_word' id='word_1_510' title='bbox 181 2943 246 2964; x_wconf 84' lang='lat' dir='ltr'>nius</span> <span class='ocrx_word' id='word_1_511' title='bbox 259 2935 403 2978; x_wconf 74' lang='lat' dir='ltr'>certiores,</span> <span class='ocrx_word' id='word_1_512' title='bbox 418 2936 500 2966; x_wconf 86' lang='lat' dir='ltr'>vobis</span> <span class='ocrx_word' id='word_1_513' title='bbox 516 2935 680 2966; x_wconf 82' lang='lat' dir='ltr'>mandamus</span> <span class='ocrx_word' id='word_1_514' title='bbox 702 2934 781 2974; x_wconf 84' lang='lat' dir='ltr'>quod</span> <span class='ocrx_word' id='word_1_515' title='bbox 790 2957 800 2973; x_wconf 95' lang='lat'>,</span> <span class='ocrx_word' id='word_1_516' title='bbox 811 2936 917 2966; x_wconf 89' lang='lat' dir='ltr'>vocatis</span> <span class='ocrx_word' id='word_1_517' title='bbox 927 2935 979 2965; x_wconf 89' lang='lat' dir='ltr'>illis</span> <span class='ocrx_word' id='word_1_518' title='bbox 992 2935 1027 2965; x_wconf 90' lang='lat' dir='ltr'>de</span> <span class='ocrx_word' id='word_1_519' title='bbox 1042 2933 1171 2965; x_wconf 90' lang='lat' dir='ltr'>Consilio</span> <span class='ocrx_word' id='word_1_520' title='bbox 1184 2943 1238 2963; x_wconf 88' lang='lat' dir='ltr'>no-</span> 
     </span>
     <span class='ocr_line' id='line_1_66' title="bbox 182 2971 1239 3015; baseline -0.002 -12"><span class='ocrx_word' id='word_1_521' title='bbox 182 2971 240 3003; x_wconf 86' lang='lat' dir='ltr'>stro</span> <span class='ocrx_word' id='word_1_522' title='bbox 255 2980 374 3015; x_wconf 79' lang='lat' dir='ltr'>partium</span> <span class='ocrx_word' id='word_1_523' title='bbox 388 2972 510 3012; x_wconf 74' lang='lat' dir='ltr'>illarum,</span> <span class='ocrx_word' id='word_1_524' title='bbox 522 2975 554 3006; x_wconf 89' lang='lat'>&amp;</span> <span class='ocrx_word' id='word_1_525' title='bbox 568 2974 641 3012; x_wconf 88' lang='lat' dir='ltr'>aliis,</span> <span class='ocrx_word' id='word_1_526' title='bbox 654 2984 725 3012; x_wconf 85' lang='lat' dir='ltr'>quos</span> <span class='ocrx_word' id='word_1_527' title='bbox 739 2973 869 3005; x_wconf 82' lang='lat' dir='ltr'>duxeritis</span> <span class='ocrx_word' id='word_1_528' title='bbox 887 2973 1047 3005; x_wconf 85' lang='lat' dir='ltr'>evocandos</span> <span class='ocrx_word' id='word_1_529' title='bbox 1062 2996 1072 3011; x_wconf 93' lang='lat'>,</span> <span class='ocrx_word' id='word_1_530' title='bbox 1088 2972 1239 3010; x_wconf 59' lang='lat' dir='ltr'>habitaque</span> 
     </span>
     <span class='ocr_line' id='line_1_67' title="bbox 180 3009 1237 3054; baseline -0.002 -12"><span class='ocrx_word' id='word_1_531' title='bbox 180 3009 261 3051; x_wconf 82' lang='lat' dir='ltr'>super</span> <span class='ocrx_word' id='word_1_532' title='bbox 274 3009 421 3054; x_wconf 70' lang='lat' dir='ltr'>praemissis</span> <span class='ocrx_word' id='word_1_533' title='bbox 438 3010 519 3048; x_wconf 73' lang='lat' dir='ltr'>plena</span> <span class='ocrx_word' id='word_1_534' title='bbox 533 3013 565 3042; x_wconf 88' lang='lat'>&amp;</span> <span class='ocrx_word' id='word_1_535' title='bbox 579 3013 706 3051; x_wconf 81' lang='lat' dir='ltr'>diligenti</span> <span class='ocrx_word' id='word_1_536' title='bbox 720 3012 938 3050; x_wconf 83' lang='lat' dir='ltr'>informatione,</span> <span class='ocrx_word' id='word_1_537' title='bbox 952 3011 988 3042; x_wconf 91' lang='lat' dir='ltr'>de</span> <span class='ocrx_word' id='word_1_538' title='bbox 1002 3022 1055 3050; x_wconf 87' lang='lat' dir='ltr'>eo,</span> <span class='ocrx_word' id='word_1_539' title='bbox 1079 3011 1155 3049; x_wconf 88' lang='lat' dir='ltr'>quod</span> <span class='ocrx_word' id='word_1_540' title='bbox 1171 3010 1237 3040; x_wconf 89' lang='lat' dir='ltr'>inde</span> 
     </span>
     <span class='ocr_line' id='line_1_68' title="bbox 184 3049 1240 3092; baseline 0 -14"><span class='ocrx_word' id='word_1_541' title='bbox 184 3049 359 3092; x_wconf 74' lang='lat' dir='ltr'>invenerim,</span> <span class='ocrx_word' id='word_1_542' title='bbox 375 3058 429 3079; x_wconf 90' lang='lat' dir='ltr'>nos</span> <span class='ocrx_word' id='word_1_543' title='bbox 447 3049 496 3080; x_wconf 89' lang='lat' dir='ltr'>sub</span> <span class='ocrx_word' id='word_1_544' title='bbox 515 3049 604 3086; x_wconf 90' lang='lat' dir='ltr'>sigillo</span> <span class='ocrx_word' id='word_1_545' title='bbox 623 3050 715 3080; x_wconf 90' lang='lat' dir='ltr'>vestro</span> <span class='ocrx_word' id='word_1_546' title='bbox 737 3050 867 3081; x_wconf 64' lang='lat' dir='ltr'>distincte</span> <span class='ocrx_word' id='word_1_547' title='bbox 884 3051 918 3081; x_wconf 92' lang='lat'>&amp;</span> <span class='ocrx_word' id='word_1_548' title='bbox 935 3058 1026 3088; x_wconf 87' lang='lat' dir='ltr'>aperte</span> <span class='ocrx_word' id='word_1_549' title='bbox 1043 3050 1164 3081; x_wconf 86' lang='lat' dir='ltr'>reddatis</span> <span class='ocrx_word' id='word_1_550' title='bbox 1179 3059 1240 3079; x_wconf 89' lang='lat' dir='ltr'>cer-</span> 
     </span>
     <span class='ocr_line' id='line_1_69' title="bbox 184 3086 1240 3131; baseline 0 -15"><span class='ocrx_word' id='word_1_551' title='bbox 184 3093 285 3131; x_wconf 66' lang='lat' dir='ltr'>tiores,</span> <span class='ocrx_word' id='word_1_552' title='bbox 302 3086 488 3126; x_wconf 73' lang='lat' dir='ltr'>Remittentes</span> <span class='ocrx_word' id='word_1_553' title='bbox 505 3088 586 3130; x_wconf 79' lang='lat' dir='ltr'>nobis</span> <span class='ocrx_word' id='word_1_554' title='bbox 607 3088 665 3118; x_wconf 89' lang='lat' dir='ltr'>hoc</span> <span class='ocrx_word' id='word_1_555' title='bbox 681 3088 788 3127; x_wconf 89' lang='lat' dir='ltr'>Breve,</span> <span class='ocrx_word' id='word_1_556' title='bbox 810 3097 858 3127; x_wconf 90' lang='lat' dir='ltr'>ut,</span> <span class='ocrx_word' id='word_1_557' title='bbox 878 3088 944 3119; x_wconf 91' lang='lat' dir='ltr'>inde</span> <span class='ocrx_word' id='word_1_558' title='bbox 959 3089 1112 3127; x_wconf 84' lang='lat' dir='ltr'>certiorati,</span> <span class='ocrx_word' id='word_1_559' title='bbox 1128 3087 1240 3118; x_wconf 75' lang='lat' dir='ltr'>ulterius</span> 
     </span>
     <span class='ocr_line' id='line_1_70' title="bbox 185 3124 1131 3164; baseline 0.001 -9"><span class='ocrx_word' id='word_1_560' title='bbox 185 3124 318 3156; x_wconf 81' lang='lat' dir='ltr'>faciamus</span> <span class='ocrx_word' id='word_1_561' title='bbox 333 3124 408 3164; x_wconf 86' lang='lat' dir='ltr'>quod</span> <span class='ocrx_word' id='word_1_562' title='bbox 423 3125 459 3156; x_wconf 92' lang='lat' dir='ltr'>de</span> <span class='ocrx_word' id='word_1_563' title='bbox 476 3125 603 3156; x_wconf 79' lang='lat' dir='ltr'>Consilio</span> <span class='ocrx_word' id='word_1_564' title='bbox 618 3125 715 3157; x_wconf 90' lang='lat' dir='ltr'>nostro</span> <span class='ocrx_word' id='word_1_565' title='bbox 729 3127 792 3157; x_wconf 85' lang='lat' dir='ltr'>fore</span> <span class='ocrx_word' id='word_1_566' title='bbox 803 3127 942 3158; x_wconf 90' lang='lat' dir='ltr'>videbitur</span> <span class='ocrx_word' id='word_1_567' title='bbox 952 3126 1131 3164; x_wconf 75' lang='lat' dir='ltr'>faciendum.¹</span> 
     </span>
    </p>
   </div>
   <div class='ocr_carea' id='block_1_12' title="bbox 221 3200 957 3245">
    <p class='ocr_par' dir='ltr' id='par_1_28' title="bbox 221 3200 957 3245">
     <span class='ocr_line' id='line_1_71' title="bbox 221 3200 957 3245; baseline 0 -11"><span class='ocrx_word' id='word_1_568' title='bbox 221 3200 309 3234; x_wconf 86' lang='lat' dir='ltr'>Teste</span> <span class='ocrx_word' id='word_1_569' title='bbox 322 3201 406 3240; x_wconf 83' lang='lat' dir='ltr'>Rege</span> <span class='ocrx_word' id='word_1_570' title='bbox 419 3203 492 3242; x_wconf 84' lang='lat' dir='ltr'>apud</span> <span class='ocrx_word' id='word_1_571' title='bbox 507 3203 716 3245; x_wconf 88' lang='lat' dir='ltr'>Wyndesoram</span> <span class='ocrx_word' id='word_1_572' title='bbox 724 3229 734 3242; x_wconf 85' lang='lat'>‚</span> <span class='ocrx_word' id='word_1_573' title='bbox 752 3214 799 3245; x_wconf 87' lang='lat'>13.</span> <span class='ocrx_word' id='word_1_574' title='bbox 811 3203 857 3235; x_wconf 88' lang='lat' dir='ltr'>die</span> <span class='ocrx_word' id='word_1_575' title='bbox 873 3202 957 3234; x_wconf 82' lang='lat' dir='ltr'>Maii.</span> 
     </span>
    </p>
   </div>
   <div class='ocr_carea' id='block_1_13' title="bbox 1240 153 2274 217">
    <p class='ocr_par' dir='ltr' id='par_1_29' title="bbox 1240 153 2274 217">
     <span class='ocr_line' id='line_1_72' title="bbox 1240 153 2274 217; baseline 0 -17"><span class='ocrx_word' id='word_1_576' title='bbox 1240 153 1788 204; x_wconf 55' lang='lat' dir='ltr'>PUBLICAss&#39;</span> <span class='ocrx_word' id='word_1_577' title='bbox 2220 175 2274 217; x_wconf 84' lang='lat'>39</span> 
     </span>
    </p>
   </div>
   <div class='ocr_carea' id='block_1_14' title="bbox 1210 241 2423 472">
    <p class='ocr_par' dir='ltr' id='par_1_30' title="bbox 1210 241 2423 439">
     <span class='ocr_line' id='line_1_73' title="bbox 1211 241 2423 285; baseline 0.002 -12"><span class='ocrx_word' id='word_1_578' title='bbox 1211 245 1255 274; x_wconf 90' lang='lat' dir='ltr'>nir</span> <span class='ocrx_word' id='word_1_579' title='bbox 1273 244 1338 274; x_wconf 88' lang='lat' dir='ltr'>bien</span> <span class='ocrx_word' id='word_1_580' title='bbox 1355 244 1388 275; x_wconf 93' lang='lat'>&amp;</span> <span class='ocrx_word' id='word_1_581' title='bbox 1408 245 1600 277; x_wconf 75' lang='lat' dir='ltr'>loiaumeritze</span> <span class='ocrx_word' id='word_1_582' title='bbox 1618 247 1759 278; x_wconf 87' lang='lat' dir='ltr'>ensement</span> <span class='ocrx_word' id='word_1_583' title='bbox 1775 250 1827 285; x_wconf 77' lang='lat' dir='ltr'>pur</span> <span class='ocrx_word' id='word_1_584' title='bbox 1844 245 1979 279; x_wconf 86' lang='lat' dir='ltr'>deliverer</span> <span class='ocrx_word' id='word_1_585' title='bbox 1996 244 2034 278; x_wconf 90' lang='lat' dir='ltr'>les</span> <span class='ocrx_word' id='word_1_586' title='bbox 2047 243 2149 277; x_wconf 75' lang='lat' dir='ltr'>Genrz.</span> <span class='ocrx_word' id='word_1_587' title='bbox 2161 246 2275 278; x_wconf 82' lang='lat' dir='ltr'>d’Esco-</span> <span class='ocrx_word' id='word_1_588' title='bbox 2287 244 2362 276; x_wconf 82' lang='lat' dir='ltr'>Arm.</span> <span class='ocrx_word' id='word_1_589' title='bbox 2378 241 2423 276; x_wconf 63' lang='lat' dir='ltr'>D„</span> 
     </span>
     <span class='ocr_line' id='line_1_74' title="bbox 1210 285 2401 324; baseline 0.003 -13"><span class='ocrx_word' id='word_1_590' title='bbox 1210 292 1262 319; x_wconf 87' lang='lat' dir='ltr'>ce,</span> <span class='ocrx_word' id='word_1_591' title='bbox 1279 292 1333 320; x_wconf 87' lang='lat' dir='ltr'>que</span> <span class='ocrx_word' id='word_1_592' title='bbox 1349 290 1400 312; x_wconf 90' lang='lat' dir='ltr'>unt</span> <span class='ocrx_word' id='word_1_593' title='bbox 1416 306 1425 321; x_wconf 91' lang='lat'>,</span> <span class='ocrx_word' id='word_1_594' title='bbox 1448 292 1487 313; x_wconf 90' lang='lat' dir='ltr'>ou</span> <span class='ocrx_word' id='word_1_595' title='bbox 1506 293 1621 315; x_wconf 85' lang='lat' dir='ltr'>averont</span> <span class='ocrx_word' id='word_1_596' title='bbox 1645 286 1701 316; x_wconf 89' lang='lat' dir='ltr'>este</span> <span class='ocrx_word' id='word_1_597' title='bbox 1720 287 1775 324; x_wconf 85' lang='lat' dir='ltr'>pris</span> <span class='ocrx_word' id='word_1_598' title='bbox 1790 296 1828 317; x_wconf 91' lang='lat' dir='ltr'>en</span> <span class='ocrx_word' id='word_1_599' title='bbox 1844 293 1936 324; x_wconf 84' lang='lat' dir='ltr'>temps</span> <span class='ocrx_word' id='word_1_600' title='bbox 1953 285 1990 316; x_wconf 91' lang='lat' dir='ltr'>de</span> <span class='ocrx_word' id='word_1_601' title='bbox 2006 286 2134 316; x_wconf 83' lang='lat' dir='ltr'>Triewes</span> <span class='ocrx_word' id='word_1_602' title='bbox 2148 307 2158 322; x_wconf 91' lang='lat'>,</span> <span class='ocrx_word' id='word_1_603' title='bbox 2182 295 2220 315; x_wconf 87' lang='lat' dir='ltr'>ou</span> <span class='ocrx_word' id='word_1_604' title='bbox 2236 287 2273 316; x_wconf 88' lang='lat' dir='ltr'>de</span> <span class='ocrx_word' id='word_1_605' title='bbox 2316 292 2401 321; x_wconf 71' lang='lat'><em>1213.</em></span> 
     </span>
     <span class='ocr_line' id='line_1_75' title="bbox 1212 320 2402 365; baseline 0.004 -16"><span class='ocrx_word' id='word_1_606' title='bbox 1212 320 1379 351; x_wconf 85' lang='lat' dir='ltr'>suffraunces</span> <span class='ocrx_word' id='word_1_607' title='bbox 1393 343 1403 358; x_wconf 88' lang='lat'>,</span> <span class='ocrx_word' id='word_1_608' title='bbox 1430 321 1558 365; x_wconf 70' lang='lat' dir='ltr'>acordees</span> <span class='ocrx_word' id='word_1_609' title='bbox 1570 345 1579 360; x_wconf 86' lang='lat'>,</span> <span class='ocrx_word' id='word_1_610' title='bbox 1602 332 1684 354; x_wconf 88' lang='lat' dir='ltr'>avant</span> <span class='ocrx_word' id='word_1_611' title='bbox 1702 334 1749 354; x_wconf 86' lang='lat' dir='ltr'>ces</span> <span class='ocrx_word' id='word_1_612' title='bbox 1765 324 1862 355; x_wconf 90' lang='lat' dir='ltr'>heures</span> <span class='ocrx_word' id='word_1_613' title='bbox 1877 347 1887 364; x_wconf 91' lang='lat'>,</span> <span class='ocrx_word' id='word_1_614' title='bbox 1910 332 1986 354; x_wconf 87' lang='lat' dir='ltr'>entre</span> <span class='ocrx_word' id='word_1_615' title='bbox 2003 332 2062 354; x_wconf 85' lang='lat' dir='ltr'>noz</span> <span class='ocrx_word' id='word_1_616' title='bbox 2078 323 2176 353; x_wconf 85' lang='lat' dir='ltr'>Gentz</span> <span class='ocrx_word' id='word_1_617' title='bbox 2190 323 2272 354; x_wconf 72' lang='lat' dir='ltr'>d&#39;une</span> <span class='ocrx_word' id='word_1_618' title='bbox 2292 321 2360 352; x_wconf 69' lang='grc' dir='ltr'>Εάῦ-</span> <span class='ocrx_word' id='word_1_619' title='bbox 2375 332 2402 350; x_wconf 83' lang='lat'>2-</span> 
     </span>
     <span class='ocr_line' id='line_1_76' title="bbox 1212 359 2273 401; baseline 0.004 -13"><span class='ocrx_word' id='word_1_620' title='bbox 1212 367 1290 396; x_wconf 88' lang='lat' dir='ltr'>part,</span> <span class='ocrx_word' id='word_1_621' title='bbox 1306 360 1339 389; x_wconf 90' lang='lat'>&amp;</span> <span class='ocrx_word' id='word_1_622' title='bbox 1358 368 1428 389; x_wconf 83' lang='lat' dir='ltr'>ceux</span> <span class='ocrx_word' id='word_1_623' title='bbox 1446 359 1579 390; x_wconf 74' lang='lat' dir='ltr'>d’Escoce</span> <span class='ocrx_word' id='word_1_624' title='bbox 1596 360 1714 392; x_wconf 84' lang='lat' dir='ltr'>d&#39;autre:</span> <span class='ocrx_word' id='word_1_625' title='bbox 1733 363 1767 393; x_wconf 92' lang='lat'>&amp;</span> <span class='ocrx_word' id='word_1_626' title='bbox 1784 373 1839 401; x_wconf 87' lang='lat' dir='ltr'>por</span> <span class='ocrx_word' id='word_1_627' title='bbox 1855 362 1987 394; x_wconf 87' lang='lat' dir='ltr'>amender</span> <span class='ocrx_word' id='word_1_628' title='bbox 2005 362 2047 392; x_wconf 90' lang='lat' dir='ltr'>lor</span> <span class='ocrx_word' id='word_1_629' title='bbox 2064 361 2163 399; x_wconf 77' lang='lat' dir='ltr'>trespas</span> <span class='ocrx_word' id='word_1_630' title='bbox 2185 362 2219 392; x_wconf 86' lang='lat'>&amp;</span> <span class='ocrx_word' id='word_1_631' title='bbox 2235 362 2273 392; x_wconf 82' lang='lat' dir='ltr'>les</span> 
     </span>
     <span class='ocr_line' id='line_1_77' title="bbox 1214 397 2272 439; baseline 0.005 -14"><span class='ocrx_word' id='word_1_632' title='bbox 1214 397 1390 438; x_wconf 79' lang='lat' dir='ltr'>emreprxses,</span> <span class='ocrx_word' id='word_1_633' title='bbox 1404 407 1458 434; x_wconf 89' lang='lat' dir='ltr'>que</span> <span class='ocrx_word' id='word_1_634' title='bbox 1473 406 1538 439; x_wconf 81' lang='lat' dir='ltr'>unt,</span> <span class='ocrx_word' id='word_1_635' title='bbox 1550 407 1588 428; x_wconf 91' lang='lat' dir='ltr'>ou</span> <span class='ocrx_word' id='word_1_636' title='bbox 1599 408 1713 430; x_wconf 89' lang='lat' dir='ltr'>averont</span> <span class='ocrx_word' id='word_1_637' title='bbox 1725 400 1782 431; x_wconf 92' lang='lat' dir='ltr'>este</span> <span class='ocrx_word' id='word_1_638' title='bbox 1799 402 1876 432; x_wconf 86' lang='lat' dir='ltr'>faites</span> <span class='ocrx_word' id='word_1_639' title='bbox 1889 411 1935 439; x_wconf 83' lang='lat' dir='ltr'>par</span> <span class='ocrx_word' id='word_1_640' title='bbox 1950 401 1988 432; x_wconf 92' lang='lat' dir='ltr'>les</span> <span class='ocrx_word' id='word_1_641' title='bbox 2001 409 2075 439; x_wconf 75' lang='lat'>1102,</span> <span class='ocrx_word' id='word_1_642' title='bbox 2097 399 2207 430; x_wconf 87' lang='lat' dir='ltr'>dedenz</span> <span class='ocrx_word' id='word_1_643' title='bbox 2227 400 2272 430; x_wconf 90' lang='lat' dir='ltr'>cel</span> 
     </span>
    </p>

    <p class='ocr_par' dir='ltr' id='par_1_31' title="bbox 1215 435 1981 472">
     <span class='ocr_line' id='line_1_78' title="bbox 1215 435 1981 472; baseline 0.008 -9"><span class='ocrx_word' id='word_1_644' title='bbox 1215 443 1321 472; x_wconf 86' lang='lat' dir='ltr'>temps,</span> <span class='ocrx_word' id='word_1_645' title='bbox 1336 442 1434 465; x_wconf 89' lang='lat' dir='ltr'>contre</span> <span class='ocrx_word' id='word_1_646' title='bbox 1447 435 1473 465; x_wconf 89' lang='lat' dir='ltr'>la</span> <span class='ocrx_word' id='word_1_647' title='bbox 1489 438 1599 466; x_wconf 70' lang='lat' dir='ltr'>iourme</span> <span class='ocrx_word' id='word_1_648' title='bbox 1615 436 1650 467; x_wconf 93' lang='lat' dir='ltr'>de</span> <span class='ocrx_word' id='word_1_649' title='bbox 1667 439 1796 468; x_wconf 86' lang='lat' dir='ltr'>meismes</span> <span class='ocrx_word' id='word_1_650' title='bbox 1812 440 1849 470; x_wconf 91' lang='lat' dir='ltr'>les</span> <span class='ocrx_word' id='word_1_651' title='bbox 1864 441 1981 471; x_wconf 84' lang='lat' dir='ltr'>triewes.</span> 
     </span>
    </p>
   </div>
   <div class='ocr_carea' id='block_1_15' title="bbox 1218 472 2276 631">
    <p class='ocr_par' dir='ltr' id='par_1_32' title="bbox 1218 472 2276 631">
     <span class='ocr_line' id='line_1_79' title="bbox 1254 472 2275 516; baseline 0.004 -14"><span class='ocrx_word' id='word_1_652' title='bbox 1254 472 1291 503; x_wconf 89' lang='lat' dir='ltr'>Et</span> <span class='ocrx_word' id='word_1_653' title='bbox 1307 482 1394 510; x_wconf 82' lang='lat' dir='ltr'>nous,</span> <span class='ocrx_word' id='word_1_654' title='bbox 1411 482 1463 510; x_wconf 90' lang='lat' dir='ltr'>pur</span> <span class='ocrx_word' id='word_1_655' title='bbox 1479 483 1564 513; x_wconf 85' lang='lat' dir='ltr'>nous,</span> <span class='ocrx_word' id='word_1_656' title='bbox 1581 475 1615 505; x_wconf 88' lang='lat'>&amp;</span> <span class='ocrx_word' id='word_1_657' title='bbox 1632 484 1683 512; x_wconf 90' lang='lat' dir='ltr'>pur</span> <span class='ocrx_word' id='word_1_658' title='bbox 1700 483 1748 506; x_wconf 88' lang='lat' dir='ltr'>tuz</span> <span class='ocrx_word' id='word_1_659' title='bbox 1766 486 1835 507; x_wconf 81' lang='lat' dir='ltr'>ceux</span> <span class='ocrx_word' id='word_1_660' title='bbox 1850 478 1885 509; x_wconf 93' lang='lat' dir='ltr'>de</span> <span class='ocrx_word' id='word_1_661' title='bbox 1903 477 1996 508; x_wconf 84' lang='lat' dir='ltr'>nostre</span> <span class='ocrx_word' id='word_1_662' title='bbox 2010 477 2113 516; x_wconf 81' lang='lat' dir='ltr'>partie,</span> <span class='ocrx_word' id='word_1_663' title='bbox 2129 475 2275 506; x_wconf 71' lang='lat' dir='ltr'>tendroms</span> 
     </span>
     <span class='ocr_line' id='line_1_80' title="bbox 1218 510 2275 555; baseline 0.004 -15"><span class='ocrx_word' id='word_1_664' title='bbox 1218 510 1290 540; x_wconf 90' lang='lat' dir='ltr'>ferm</span> <span class='ocrx_word' id='word_1_665' title='bbox 1307 511 1341 541; x_wconf 92' lang='lat'>&amp;</span> <span class='ocrx_word' id='word_1_666' title='bbox 1360 511 1461 541; x_wconf 86' lang='lat' dir='ltr'>estable</span> <span class='ocrx_word' id='word_1_667' title='bbox 1480 520 1582 549; x_wconf 81' lang='lat' dir='ltr'>quaunt</span> <span class='ocrx_word' id='word_1_668' title='bbox 1599 522 1652 550; x_wconf 86' lang='lat' dir='ltr'>que</span> <span class='ocrx_word' id='word_1_669' title='bbox 1669 513 1706 543; x_wconf 88' lang='lat' dir='ltr'>les</span> <span class='ocrx_word' id='word_1_670' title='bbox 1722 515 1866 553; x_wconf 85' lang='lat' dir='ltr'>avantdiz,</span> <span class='ocrx_word' id='word_1_671' title='bbox 1881 517 1994 555; x_wconf 88' lang='lat' dir='ltr'>Conte,</span> <span class='ocrx_word' id='word_1_672' title='bbox 2009 515 2275 555; x_wconf 81' lang='lat' dir='ltr'>Johan,William‚</span> 
     </span>
     <span class='ocr_line' id='line_1_81' title="bbox 1218 548 2276 592; baseline 0.004 -14"><span class='ocrx_word' id='word_1_673' title='bbox 1218 550 1251 579; x_wconf 75' lang='grc' dir='ltr'>ὃ(</span> <span class='ocrx_word' id='word_1_674' title='bbox 1266 548 1375 588; x_wconf 90' lang='lat' dir='ltr'>Johan,</span> <span class='ocrx_word' id='word_1_675' title='bbox 1387 559 1425 579; x_wconf 95' lang='lat' dir='ltr'>ou</span> <span class='ocrx_word' id='word_1_676' title='bbox 1442 549 1480 579; x_wconf 91' lang='lat' dir='ltr'>les</span> <span class='ocrx_word' id='word_1_677' title='bbox 1496 552 1577 588; x_wconf 89' lang='lat' dir='ltr'>trois,</span> <span class='ocrx_word' id='word_1_678' title='bbox 1593 561 1631 582; x_wconf 90' lang='lat' dir='ltr'>ou</span> <span class='ocrx_word' id='word_1_679' title='bbox 1646 551 1718 581; x_wconf 87' lang='lat' dir='ltr'>deux</span> <span class='ocrx_word' id='word_1_680' title='bbox 1733 551 1768 581; x_wconf 94' lang='lat' dir='ltr'>de</span> <span class='ocrx_word' id='word_1_681' title='bbox 1785 562 1854 591; x_wconf 82' lang='lat' dir='ltr'>eux,</span> <span class='ocrx_word' id='word_1_682' title='bbox 1872 555 1891 584; x_wconf 87' lang='lat' dir='ltr'>fi</span> <span class='ocrx_word' id='word_1_683' title='bbox 1909 564 1993 585; x_wconf 90' lang='lat' dir='ltr'>come</span> <span class='ocrx_word' id='word_1_684' title='bbox 2008 554 2047 584; x_wconf 89' lang='lat' dir='ltr'>est</span> <span class='ocrx_word' id='word_1_685' title='bbox 2064 553 2276 592; x_wconf 80' lang='lat' dir='ltr'>avanrdit‚ave-</span> 
     </span>
     <span class='ocr_line' id='line_1_82' title="bbox 1220 587 2258 631; baseline 0.003 -14"><span class='ocrx_word' id='word_1_686' title='bbox 1220 595 1284 617; x_wconf 91' lang='lat' dir='ltr'>ront</span> <span class='ocrx_word' id='word_1_687' title='bbox 1300 587 1405 617; x_wconf 88' lang='lat' dir='ltr'>ordene</span> <span class='ocrx_word' id='word_1_688' title='bbox 1423 588 1456 618; x_wconf 90' lang='lat'>&amp;</span> <span class='ocrx_word' id='word_1_689' title='bbox 1474 587 1522 618; x_wconf 89' lang='lat' dir='ltr'>fait</span> <span class='ocrx_word' id='word_1_690' title='bbox 1535 588 1578 618; x_wconf 90' lang='lat' dir='ltr'>sur</span> <span class='ocrx_word' id='word_1_691' title='bbox 1596 589 1633 618; x_wconf 90' lang='lat' dir='ltr'>les</span> <span class='ocrx_word' id='word_1_692' title='bbox 1651 588 1746 619; x_wconf 89' lang='lat' dir='ltr'>choses</span> <span class='ocrx_word' id='word_1_693' title='bbox 1762 592 1926 631; x_wconf 67' lang='lat' dir='ltr'>avanrdstoe,</span> <span class='ocrx_word' id='word_1_694' title='bbox 1944 594 1977 624; x_wconf 88' lang='lat'>&amp;</span> <span class='ocrx_word' id='word_1_695' title='bbox 1995 592 2115 623; x_wconf 89' lang='lat' dir='ltr'>chescun</span> <span class='ocrx_word' id='word_1_696' title='bbox 2133 591 2168 622; x_wconf 88' lang='lat' dir='ltr'>de</span> <span class='ocrx_word' id='word_1_697' title='bbox 2187 591 2258 621; x_wconf 71' lang='lat' dir='ltr'>elles.</span> 
     </span>
    </p>
   </div>
   <div class='ocr_carea' id='block_1_16' title="bbox 1219 624 2276 702">
    <p class='ocr_par' dir='ltr' id='par_1_33' title="bbox 1219 624 2276 702">
     <span class='ocr_line' id='line_1_83' title="bbox 1256 624 2276 665; baseline 0.006 -11"><span class='ocrx_word' id='word_1_698' title='bbox 1256 624 1301 655; x_wconf 92' lang='lat' dir='ltr'>En</span> <span class='ocrx_word' id='word_1_699' title='bbox 1319 627 1540 662; x_wconf 87' lang='lat' dir='ltr'>temoigiiaunce</span> <span class='ocrx_word' id='word_1_700' title='bbox 1553 627 1588 656; x_wconf 89' lang='lat' dir='ltr'>de</span> <span class='ocrx_word' id='word_1_701' title='bbox 1612 637 1683 664; x_wconf 85' lang='lat' dir='ltr'>queu</span> <span class='ocrx_word' id='word_1_702' title='bbox 1703 627 1786 657; x_wconf 88' lang='lat' dir='ltr'>chose</span> <span class='ocrx_word' id='word_1_703' title='bbox 1800 650 1810 665; x_wconf 86' lang='lat'>,</span> <span class='ocrx_word' id='word_1_704' title='bbox 1838 638 1907 660; x_wconf 87' lang='lat' dir='ltr'>nous</span> <span class='ocrx_word' id='word_1_705' title='bbox 1923 641 2020 662; x_wconf 89' lang='lat' dir='ltr'>avoms</span> <span class='ocrx_word' id='word_1_706' title='bbox 2036 630 2086 662; x_wconf 89' lang='lat' dir='ltr'>fait</span> <span class='ocrx_word' id='word_1_707' title='bbox 2103 629 2170 661; x_wconf 86' lang='lat' dir='ltr'>faire</span> <span class='ocrx_word' id='word_1_708' title='bbox 2187 628 2276 661; x_wconf 81' lang='lat' dir='ltr'>cestes</span> 
     </span>
     <span class='ocr_line' id='line_1_84' title="bbox 1219 663 1891 702; baseline 0.006 -9"><span class='ocrx_word' id='word_1_709' title='bbox 1219 673 1277 694; x_wconf 79' lang='lat' dir='ltr'>noz.</span> <span class='ocrx_word' id='word_1_710' title='bbox 1291 663 1395 694; x_wconf 89' lang='lat' dir='ltr'>Lettres</span> <span class='ocrx_word' id='word_1_711' title='bbox 1409 673 1532 702; x_wconf 87' lang='lat' dir='ltr'>overtes,</span> <span class='ocrx_word' id='word_1_712' title='bbox 1549 664 1654 695; x_wconf 85' lang='lat' dir='ltr'>seallees</span> <span class='ocrx_word' id='word_1_713' title='bbox 1667 665 1702 694; x_wconf 92' lang='lat' dir='ltr'>de</span> <span class='ocrx_word' id='word_1_714' title='bbox 1716 665 1808 696; x_wconf 85' lang='lat' dir='ltr'>nostre</span> <span class='ocrx_word' id='word_1_715' title='bbox 1821 666 1891 697; x_wconf 84' lang='lat' dir='ltr'>Seal.</span> 
     </span>
    </p>
   </div>
   <div class='ocr_carea' id='block_1_17' title="bbox 1258 739 1923 788">
    <p class='ocr_par' dir='ltr' id='par_1_34' title="bbox 1258 739 1923 788">
     <span class='ocr_line' id='line_1_85' title="bbox 1258 739 1923 788; baseline 0.006 -19"><span class='ocrx_word' id='word_1_716' title='bbox 1258 739 1339 788; x_wconf 78' lang='lat' dir='ltr'><strong>D.⁰n·</strong></span> <span class='ocrx_word' id='word_1_717' title='bbox 1354 750 1369 770; x_wconf 88' lang='lat' dir='ltr'>a</span> <span class='ocrx_word' id='word_1_718' title='bbox 1387 739 1587 771; x_wconf 82' lang='lat' dir='ltr'>Westmostier</span> <span class='ocrx_word' id='word_1_719' title='bbox 1596 763 1606 778; x_wconf 87' lang='lat'>,</span> <span class='ocrx_word' id='word_1_720' title='bbox 1623 740 1650 771; x_wconf 94' lang='lat' dir='ltr'>le</span> <span class='ocrx_word' id='word_1_721' title='bbox 1664 749 1702 779; x_wconf 93' lang='lat'>27</span> <span class='ocrx_word' id='word_1_722' title='bbox 1716 742 1780 780; x_wconf 85' lang='lat' dir='ltr'>jour</span> <span class='ocrx_word' id='word_1_723' title='bbox 1794 741 1830 772; x_wconf 90' lang='lat' dir='ltr'>de</span> <span class='ocrx_word' id='word_1_724' title='bbox 1844 741 1923 782; x_wconf 88' lang='lat' dir='ltr'>May.</span> 
     </span>
    </p>
   </div>
   <div class='ocr_carea' id='block_1_18' title="bbox 1226 863 2287 960">
    <p class='ocr_par' dir='ltr' id='par_1_35' title="bbox 1226 863 2287 960">
     <span class='ocr_line' id='line_1_86' title="bbox 1226 863 2287 910; baseline 0.001 -12"><span class='ocrx_word' id='word_1_725' title='bbox 1226 866 1275 898; x_wconf 87' lang='lat' dir='ltr'>De</span> <span class='ocrx_word' id='word_1_726' title='bbox 1292 863 1446 898; x_wconf 79' lang='lat' dir='ltr'><em>Ludovico</em></span> <span class='ocrx_word' id='word_1_727' title='bbox 1463 864 1710 907; x_wconf 74' lang='lat' dir='ltr'>claromontano,</span> <span class='ocrx_word' id='word_1_728' title='bbox 1732 877 1802 898; x_wconf 83' lang='lat' dir='ltr'>cum</span> <span class='ocrx_word' id='word_1_729' title='bbox 1822 866 1891 897; x_wconf 82' lang='lat' dir='ltr'>aliis</span> <span class='ocrx_word' id='word_1_730' title='bbox 1908 865 2005 910; x_wconf 62' lang='lat' dir='ltr'>miffia</span> <span class='ocrx_word' id='word_1_731' title='bbox 2016 865 2058 897; x_wconf 83' lang='lat' dir='ltr'>ad</span> <span class='ocrx_word' id='word_1_732' title='bbox 2074 865 2184 899; x_wconf 55' lang='lat' dir='ltr'>dieram</span> <span class='ocrx_word' id='word_1_733' title='bbox 2201 876 2287 899; x_wconf 60' lang='lat' dir='ltr'>treun</span> 
     </span>
     <span class='ocr_line' id='line_1_87' title="bbox 1585 913 1916 960; baseline 0 -14"><span class='ocrx_word' id='word_1_734' title='bbox 1585 925 1663 960; x_wconf 83' lang='lat' dir='ltr'>gam</span> <span class='ocrx_word' id='word_1_735' title='bbox 1681 913 1916 959; x_wconf 83' lang='lat' dir='ltr'>procurandam.</span> 
     </span>
    </p>
   </div>
   <div class='ocr_carea' id='block_1_19' title="bbox 1227 997 2438 1081">
    <p class='ocr_par' dir='ltr' id='par_1_36' title="bbox 1227 997 2438 1081">
     <span class='ocr_line' id='line_1_88' title="bbox 1227 997 2438 1059; baseline 0 -31"><span class='ocrx_word' id='word_1_736' title='bbox 1227 997 1309 1059; x_wconf 82' lang='lat' dir='ltr'>LE</span> <span class='ocrx_word' id='word_1_737' title='bbox 1326 997 1411 1038; x_wconf 89' lang='lat' dir='ltr'>Roy,</span> <span class='ocrx_word' id='word_1_738' title='bbox 1429 1006 1510 1042; x_wconf 70' lang='lat' dir='ltr'>atuz</span> <span class='ocrx_word' id='word_1_739' title='bbox 1528 1009 1617 1037; x_wconf 85' lang='lat' dir='ltr'>ceux,</span> <span class='ocrx_word' id='word_1_740' title='bbox 1635 1009 1689 1038; x_wconf 90' lang='lat' dir='ltr'>que</span> <span class='ocrx_word' id='word_1_741' title='bbox 1708 998 1794 1029; x_wconf 88' lang='lat' dir='ltr'>cestes</span> <span class='ocrx_word' id='word_1_742' title='bbox 1814 998 1918 1029; x_wconf 83' lang='lat' dir='ltr'>Lettres</span> <span class='ocrx_word' id='word_1_743' title='bbox 1934 1005 2061 1036; x_wconf 86' lang='lat' dir='ltr'>verront,</span> <span class='ocrx_word' id='word_1_744' title='bbox 2077 1006 2116 1028; x_wconf 90' lang='lat' dir='ltr'>ou</span> <span class='ocrx_word' id='word_1_745' title='bbox 2132 998 2290 1035; x_wconf 83' lang='lat' dir='ltr'>orrorit,sa-</span> <span class='ocrx_word' id='word_1_746' title='bbox 2308 1001 2382 1033; x_wconf 67' lang='lat' dir='ltr'>Ami,</span> <span class='ocrx_word' id='word_1_747' title='bbox 2395 998 2438 1031; x_wconf 84' lang='lat' dir='ltr'>D.</span> 
     </span>
     <span class='ocr_line' id='line_1_89' title="bbox 1300 1036 2422 1081; baseline 0.001 -14"><span class='ocrx_word' id='word_1_748' title='bbox 1300 1036 1347 1067; x_wconf 88' lang='lat' dir='ltr'>luz</span> <span class='ocrx_word' id='word_1_749' title='bbox 1362 1047 1398 1067; x_wconf 91' lang='lat' dir='ltr'>en</span> <span class='ocrx_word' id='word_1_750' title='bbox 1417 1036 1502 1067; x_wconf 91' lang='lat' dir='ltr'>Dieu.</span> <span class='ocrx_word' id='word_1_751' title='bbox 2335 1049 2422 1081; x_wconf 61' lang='lat'>1313„</span> 
     </span>
    </p>
   </div>
   <div class='ocr_carea' id='block_1_20' title="bbox 1232 1073 2403 2153">
    <p class='ocr_par' dir='ltr' id='par_1_37' title="bbox 1232 1073 2403 1344">
     <span class='ocr_line' id='line_1_90' title="bbox 1265 1073 2403 1113; baseline 0.003 -9"><span class='ocrx_word' id='word_1_752' title='bbox 1265 1074 1374 1105; x_wconf 86' lang='lat' dir='ltr'>Sachez</span> <span class='ocrx_word' id='word_1_753' title='bbox 1392 1085 1446 1113; x_wconf 88' lang='lat' dir='ltr'>que</span> <span class='ocrx_word' id='word_1_754' title='bbox 1480 1085 1564 1106; x_wconf 90' lang='lat' dir='ltr'>come</span> <span class='ocrx_word' id='word_1_755' title='bbox 1582 1075 1717 1106; x_wconf 88' lang='lat' dir='ltr'>tresnoble</span> <span class='ocrx_word' id='word_1_756' title='bbox 1733 1076 1766 1106; x_wconf 91' lang='lat'>&amp;</span> <span class='ocrx_word' id='word_1_757' title='bbox 1783 1075 1967 1106; x_wconf 80' lang='lat' dir='ltr'>tresexcellent</span> <span class='ocrx_word' id='word_1_758' title='bbox 1981 1073 2103 1111; x_wconf 87' lang='lat' dir='ltr'>Prince,</span> <span class='ocrx_word' id='word_1_759' title='bbox 2121 1073 2212 1104; x_wconf 90' lang='lat' dir='ltr'>nostre</span> <span class='ocrx_word' id='word_1_760' title='bbox 2226 1082 2291 1105; x_wconf 86' lang='lat' dir='ltr'>tres-</span> <span class='ocrx_word' id='word_1_761' title='bbox 2305 1083 2357 1108; x_wconf 80' lang='lat' dir='ltr'>An.</span> <span class='ocrx_word' id='word_1_762' title='bbox 2373 1081 2403 1107; x_wconf 88' lang='lat'>6.</span> 
     </span>
     <span class='ocr_line' id='line_1_91' title="bbox 1232 1098 2386 1157; baseline 0.002 -15"><span class='ocrx_word' id='word_1_763' title='bbox 1232 1113 1427 1157; x_wconf 31' lang='lat' dir='ltr'>chier-Piere,</span> <span class='ocrx_word' id='word_1_764' title='bbox 1447 1098 1564 1153; x_wconf 49' lang='lat' dir='ltr'>shelip,</span> <span class='ocrx_word' id='word_1_765' title='bbox 1582 1125 1631 1152; x_wconf 86' lang='lat' dir='ltr'>par</span> <span class='ocrx_word' id='word_1_766' title='bbox 1649 1115 1674 1145; x_wconf 92' lang='lat' dir='ltr'>la</span> <span class='ocrx_word' id='word_1_767' title='bbox 1692 1124 1777 1151; x_wconf 88' lang='lat' dir='ltr'>grace</span> <span class='ocrx_word' id='word_1_768' title='bbox 1795 1114 1831 1144; x_wconf 92' lang='lat' dir='ltr'>de</span> <span class='ocrx_word' id='word_1_769' title='bbox 1847 1114 1922 1144; x_wconf 87' lang='lat' dir='ltr'>Dieu</span> <span class='ocrx_word' id='word_1_770' title='bbox 1935 1136 1944 1150; x_wconf 89' lang='lat'>,</span> <span class='ocrx_word' id='word_1_771' title='bbox 1967 1112 2015 1143; x_wconf 89' lang='lat' dir='ltr'>Ro</span> <span class='ocrx_word' id='word_1_772' title='bbox 2051 1113 2086 1143; x_wconf 90' lang='lat' dir='ltr'>de</span> <span class='ocrx_word' id='word_1_773' title='bbox 2104 1113 2208 1144; x_wconf 85' lang='lat' dir='ltr'>France</span> <span class='ocrx_word' id='word_1_774' title='bbox 2224 1135 2234 1150; x_wconf 95' lang='lat'>,</span> <span class='ocrx_word' id='word_1_775' title='bbox 2254 1114 2292 1143; x_wconf 84' lang='lat' dir='ltr'>eit</span> <span class='ocrx_word' id='word_1_776' title='bbox 2310 1121 2340 1145; x_wconf 77' lang='grc' dir='ltr'>ε.</span> <span class='ocrx_word' id='word_1_777' title='bbox 2360 1127 2386 1144; x_wconf 73' lang='lat'>2.</span> 
     </span>
     <span class='ocr_line' id='line_1_92' title="bbox 1234 1150 2378 1191; baseline -0.001 -10"><span class='ocrx_word' id='word_1_778' title='bbox 1234 1161 1319 1181; x_wconf 87' lang='lat' dir='ltr'>envoi</span> <span class='ocrx_word' id='word_1_779' title='bbox 1337 1162 1351 1182; x_wconf 90' lang='lat' dir='ltr'>a</span> <span class='ocrx_word' id='word_1_780' title='bbox 1370 1162 1439 1182; x_wconf 90' lang='lat' dir='ltr'>nous</span> <span class='ocrx_word' id='word_1_781' title='bbox 1454 1153 1550 1183; x_wconf 92' lang='lat' dir='ltr'>nobles</span> <span class='ocrx_word' id='word_1_782' title='bbox 1567 1154 1600 1183; x_wconf 72' lang='grc' dir='ltr'>ὅ(</span> <span class='ocrx_word' id='word_1_783' title='bbox 1618 1154 1683 1183; x_wconf 84' lang='lat' dir='ltr'>haut</span> <span class='ocrx_word' id='word_1_784' title='bbox 1701 1153 1819 1183; x_wconf 89' lang='lat' dir='ltr'>homme</span> <span class='ocrx_word' id='word_1_785' title='bbox 1844 1151 1991 1182; x_wconf 89' lang='lat' dir='ltr'>Monsieur</span> <span class='ocrx_word' id='word_1_786' title='bbox 2036 1160 2114 1191; x_wconf 83' lang='lat' dir='ltr'>owys</span> <span class='ocrx_word' id='word_1_787' title='bbox 2141 1151 2177 1181; x_wconf 91' lang='lat' dir='ltr'>de</span> <span class='ocrx_word' id='word_1_788' title='bbox 2198 1150 2294 1181; x_wconf 87' lang='lat' dir='ltr'>Clere-</span> <span class='ocrx_word' id='word_1_789' title='bbox 2313 1156 2378 1184; x_wconf 68' lang='lat' dir='ltr'>[hid.</span> 
     </span>
     <span class='ocr_line' id='line_1_93' title="bbox 1235 1188 2296 1229; baseline -0.002 -9"><span class='ocrx_word' id='word_1_790' title='bbox 1235 1190 1337 1228; x_wconf 85' lang='lat' dir='ltr'>mund,</span> <span class='ocrx_word' id='word_1_791' title='bbox 1348 1190 1492 1221; x_wconf 84' lang='lat' dir='ltr'>Monsieur</span> <span class='ocrx_word' id='word_1_792' title='bbox 1508 1191 1637 1222; x_wconf 90' lang='lat' dir='ltr'>William</span> <span class='ocrx_word' id='word_1_793' title='bbox 1655 1191 1692 1221; x_wconf 92' lang='lat' dir='ltr'>de</span> <span class='ocrx_word' id='word_1_794' title='bbox 1707 1191 1842 1229; x_wconf 86' lang='lat' dir='ltr'>Flote,&amp;</span> <span class='ocrx_word' id='word_1_795' title='bbox 1861 1189 1978 1220; x_wconf 82' lang='lat' dir='ltr'>Meistre</span> <span class='ocrx_word' id='word_1_796' title='bbox 1996 1189 2103 1220; x_wconf 85' lang='lat' dir='ltr'>Gerard</span> <span class='ocrx_word' id='word_1_797' title='bbox 2122 1189 2158 1219; x_wconf 91' lang='lat' dir='ltr'>de</span> <span class='ocrx_word' id='word_1_798' title='bbox 2174 1188 2296 1228; x_wconf 77' lang='lat' dir='ltr'>Certen,</span> 
     </span>
     <span class='ocr_line' id='line_1_94' title="bbox 1236 1228 2299 1268; baseline 0 -10"><span class='ocrx_word' id='word_1_799' title='bbox 1236 1239 1285 1266; x_wconf 88' lang='lat' dir='ltr'>par</span> <span class='ocrx_word' id='word_1_800' title='bbox 1304 1229 1408 1259; x_wconf 88' lang='lat' dir='ltr'>Lettres</span> <span class='ocrx_word' id='word_1_801' title='bbox 1425 1229 1460 1259; x_wconf 94' lang='lat' dir='ltr'>de</span> <span class='ocrx_word' id='word_1_802' title='bbox 1478 1240 1632 1268; x_wconf 71' lang='lat' dir='ltr'>creaunce,</span> <span class='ocrx_word' id='word_1_803' title='bbox 1650 1240 1698 1267; x_wconf 84' lang='lat' dir='ltr'>par</span> <span class='ocrx_word' id='word_1_804' title='bbox 1715 1229 1740 1259; x_wconf 84' lang='lat' dir='ltr'>la</span> <span class='ocrx_word' id='word_1_805' title='bbox 1755 1229 1835 1267; x_wconf 89' lang='lat' dir='ltr'>quele</span> <span class='ocrx_word' id='word_1_806' title='bbox 1849 1229 1868 1258; x_wconf 90' lang='lat' dir='ltr'>il</span> <span class='ocrx_word' id='word_1_807' title='bbox 1886 1238 1956 1258; x_wconf 90' lang='lat' dir='ltr'>nous</span> <span class='ocrx_word' id='word_1_808' title='bbox 1973 1236 2023 1258; x_wconf 90' lang='lat' dir='ltr'>unt</span> <span class='ocrx_word' id='word_1_809' title='bbox 2040 1228 2145 1265; x_wconf 84' lang='lat' dir='ltr'>requis‚</span> <span class='ocrx_word' id='word_1_810' title='bbox 2159 1228 2194 1258; x_wconf 93' lang='lat' dir='ltr'>de</span> <span class='ocrx_word' id='word_1_811' title='bbox 2210 1238 2256 1266; x_wconf 86' lang='lat' dir='ltr'>par</span> <span class='ocrx_word' id='word_1_812' title='bbox 2271 1228 2299 1258; x_wconf 89' lang='lat' dir='ltr'>le</span> 
     </span>
     <span class='ocr_line' id='line_1_95' title="bbox 1237 1266 2299 1307; baseline 0 -10"><span class='ocrx_word' id='word_1_813' title='bbox 1237 1266 1278 1297; x_wconf 92' lang='lat' dir='ltr'>dit</span> <span class='ocrx_word' id='word_1_814' title='bbox 1296 1266 1363 1307; x_wconf 86' lang='lat' dir='ltr'>Roy</span> <span class='ocrx_word' id='word_1_815' title='bbox 1378 1290 1388 1306; x_wconf 87' lang='lat'>,</span> <span class='ocrx_word' id='word_1_816' title='bbox 1413 1278 1467 1306; x_wconf 86' lang='lat' dir='ltr'>que</span> <span class='ocrx_word' id='word_1_817' title='bbox 1493 1278 1563 1299; x_wconf 89' lang='lat' dir='ltr'>nous</span> <span class='ocrx_word' id='word_1_818' title='bbox 1579 1279 1594 1299; x_wconf 88' lang='lat' dir='ltr'>a</span> <span class='ocrx_word' id='word_1_819' title='bbox 1614 1269 1686 1298; x_wconf 91' lang='lat' dir='ltr'>celes</span> <span class='ocrx_word' id='word_1_820' title='bbox 1713 1267 1811 1298; x_wconf 87' lang='lat' dir='ltr'>Gentz</span> <span class='ocrx_word' id='word_1_821' title='bbox 1834 1266 1970 1297; x_wconf 88' lang='lat' dir='ltr'>d&#39;Escoce</span> <span class='ocrx_word' id='word_1_822' title='bbox 1983 1288 1992 1304; x_wconf 89' lang='lat'>,</span> <span class='ocrx_word' id='word_1_823' title='bbox 2022 1276 2038 1296; x_wconf 89' lang='lat' dir='ltr'>a</span> <span class='ocrx_word' id='word_1_824' title='bbox 2063 1267 2093 1303; x_wconf 88' lang='lat' dir='ltr'>qi</span> <span class='ocrx_word' id='word_1_825' title='bbox 2111 1276 2182 1297; x_wconf 88' lang='lat' dir='ltr'>nous</span> <span class='ocrx_word' id='word_1_826' title='bbox 2199 1275 2299 1298; x_wconf 88' lang='lat' dir='ltr'>avoms</span> 
     </span>
     <span class='ocr_line' id='line_1_96' title="bbox 1239 1305 1751 1344; baseline 0 -9"><span class='ocrx_word' id='word_1_827' title='bbox 1239 1315 1343 1344; x_wconf 88' lang='lat' dir='ltr'>guere,</span> <span class='ocrx_word' id='word_1_828' title='bbox 1362 1305 1524 1337; x_wconf 84' lang='lat' dir='ltr'>voufiffions</span> <span class='ocrx_word' id='word_1_829' title='bbox 1536 1307 1623 1337; x_wconf 89' lang='lat' dir='ltr'>doner</span> <span class='ocrx_word' id='word_1_830' title='bbox 1639 1308 1751 1338; x_wconf 85' lang='lat' dir='ltr'>triewe:</span> 
     </span>
    </p>

    <p class='ocr_par' dir='ltr' id='par_1_38' title="bbox 1277 1341 2299 1384">
     <span class='ocr_line' id='line_1_97' title="bbox 1277 1341 2299 1384; baseline -0.001 -10"><span class='ocrx_word' id='word_1_831' title='bbox 1277 1344 1381 1382; x_wconf 80' lang='lat' dir='ltr'>Nous,</span> <span class='ocrx_word' id='word_1_832' title='bbox 1396 1355 1411 1375; x_wconf 88' lang='lat' dir='ltr'>a</span> <span class='ocrx_word' id='word_1_833' title='bbox 1430 1345 1454 1375; x_wconf 86' lang='lat' dir='ltr'>la</span> <span class='ocrx_word' id='word_1_834' title='bbox 1469 1345 1593 1384; x_wconf 87' lang='lat' dir='ltr'>requeste</span> <span class='ocrx_word' id='word_1_835' title='bbox 1609 1346 1644 1376; x_wconf 88' lang='lat' dir='ltr'>de</span> <span class='ocrx_word' id='word_1_836' title='bbox 1663 1343 1778 1375; x_wconf 86' lang='lat' dir='ltr'>meisme</span> <span class='ocrx_word' id='word_1_837' title='bbox 1795 1344 1848 1375; x_wconf 88' lang='lat' dir='ltr'>celi</span> <span class='ocrx_word' id='word_1_838' title='bbox 1865 1343 1949 1384; x_wconf 89' lang='lat' dir='ltr'>Roy,</span> <span class='ocrx_word' id='word_1_839' title='bbox 1969 1352 2055 1373; x_wconf 89' lang='lat' dir='ltr'>corne</span> <span class='ocrx_word' id='word_1_840' title='bbox 2071 1341 2107 1372; x_wconf 92' lang='lat' dir='ltr'>de</span> <span class='ocrx_word' id='word_1_841' title='bbox 2125 1341 2218 1372; x_wconf 87' lang='lat' dir='ltr'>nostre</span> <span class='ocrx_word' id='word_1_842' title='bbox 2234 1350 2299 1373; x_wconf 83' lang='lat' dir='ltr'>tres-</span> 
     </span>
    </p>

    <p class='ocr_par' dir='ltr' id='par_1_39' title="bbox 1241 1379 2325 1962">
     <span class='ocr_line' id='line_1_98' title="bbox 1241 1379 2302 1422; baseline -0.001 -10"><span class='ocrx_word' id='word_1_843' title='bbox 1241 1383 1307 1413; x_wconf 89' lang='lat' dir='ltr'>cher</span> <span class='ocrx_word' id='word_1_844' title='bbox 1324 1382 1420 1422; x_wconf 89' lang='lat' dir='ltr'>Piere,</span> <span class='ocrx_word' id='word_1_845' title='bbox 1437 1384 1470 1414; x_wconf 74' lang='grc'>86</span> <span class='ocrx_word' id='word_1_846' title='bbox 1488 1384 1543 1414; x_wconf 89' lang='lat' dir='ltr'>ausi</span> <span class='ocrx_word' id='word_1_847' title='bbox 1558 1394 1644 1415; x_wconf 89' lang='lat' dir='ltr'>corne</span> <span class='ocrx_word' id='word_1_848' title='bbox 1660 1395 1676 1414; x_wconf 92' lang='lat' dir='ltr'>a</span> <span class='ocrx_word' id='word_1_849' title='bbox 1694 1383 1764 1422; x_wconf 89' lang='lat' dir='ltr'>celi,</span> <span class='ocrx_word' id='word_1_850' title='bbox 1781 1393 1835 1421; x_wconf 87' lang='lat' dir='ltr'>que</span> <span class='ocrx_word' id='word_1_851' title='bbox 1853 1383 1887 1413; x_wconf 89' lang='lat' dir='ltr'>de</span> <span class='ocrx_word' id='word_1_852' title='bbox 1905 1383 1965 1413; x_wconf 89' lang='lat' dir='ltr'>rien</span> <span class='ocrx_word' id='word_1_853' title='bbox 1987 1381 2013 1412; x_wconf 90' lang='lat' dir='ltr'>se</span> <span class='ocrx_word' id='word_1_854' title='bbox 2029 1382 2100 1411; x_wconf 88' lang='lat' dir='ltr'>tierit</span> <span class='ocrx_word' id='word_1_855' title='bbox 2118 1379 2215 1410; x_wconf 88' lang='lat' dir='ltr'>d&#39;estre</span> <span class='ocrx_word' id='word_1_856' title='bbox 2231 1381 2302 1411; x_wconf 82' lang='lat' dir='ltr'>aiiez</span> 
     </span>
     <span class='ocr_line' id='line_1_99' title="bbox 1241 1418 2304 1461; baseline -0.003 -10"><span class='ocrx_word' id='word_1_857' title='bbox 1241 1431 1269 1451; x_wconf 89' lang='lat' dir='ltr'>as</span> <span class='ocrx_word' id='word_1_858' title='bbox 1286 1421 1384 1453; x_wconf 81' lang='lat' dir='ltr'>Gentz</span> <span class='ocrx_word' id='word_1_859' title='bbox 1399 1422 1552 1461; x_wconf 82' lang='lat' dir='ltr'>d&#39;Escoce,</span> <span class='ocrx_word' id='word_1_860' title='bbox 1571 1431 1714 1460; x_wconf 85' lang='lat' dir='ltr'>grantoms</span> <span class='ocrx_word' id='word_1_861' title='bbox 1731 1422 1764 1453; x_wconf 89' lang='lat'>&amp;</span> <span class='ocrx_word' id='word_1_862' title='bbox 1783 1423 1906 1452; x_wconf 90' lang='lat' dir='ltr'>donoms</span> <span class='ocrx_word' id='word_1_863' title='bbox 1923 1432 1939 1451; x_wconf 87' lang='lat' dir='ltr'>a</span> <span class='ocrx_word' id='word_1_864' title='bbox 1957 1428 2017 1450; x_wconf 88' lang='lat' dir='ltr'>noz</span> <span class='ocrx_word' id='word_1_865' title='bbox 2032 1418 2127 1449; x_wconf 82' lang='lat' dir='ltr'>foiaux</span> <span class='ocrx_word' id='word_1_866' title='bbox 2144 1420 2177 1449; x_wconf 85' lang='lat'>&amp;</span> <span class='ocrx_word' id='word_1_867' title='bbox 2193 1418 2304 1457; x_wconf 80' lang='lat' dir='ltr'>loiaux,</span> 
     </span>
     <span class='ocr_line' id='line_1_100' title="bbox 1242 1456 2305 1498; baseline -0.005 -8"><span class='ocrx_word' id='word_1_868' title='bbox 1242 1459 1353 1491; x_wconf 89' lang='lat' dir='ltr'>Robert</span> <span class='ocrx_word' id='word_1_869' title='bbox 1370 1460 1407 1491; x_wconf 91' lang='lat' dir='ltr'>de</span> <span class='ocrx_word' id='word_1_870' title='bbox 1424 1460 1612 1492; x_wconf 84' lang='lat' dir='ltr'>Umframvill</span> <span class='ocrx_word' id='word_1_871' title='bbox 1630 1461 1725 1491; x_wconf 90' lang='lat' dir='ltr'>Conte</span> <span class='ocrx_word' id='word_1_872' title='bbox 1743 1460 1905 1498; x_wconf 82' lang='lat' dir='ltr'>d’Anegos‚</span> <span class='ocrx_word' id='word_1_873' title='bbox 1920 1459 2011 1498; x_wconf 89' lang='lat' dir='ltr'>Johan</span> <span class='ocrx_word' id='word_1_874' title='bbox 2029 1457 2074 1488; x_wconf 92' lang='lat' dir='ltr'>del</span> <span class='ocrx_word' id='word_1_875' title='bbox 2091 1457 2158 1495; x_wconf 89' lang='lat' dir='ltr'>Isse,</span> <span class='ocrx_word' id='word_1_876' title='bbox 2173 1456 2215 1486; x_wconf 85' lang='lat' dir='ltr'>W</span> <span class='ocrx_word' id='word_1_877' title='bbox 2218 1456 2305 1486; x_wconf 89' lang='lat' dir='ltr'>illiem</span> 
     </span>
     <span class='ocr_line' id='line_1_101' title="bbox 1243 1494 2308 1538; baseline -0.005 -9"><span class='ocrx_word' id='word_1_878' title='bbox 1243 1498 1278 1529; x_wconf 90' lang='lat' dir='ltr'>de</span> <span class='ocrx_word' id='word_1_879' title='bbox 1294 1498 1474 1538; x_wconf 86' lang='lat' dir='ltr'>Bevercotes,</span> <span class='ocrx_word' id='word_1_880' title='bbox 1493 1499 1585 1530; x_wconf 91' lang='lat' dir='ltr'>nostre</span> <span class='ocrx_word' id='word_1_881' title='bbox 1604 1499 1815 1537; x_wconf 89' lang='lat' dir='ltr'>Chauncellier,</span> <span class='ocrx_word' id='word_1_882' title='bbox 1829 1499 1861 1530; x_wconf 88' lang='lat'>&amp;</span> <span class='ocrx_word' id='word_1_883' title='bbox 1877 1497 1995 1528; x_wconf 83' lang='lat' dir='ltr'>Meistre</span> <span class='ocrx_word' id='word_1_884' title='bbox 2006 1496 2099 1536; x_wconf 75' lang='lat' dir='ltr'>johan</span> <span class='ocrx_word' id='word_1_885' title='bbox 2111 1495 2146 1526; x_wconf 90' lang='lat' dir='ltr'>de</span> <span class='ocrx_word' id='word_1_886' title='bbox 2165 1494 2308 1533; x_wconf 86' lang='lat' dir='ltr'>Weston,</span> 
     </span>
     <span class='ocr_line' id='line_1_102' title="bbox 1244 1533 2308 1576; baseline -0.005 -9"><span class='ocrx_word' id='word_1_887' title='bbox 1244 1537 1336 1567; x_wconf 90' lang='lat' dir='ltr'>nostre</span> <span class='ocrx_word' id='word_1_888' title='bbox 1351 1537 1571 1568; x_wconf 88' lang='lat' dir='ltr'>Chaumberlein</span> <span class='ocrx_word' id='word_1_889' title='bbox 1586 1537 1722 1569; x_wconf 71' lang='lat' dir='ltr'>d&#39;Escoce</span> <span class='ocrx_word' id='word_1_890' title='bbox 1737 1560 1747 1576; x_wconf 91' lang='lat'>,</span> <span class='ocrx_word' id='word_1_891' title='bbox 1775 1538 1868 1576; x_wconf 88' lang='lat' dir='ltr'>plener</span> <span class='ocrx_word' id='word_1_892' title='bbox 1885 1537 1919 1568; x_wconf 75' lang='lat' dir='ltr'>&amp;z</span> <span class='ocrx_word' id='word_1_893' title='bbox 1934 1536 2013 1566; x_wconf 88' lang='lat' dir='ltr'>franc</span> <span class='ocrx_word' id='word_1_894' title='bbox 2033 1544 2121 1573; x_wconf 86' lang='lat' dir='ltr'>poer,</span> <span class='ocrx_word' id='word_1_895' title='bbox 2141 1534 2173 1564; x_wconf 90' lang='lat'>&amp;</span> <span class='ocrx_word' id='word_1_896' title='bbox 2191 1533 2308 1571; x_wconf 86' lang='lat' dir='ltr'>especial</span> 
     </span>
     <span class='ocr_line' id='line_1_103' title="bbox 1245 1571 2310 1615; baseline -0.004 -10"><span class='ocrx_word' id='word_1_897' title='bbox 1245 1575 1461 1614; x_wconf 87' lang='lat' dir='ltr'>maundement,</span> <span class='ocrx_word' id='word_1_898' title='bbox 1476 1576 1512 1607; x_wconf 93' lang='lat' dir='ltr'>de</span> <span class='ocrx_word' id='word_1_899' title='bbox 1526 1578 1633 1615; x_wconf 85' lang='lat' dir='ltr'>treiter,</span> <span class='ocrx_word' id='word_1_900' title='bbox 1647 1587 1683 1607; x_wconf 92' lang='lat' dir='ltr'>en</span> <span class='ocrx_word' id='word_1_901' title='bbox 1697 1586 1775 1606; x_wconf 90' lang='lat' dir='ltr'>noun</span> <span class='ocrx_word' id='word_1_902' title='bbox 1789 1576 1825 1606; x_wconf 92' lang='lat' dir='ltr'>de</span> <span class='ocrx_word' id='word_1_903' title='bbox 1841 1585 1910 1605; x_wconf 91' lang='lat' dir='ltr'>nous</span> <span class='ocrx_word' id='word_1_904' title='bbox 1923 1597 1934 1612; x_wconf 80' lang='lat'>,</span> <span class='ocrx_word' id='word_1_905' title='bbox 1953 1575 1986 1605; x_wconf 90' lang='lat'>&amp;</span> <span class='ocrx_word' id='word_1_906' title='bbox 2009 1583 2060 1612; x_wconf 88' lang='lat' dir='ltr'>pur</span> <span class='ocrx_word' id='word_1_907' title='bbox 2080 1582 2167 1610; x_wconf 76' lang='grc'><strong>110115,</strong></span> <span class='ocrx_word' id='word_1_908' title='bbox 2188 1571 2310 1610; x_wconf 84' lang='lat' dir='ltr'>ovesque</span> 
     </span>
     <span class='ocr_line' id='line_1_104' title="bbox 1246 1610 2311 1652; baseline -0.004 -8"><span class='ocrx_word' id='word_1_909' title='bbox 1246 1614 1338 1652; x_wconf 89' lang='lat' dir='ltr'>queles</span> <span class='ocrx_word' id='word_1_910' title='bbox 1358 1614 1428 1645; x_wconf 87' lang='lat' dir='ltr'>dites</span> <span class='ocrx_word' id='word_1_911' title='bbox 1446 1614 1544 1646; x_wconf 89' lang='lat' dir='ltr'>Gentz</span> <span class='ocrx_word' id='word_1_912' title='bbox 1566 1614 1704 1646; x_wconf 88' lang='lat' dir='ltr'>d&#39;Escoce</span> <span class='ocrx_word' id='word_1_913' title='bbox 1725 1614 1761 1645; x_wconf 92' lang='lat' dir='ltr'>de</span> <span class='ocrx_word' id='word_1_914' title='bbox 1779 1615 1911 1652; x_wconf 89' lang='lat' dir='ltr'>Triewe,</span> <span class='ocrx_word' id='word_1_915' title='bbox 1929 1623 1967 1642; x_wconf 87' lang='lat' dir='ltr'>ou</span> <span class='ocrx_word' id='word_1_916' title='bbox 1985 1611 2021 1644; x_wconf 91' lang='lat' dir='ltr'>de</span> <span class='ocrx_word' id='word_1_917' title='bbox 2038 1610 2172 1642; x_wconf 87' lang='lat' dir='ltr'>suffrance</span> <span class='ocrx_word' id='word_1_918' title='bbox 2191 1611 2311 1648; x_wconf 89' lang='lat' dir='ltr'>prendre</span> 
     </span>
     <span class='ocr_line' id='line_1_105' title="bbox 1246 1648 2312 1692; baseline -0.004 -9"><span class='ocrx_word' id='word_1_919' title='bbox 1246 1660 1325 1683; x_wconf 88' lang='lat' dir='ltr'>entre</span> <span class='ocrx_word' id='word_1_920' title='bbox 1342 1663 1430 1692; x_wconf 90' lang='lat' dir='ltr'>nous,</span> <span class='ocrx_word' id='word_1_921' title='bbox 1447 1663 1505 1684; x_wconf 89' lang='lat' dir='ltr'>noz</span> <span class='ocrx_word' id='word_1_922' title='bbox 1521 1654 1667 1692; x_wconf 85' lang='lat' dir='ltr'>hummes,</span> <span class='ocrx_word' id='word_1_923' title='bbox 1683 1662 1743 1684; x_wconf 89' lang='lat' dir='ltr'>noz</span> <span class='ocrx_word' id='word_1_924' title='bbox 1759 1652 1914 1690; x_wconf 83' lang='lat' dir='ltr'>suzmis‚&amp;</span> <span class='ocrx_word' id='word_1_925' title='bbox 1933 1660 1992 1681; x_wconf 86' lang='lat' dir='ltr'>noz</span> <span class='ocrx_word' id='word_1_926' title='bbox 2008 1650 2120 1680; x_wconf 88' lang='lat' dir='ltr'>eidantz</span> <span class='ocrx_word' id='word_1_927' title='bbox 2137 1648 2220 1680; x_wconf 87' lang='lat' dir='ltr'>d&#39;une</span> <span class='ocrx_word' id='word_1_928' title='bbox 2232 1657 2312 1688; x_wconf 84' lang='lat' dir='ltr'>part,</span> 
     </span>
     <span class='ocr_line' id='line_1_106' title="bbox 1249 1687 2314 1730; baseline -0.005 -8"><span class='ocrx_word' id='word_1_929' title='bbox 1249 1691 1282 1722; x_wconf 86' lang='lat'>&amp;</span> <span class='ocrx_word' id='word_1_930' title='bbox 1300 1701 1369 1730; x_wconf 83' lang='lat' dir='ltr'>eux,</span> <span class='ocrx_word' id='word_1_931' title='bbox 1388 1693 1421 1723; x_wconf 89' lang='lat'>&amp;</span> <span class='ocrx_word' id='word_1_932' title='bbox 1437 1692 1495 1723; x_wconf 91' lang='lat' dir='ltr'>leur</span> <span class='ocrx_word' id='word_1_933' title='bbox 1514 1693 1596 1723; x_wconf 86' lang='lat' dir='ltr'>alietz</span> <span class='ocrx_word' id='word_1_934' title='bbox 1630 1693 1662 1723; x_wconf 89' lang='lat'>&amp;</span> <span class='ocrx_word' id='word_1_935' title='bbox 1680 1692 1809 1723; x_wconf 76' lang='lat' dir='ltr'>eidaunrz,</span> <span class='ocrx_word' id='word_1_936' title='bbox 1826 1691 1929 1721; x_wconf 90' lang='lat' dir='ltr'>d&#39;autre</span> <span class='ocrx_word' id='word_1_937' title='bbox 1955 1696 2034 1727; x_wconf 84' lang='lat' dir='ltr'>part,</span> <span class='ocrx_word' id='word_1_938' title='bbox 2058 1687 2099 1718; x_wconf 90' lang='lat' dir='ltr'>sur</span> <span class='ocrx_word' id='word_1_939' title='bbox 2121 1687 2159 1718; x_wconf 90' lang='lat' dir='ltr'>les</span> <span class='ocrx_word' id='word_1_940' title='bbox 2177 1697 2288 1725; x_wconf 87' lang='lat' dir='ltr'>guerres</span> <span class='ocrx_word' id='word_1_941' title='bbox 2302 1710 2314 1726; x_wconf 90' lang='lat'>,</span> 
     </span>
     <span class='ocr_line' id='line_1_107' title="bbox 1249 1716 2325 1770; baseline -0.005 -10"><span class='ocrx_word' id='word_1_942' title='bbox 1249 1729 1426 1770; x_wconf 87' lang='lat' dir='ltr'>dissensions,</span> <span class='ocrx_word' id='word_1_943' title='bbox 1444 1732 1478 1762; x_wconf 89' lang='lat'>&amp;</span> <span class='ocrx_word' id='word_1_944' title='bbox 1494 1716 1623 1762; x_wconf 83' lang='lat' dir='ltr'>descord&#39;s</span> <span class='ocrx_word' id='word_1_945' title='bbox 1638 1754 1648 1769; x_wconf 90' lang='lat'>,</span> <span class='ocrx_word' id='word_1_946' title='bbox 1671 1741 1725 1769; x_wconf 90' lang='lat' dir='ltr'>que</span> <span class='ocrx_word' id='word_1_947' title='bbox 1741 1730 1802 1761; x_wconf 85' lang='lat' dir='ltr'>sont</span> <span class='ocrx_word' id='word_1_948' title='bbox 1819 1738 1894 1760; x_wconf 92' lang='lat' dir='ltr'>entre</span> <span class='ocrx_word' id='word_1_949' title='bbox 1912 1738 1982 1758; x_wconf 92' lang='lat' dir='ltr'>nous</span> <span class='ocrx_word' id='word_1_950' title='bbox 2000 1728 2033 1758; x_wconf 93' lang='lat'>&amp;</span> <span class='ocrx_word' id='word_1_951' title='bbox 2050 1734 2116 1756; x_wconf 80' lang='lat' dir='ltr'>eux:</span> <span class='ocrx_word' id='word_1_952' title='bbox 2127 1727 2160 1756; x_wconf 91' lang='lat'>&amp;</span> <span class='ocrx_word' id='word_1_953' title='bbox 2176 1726 2212 1756; x_wconf 93' lang='lat' dir='ltr'>de</span> <span class='ocrx_word' id='word_1_954' title='bbox 2230 1726 2325 1756; x_wconf 50' lang='lat' dir='ltr'>meis-2</span> 
     </span>
     <span class='ocr_line' id='line_1_108' title="bbox 1252 1764 2314 1808; baseline -0.005 -9"><span class='ocrx_word' id='word_1_955' title='bbox 1252 1779 1312 1799; x_wconf 92' lang='lat' dir='ltr'>mes</span> <span class='ocrx_word' id='word_1_956' title='bbox 1327 1770 1409 1801; x_wconf 88' lang='lat' dir='ltr'>celles</span> <span class='ocrx_word' id='word_1_957' title='bbox 1423 1771 1538 1808; x_wconf 86' lang='lat' dir='ltr'>triewe,</span> <span class='ocrx_word' id='word_1_958' title='bbox 1553 1780 1591 1800; x_wconf 90' lang='lat' dir='ltr'>ou</span> <span class='ocrx_word' id='word_1_959' title='bbox 1613 1768 1749 1801; x_wconf 85' lang='lat' dir='ltr'>suffrance</span> <span class='ocrx_word' id='word_1_960' title='bbox 1767 1769 1878 1799; x_wconf 89' lang='lat' dir='ltr'>ottreier</span> <span class='ocrx_word' id='word_1_961' title='bbox 1891 1790 1902 1807; x_wconf 92' lang='lat'>,</span> <span class='ocrx_word' id='word_1_962' title='bbox 1930 1766 2037 1803; x_wconf 91' lang='lat' dir='ltr'>doner,</span> <span class='ocrx_word' id='word_1_963' title='bbox 2053 1764 2198 1795; x_wconf 82' lang='lat' dir='ltr'>affermer:</span> <span class='ocrx_word' id='word_1_964' title='bbox 2222 1765 2255 1795; x_wconf 77' lang='lat'>&amp;3</span> <span class='ocrx_word' id='word_1_965' title='bbox 2278 1764 2314 1795; x_wconf 93' lang='lat' dir='ltr'>de</span> 
     </span>
     <span class='ocr_line' id='line_1_109' title="bbox 1251 1803 2319 1847; baseline -0.006 -9"><span class='ocrx_word' id='word_1_966' title='bbox 1251 1807 1338 1847; x_wconf 83' lang='lat' dir='ltr'>juret,</span> <span class='ocrx_word' id='word_1_967' title='bbox 1351 1818 1386 1838; x_wconf 91' lang='lat' dir='ltr'>en</span> <span class='ocrx_word' id='word_1_968' title='bbox 1407 1808 1500 1842; x_wconf 81' lang='lat' dir='ltr'>nostre</span> <span class='ocrx_word' id='word_1_969' title='bbox 1517 1809 1607 1847; x_wconf 88' lang='lat' dir='ltr'>alme,</span> <span class='ocrx_word' id='word_1_970' title='bbox 1629 1809 1665 1839; x_wconf 93' lang='lat' dir='ltr'>de</span> <span class='ocrx_word' id='word_1_971' title='bbox 1683 1807 1752 1838; x_wconf 91' lang='lat' dir='ltr'>celle</span> <span class='ocrx_word' id='word_1_972' title='bbox 1769 1809 1865 1838; x_wconf 89' lang='lat' dir='ltr'>triewe</span> <span class='ocrx_word' id='word_1_973' title='bbox 1880 1828 1889 1845; x_wconf 80' lang='lat'>,</span> <span class='ocrx_word' id='word_1_974' title='bbox 1916 1815 1954 1836; x_wconf 93' lang='lat' dir='ltr'>ou</span> <span class='ocrx_word' id='word_1_975' title='bbox 1976 1804 2132 1835; x_wconf 83' lang='lat' dir='ltr'>suffraunce</span> <span class='ocrx_word' id='word_1_976' title='bbox 2150 1803 2319 1833; x_wconf 89' lang='lat' dir='ltr'>fermement</span> 
     </span>
     <span class='ocr_line' id='line_1_110' title="bbox 1252 1841 2320 1886; baseline -0.006 -10"><span class='ocrx_word' id='word_1_977' title='bbox 1252 1846 1349 1883; x_wconf 87' lang='lat' dir='ltr'>garder</span> <span class='ocrx_word' id='word_1_978' title='bbox 1368 1847 1401 1878; x_wconf 88' lang='lat'>&amp;</span> <span class='ocrx_word' id='word_1_979' title='bbox 1419 1847 1507 1886; x_wconf 78' lang='lat' dir='ltr'>tenir,</span> <span class='ocrx_word' id='word_1_980' title='bbox 1525 1847 1558 1877; x_wconf 89' lang='lat'>&amp;</span> <span class='ocrx_word' id='word_1_981' title='bbox 1577 1846 1614 1877; x_wconf 89' lang='lat' dir='ltr'>de</span> <span class='ocrx_word' id='word_1_982' title='bbox 1630 1855 1698 1878; x_wconf 86' lang='lat' dir='ltr'>tutes</span> <span class='ocrx_word' id='word_1_983' title='bbox 1717 1855 1803 1876; x_wconf 85' lang='lat' dir='ltr'>autres</span> <span class='ocrx_word' id='word_1_984' title='bbox 1828 1844 1923 1875; x_wconf 85' lang='lat' dir='ltr'>choses</span> <span class='ocrx_word' id='word_1_985' title='bbox 1948 1843 2013 1874; x_wconf 87' lang='lat' dir='ltr'>faire</span> <span class='ocrx_word' id='word_1_986' title='bbox 2038 1841 2176 1879; x_wconf 87' lang='lat' dir='ltr'>acomplir</span> <span class='ocrx_word' id='word_1_987' title='bbox 2192 1864 2202 1880; x_wconf 91' lang='lat'>,</span> <span class='ocrx_word' id='word_1_988' title='bbox 2230 1851 2284 1879; x_wconf 90' lang='lat' dir='ltr'>que</span> <span class='ocrx_word' id='word_1_989' title='bbox 2302 1851 2320 1871; x_wconf 83' lang='lat' dir='ltr'>a</span> 
     </span>
     <span class='ocr_line' id='line_1_111' title="bbox 1252 1879 2311 1923; baseline -0.005 -9"><span class='ocrx_word' id='word_1_990' title='bbox 1252 1885 1321 1915; x_wconf 89' lang='lat' dir='ltr'>celle</span> <span class='ocrx_word' id='word_1_991' title='bbox 1340 1887 1455 1923; x_wconf 86' lang='lat' dir='ltr'>triewe,</span> <span class='ocrx_word' id='word_1_992' title='bbox 1474 1896 1512 1916; x_wconf 92' lang='lat' dir='ltr'>ou</span> <span class='ocrx_word' id='word_1_993' title='bbox 1528 1884 1682 1916; x_wconf 84' lang='lat' dir='ltr'>suffiaunce</span> <span class='ocrx_word' id='word_1_994' title='bbox 1699 1884 1804 1915; x_wconf 88' lang='lat' dir='ltr'>serront</span> <span class='ocrx_word' id='word_1_995' title='bbox 1821 1882 2033 1920; x_wconf 88' lang='lat' dir='ltr'>bosoignables,</span> <span class='ocrx_word' id='word_1_996' title='bbox 2049 1890 2089 1910; x_wconf 94' lang='lat' dir='ltr'>ou</span> <span class='ocrx_word' id='word_1_997' title='bbox 2106 1879 2311 1918; x_wconf 88' lang='lat' dir='ltr'>convenables‚</span> 
     </span>
     <span class='ocr_line' id='line_1_112' title="bbox 1253 1922 2018 1962; baseline -0.005 -8"><span class='ocrx_word' id='word_1_998' title='bbox 1253 1931 1294 1954; x_wconf 89' lang='lat' dir='ltr'>tut</span> <span class='ocrx_word' id='word_1_999' title='bbox 1312 1923 1363 1954; x_wconf 91' lang='lat' dir='ltr'>soit</span> <span class='ocrx_word' id='word_1_1000' title='bbox 1380 1923 1399 1953; x_wconf 91' lang='lat' dir='ltr'>il</span> <span class='ocrx_word' id='word_1_1001' title='bbox 1417 1925 1464 1962; x_wconf 87' lang='lat' dir='ltr'>q’il</span> <span class='ocrx_word' id='word_1_1002' title='bbox 1484 1933 1650 1962; x_wconf 85' lang='lat' dir='ltr'>requergent</span> <span class='ocrx_word' id='word_1_1003' title='bbox 1667 1923 1785 1961; x_wconf 82' lang='lat' dir='ltr'>especial</span> <span class='ocrx_word' id='word_1_1004' title='bbox 1803 1922 2018 1953; x_wconf 83' lang='lat' dir='ltr'>maundement:</span> 
     </span>
    </p>

    <p class='ocr_par' dir='ltr' id='par_1_40' title="bbox 1257 1957 2324 2153">
     <span class='ocr_line' id='line_1_113' title="bbox 1292 1957 2322 2000; baseline -0.007 -7"><span class='ocrx_word' id='word_1_1005' title='bbox 1292 1961 1329 1992; x_wconf 90' lang='lat' dir='ltr'>Et</span> <span class='ocrx_word' id='word_1_1006' title='bbox 1346 1972 1417 1993; x_wconf 89' lang='lat' dir='ltr'>nous</span> <span class='ocrx_word' id='word_1_1007' title='bbox 1431 1972 1557 1993; x_wconf 90' lang='lat' dir='ltr'>averoms</span> <span class='ocrx_word' id='word_1_1008' title='bbox 1574 1973 1623 2000; x_wconf 87' lang='lat' dir='ltr'>pur</span> <span class='ocrx_word' id='word_1_1009' title='bbox 1641 1962 1713 1992; x_wconf 88' lang='lat' dir='ltr'>ferm</span> <span class='ocrx_word' id='word_1_1010' title='bbox 1730 1963 1764 1992; x_wconf 88' lang='lat'>&amp;</span> <span class='ocrx_word' id='word_1_1011' title='bbox 1784 1970 1834 1998; x_wconf 89' lang='lat' dir='ltr'>pur</span> <span class='ocrx_word' id='word_1_1012' title='bbox 1852 1959 1972 1997; x_wconf 86' lang='lat' dir='ltr'>estable,</span> <span class='ocrx_word' id='word_1_1013' title='bbox 1992 1965 2076 1996; x_wconf 84' lang='lat' dir='ltr'>quant</span> <span class='ocrx_word' id='word_1_1014' title='bbox 2093 1966 2147 1995; x_wconf 86' lang='lat' dir='ltr'>que</span> <span class='ocrx_word' id='word_1_1015' title='bbox 2166 1957 2204 1987; x_wconf 91' lang='lat' dir='ltr'>les</span> <span class='ocrx_word' id='word_1_1016' title='bbox 2226 1963 2322 1987; x_wconf 86' lang='lat' dir='ltr'>avant-</span> 
     </span>
     <span class='ocr_line' id='line_1_114' title="bbox 1257 1995 2320 2040; baseline -0.008 -9"><span class='ocrx_word' id='word_1_1017' title='bbox 1257 1999 1335 2039; x_wconf 86' lang='lat' dir='ltr'>ditz,</span> <span class='ocrx_word' id='word_1_1018' title='bbox 1354 2000 1464 2039; x_wconf 86' lang='lat' dir='ltr'>Conte,</span> <span class='ocrx_word' id='word_1_1019' title='bbox 1478 2001 1586 2040; x_wconf 87' lang='lat' dir='ltr'>Johan,</span> <span class='ocrx_word' id='word_1_1020' title='bbox 1601 2001 1746 2039; x_wconf 80' lang='lat' dir='ltr'>Williem,</span> <span class='ocrx_word' id='word_1_1021' title='bbox 1764 2001 1798 2030; x_wconf 86' lang='lat'>&amp;</span> <span class='ocrx_word' id='word_1_1022' title='bbox 1813 1999 1922 2038; x_wconf 82' lang='lat' dir='ltr'>Johan,</span> <span class='ocrx_word' id='word_1_1023' title='bbox 1939 2008 1977 2028; x_wconf 88' lang='lat' dir='ltr'>ou</span> <span class='ocrx_word' id='word_1_1024' title='bbox 1994 1998 2031 2027; x_wconf 87' lang='lat' dir='ltr'>les</span> <span class='ocrx_word' id='word_1_1025' title='bbox 2055 1997 2120 2026; x_wconf 81' lang='lat' dir='ltr'>trois</span> <span class='ocrx_word' id='word_1_1026' title='bbox 2133 2018 2143 2033; x_wconf 93' lang='lat'>,</span> <span class='ocrx_word' id='word_1_1027' title='bbox 2167 2005 2207 2025; x_wconf 89' lang='lat' dir='ltr'>ou</span> <span class='ocrx_word' id='word_1_1028' title='bbox 2229 1995 2320 2032; x_wconf 84' lang='lat' dir='ltr'>deux,</span> 
     </span>
     <span class='ocr_line' id='line_1_115' title="bbox 1257 2032 2324 2077; baseline -0.007 -8"><span class='ocrx_word' id='word_1_1029' title='bbox 1257 2047 1374 2069; x_wconf 84' lang='lat' dir='ltr'>averont</span> <span class='ocrx_word' id='word_1_1030' title='bbox 1390 2040 1468 2069; x_wconf 88' lang='lat' dir='ltr'>treite</span> <span class='ocrx_word' id='word_1_1031' title='bbox 1490 2062 1500 2077; x_wconf 91' lang='lat'>,</span> <span class='ocrx_word' id='word_1_1032' title='bbox 1529 2040 1626 2069; x_wconf 89' lang='lat' dir='ltr'>ottreie</span> <span class='ocrx_word' id='word_1_1033' title='bbox 1638 2062 1649 2077; x_wconf 90' lang='lat'>,</span> <span class='ocrx_word' id='word_1_1034' title='bbox 1675 2039 1709 2069; x_wconf 89' lang='lat'>&amp;</span> <span class='ocrx_word' id='word_1_1035' title='bbox 1725 2038 1832 2068; x_wconf 90' lang='lat' dir='ltr'>ordene</span> <span class='ocrx_word' id='word_1_1036' title='bbox 1847 2060 1856 2075; x_wconf 87' lang='lat'>,</span> <span class='ocrx_word' id='word_1_1037' title='bbox 1880 2037 1928 2067; x_wconf 89' lang='lat' dir='ltr'>fait</span> <span class='ocrx_word' id='word_1_1038' title='bbox 1944 2037 1978 2066; x_wconf 91' lang='lat'>&amp;</span> <span class='ocrx_word' id='word_1_1039' title='bbox 1994 2033 2110 2065; x_wconf 81' lang='lat' dir='ltr'>afferme</span> <span class='ocrx_word' id='word_1_1040' title='bbox 2127 2042 2166 2076; x_wconf 66' lang='lat' dir='ltr'>or}</span> <span class='ocrx_word' id='word_1_1041' title='bbox 2185 2043 2262 2063; x_wconf 92' lang='lat' dir='ltr'>noun</span> <span class='ocrx_word' id='word_1_1042' title='bbox 2286 2032 2324 2062; x_wconf 86' lang='lat' dir='ltr'>de</span> 
     </span>
     <span class='ocr_line' id='line_1_116' title="bbox 1258 2071 2322 2115; baseline -0.007 -8"><span class='ocrx_word' id='word_1_1043' title='bbox 1258 2088 1345 2115; x_wconf 85' lang='lat' dir='ltr'>nous,</span> <span class='ocrx_word' id='word_1_1044' title='bbox 1363 2078 1395 2107; x_wconf 87' lang='lat'>&amp;</span> <span class='ocrx_word' id='word_1_1045' title='bbox 1414 2087 1464 2114; x_wconf 88' lang='lat' dir='ltr'>pur</span> <span class='ocrx_word' id='word_1_1046' title='bbox 1481 2087 1564 2114; x_wconf 88' lang='lat' dir='ltr'>nous,</span> <span class='ocrx_word' id='word_1_1047' title='bbox 1583 2086 1633 2114; x_wconf 87' lang='lat' dir='ltr'>pur</span> <span class='ocrx_word' id='word_1_1048' title='bbox 1652 2085 1709 2106; x_wconf 69' lang='lat' dir='ltr'>nort.</span> <span class='ocrx_word' id='word_1_1049' title='bbox 1728 2077 1856 2105; x_wconf 87' lang='lat' dir='ltr'>hommes</span> <span class='ocrx_word' id='word_1_1050' title='bbox 1872 2097 1882 2113; x_wconf 90' lang='lat'>,</span> <span class='ocrx_word' id='word_1_1051' title='bbox 1904 2084 1955 2112; x_wconf 89' lang='lat' dir='ltr'>pur</span> <span class='ocrx_word' id='word_1_1052' title='bbox 1981 2082 2041 2102; x_wconf 86' lang='lat' dir='ltr'>noz</span> <span class='ocrx_word' id='word_1_1053' title='bbox 2061 2071 2174 2101; x_wconf 87' lang='lat' dir='ltr'>sutzmis</span> <span class='ocrx_word' id='word_1_1054' title='bbox 2188 2093 2199 2108; x_wconf 86' lang='lat'>,</span> <span class='ocrx_word' id='word_1_1055' title='bbox 2219 2071 2252 2102; x_wconf 90' lang='lat'>&amp;</span> <span class='ocrx_word' id='word_1_1056' title='bbox 2271 2079 2322 2108; x_wconf 84' lang='lat' dir='ltr'>pur</span> 
     </span>
     <span class='ocr_line' id='line_1_117' title="bbox 1257 2108 2218 2153; baseline -0.008 -7"><span class='ocrx_word' id='word_1_1057' title='bbox 1257 2125 1317 2146; x_wconf 87' lang='lat' dir='ltr'>noz</span> <span class='ocrx_word' id='word_1_1058' title='bbox 1333 2116 1479 2153; x_wconf 78' lang='lat' dir='ltr'>eidauntz,</span> <span class='ocrx_word' id='word_1_1059' title='bbox 1497 2115 1540 2145; x_wconf 90' lang='lat' dir='ltr'>sur</span> <span class='ocrx_word' id='word_1_1060' title='bbox 1558 2115 1595 2145; x_wconf 89' lang='lat' dir='ltr'>les</span> <span class='ocrx_word' id='word_1_1061' title='bbox 1613 2114 1708 2149; x_wconf 87' lang='lat' dir='ltr'>choses</span> <span class='ocrx_word' id='word_1_1062' title='bbox 1727 2114 1782 2146; x_wconf 88' lang='lat' dir='ltr'>ausi</span> <span class='ocrx_word' id='word_1_1063' title='bbox 1799 2113 1884 2150; x_wconf 80' lang='lat' dir='ltr'>dites,</span> <span class='ocrx_word' id='word_1_1064' title='bbox 1898 2114 1932 2144; x_wconf 86' lang='lat'>&amp;</span> <span class='ocrx_word' id='word_1_1065' title='bbox 1949 2110 2071 2142; x_wconf 89' lang='lat' dir='ltr'>chescun</span> <span class='ocrx_word' id='word_1_1066' title='bbox 2089 2110 2125 2140; x_wconf 92' lang='lat' dir='ltr'>de</span> <span class='ocrx_word' id='word_1_1067' title='bbox 2144 2108 2218 2139; x_wconf 86' lang='lat' dir='ltr'>elles.</span> 
     </span>
    </p>
   </div>
   <div class='ocr_carea' id='block_1_21' title="bbox 1298 2191 1673 2230">
    <p class='ocr_par' dir='ltr' id='par_1_41' title="bbox 1298 2191 1673 2230">
     <span class='ocr_line' id='line_1_118' title="bbox 1298 2191 1673 2230; baseline -0.003 -7"><span class='ocrx_word' id='word_1_1068' title='bbox 1298 2191 1344 2223; x_wconf 87' lang='lat' dir='ltr'>En</span> <span class='ocrx_word' id='word_1_1069' title='bbox 1362 2193 1598 2230; x_wconf 83' lang='lat' dir='ltr'>temoignaunce,</span> <span class='ocrx_word' id='word_1_1070' title='bbox 1611 2191 1673 2223; x_wconf 89' lang='lat' dir='ltr'>&amp;c.</span> 
     </span>
    </p>
   </div>
   <div class='ocr_carea' id='block_1_22' title="bbox 1296 2267 1522 2308">
    <p class='ocr_par' dir='ltr' id='par_1_42' title="bbox 1296 2267 1522 2308">
     <span class='ocr_line' id='line_1_119' title="bbox 1296 2267 1522 2308; baseline 0.004 -9"><span class='ocrx_word' id='word_1_1071' title='bbox 1296 2267 1376 2299; x_wconf 87' lang='lat' dir='ltr'>Don.</span> <span class='ocrx_word' id='word_1_1072' title='bbox 1394 2276 1424 2300; x_wconf 85' lang='lat' dir='ltr'>ut</span> <span class='ocrx_word' id='word_1_1073' title='bbox 1436 2269 1522 2308; x_wconf 86' lang='lat' dir='ltr'>supra.</span> 
     </span>
    </p>
   </div>
   <div class='ocr_carea' id='block_1_23' title="bbox 1269 2337 2328 2351">
    <p class='ocr_par' dir='ltr' id='par_1_43' title="bbox 1269 2337 2328 2351">
     <span class='ocr_line' id='line_1_120' title="bbox 1269 2337 2328 2351; baseline 0 1928"><span class='ocrx_word' id='word_1_1074' title='bbox 1269 2337 2328 2351; x_wconf 95' lang='lat' dir='ltr'> </span> 
     </span>
    </p>
   </div>
   <div class='ocr_carea' id='block_1_24' title="bbox 1447 2387 2138 2441">
    <p class='ocr_par' dir='ltr' id='par_1_44' title="bbox 1447 2387 2138 2441">
     <span class='ocr_line' id='line_1_121' title="bbox 1447 2387 2138 2441; baseline -0.01 -13"><span class='ocrx_word' id='word_1_1075' title='bbox 1447 2393 1505 2428; x_wconf 83' lang='lat' dir='ltr'>Ad</span> <span class='ocrx_word' id='word_1_1076' title='bbox 1530 2397 1666 2440; x_wconf 80' lang='lat' dir='ltr'>Papam,</span> <span class='ocrx_word' id='word_1_1077' title='bbox 1685 2404 1741 2441; x_wconf 90' lang='lat' dir='ltr'>pro</span> <span class='ocrx_word' id='word_1_1078' title='bbox 1763 2391 1906 2441; x_wconf 81' lang='lat' dir='ltr'>Johanne</span> <span class='ocrx_word' id='word_1_1079' title='bbox 1932 2389 1968 2424; x_wconf 85' lang='lat' dir='ltr'>de</span> <span class='ocrx_word' id='word_1_1080' title='bbox 1994 2387 2138 2425; x_wconf 84' lang='lat' dir='ltr'>Sandale.</span> 
     </span>
    </p>
   </div>
   <div class='ocr_carea' id='block_1_25' title="bbox 1264 2478 2486 3252">
    <p class='ocr_par' dir='ltr' id='par_1_45' title="bbox 1264 2478 2303 2535">
     <span class='ocr_line' id='line_1_122' title="bbox 1264 2478 2303 2535; baseline -0.006 -24"><span class='ocrx_word' id='word_1_1081' title='bbox 1264 2479 1372 2535; x_wconf 81' lang='lat' dir='ltr'>PAP</span> <span class='ocrx_word' id='word_1_1082' title='bbox 1383 2479 1425 2511; x_wconf 90' lang='lat' dir='ltr'>AE</span> <span class='ocrx_word' id='word_1_1083' title='bbox 1448 2479 1514 2511; x_wconf 85' lang='lat' dir='ltr'>Rex</span> <span class='ocrx_word' id='word_1_1084' title='bbox 1531 2480 1634 2511; x_wconf 90' lang='lat' dir='ltr'>devota</span> <span class='ocrx_word' id='word_1_1085' title='bbox 1655 2479 1760 2519; x_wconf 88' lang='lat' dir='ltr'>pedum</span> <span class='ocrx_word' id='word_1_1086' title='bbox 1777 2478 1871 2511; x_wconf 90' lang='lat' dir='ltr'>oscula</span> <span class='ocrx_word' id='word_1_1087' title='bbox 1888 2478 2046 2510; x_wconf 87' lang='lat' dir='ltr'>beatorum.</span> <span class='ocrx_word' id='word_1_1088' title='bbox 2297 2511 2303 2517; x_wconf 33' lang='grc' dir='ltr'>ι</span> 
     </span>
    </p>

    <p class='ocr_par' dir='ltr' id='par_1_46' title="bbox 1266 2509 2486 2668">
     <span class='ocr_line' id='line_1_123' title="bbox 1342 2509 2486 2558; baseline -0.003 -10"><span class='ocrx_word' id='word_1_1089' title='bbox 1342 2519 1450 2558; x_wconf 83' lang='lat' dir='ltr'>Grata,</span> <span class='ocrx_word' id='word_1_1090' title='bbox 1466 2519 1549 2550; x_wconf 91' lang='lat' dir='ltr'>vobis</span> <span class='ocrx_word' id='word_1_1091' title='bbox 1566 2520 1674 2557; x_wconf 88' lang='lat' dir='ltr'>innata,</span> <span class='ocrx_word' id='word_1_1092' title='bbox 1693 2519 1850 2556; x_wconf 87' lang='lat' dir='ltr'>benignitas</span> <span class='ocrx_word' id='word_1_1093' title='bbox 1864 2540 1874 2556; x_wconf 85' lang='lat'>,</span> <span class='ocrx_word' id='word_1_1094' title='bbox 1899 2526 1933 2547; x_wconf 88' lang='lat' dir='ltr'>ac</span> <span class='ocrx_word' id='word_1_1095' title='bbox 1958 2513 2147 2547; x_wconf 88' lang='lat' dir='ltr'>benivolentia</span> <span class='ocrx_word' id='word_1_1096' title='bbox 2170 2509 2335 2556; x_wconf 59' lang='lat' dir='ltr'>RaternahS,</span> <span class='ocrx_word' id='word_1_1097' title='bbox 2356 2515 2431 2548; x_wconf 87' lang='lat' dir='ltr'>Ann.</span> <span class='ocrx_word' id='word_1_1098' title='bbox 2442 2512 2486 2546; x_wconf 87' lang='lat' dir='ltr'>D.</span> 
     </span>
     <span class='ocr_line' id='line_1_124' title="bbox 1266 2550 2467 2596; baseline -0.009 -7"><span class='ocrx_word' id='word_1_1099' title='bbox 1266 2558 1349 2590; x_wconf 85' lang='lat' dir='ltr'>nobis</span> <span class='ocrx_word' id='word_1_1100' title='bbox 1366 2557 1462 2596; x_wconf 68' lang='lat' dir='ltr'>sepius</span> <span class='ocrx_word' id='word_1_1101' title='bbox 1479 2557 1645 2596; x_wconf 88' lang='lat' dir='ltr'>praeostensa</span> <span class='ocrx_word' id='word_1_1102' title='bbox 1655 2581 1665 2596; x_wconf 88' lang='lat'>,</span> <span class='ocrx_word' id='word_1_1103' title='bbox 1685 2557 1829 2588; x_wconf 88' lang='lat' dir='ltr'>audaciam</span> <span class='ocrx_word' id='word_1_1104' title='bbox 1848 2556 1930 2586; x_wconf 90' lang='lat' dir='ltr'>nobis</span> <span class='ocrx_word' id='word_1_1105' title='bbox 1947 2553 2077 2593; x_wconf 85' lang='lat' dir='ltr'>praestant</span> <span class='ocrx_word' id='word_1_1106' title='bbox 2100 2561 2153 2596; x_wconf 79' lang='lat' dir='ltr'>pro</span> <span class='ocrx_word' id='word_1_1107' title='bbox 2179 2550 2231 2581; x_wconf 90' lang='lat' dir='ltr'>illis</span> <span class='ocrx_word' id='word_1_1108' title='bbox 2247 2572 2258 2588; x_wconf 88' lang='lat'>,</span> <span class='ocrx_word' id='word_1_1109' title='bbox 2275 2559 2335 2594; x_wconf 51' lang='lat'>9¹3¹</span> <span class='ocrx_word' id='word_1_1110' title='bbox 2382 2562 2467 2594; x_wconf 80' lang='lat'>1313,</span> 
     </span>
     <span class='ocr_line' id='line_1_125' title="bbox 1267 2588 2453 2664; baseline -0.006 -37"><span class='ocrx_word' id='word_1_1111' title='bbox 1267 2596 1364 2629; x_wconf 79' lang='lat' dir='ltr'>sedulo</span> <span class='ocrx_word' id='word_1_1112' title='bbox 1383 2596 1482 2664; x_wconf 50' lang='lat' dir='ltr'>nostrgs</span> <span class='ocrx_word' id='word_1_1113' title='bbox 1497 2598 1671 2627; x_wconf 87' lang='lat' dir='ltr'>inmorantur</span> <span class='ocrx_word' id='word_1_1114' title='bbox 1690 2593 1971 2635; x_wconf 87' lang='lat' dir='ltr'>obsequiis,vestram</span> <span class='ocrx_word' id='word_1_1115' title='bbox 1986 2592 2182 2623; x_wconf 79' lang='lat' dir='ltr'>Clementiam</span> <span class='ocrx_word' id='word_1_1116' title='bbox 2197 2588 2336 2619; x_wconf 73' lang='lat' dir='ltr'>fiducmli-</span> <span class='ocrx_word' id='word_1_1117' title='bbox 2358 2597 2411 2623; x_wconf 81' lang='lat' dir='ltr'>An.</span> <span class='ocrx_word' id='word_1_1118' title='bbox 2425 2597 2453 2620; x_wconf 79' lang='grc'>6.</span> 
     </span>
     <span class='ocr_line' id='line_1_126' title="bbox 1268 2637 2428 2668; baseline -0.006 -2"><span class='ocrx_word' id='word_1_1119' title='bbox 1268 2645 1311 2668; x_wconf 88' lang='lat' dir='ltr'>ter</span> <span class='ocrx_word' id='word_1_1120' title='bbox 1326 2645 1355 2665; x_wconf 90' lang='lat' dir='ltr'>re</span> <span class='ocrx_word' id='word_1_1121' title='bbox 1376 2644 1453 2665; x_wconf 88' lang='lat' dir='ltr'>uiren</span> <span class='ocrx_word' id='word_1_1122' title='bbox 1473 2644 1491 2665; x_wconf 88' lang='lat' dir='ltr'>i.</span> <span class='ocrx_word' id='word_1_1123' title='bbox 2353 2637 2383 2660; x_wconf 81' lang='grc' dir='ltr'>Ε.</span> <span class='ocrx_word' id='word_1_1124' title='bbox 2402 2641 2428 2659; x_wconf 87' lang='lat'>2.</span> 
     </span>
    </p>

    <p class='ocr_par' dir='ltr' id='par_1_47' title="bbox 1271 2645 2474 2867">
     <span class='ocr_line' id='line_1_127' title="bbox 1305 2645 2471 2712; baseline -0.009 -8"><span class='ocrx_word' id='word_1_1125' title='bbox 1305 2645 1408 2712; x_wconf 48' lang='lat' dir='ltr'>Nuger</span> <span class='ocrx_word' id='word_1_1126' title='bbox 1426 2673 1562 2711; x_wconf 80' lang='lat' dir='ltr'>siquidem</span> <span class='ocrx_word' id='word_1_1127' title='bbox 1586 2672 1667 2704; x_wconf 82' lang='lat' dir='ltr'>Pater</span> <span class='ocrx_word' id='word_1_1128' title='bbox 1682 2670 1977 2711; x_wconf 66' lang='lat' dir='ltr'>Sanete,attendentes</span> <span class='ocrx_word' id='word_1_1129' title='bbox 1992 2666 2184 2707; x_wconf 88' lang='lat' dir='ltr'>obsequiosam</span> <span class='ocrx_word' id='word_1_1130' title='bbox 2195 2665 2338 2704; x_wconf 83' lang='lat' dir='ltr'>prompti·</span> <span class='ocrx_word' id='word_1_1131' title='bbox 2357 2668 2471 2703; x_wconf 65' lang='lat' dir='ltr'>Rom&amp;</span> 
     </span>
     <span class='ocr_line' id='line_1_128' title="bbox 1271 2696 2473 2751; baseline -0.005 -8"><span class='ocrx_word' id='word_1_1132' title='bbox 1271 2713 1400 2745; x_wconf 87' lang='lat' dir='ltr'>tudinem</span> <span class='ocrx_word' id='word_1_1133' title='bbox 1416 2711 1513 2742; x_wconf 60' lang='lat' dir='ltr'>dilecti</span> <span class='ocrx_word' id='word_1_1134' title='bbox 1537 2696 1642 2742; x_wconf 66' lang='lat' dir='ltr'>Cierici</span> <span class='ocrx_word' id='word_1_1135' title='bbox 1658 2711 1763 2750; x_wconf 86' lang='lat' dir='ltr'>nostri,</span> <span class='ocrx_word' id='word_1_1136' title='bbox 1775 2711 1909 2751; x_wconf 90' lang='lat' dir='ltr'>Johannis</span> <span class='ocrx_word' id='word_1_1137' title='bbox 1931 2708 1967 2739; x_wconf 91' lang='lat' dir='ltr'>de</span> <span class='ocrx_word' id='word_1_1138' title='bbox 1987 2707 2227 2751; x_wconf 30' lang='lat' dir='ltr'>Sandan-(quern</span> <span class='ocrx_word' id='word_1_1139' title='bbox 2246 2714 2338 2749; x_wconf 80' lang='lat' dir='ltr'>mores</span> <span class='ocrx_word' id='word_1_1140' title='bbox 2358 2711 2403 2738; x_wconf 85' lang='lat' dir='ltr'>Fr.</span> <span class='ocrx_word' id='word_1_1141' title='bbox 2422 2711 2450 2737; x_wconf 82' lang='lat'>6.</span> <span class='ocrx_word' id='word_1_1142' title='bbox 2470 2749 2473 2751; x_wconf 8' lang='grc' dir='ltr'>μ</span> 
     </span>
     <span class='ocr_line' id='line_1_129' title="bbox 1272 2742 2474 2788; baseline -0.009 -6"><span class='ocrx_word' id='word_1_1143' title='bbox 1272 2753 1306 2788; x_wconf 72' lang='grc' dir='ltr'>ὃ(</span> <span class='ocrx_word' id='word_1_1144' title='bbox 1325 2752 1422 2782; x_wconf 84' lang='lat' dir='ltr'>merita</span> <span class='ocrx_word' id='word_1_1145' title='bbox 1438 2751 1555 2788; x_wconf 86' lang='lat' dir='ltr'>gratiosa</span> <span class='ocrx_word' id='word_1_1146' title='bbox 1575 2750 1762 2788; x_wconf 87' lang='lat' dir='ltr'>multipliciter</span> <span class='ocrx_word' id='word_1_1147' title='bbox 1781 2746 2036 2783; x_wconf 86' lang='lat' dir='ltr'>recommendant)</span> <span class='ocrx_word' id='word_1_1148' title='bbox 2054 2756 2087 2776; x_wconf 88' lang='lat' dir='ltr'>ac</span> <span class='ocrx_word' id='word_1_1149' title='bbox 2109 2745 2189 2783; x_wconf 87' lang='lat' dir='ltr'>ipsius</span> <span class='ocrx_word' id='word_1_1150' title='bbox 2203 2742 2341 2773; x_wconf 88' lang='lat' dir='ltr'>fidelitatis</span> <span class='ocrx_word' id='word_1_1151' title='bbox 2359 2753 2391 2776; x_wconf 80' lang='lat' dir='ltr'>F..</span> <span class='ocrx_word' id='word_1_1152' title='bbox 2402 2756 2474 2778; x_wconf 78' lang='lat' dir='ltr'>2‚m,</span> 
     </span>
     <span class='ocr_line' id='line_1_130' title="bbox 1273 2781 2408 2828; baseline -0.006 -7"><span class='ocrx_word' id='word_1_1153' title='bbox 1273 2790 1479 2828; x_wconf 87' lang='lat' dir='ltr'>constantiam,</span> <span class='ocrx_word' id='word_1_1154' title='bbox 1493 2797 1605 2827; x_wconf 85' lang='lat' dir='ltr'>propter</span> <span class='ocrx_word' id='word_1_1155' title='bbox 1623 2799 1684 2827; x_wconf 81' lang='lat' dir='ltr'>quae</span> <span class='ocrx_word' id='word_1_1156' title='bbox 1702 2788 1737 2819; x_wconf 93' lang='lat' dir='ltr'>ad</span> <span class='ocrx_word' id='word_1_1157' title='bbox 1757 2788 1839 2826; x_wconf 87' lang='lat' dir='ltr'>ipsius</span> <span class='ocrx_word' id='word_1_1158' title='bbox 1852 2788 1990 2818; x_wconf 90' lang='lat' dir='ltr'>honorem</span> <span class='ocrx_word' id='word_1_1159' title='bbox 2008 2785 2042 2815; x_wconf 89' lang='lat'>&amp;</span> <span class='ocrx_word' id='word_1_1160' title='bbox 2067 2781 2225 2828; x_wconf 80' lang='lat' dir='ltr'>commoda</span> <span class='ocrx_word' id='word_1_1161' title='bbox 2241 2781 2340 2813; x_wconf 86' lang='lat' dir='ltr'>effica-</span> <span class='ocrx_word' id='word_1_1162' title='bbox 2366 2789 2408 2815; x_wconf 86' lang='lat'>16.</span> 
     </span>
     <span class='ocr_line' id='line_1_131' title="bbox 1274 2826 2341 2867; baseline -0.008 -8"><span class='ocrx_word' id='word_1_1163' title='bbox 1274 2831 1342 2861; x_wconf 87' lang='lat' dir='ltr'>citer</span> <span class='ocrx_word' id='word_1_1164' title='bbox 1357 2828 1533 2867; x_wconf 85' lang='lat' dir='ltr'>procuranda</span> <span class='ocrx_word' id='word_1_1165' title='bbox 1548 2827 1757 2866; x_wconf 87' lang='lat' dir='ltr'>conspicimus,</span> <span class='ocrx_word' id='word_1_1166' title='bbox 1773 2837 1833 2857; x_wconf 89' lang='lat' dir='ltr'>non</span> <span class='ocrx_word' id='word_1_1167' title='bbox 1846 2826 1996 2862; x_wconf 86' lang='lat' dir='ltr'>inmerito,</span> <span class='ocrx_word' id='word_1_1168' title='bbox 2010 2833 2061 2853; x_wconf 90' lang='lat' dir='ltr'>nos</span> <span class='ocrx_word' id='word_1_1169' title='bbox 2075 2831 2179 2860; x_wconf 75' lang='lat' dir='ltr'>teneri,</span> <span class='ocrx_word' id='word_1_1170' title='bbox 2292 2859 2297 2864; x_wconf 31' lang='grc' dir='ltr'>ι</span> <span class='ocrx_word' id='word_1_1171' title='bbox 2333 2857 2341 2864; x_wconf 37' lang='lat'>⁶</span> 
     </span>
    </p>

    <p class='ocr_par' dir='ltr' id='par_1_48' title="bbox 1275 2857 2343 3060">
     <span class='ocr_line' id='line_1_132' title="bbox 1311 2857 2343 2906; baseline -0.01 -8"><span class='ocrx_word' id='word_1_1172' title='bbox 1311 2867 1420 2898; x_wconf 81' lang='lat' dir='ltr'>Vestrae</span> <span class='ocrx_word' id='word_1_1173' title='bbox 1434 2866 1600 2897; x_wconf 86' lang='lat' dir='ltr'>Beatitudini</span> <span class='ocrx_word' id='word_1_1174' title='bbox 1622 2876 1675 2904; x_wconf 87' lang='lat' dir='ltr'>pro</span> <span class='ocrx_word' id='word_1_1175' title='bbox 1690 2866 1792 2896; x_wconf 87' lang='lat' dir='ltr'>eodem</span> <span class='ocrx_word' id='word_1_1176' title='bbox 1815 2865 1946 2896; x_wconf 85' lang='lat' dir='ltr'>duximus</span> <span class='ocrx_word' id='word_1_1177' title='bbox 1962 2861 2174 2906; x_wconf 80' lang='lat' dir='ltr'>supplicandum</span> <span class='ocrx_word' id='word_1_1178' title='bbox 2189 2882 2200 2898; x_wconf 92' lang='lat'>,</span> <span class='ocrx_word' id='word_1_1179' title='bbox 2225 2866 2256 2890; x_wconf 85' lang='lat' dir='ltr'>ut</span> <span class='ocrx_word' id='word_1_1180' title='bbox 2269 2857 2343 2902; x_wconf 64' lang='lat' dir='ltr'>dieti</span> 
     </span>
     <span class='ocr_line' id='line_1_133' title="bbox 1275 2896 2342 2944; baseline -0.009 -8"><span class='ocrx_word' id='word_1_1181' title='bbox 1275 2905 1381 2937; x_wconf 88' lang='lat' dir='ltr'>Clerici</span> <span class='ocrx_word' id='word_1_1182' title='bbox 1395 2904 1481 2935; x_wconf 88' lang='lat' dir='ltr'>nostri</span> <span class='ocrx_word' id='word_1_1183' title='bbox 1502 2906 1635 2944; x_wconf 89' lang='lat' dir='ltr'>negotia,</span> <span class='ocrx_word' id='word_1_1184' title='bbox 1648 2905 1732 2935; x_wconf 87' lang='lat' dir='ltr'>vobis</span> <span class='ocrx_word' id='word_1_1185' title='bbox 1753 2913 1802 2942; x_wconf 83' lang='lat' dir='ltr'>per</span> <span class='ocrx_word' id='word_1_1186' title='bbox 1824 2902 1943 2934; x_wconf 71' lang='grc'><strong>(11166105</strong></span> <span class='ocrx_word' id='word_1_1187' title='bbox 1960 2900 2091 2931; x_wconf 88' lang='lat' dir='ltr'>Clericos</span> <span class='ocrx_word' id='word_1_1188' title='bbox 2113 2897 2220 2942; x_wconf 79' lang='lat' dir='ltr'>nostros</span> <span class='ocrx_word' id='word_1_1189' title='bbox 2242 2896 2342 2933; x_wconf 84' lang='lat' dir='ltr'>Magi-</span> 
     </span>
     <span class='ocr_line' id='line_1_134' title="bbox 1276 2936 2340 2983; baseline -0.01 -8"><span class='ocrx_word' id='word_1_1190' title='bbox 1276 2945 1361 2983; x_wconf 88' lang='lat' dir='ltr'>stros,</span> <span class='ocrx_word' id='word_1_1191' title='bbox 1378 2942 1569 2974; x_wconf 86' lang='lat' dir='ltr'>Willielmum</span> <span class='ocrx_word' id='word_1_1192' title='bbox 1584 2943 1620 2973; x_wconf 93' lang='lat' dir='ltr'>de</span> <span class='ocrx_word' id='word_1_1193' title='bbox 1636 2942 1772 2981; x_wconf 83' lang='lat' dir='ltr'>Maldon,</span> <span class='ocrx_word' id='word_1_1194' title='bbox 1789 2943 1823 2973; x_wconf 74' lang='grc' dir='ltr'>ὃ(</span> <span class='ocrx_word' id='word_1_1195' title='bbox 1840 2941 1999 2972; x_wconf 88' lang='lat' dir='ltr'>I-lenricum</span> <span class='ocrx_word' id='word_1_1196' title='bbox 2016 2938 2051 2969; x_wconf 93' lang='lat' dir='ltr'>de</span> <span class='ocrx_word' id='word_1_1197' title='bbox 2069 2936 2208 2968; x_wconf 89' lang='lat' dir='ltr'>Plukeleie</span> <span class='ocrx_word' id='word_1_1198' title='bbox 2223 2960 2233 2974; x_wconf 90' lang='lat'><em>‚</em></span> <span class='ocrx_word' id='word_1_1199' title='bbox 2252 2945 2340 2980; x_wconf 81' lang='lat' dir='ltr'>expo-</span> 
     </span>
     <span class='ocr_line' id='line_1_135' title="bbox 1277 2974 2339 3022; baseline -0.009 -9"><span class='ocrx_word' id='word_1_1200' title='bbox 1277 2983 1341 3022; x_wconf 84' lang='lat' dir='ltr'>sita,</span> <span class='ocrx_word' id='word_1_1201' title='bbox 1358 2984 1377 3004; x_wconf 48' lang='grc' dir='ltr'>*θ</span> <span class='ocrx_word' id='word_1_1202' title='bbox 1397 2982 1498 3013; x_wconf 87' lang='lat' dir='ltr'>habere</span> <span class='ocrx_word' id='word_1_1203' title='bbox 1514 2982 1704 3019; x_wconf 81' lang='lat' dir='ltr'>dignaremini</span> <span class='ocrx_word' id='word_1_1204' title='bbox 1722 2981 1873 3020; x_wconf 88' lang='lat' dir='ltr'>specialiter</span> <span class='ocrx_word' id='word_1_1205' title='bbox 1893 2977 2112 3015; x_wconf 85' lang='lat' dir='ltr'>commendata,</span> <span class='ocrx_word' id='word_1_1206' title='bbox 2124 2976 2157 3007; x_wconf 90' lang='lat'>&amp;</span> <span class='ocrx_word' id='word_1_1207' title='bbox 2177 2984 2210 3005; x_wconf 88' lang='lat' dir='ltr'>ea</span> <span class='ocrx_word' id='word_1_1208' title='bbox 2222 2974 2339 3005; x_wconf 85' lang='lat' dir='ltr'>feliciter</span> 
     </span>
     <span class='ocr_line' id='line_1_136' title="bbox 1278 3021 2207 3060; baseline -0.006 -6"><span class='ocrx_word' id='word_1_1209' title='bbox 1278 3032 1312 3054; x_wconf 85' lang='lat' dir='ltr'>ac</span> <span class='ocrx_word' id='word_1_1210' title='bbox 1331 3021 1455 3053; x_wconf 85' lang='lat' dir='ltr'>celeriter</span> <span class='ocrx_word' id='word_1_1211' title='bbox 1470 3021 1609 3059; x_wconf 79' lang='lat' dir='ltr'>expedire.</span> <span class='ocrx_word' id='word_1_1212' title='bbox 2066 3055 2071 3060; x_wconf 37' lang='grc'><em>.</em></span> <span class='ocrx_word' id='word_1_1213' title='bbox 2095 3054 2101 3060; x_wconf 47' lang='lat'>,</span> <span class='ocrx_word' id='word_1_1214' title='bbox 2201 3052 2207 3058; x_wconf 52' lang='grc'><strong>,</strong></span> 
     </span>
    </p>

    <p class='ocr_par' dir='ltr' id='par_1_49' title="bbox 1281 3049 2345 3252">
     <span class='ocr_line' id='line_1_137' title="bbox 1318 3049 2340 3099; baseline -0.011 -8"><span class='ocrx_word' id='word_1_1215' title='bbox 1318 3060 1374 3099; x_wconf 92' lang='lat' dir='ltr'>Et,</span> <span class='ocrx_word' id='word_1_1216' title='bbox 1396 3060 1461 3097; x_wconf 86' lang='lat' dir='ltr'>quia</span> <span class='ocrx_word' id='word_1_1217' title='bbox 1480 3060 1573 3090; x_wconf 89' lang='lat' dir='ltr'>eidem</span> <span class='ocrx_word' id='word_1_1218' title='bbox 1590 3059 1707 3089; x_wconf 89' lang='lat' dir='ltr'>Clerico</span> <span class='ocrx_word' id='word_1_1219' title='bbox 1729 3057 1825 3089; x_wconf 90' lang='lat' dir='ltr'>nostro</span> <span class='ocrx_word' id='word_1_1220' title='bbox 1851 3058 1862 3096; x_wconf 85' lang='lat'>(</span> <span class='ocrx_word' id='word_1_1221' title='bbox 1877 3057 1925 3095; x_wconf 91' lang='lat' dir='ltr'>qui</span> <span class='ocrx_word' id='word_1_1222' title='bbox 1944 3054 2103 3093; x_wconf 89' lang='lat' dir='ltr'>Apostolici</span> <span class='ocrx_word' id='word_1_1223' title='bbox 2121 3052 2222 3084; x_wconf 86' lang='lat' dir='ltr'>favoris</span> <span class='ocrx_word' id='word_1_1224' title='bbox 2238 3049 2340 3093; x_wconf 57' lang='lat' dir='ltr'>⁴praesi-</span> 
     </span>
     <span class='ocr_line' id='line_1_138' title="bbox 1281 3090 2343 3138; baseline -0.012 -8"><span class='ocrx_word' id='word_1_1225' title='bbox 1281 3099 1379 3138; x_wconf 87' lang='lat' dir='ltr'>dium,</span> <span class='ocrx_word' id='word_1_1226' title='bbox 1396 3099 1473 3136; x_wconf 91' lang='lat' dir='ltr'>super</span> <span class='ocrx_word' id='word_1_1227' title='bbox 1488 3097 1634 3136; x_wconf 70' lang='lat' dir='ltr'>praemissis</span> <span class='ocrx_word' id='word_1_1228' title='bbox 1650 3121 1660 3136; x_wconf 83' lang='lat'>,</span> <span class='ocrx_word' id='word_1_1229' title='bbox 1681 3098 1741 3136; x_wconf 86' lang='lat' dir='ltr'>jam</span> <span class='ocrx_word' id='word_1_1230' title='bbox 1766 3097 1865 3127; x_wconf 91' lang='lat' dir='ltr'>diutius</span> <span class='ocrx_word' id='word_1_1231' title='bbox 1882 3093 2055 3132; x_wconf 65' lang='lat' dir='ltr'>expectavit)</span> <span class='ocrx_word' id='word_1_1232' title='bbox 2077 3091 2204 3136; x_wconf 80' lang='lat' dir='ltr'>Paternae</span> <span class='ocrx_word' id='word_1_1233' title='bbox 2225 3090 2343 3133; x_wconf 41' lang='lat' dir='ltr'>subverit</span> 
     </span>
     <span class='ocr_line' id='line_1_139' title="bbox 1282 3126 2344 3175; baseline -0.012 -7"><span class='ocrx_word' id='word_1_1234' title='bbox 1282 3139 1366 3169; x_wconf 85' lang='lat' dir='ltr'>tionis</span> <span class='ocrx_word' id='word_1_1235' title='bbox 1381 3138 1482 3175; x_wconf 84' lang='lat' dir='ltr'>gratia,</span> <span class='ocrx_word' id='word_1_1236' title='bbox 1502 3144 1532 3167; x_wconf 90' lang='lat' dir='ltr'>ut</span> <span class='ocrx_word' id='word_1_1237' title='bbox 1549 3136 1744 3174; x_wconf 83' lang='lat' dir='ltr'>intelleximus,</span> <span class='ocrx_word' id='word_1_1238' title='bbox 1762 3136 1853 3165; x_wconf 89' lang='lat' dir='ltr'>adhuc</span> <span class='ocrx_word' id='word_1_1239' title='bbox 1871 3133 2023 3164; x_wconf 89' lang='lat' dir='ltr'>nullatenus</span> <span class='ocrx_word' id='word_1_1240' title='bbox 2035 3139 2179 3172; x_wconf 59' lang='lat' dir='ltr'>aperitur,¹</span> <span class='ocrx_word' id='word_1_1241' title='bbox 2198 3126 2344 3170; x_wconf 63' lang='lat' dir='ltr'>Sanetitati</span> 
     </span>
     <span class='ocr_line' id='line_1_140' title="bbox 1284 3164 2345 3213; baseline -0.012 -7"><span class='ocrx_word' id='word_1_1242' title='bbox 1284 3176 1382 3208; x_wconf 82' lang='lat' dir='ltr'>vestrae</span> <span class='ocrx_word' id='word_1_1243' title='bbox 1400 3177 1501 3206; x_wconf 89' lang='lat' dir='ltr'>iteratis</span> <span class='ocrx_word' id='word_1_1244' title='bbox 1518 3176 1661 3213; x_wconf 87' lang='lat' dir='ltr'>precibus,</span> <span class='ocrx_word' id='word_1_1245' title='bbox 1680 3182 1783 3212; x_wconf 85' lang='lat' dir='ltr'>quanto</span> <span class='ocrx_word' id='word_1_1246' title='bbox 1800 3172 1924 3204; x_wconf 83' lang='lat' dir='ltr'>valemus</span> <span class='ocrx_word' id='word_1_1247' title='bbox 1941 3170 2061 3206; x_wconf 67' lang='lat' dir='ltr'>affeetu,</span> <span class='ocrx_word' id='word_1_1248' title='bbox 2084 3167 2223 3212; x_wconf 80' lang='lat' dir='ltr'>humiliter</span> <span class='ocrx_word' id='word_1_1249' title='bbox 2242 3164 2345 3209; x_wconf 84' lang='lat' dir='ltr'>suppli-</span> 
     </span>
     <span class='ocr_line' id='line_1_141' title="bbox 1285 3203 2345 3252; baseline -0.014 -6"><span class='ocrx_word' id='word_1_1250' title='bbox 1285 3214 1531 3252; x_wconf 81' lang='lat' dir='ltr'>camuS,quatinus</span> <span class='ocrx_word' id='word_1_1251' title='bbox 1548 3213 1585 3243; x_wconf 88' lang='lat' dir='ltr'>sic</span> <span class='ocrx_word' id='word_1_1252' title='bbox 1606 3213 1750 3251; x_wconf 85' lang='lat' dir='ltr'>personam</span> <span class='ocrx_word' id='word_1_1253' title='bbox 1769 3211 1892 3242; x_wconf 81' lang='lat' dir='ltr'>nostram</span> <span class='ocrx_word' id='word_1_1254' title='bbox 1910 3211 1938 3239; x_wconf 89' lang='lat' dir='ltr'>in</span> <span class='ocrx_word' id='word_1_1255' title='bbox 1956 3209 2015 3247; x_wconf 86' lang='lat' dir='ltr'>ipso</span> <span class='ocrx_word' id='word_1_1256' title='bbox 2033 3206 2149 3237; x_wconf 90' lang='lat' dir='ltr'>Clerico</span> <span class='ocrx_word' id='word_1_1257' title='bbox 2163 3203 2260 3234; x_wconf 91' lang='lat' dir='ltr'>nostro</span> <span class='ocrx_word' id='word_1_1258' title='bbox 2278 3204 2345 3240; x_wconf 82' lang='lat' dir='ltr'>dig-</span> 
     </span>
    </p>
   </div>
   <div class='ocr_carea' id='block_1_26' title="bbox 2377 2973 2460 3048">
    <p class='ocr_par' dir='ltr' id='par_1_50' title="bbox 2377 2973 2460 3048">
     <span class='ocr_line' id='line_1_142' title="bbox 2377 2973 2460 3002; baseline 0.012 -1"><span class='ocrx_word' id='word_1_1259' title='bbox 2377 2973 2460 3002; x_wconf 68' lang='lat' dir='ltr'>*HL</span> 
     </span>
     <span class='ocr_line' id='line_1_143' title="bbox 2391 3021 2458 3048; baseline 0 0"><span class='ocrx_word' id='word_1_1260' title='bbox 2391 3021 2458 3048; x_wconf 63' lang='lat'>4¹3&lt;</span> 
     </span>
    </p>
   </div>
   <div class='ocr_carea' id='block_1_27' title="bbox 1248 3241 2343 3296">
    <p class='ocr_par' dir='ltr' id='par_1_51' title="bbox 1248 3241 2343 3296">
     <span class='ocr_line' id='line_1_144' title="bbox 1248 3241 2343 3296; baseline -0.015 -10"><span class='ocrx_word' id='word_1_1261' title='bbox 1248 3290 1250 3294; x_wconf 21' lang='lat' dir='ltr'>y</span> <span class='ocrx_word' id='word_1_1262' title='bbox 1285 3255 1393 3285; x_wconf 88' lang='lat' dir='ltr'>nemini</span> <span class='ocrx_word' id='word_1_1263' title='bbox 1408 3251 1646 3296; x_wconf 72' lang='lat' dir='ltr'>contemplari,&amp;</span> <span class='ocrx_word' id='word_1_1264' title='bbox 1661 3261 1696 3281; x_wconf 94' lang='lat' dir='ltr'>eo</span> <span class='ocrx_word' id='word_1_1265' title='bbox 1710 3250 1852 3288; x_wconf 78' lang='lat' dir='ltr'>gratiosius</span> <span class='ocrx_word' id='word_1_1266' title='bbox 1866 3248 1997 3287; x_wconf 71' lang='lat' dir='ltr'>praedieta</span> <span class='ocrx_word' id='word_1_1267' title='bbox 2012 3245 2123 3285; x_wconf 85' lang='lat' dir='ltr'>negotia</span> <span class='ocrx_word' id='word_1_1268' title='bbox 2135 3241 2277 3281; x_wconf 80' lang='lat' dir='ltr'>expedire,</span> <span class='ocrx_word' id='word_1_1269' title='bbox 2285 3251 2343 3279; x_wconf 92' lang='lat' dir='ltr'>quo</span> 
     </span>
    </p>
   </div>
   <div class='ocr_carea' id='block_1_28' title="bbox 191 3346 1248 3444">
    <p class='ocr_par' dir='ltr' id='par_1_52' title="bbox 191 3346 1248 3444">
     <span class='ocr_line' id='line_1_145' title="bbox 191 3346 1248 3397; baseline -0.001 -16"><span class='ocrx_word' id='word_1_1270' title='bbox 191 3349 240 3382; x_wconf 77' lang='lat' dir='ltr'>De</span> <span class='ocrx_word' id='word_1_1271' title='bbox 251 3347 448 3394; x_wconf 66' lang='lat' dir='ltr'>fiafferenti&#39;a,</span> <span class='ocrx_word' id='word_1_1272' title='bbox 464 3348 507 3382; x_wconf 85' lang='lat' dir='ltr'>ad</span> <span class='ocrx_word' id='word_1_1273' title='bbox 523 3348 686 3395; x_wconf 83' lang='lat' dir='ltr'>requestam</span> <span class='ocrx_word' id='word_1_1274' title='bbox 708 3353 794 3397; x_wconf 84' lang='lat' dir='ltr'>Regis</span> <span class='ocrx_word' id='word_1_1275' title='bbox 813 3352 959 3392; x_wconf 78' lang='lat' dir='ltr'>Franciae,</span> <span class='ocrx_word' id='word_1_1276' title='bbox 977 3351 1071 3381; x_wconf 82' lang='lat' dir='ltr'><em>Scotis</em></span> <span class='ocrx_word' id='word_1_1277' title='bbox 1091 3346 1248 3381; x_wconf 78' lang='lat' dir='ltr'>conceden-</span> 
     </span>
     <span class='ocr_line' id='line_1_146' title="bbox 589 3397 848 3444; baseline -0.004 -13"><span class='ocrx_word' id='word_1_1278' title='bbox 589 3397 630 3431; x_wconf 81' lang='lat' dir='ltr'>da</span> <span class='ocrx_word' id='word_1_1279' title='bbox 644 3401 681 3437; x_wconf 59' lang='grc' dir='ltr'><strong><em>ὠ</em></strong></span> <span class='ocrx_word' id='word_1_1280' title='bbox 696 3397 848 3444; x_wconf 79' lang='lat' dir='ltr'>juranda.</span> 
     </span>
    </p>
   </div>
   <div class='ocr_carea' id='block_1_29' title="bbox 52 3481 1267 4059">
    <p class='ocr_par' dir='ltr' id='par_1_53' title="bbox 52 3481 1259 3905">
     <span class='ocr_line' id='line_1_147' title="bbox 237 3481 1252 3554; baseline -0.002 -40"><span class='ocrx_word' id='word_1_1281' title='bbox 237 3482 263 3517; x_wconf 85' lang='lat' dir='ltr'>E</span> <span class='ocrx_word' id='word_1_1282' title='bbox 277 3482 347 3554; x_wconf 57' lang='lat' dir='ltr'>Rffi&#39;i</span> <span class='ocrx_word' id='word_1_1283' title='bbox 355 3492 370 3513; x_wconf 88' lang='lat' dir='ltr'>a</span> <span class='ocrx_word' id='word_1_1284' title='bbox 389 3490 437 3514; x_wconf 88' lang='lat' dir='ltr'>tuz</span> <span class='ocrx_word' id='word_1_1285' title='bbox 453 3491 540 3522; x_wconf 81' lang='lat' dir='ltr'>ceux,</span> <span class='ocrx_word' id='word_1_1286' title='bbox 555 3484 584 3522; x_wconf 87' lang='lat' dir='ltr'>qi</span> <span class='ocrx_word' id='word_1_1287' title='bbox 602 3483 688 3517; x_wconf 85' lang='lat' dir='ltr'>cestes</span> <span class='ocrx_word' id='word_1_1288' title='bbox 706 3483 811 3516; x_wconf 88' lang='lat' dir='ltr'>Lettres</span> <span class='ocrx_word' id='word_1_1289' title='bbox 828 3491 958 3522; x_wconf 81' lang='lat' dir='ltr'>verrom,</span> <span class='ocrx_word' id='word_1_1290' title='bbox 975 3492 1014 3517; x_wconf 81' lang='lat' dir='ltr'>ou</span> <span class='ocrx_word' id='word_1_1291' title='bbox 1030 3491 1144 3521; x_wconf 84' lang='lat' dir='ltr'>orront,</span> <span class='ocrx_word' id='word_1_1292' title='bbox 1167 3481 1252 3513; x_wconf 85' lang='lat' dir='ltr'>salutz</span> 
     </span>
     <span class='ocr_line' id='line_1_148' title="bbox 254 3532 390 3553; baseline -0.007 -1"><span class='ocrx_word' id='word_1_1293' title='bbox 254 3532 291 3553; x_wconf 89' lang='lat' dir='ltr'>en</span> <span class='ocrx_word' id='word_1_1294' title='bbox 347 3532 390 3552; x_wconf 89' lang='lat' dir='ltr'>eu.</span> 
     </span>
     <span class='ocr_line' id='line_1_149' title="bbox 233 3557 1251 3598; baseline -0.002 -8"><span class='ocrx_word' id='word_1_1295' title='bbox 233 3559 329 3591; x_wconf 89' lang='lat' dir='ltr'>Come</span> <span class='ocrx_word' id='word_1_1296' title='bbox 345 3570 417 3591; x_wconf 64' lang='lat' dir='ltr'>nous,</span> <span class='ocrx_word' id='word_1_1297' title='bbox 430 3582 440 3597; x_wconf 90' lang='lat'>,</span> <span class='ocrx_word' id='word_1_1298' title='bbox 458 3570 473 3590; x_wconf 87' lang='lat' dir='ltr'>a</span> <span class='ocrx_word' id='word_1_1299' title='bbox 490 3558 515 3590; x_wconf 91' lang='lat' dir='ltr'>la</span> <span class='ocrx_word' id='word_1_1300' title='bbox 532 3560 655 3598; x_wconf 85' lang='lat' dir='ltr'>requeste</span> <span class='ocrx_word' id='word_1_1301' title='bbox 675 3561 711 3591; x_wconf 92' lang='lat' dir='ltr'>de</span> <span class='ocrx_word' id='word_1_1302' title='bbox 727 3560 865 3593; x_wconf 82' lang='lat' dir='ltr'>tresnoble</span> <span class='ocrx_word' id='word_1_1303' title='bbox 882 3560 915 3591; x_wconf 89' lang='lat'>&amp;</span> <span class='ocrx_word' id='word_1_1304' title='bbox 938 3559 1144 3591; x_wconf 85' lang='lat' dir='ltr'>tressionurable</span> <span class='ocrx_word' id='word_1_1305' title='bbox 1169 3557 1251 3588; x_wconf 89' lang='lat' dir='ltr'>Prin-</span> 
     </span>
     <span class='ocr_line' id='line_1_150' title="bbox 52 3596 1250 3638; baseline -0.002 -9"><span class='ocrx_word' id='word_1_1306' title='bbox 52 3614 82 3637; x_wconf 81' lang='lat'>13.</span> <span class='ocrx_word' id='word_1_1307' title='bbox 101 3619 126 3637; x_wconf 61' lang='lat'>2,</span> <span class='ocrx_word' id='word_1_1308' title='bbox 198 3608 249 3636; x_wconf 89' lang='grc'>66,</span> <span class='ocrx_word' id='word_1_1309' title='bbox 265 3598 361 3632; x_wconf 81' lang='lat' dir='ltr'>nostre</span> <span class='ocrx_word' id='word_1_1310' title='bbox 379 3598 496 3630; x_wconf 87' lang='lat' dir='ltr'>trescher</span> <span class='ocrx_word' id='word_1_1311' title='bbox 511 3596 607 3635; x_wconf 90' lang='lat' dir='ltr'>Piere,</span> <span class='ocrx_word' id='word_1_1312' title='bbox 619 3598 737 3638; x_wconf 84' lang='lat' dir='ltr'>Phelip,</span> <span class='ocrx_word' id='word_1_1313' title='bbox 751 3609 799 3638; x_wconf 85' lang='lat' dir='ltr'>par</span> <span class='ocrx_word' id='word_1_1314' title='bbox 815 3599 840 3630; x_wconf 91' lang='lat' dir='ltr'>la</span> <span class='ocrx_word' id='word_1_1315' title='bbox 856 3609 941 3637; x_wconf 89' lang='lat' dir='ltr'>grace</span> <span class='ocrx_word' id='word_1_1316' title='bbox 958 3598 993 3629; x_wconf 93' lang='lat' dir='ltr'>de</span> <span class='ocrx_word' id='word_1_1317' title='bbox 1008 3598 1084 3629; x_wconf 91' lang='lat' dir='ltr'>Dieu</span> <span class='ocrx_word' id='word_1_1318' title='bbox 1098 3620 1108 3635; x_wconf 92' lang='lat'>,</span> <span class='ocrx_word' id='word_1_1319' title='bbox 1131 3597 1200 3637; x_wconf 83' lang='lat' dir='ltr'>Roy</span> <span class='ocrx_word' id='word_1_1320' title='bbox 1214 3597 1250 3627; x_wconf 92' lang='lat' dir='ltr'>de</span> 
     </span>
     <span class='ocr_line' id='line_1_151' title="bbox 53 3634 1251 3677; baseline -0.001 -11"><span class='ocrx_word' id='word_1_1321' title='bbox 53 3651 118 3675; x_wconf 36' lang='lat'>300,-</span> <span class='ocrx_word' id='word_1_1322' title='bbox 132 3648 160 3676; x_wconf 56' lang='lat'>6,</span> <span class='ocrx_word' id='word_1_1323' title='bbox 200 3634 323 3675; x_wconf 83' lang='lat' dir='ltr'>France,</span> <span class='ocrx_word' id='word_1_1324' title='bbox 336 3647 431 3675; x_wconf 83' lang='lat' dir='ltr'>eoms,</span> <span class='ocrx_word' id='word_1_1325' title='bbox 446 3647 492 3677; x_wconf 92' lang='lat' dir='ltr'>par</span> <span class='ocrx_word' id='word_1_1326' title='bbox 512 3645 570 3666; x_wconf 81' lang='lat' dir='ltr'>noz</span> <span class='ocrx_word' id='word_1_1327' title='bbox 590 3636 694 3668; x_wconf 87' lang='lat' dir='ltr'>Lettres</span> <span class='ocrx_word' id='word_1_1328' title='bbox 711 3645 818 3669; x_wconf 70' lang='lat' dir='ltr'>overtoe</span> <span class='ocrx_word' id='word_1_1329' title='bbox 830 3661 840 3676; x_wconf 87' lang='lat'>,</span> <span class='ocrx_word' id='word_1_1330' title='bbox 867 3638 988 3668; x_wconf 86' lang='lat' dir='ltr'>commis</span> <span class='ocrx_word' id='word_1_1331' title='bbox 1010 3648 1026 3667; x_wconf 89' lang='lat' dir='ltr'>a</span> <span class='ocrx_word' id='word_1_1332' title='bbox 1049 3645 1106 3667; x_wconf 67' lang='lat' dir='ltr'>nott,</span> <span class='ocrx_word' id='word_1_1333' title='bbox 1124 3636 1204 3666; x_wconf 85' lang='lat' dir='ltr'>foials</span> <span class='ocrx_word' id='word_1_1334' title='bbox 1218 3636 1251 3666; x_wconf 90' lang='lat'>&amp;</span> 
     </span>
     <span class='ocr_line' id='line_1_152' title="bbox 55 3674 1252 3715; baseline 0 -11"><span class='ocrx_word' id='word_1_1335' title='bbox 55 3688 86 3713; x_wconf 59' lang='lat' dir='ltr'>E,</span> <span class='ocrx_word' id='word_1_1336' title='bbox 102 3695 127 3714; x_wconf 46' lang='grc' dir='ltr'>,η</span> <span class='ocrx_word' id='word_1_1337' title='bbox 145 3695 183 3715; x_wconf 50' lang='grc' dir='ltr'>Μ.</span> <span class='ocrx_word' id='word_1_1338' title='bbox 200 3675 290 3706; x_wconf 82' lang='lat' dir='ltr'>loiaux</span> <span class='ocrx_word' id='word_1_1339' title='bbox 305 3698 316 3714; x_wconf 86' lang='lat'>,</span> <span class='ocrx_word' id='word_1_1340' title='bbox 340 3675 450 3706; x_wconf 89' lang='lat' dir='ltr'>Robert</span> <span class='ocrx_word' id='word_1_1341' title='bbox 467 3675 503 3706; x_wconf 87' lang='lat' dir='ltr'>de</span> <span class='ocrx_word' id='word_1_1342' title='bbox 519 3674 709 3706; x_wconf 86' lang='lat' dir='ltr'>Umframvill</span> <span class='ocrx_word' id='word_1_1343' title='bbox 725 3675 821 3706; x_wconf 88' lang='lat' dir='ltr'>Conte</span> <span class='ocrx_word' id='word_1_1344' title='bbox 840 3675 1002 3714; x_wconf 85' lang='lat' dir='ltr'>d&#39;Anegos,</span> <span class='ocrx_word' id='word_1_1345' title='bbox 1020 3675 1112 3714; x_wconf 89' lang='lat' dir='ltr'>Johan</span> <span class='ocrx_word' id='word_1_1346' title='bbox 1124 3675 1168 3705; x_wconf 93' lang='lat' dir='ltr'>del</span> <span class='ocrx_word' id='word_1_1347' title='bbox 1184 3674 1252 3713; x_wconf 89' lang='lat' dir='ltr'>Isse,</span> 
     </span>
     <span class='ocr_line' id='line_1_153' title="bbox 59 3711 1254 3752; baseline -0.001 -8"><span class='ocrx_word' id='word_1_1348' title='bbox 59 3731 84 3752; x_wconf 62' lang='grc' dir='ltr'>χ,</span> <span class='ocrx_word' id='word_1_1349' title='bbox 199 3713 330 3745; x_wconf 87' lang='lat' dir='ltr'>William</span> <span class='ocrx_word' id='word_1_1350' title='bbox 346 3713 381 3746; x_wconf 89' lang='lat' dir='ltr'>de</span> <span class='ocrx_word' id='word_1_1351' title='bbox 399 3714 577 3751; x_wconf 88' lang='lat' dir='ltr'>Bevercotes,</span> <span class='ocrx_word' id='word_1_1352' title='bbox 594 3711 686 3743; x_wconf 89' lang='lat' dir='ltr'>nostre</span> <span class='ocrx_word' id='word_1_1353' title='bbox 703 3712 911 3752; x_wconf 79' lang='lat' dir='ltr'>Chaunoellier,</span> <span class='ocrx_word' id='word_1_1354' title='bbox 925 3715 958 3745; x_wconf 91' lang='lat'>&amp;</span> <span class='ocrx_word' id='word_1_1355' title='bbox 981 3712 1100 3744; x_wconf 86' lang='lat' dir='ltr'>Meistre</span> <span class='ocrx_word' id='word_1_1356' title='bbox 1111 3713 1202 3752; x_wconf 88' lang='lat' dir='ltr'>Johan</span> <span class='ocrx_word' id='word_1_1357' title='bbox 1217 3712 1254 3743; x_wconf 85' lang='lat' dir='ltr'>de</span> 
     </span>
     <span class='ocr_line' id='line_1_154' title="bbox 201 3751 1254 3790; baseline 0 -8"><span class='ocrx_word' id='word_1_1358' title='bbox 201 3751 326 3783; x_wconf 86' lang='lat' dir='ltr'>Weston</span> <span class='ocrx_word' id='word_1_1359' title='bbox 356 3752 449 3783; x_wconf 89' lang='lat' dir='ltr'>nostre</span> <span class='ocrx_word' id='word_1_1360' title='bbox 465 3751 684 3783; x_wconf 83' lang='lat' dir='ltr'>Chaumbrelein</span> <span class='ocrx_word' id='word_1_1361' title='bbox 704 3751 840 3783; x_wconf 80' lang='lat' dir='ltr'>d&#39;Escoce</span> <span class='ocrx_word' id='word_1_1362' title='bbox 854 3775 863 3790; x_wconf 82' lang='grc'><strong>,</strong></span> <span class='ocrx_word' id='word_1_1363' title='bbox 882 3754 969 3790; x_wconf 86' lang='lat' dir='ltr'>plenir</span> <span class='ocrx_word' id='word_1_1364' title='bbox 989 3753 1022 3783; x_wconf 85' lang='lat'>&amp;</span> <span class='ocrx_word' id='word_1_1365' title='bbox 1042 3752 1122 3782; x_wconf 86' lang='lat' dir='ltr'>franc</span> <span class='ocrx_word' id='word_1_1366' title='bbox 1136 3762 1204 3790; x_wconf 88' lang='lat' dir='ltr'>poer</span> <span class='ocrx_word' id='word_1_1367' title='bbox 1217 3751 1254 3782; x_wconf 85' lang='lat' dir='ltr'>de</span> 
     </span>
     <span class='ocr_line' id='line_1_155' title="bbox 202 3775 1256 3829; baseline -0.001 -8"><span class='ocrx_word' id='word_1_1368' title='bbox 202 3788 305 3829; x_wconf 85' lang='lat' dir='ltr'>doner,</span> <span class='ocrx_word' id='word_1_1369' title='bbox 321 3775 354 3821; x_wconf 66' lang='grc' dir='ltr'>ἐξ</span> <span class='ocrx_word' id='word_1_1370' title='bbox 372 3790 408 3822; x_wconf 92' lang='lat' dir='ltr'>de</span> <span class='ocrx_word' id='word_1_1371' title='bbox 426 3792 519 3822; x_wconf 89' lang='lat' dir='ltr'>ottrier</span> <span class='ocrx_word' id='word_1_1372' title='bbox 536 3801 571 3821; x_wconf 92' lang='lat' dir='ltr'>en</span> <span class='ocrx_word' id='word_1_1373' title='bbox 590 3800 666 3820; x_wconf 89' lang='lat' dir='ltr'>noun</span> <span class='ocrx_word' id='word_1_1374' title='bbox 684 3788 720 3819; x_wconf 89' lang='lat' dir='ltr'>de</span> <span class='ocrx_word' id='word_1_1375' title='bbox 736 3800 820 3829; x_wconf 80' lang='lat' dir='ltr'>nous,</span> <span class='ocrx_word' id='word_1_1376' title='bbox 836 3790 1014 3829; x_wconf 87' lang='lat' dir='ltr'>Triewe,ou</span> <span class='ocrx_word' id='word_1_1377' title='bbox 1029 3788 1199 3829; x_wconf 85' lang='lat' dir='ltr'>suffraiince,</span> <span class='ocrx_word' id='word_1_1378' title='bbox 1219 3790 1256 3820; x_wconf 91' lang='lat' dir='ltr'>de</span> 
     </span>
     <span class='ocr_line' id='line_1_156' title="bbox 202 3827 1259 3868; baseline 0 -9"><span class='ocrx_word' id='word_1_1379' title='bbox 202 3837 301 3864; x_wconf 82' lang='lat' dir='ltr'>guerre</span> <span class='ocrx_word' id='word_1_1380' title='bbox 318 3839 334 3859; x_wconf 92' lang='lat' dir='ltr'>a</span> <span class='ocrx_word' id='word_1_1381' title='bbox 347 3830 419 3860; x_wconf 88' lang='lat' dir='ltr'>tenir</span> <span class='ocrx_word' id='word_1_1382' title='bbox 435 3841 451 3860; x_wconf 90' lang='lat' dir='ltr'>a</span> <span class='ocrx_word' id='word_1_1383' title='bbox 469 3829 549 3860; x_wconf 89' lang='lat' dir='ltr'>celles</span> <span class='ocrx_word' id='word_1_1384' title='bbox 565 3828 663 3859; x_wconf 84' lang='lat' dir='ltr'>Gentz</span> <span class='ocrx_word' id='word_1_1385' title='bbox 679 3827 813 3859; x_wconf 84' lang='lat' dir='ltr'>d&#39;Escoce</span> <span class='ocrx_word' id='word_1_1386' title='bbox 825 3851 835 3867; x_wconf 86' lang='lat'>,</span> <span class='ocrx_word' id='word_1_1387' title='bbox 857 3839 874 3859; x_wconf 89' lang='lat' dir='ltr'>a</span> <span class='ocrx_word' id='word_1_1388' title='bbox 891 3831 921 3868; x_wconf 87' lang='lat' dir='ltr'>qi</span> <span class='ocrx_word' id='word_1_1389' title='bbox 938 3839 1008 3860; x_wconf 88' lang='lat' dir='ltr'>nous</span> <span class='ocrx_word' id='word_1_1390' title='bbox 1024 3837 1122 3859; x_wconf 85' lang='lat' dir='ltr'>avoms</span> <span class='ocrx_word' id='word_1_1391' title='bbox 1141 3838 1259 3867; x_wconf 87' lang='lat' dir='ltr'>guerre,</span> 
     </span>
     <span class='ocr_line' id='line_1_157' title="bbox 203 3866 1079 3905; baseline 0.001 -9"><span class='ocrx_word' id='word_1_1392' title='bbox 203 3866 225 3897; x_wconf 86' lang='lat' dir='ltr'>si</span> <span class='ocrx_word' id='word_1_1393' title='bbox 242 3876 328 3898; x_wconf 88' lang='lat' dir='ltr'>come</span> <span class='ocrx_word' id='word_1_1394' title='bbox 345 3877 372 3898; x_wconf 90' lang='lat' dir='ltr'>es</span> <span class='ocrx_word' id='word_1_1395' title='bbox 388 3867 458 3899; x_wconf 87' lang='lat' dir='ltr'>dites</span> <span class='ocrx_word' id='word_1_1396' title='bbox 477 3868 582 3898; x_wconf 84' lang='lat' dir='ltr'>Lettres</span> <span class='ocrx_word' id='word_1_1397' title='bbox 599 3867 657 3905; x_wconf 88' lang='lat' dir='ltr'>plus</span> <span class='ocrx_word' id='word_1_1398' title='bbox 675 3867 843 3904; x_wconf 88' lang='lat' dir='ltr'>pleinement</span> <span class='ocrx_word' id='word_1_1399' title='bbox 860 3867 901 3898; x_wconf 91' lang='lat' dir='ltr'>est</span> <span class='ocrx_word' id='word_1_1400' title='bbox 919 3876 1079 3905; x_wconf 83' lang='lat' dir='ltr'>contenuz,</span> 
     </span>
    </p>

    <p class='ocr_par' dir='ltr' id='par_1_54' title="bbox 223 3903 1265 4021">
     <span class='ocr_line' id='line_1_158' title="bbox 241 3903 1262 3945; baseline 0 -10"><span class='ocrx_word' id='word_1_1401' title='bbox 241 3904 346 3943; x_wconf 87' lang='lat' dir='ltr'>Nouz,</span> <span class='ocrx_word' id='word_1_1402' title='bbox 354 3916 370 3936; x_wconf 92' lang='lat' dir='ltr'>a</span> <span class='ocrx_word' id='word_1_1403' title='bbox 383 3914 426 3936; x_wconf 88' lang='lat' dir='ltr'>tut</span> <span class='ocrx_word' id='word_1_1404' title='bbox 438 3916 472 3937; x_wconf 91' lang='lat' dir='ltr'>ce</span> <span class='ocrx_word' id='word_1_1405' title='bbox 480 3930 490 3945; x_wconf 90' lang='lat'>,</span> <span class='ocrx_word' id='word_1_1406' title='bbox 499 3906 619 3936; x_wconf 91' lang='lat' dir='ltr'>donoms</span> <span class='ocrx_word' id='word_1_1407' title='bbox 630 3906 664 3937; x_wconf 88' lang='lat'>&amp;</span> <span class='ocrx_word' id='word_1_1408' title='bbox 679 3913 877 3936; x_wconf 85' lang='lat' dir='ltr'>conimettoms</span> <span class='ocrx_word' id='word_1_1409' title='bbox 888 3917 904 3937; x_wconf 88' lang='lat' dir='ltr'>a</span> <span class='ocrx_word' id='word_1_1410' title='bbox 916 3905 1044 3937; x_wconf 84' lang='lat' dir='ltr'>meismes</span> <span class='ocrx_word' id='word_1_1411' title='bbox 1058 3913 1147 3943; x_wconf 86' lang='lat' dir='ltr'>ceux,</span> <span class='ocrx_word' id='word_1_1412' title='bbox 1155 3903 1262 3942; x_wconf 83' lang='lat' dir='ltr'>Come,</span> 
     </span>
     <span class='ocr_line' id='line_1_159' title="bbox 223 3942 1264 3983; baseline 0.002 -11"><span class='ocrx_word' id='word_1_1413' title='bbox 223 3942 316 3982; x_wconf 86' lang='lat' dir='ltr'>ohan,</span> <span class='ocrx_word' id='word_1_1414' title='bbox 331 3943 479 3983; x_wconf 85' lang='lat' dir='ltr'>William,</span> <span class='ocrx_word' id='word_1_1415' title='bbox 495 3945 529 3976; x_wconf 87' lang='lat'>&amp;</span> <span class='ocrx_word' id='word_1_1416' title='bbox 543 3944 649 3983; x_wconf 89' lang='lat' dir='ltr'>Johan,</span> <span class='ocrx_word' id='word_1_1417' title='bbox 668 3954 705 3974; x_wconf 91' lang='lat' dir='ltr'>ou</span> <span class='ocrx_word' id='word_1_1418' title='bbox 723 3954 739 3974; x_wconf 89' lang='lat' dir='ltr'>a</span> <span class='ocrx_word' id='word_1_1419' title='bbox 756 3943 837 3981; x_wconf 83' lang='lat' dir='ltr'>trois,</span> <span class='ocrx_word' id='word_1_1420' title='bbox 858 3943 878 3964; x_wconf 68' lang='lat'>*⁵</span> <span class='ocrx_word' id='word_1_1421' title='bbox 896 3953 934 3974; x_wconf 89' lang='lat' dir='ltr'>ou</span> <span class='ocrx_word' id='word_1_1422' title='bbox 951 3944 1023 3976; x_wconf 90' lang='lat' dir='ltr'>deux</span> <span class='ocrx_word' id='word_1_1423' title='bbox 1040 3943 1076 3974; x_wconf 91' lang='lat' dir='ltr'>de</span> <span class='ocrx_word' id='word_1_1424' title='bbox 1093 3952 1145 3974; x_wconf 86' lang='lat' dir='ltr'>eux</span> <span class='ocrx_word' id='word_1_1425' title='bbox 1161 3967 1170 3982; x_wconf 92' lang='lat'>,</span> <span class='ocrx_word' id='word_1_1426' title='bbox 1194 3944 1264 3974; x_wconf 87' lang='lat' dir='ltr'>d&#39;as-</span> 
     </span>
     <span class='ocr_line' id='line_1_160' title="bbox 234 3981 1265 4021; baseline 0.002 -11"><span class='ocrx_word' id='word_1_1427' title='bbox 234 3989 324 4019; x_wconf 59' lang='lat' dir='ltr'>gner&#39;,</span> <span class='ocrx_word' id='word_1_1428' title='bbox 348 3981 486 4013; x_wconf 86' lang='lat' dir='ltr'>d&#39;establir</span> <span class='ocrx_word' id='word_1_1429' title='bbox 497 3999 508 4021; x_wconf 89' lang='lat'>,</span> <span class='ocrx_word' id='word_1_1430' title='bbox 533 3984 566 4014; x_wconf 74' lang='grc' dir='ltr'>ὃ(</span> <span class='ocrx_word' id='word_1_1431' title='bbox 590 3983 626 4013; x_wconf 86' lang='grc'>(16</span> <span class='ocrx_word' id='word_1_1432' title='bbox 651 3982 719 4013; x_wconf 87' lang='lat' dir='ltr'>faire</span> <span class='ocrx_word' id='word_1_1433' title='bbox 733 3982 817 4020; x_wconf 88' lang='lat' dir='ltr'>jurier</span> <span class='ocrx_word' id='word_1_1434' title='bbox 834 3984 965 4014; x_wconf 72' lang='lat' dir='ltr'>certeinee</span> <span class='ocrx_word' id='word_1_1435' title='bbox 983 3982 1109 4021; x_wconf 60' lang='lat' dir='ltr'>person&amp;</span> <span class='ocrx_word' id='word_1_1436' title='bbox 1125 3981 1160 4013; x_wconf 93' lang='lat' dir='ltr'>de</span> <span class='ocrx_word' id='word_1_1437' title='bbox 1178 3992 1265 4020; x_wconf 82' lang='lat' dir='ltr'>nous,</span> 
     </span>
    </p>

    <p class='ocr_par' dir='ltr' id='par_1_55' title="bbox 213 4016 1267 4059">
     <span class='ocr_line' id='line_1_161' title="bbox 213 4016 1267 4059; baseline 0.003 -12"><span class='ocrx_word' id='word_1_1438' title='bbox 213 4016 367 4051; x_wconf 77' lang='lat' dir='ltr'>suffisamitz</span> <span class='ocrx_word' id='word_1_1439' title='bbox 383 4020 417 4052; x_wconf 74' lang='grc' dir='ltr'>δε</span> <span class='ocrx_word' id='word_1_1440' title='bbox 434 4021 615 4059; x_wconf 82' lang='lat' dir='ltr'>coyenables‚</span> <span class='ocrx_word' id='word_1_1441' title='bbox 631 4032 682 4059; x_wconf 88' lang='lat' dir='ltr'>pur</span> <span class='ocrx_word' id='word_1_1442' title='bbox 700 4021 726 4052; x_wconf 85' lang='lat' dir='ltr'>la</span> <span class='ocrx_word' id='word_1_1443' title='bbox 743 4020 799 4052; x_wconf 89' lang='lat' dir='ltr'>dite</span> <span class='ocrx_word' id='word_1_1444' title='bbox 817 4020 930 4058; x_wconf 87' lang='lat' dir='ltr'>triewe,</span> <span class='ocrx_word' id='word_1_1445' title='bbox 943 4031 984 4052; x_wconf 87' lang='lat' dir='ltr'>ou</span> <span class='ocrx_word' id='word_1_1446' title='bbox 1001 4019 1149 4058; x_wconf 83' lang='lat' dir='ltr'>suffiance,</span> <span class='ocrx_word' id='word_1_1447' title='bbox 1163 4031 1201 4051; x_wconf 88' lang='lat' dir='ltr'>en</span> <span class='ocrx_word' id='word_1_1448' title='bbox 1217 4029 1267 4051; x_wconf 83' lang='lat' dir='ltr'>tuz</span> 
     </span>
    </p>
   </div>
   <div class='ocr_carea' id='block_1_30' title="bbox 80 3950 169 3985">
    <p class='ocr_par' dir='ltr' id='par_1_56' title="bbox 80 3950 169 3985">
     <span class='ocr_line' id='line_1_162' title="bbox 80 3950 169 3985; baseline 0 -7"><span class='ocrx_word' id='word_1_1449' title='bbox 80 3950 98 3985; x_wconf 60' lang='lat' dir='ltr'>e</span> <span class='ocrx_word' id='word_1_1450' title='bbox 114 3951 169 3978; x_wconf 87' lang='lat'>111.</span> 
     </span>
    </p>
   </div>
   <div class='ocr_carea' id='block_1_31' title="bbox 211 4056 1434 4098">
    <p class='ocr_par' dir='ltr' id='par_1_57' title="bbox 211 4056 1434 4098">
     <span class='ocr_line' id='line_1_163' title="bbox 211 4056 1434 4098; baseline -0.002 -6"><span class='ocrx_word' id='word_1_1451' title='bbox 211 4056 329 4094; x_wconf 72' lang='lat' dir='ltr'>pointz,</span> <span class='ocrx_word' id='word_1_1452' title='bbox 345 4065 403 4089; x_wconf 81' lang='lat' dir='ltr'>tant</span> <span class='ocrx_word' id='word_1_1453' title='bbox 420 4068 505 4091; x_wconf 89' lang='lat' dir='ltr'>corne</span> <span class='ocrx_word' id='word_1_1454' title='bbox 521 4059 542 4090; x_wconf 85' lang='lat' dir='ltr'>il</span> <span class='ocrx_word' id='word_1_1455' title='bbox 557 4062 690 4098; x_wconf 84' lang='lat' dir='ltr'>apertient</span> <span class='ocrx_word' id='word_1_1456' title='bbox 706 4069 723 4091; x_wconf 87' lang='lat' dir='ltr'>a</span> <span class='ocrx_word' id='word_1_1457' title='bbox 740 4057 831 4090; x_wconf 88' lang='lat' dir='ltr'>nostre</span> <span class='ocrx_word' id='word_1_1458' title='bbox 848 4059 951 4097; x_wconf 85' lang='lat' dir='ltr'>partie,</span> <span class='ocrx_word' id='word_1_1459' title='bbox 968 4059 1069 4097; x_wconf 86' lang='lat' dir='ltr'>garder</span> <span class='ocrx_word' id='word_1_1460' title='bbox 1087 4059 1121 4091; x_wconf 69' lang='grc' dir='ltr'>ὅ(</span> <span class='ocrx_word' id='word_1_1461' title='bbox 1147 4058 1213 4091; x_wconf 84' lang='lat' dir='ltr'>faire</span> <span class='ocrx_word' id='word_1_1462' title='bbox 1226 4066 1269 4091; x_wconf 86' lang='lat' dir='ltr'>te-</span> <span class='ocrx_word' id='word_1_1463' title='bbox 1305 4058 1342 4089; x_wconf 89' lang='lat' dir='ltr'>de</span> <span class='ocrx_word' id='word_1_1464' title='bbox 1360 4056 1434 4090; x_wconf 87' lang='lat' dir='ltr'>Sand</span> 
     </span>
    </p>
   </div>
   <div class='ocr_carea' id='block_1_32' title="bbox 1287 3277 2345 3366">
    <p class='ocr_par' dir='ltr' id='par_1_58' title="bbox 1287 3277 2345 3366">
     <span class='ocr_line' id='line_1_164' title="bbox 1287 3277 2345 3326; baseline -0.013 -4"><span class='ocrx_word' id='word_1_1465' title='bbox 1287 3294 1317 3323; x_wconf 90' lang='lat' dir='ltr'>in</span> <span class='ocrx_word' id='word_1_1466' title='bbox 1331 3291 1429 3322; x_wconf 87' lang='lat' dir='ltr'>nostris</span> <span class='ocrx_word' id='word_1_1467' title='bbox 1444 3290 1581 3321; x_wconf 81' lang='lat' dir='ltr'>desideriis</span> <span class='ocrx_word' id='word_1_1468' title='bbox 1592 3291 1696 3320; x_wconf 87' lang='lat' dir='ltr'>intimis</span> <span class='ocrx_word' id='word_1_1469' title='bbox 1711 3289 1814 3326; x_wconf 85' lang='lat' dir='ltr'>geritur</span> <span class='ocrx_word' id='word_1_1470' title='bbox 1826 3297 1856 3318; x_wconf 92' lang='lat' dir='ltr'>ut</span> <span class='ocrx_word' id='word_1_1471' title='bbox 1869 3286 1924 3325; x_wconf 82' lang='lat' dir='ltr'>ipsa</span> <span class='ocrx_word' id='word_1_1472' title='bbox 1939 3285 2070 3323; x_wconf 86' lang='lat' dir='ltr'>negotia,</span> <span class='ocrx_word' id='word_1_1473' title='bbox 2083 3283 2159 3321; x_wconf 83' lang='lat' dir='ltr'>juxta</span> <span class='ocrx_word' id='word_1_1474' title='bbox 2172 3288 2270 3312; x_wconf 87' lang='lat' dir='ltr'>votum</span> <span class='ocrx_word' id='word_1_1475' title='bbox 2278 3302 2289 3318; x_wconf 89' lang='lat'>,</span> <span class='ocrx_word' id='word_1_1476' title='bbox 2301 3277 2345 3309; x_wconf 87' lang='lat' dir='ltr'>ef-</span> 
     </span>
     <span class='ocr_line' id='line_1_165' title="bbox 1288 3326 1919 3366; baseline -0.011 -5"><span class='ocrx_word' id='word_1_1477' title='bbox 1288 3331 1396 3361; x_wconf 62' lang='lat' dir='ltr'>fectum</span> <span class='ocrx_word' id='word_1_1478' title='bbox 1414 3329 1556 3359; x_wconf 86' lang='lat' dir='ltr'>sortiantur</span> <span class='ocrx_word' id='word_1_1479' title='bbox 1569 3329 1730 3366; x_wconf 82' lang='lat' dir='ltr'>prosperum</span> <span class='ocrx_word' id='word_1_1480' title='bbox 1743 3328 1776 3358; x_wconf 90' lang='lat'>&amp;</span> <span class='ocrx_word' id='word_1_1481' title='bbox 1795 3326 1919 3356; x_wconf 88' lang='lat' dir='ltr'>felicem.</span> 
     </span>
    </p>
   </div>
   <div class='ocr_carea' id='block_1_33' title="bbox 1287 3354 2356 3482">
    <p class='ocr_par' dir='ltr' id='par_1_59' title="bbox 1287 3354 2356 3482">
     <span class='ocr_line' id='line_1_166' title="bbox 1325 3354 2347 3405; baseline -0.016 -6"><span class='ocrx_word' id='word_1_1482' title='bbox 1325 3369 1407 3399; x_wconf 84' lang='lat' dir='ltr'>Nam</span> <span class='ocrx_word' id='word_1_1483' title='bbox 1426 3367 1547 3405; x_wconf 85' lang='lat' dir='ltr'>personae</span> <span class='ocrx_word' id='word_1_1484' title='bbox 1560 3366 1663 3397; x_wconf 75' lang='lat' dir='ltr'>nostrae</span> <span class='ocrx_word' id='word_1_1485' title='bbox 1682 3367 1819 3396; x_wconf 90' lang='lat' dir='ltr'>honorem</span> <span class='ocrx_word' id='word_1_1486' title='bbox 1837 3374 1896 3394; x_wconf 88' lang='lat' dir='ltr'>non</span> <span class='ocrx_word' id='word_1_1487' title='bbox 1915 3361 2066 3394; x_wconf 85' lang='lat' dir='ltr'>modicum</span> <span class='ocrx_word' id='word_1_1488' title='bbox 2083 3358 2268 3397; x_wconf 87' lang='lat' dir='ltr'>reputabimus</span> <span class='ocrx_word' id='word_1_1489' title='bbox 2281 3354 2347 3398; x_wconf 82' lang='lat' dir='ltr'>elar-</span> 
     </span>
     <span class='ocr_line' id='line_1_167' title="bbox 1288 3392 2356 3446; baseline -0.012 -9"><span class='ocrx_word' id='word_1_1490' title='bbox 1288 3409 1364 3446; x_wconf 79' lang='lat' dir='ltr'>giri,</span> <span class='ocrx_word' id='word_1_1491' title='bbox 1376 3407 1414 3443; x_wconf 87' lang='lat' dir='ltr'>si,</span> <span class='ocrx_word' id='word_1_1492' title='bbox 1427 3405 1517 3436; x_wconf 89' lang='lat' dir='ltr'>nostri</span> <span class='ocrx_word' id='word_1_1493' title='bbox 1535 3405 1757 3435; x_wconf 88' lang='lat' dir='ltr'>consideratione</span> <span class='ocrx_word' id='word_1_1494' title='bbox 1771 3426 1781 3441; x_wconf 85' lang='lat'>,</span> <span class='ocrx_word' id='word_1_1495' title='bbox 1805 3403 1881 3433; x_wconf 87' lang='lat' dir='ltr'>idem</span> <span class='ocrx_word' id='word_1_1496' title='bbox 1901 3401 2027 3432; x_wconf 86' lang='lat' dir='ltr'>Clericus</span> <span class='ocrx_word' id='word_1_1497' title='bbox 2045 3399 2152 3435; x_wconf 89' lang='lat' dir='ltr'>noster,</span> <span class='ocrx_word' id='word_1_1498' title='bbox 2169 3395 2204 3425; x_wconf 91' lang='lat' dir='ltr'>de</span> <span class='ocrx_word' id='word_1_1499' title='bbox 2223 3392 2356 3431; x_wconf 67' lang='lat' dir='ltr'>preczburv</span> 
     </span>
     <span class='ocr_line' id='line_1_168' title="bbox 1287 3432 2312 3482; baseline -0.015 -6"><span class='ocrx_word' id='word_1_1500' title='bbox 1287 3445 1387 3477; x_wconf 87' lang='lat' dir='ltr'>nostris</span> <span class='ocrx_word' id='word_1_1501' title='bbox 1402 3446 1432 3474; x_wconf 86' lang='lat' dir='ltr'>in</span> <span class='ocrx_word' id='word_1_1502' title='bbox 1450 3443 1503 3475; x_wconf 82' lang='lat' dir='ltr'>hac</span> <span class='ocrx_word' id='word_1_1503' title='bbox 1520 3453 1597 3482; x_wconf 81' lang='lat' dir='ltr'>parte</span> <span class='ocrx_word' id='word_1_1504' title='bbox 1616 3442 1838 3481; x_wconf 81' lang='lat' dir='ltr'>confisus‚suum</span> <span class='ocrx_word' id='word_1_1505' title='bbox 1850 3449 1977 3481; x_wconf 83' lang='lat' dir='ltr'>optatum</span> <span class='ocrx_word' id='word_1_1506' title='bbox 1997 3438 2112 3469; x_wconf 86' lang='lat' dir='ltr'>feliciter</span> <span class='ocrx_word' id='word_1_1507' title='bbox 2125 3432 2312 3471; x_wconf 81' lang='lat' dir='ltr'>consequatur.</span> 
     </span>
    </p>
   </div>
   <div class='ocr_carea' id='block_1_34' title="bbox 1326 3520 1856 3637">
    <p class='ocr_par' dir='ltr' id='par_1_60' title="bbox 1326 3520 1856 3637">
     <span class='ocr_line' id='line_1_169' title="bbox 1326 3520 1577 3559; baseline 0 -7"><span class='ocrx_word' id='word_1_1508' title='bbox 1326 3520 1500 3559; x_wconf 86' lang='lat' dir='ltr'>Conservet,</span> <span class='ocrx_word' id='word_1_1509' title='bbox 1516 3521 1577 3552; x_wconf 89' lang='lat' dir='ltr'>&amp;c.</span> 
     </span>
     <span class='ocr_line' id='line_1_170' title="bbox 1326 3594 1856 3637; baseline -0.009 -7"><span class='ocrx_word' id='word_1_1510' title='bbox 1326 3598 1394 3630; x_wconf 85' lang='lat' dir='ltr'>Dat.</span> <span class='ocrx_word' id='word_1_1511' title='bbox 1407 3598 1479 3637; x_wconf 86' lang='lat' dir='ltr'>apud</span> <span class='ocrx_word' id='word_1_1512' title='bbox 1497 3596 1629 3628; x_wconf 85' lang='lat' dir='ltr'>Cantuar.</span> <span class='ocrx_word' id='word_1_1513' title='bbox 1647 3606 1694 3628; x_wconf 89' lang='lat'>20.</span> <span class='ocrx_word' id='word_1_1514' title='bbox 1709 3595 1756 3627; x_wconf 85' lang='lat' dir='ltr'>die</span> <span class='ocrx_word' id='word_1_1515' title='bbox 1772 3594 1856 3626; x_wconf 85' lang='lat' dir='ltr'>Maii.</span> 
     </span>
    </p>
   </div>
   <div class='ocr_carea' id='block_1_35' title="bbox 1299 3670 2351 3694">
    <p class='ocr_par' dir='ltr' id='par_1_61' title="bbox 1299 3670 2351 3694">
     <span class='ocr_line' id='line_1_171' title="bbox 1299 3670 2351 3694; baseline 0 585"><span class='ocrx_word' id='word_1_1516' title='bbox 1299 3670 2351 3694; x_wconf 95' lang='lat' dir='ltr'> </span> 
     </span>
    </p>
   </div>
   <div class='ocr_carea' id='block_1_36' title="bbox 1387 3728 2258 3781">
    <p class='ocr_par' dir='ltr' id='par_1_62' title="bbox 1387 3728 2258 3781">
     <span class='ocr_line' id='line_1_172' title="bbox 1387 3728 2258 3781; baseline -0.016 -5"><span class='ocrx_word' id='word_1_1517' title='bbox 1387 3740 1445 3776; x_wconf 86' lang='lat' dir='ltr'>Ad</span> <span class='ocrx_word' id='word_1_1518' title='bbox 1460 3739 1638 3775; x_wconf 76' lang='lat' dir='ltr'>Arnaldum</span> <span class='ocrx_word' id='word_1_1519' title='bbox 1656 3736 1847 3772; x_wconf 77' lang='lat' dir='ltr'>Cardinalem</span> <span class='ocrx_word' id='word_1_1520' title='bbox 1859 3761 1869 3778; x_wconf 87' lang='lat'>‚</span> <span class='ocrx_word' id='word_1_1521' title='bbox 1885 3744 1939 3781; x_wconf 87' lang='lat' dir='ltr'>pro</span> <span class='ocrx_word' id='word_1_1522' title='bbox 1953 3730 2088 3780; x_wconf 58' lang='lat' dir='ltr'>praedisto</span> <span class='ocrx_word' id='word_1_1523' title='bbox 2103 3728 2258 3778; x_wconf 80' lang='lat' dir='ltr'>Johanne.</span> 
     </span>
    </p>
   </div>
   <div class='ocr_carea' id='block_1_37' title="bbox 1296 3813 2506 4113">
    <p class='ocr_par' dir='ltr' id='par_1_63' title="bbox 1296 3813 2504 3976">
     <span class='ocr_line' id='line_1_173' title="bbox 1355 3813 2504 3860; baseline -0.01 -3"><span class='ocrx_word' id='word_1_1524' title='bbox 1355 3825 1495 3857; x_wconf 86' lang='lat' dir='ltr'>Enerabili</span> <span class='ocrx_word' id='word_1_1525' title='bbox 1509 3826 1539 3855; x_wconf 91' lang='lat' dir='ltr'>in</span> <span class='ocrx_word' id='word_1_1526' title='bbox 1554 3823 1672 3854; x_wconf 89' lang='lat' dir='ltr'>Christo</span> <span class='ocrx_word' id='word_1_1527' title='bbox 1683 3821 1774 3858; x_wconf 74' lang='lat' dir='ltr'>Patri,</span> <span class='ocrx_word' id='word_1_1528' title='bbox 1792 3820 1924 3851; x_wconf 87' lang='lat' dir='ltr'>Domino</span> <span class='ocrx_word' id='word_1_1529' title='bbox 1940 3814 2156 3860; x_wconf 29' lang='lat' dir='ltr'>ArnaldozDei</span> <span class='ocrx_word' id='word_1_1530' title='bbox 2171 3814 2355 3860; x_wconf 68' lang='lat' dir='ltr'>gratia,tituli</span> <span class='ocrx_word' id='word_1_1531' title='bbox 2375 3815 2447 3847; x_wconf 87' lang='lat' dir='ltr'>Ann.</span> <span class='ocrx_word' id='word_1_1532' title='bbox 2462 3813 2504 3846; x_wconf 63' lang='lat' dir='ltr'>D⁶</span> 
     </span>
     <span class='ocr_line' id='line_1_174' title="bbox 1296 3834 2481 3899; baseline -0.013 -3"><span class='ocrx_word' id='word_1_1533' title='bbox 1296 3834 1351 3894; x_wconf 83' lang='lat' dir='ltr'>V</span> <span class='ocrx_word' id='word_1_1534' title='bbox 1373 3864 1483 3895; x_wconf 65' lang='lat' dir='ltr'>Sanetae</span> <span class='ocrx_word' id='word_1_1535' title='bbox 1498 3863 1601 3893; x_wconf 85' lang='lat' dir='ltr'>Mariae</span> <span class='ocrx_word' id='word_1_1536' title='bbox 1614 3864 1643 3891; x_wconf 90' lang='lat' dir='ltr'>in</span> <span class='ocrx_word' id='word_1_1537' title='bbox 1656 3860 1790 3899; x_wconf 75' lang='lat' dir='ltr'>porticu,</span> <span class='ocrx_word' id='word_1_1538' title='bbox 1804 3858 1938 3890; x_wconf 82' lang='lat' dir='ltr'>Diacono</span> <span class='ocrx_word' id='word_1_1539' title='bbox 1954 3854 2113 3892; x_wconf 87' lang='lat' dir='ltr'>Cardmah,</span> <span class='ocrx_word' id='word_1_1540' title='bbox 2134 3863 2231 3885; x_wconf 89' lang='lat' dir='ltr'>amico</span> <span class='ocrx_word' id='word_1_1541' title='bbox 2246 3853 2293 3884; x_wconf 90' lang='lat' dir='ltr'>suo</span> <span class='ocrx_word' id='word_1_1542' title='bbox 2307 3854 2356 3898; x_wconf 67' lang='lat' dir='ltr'>lta-</span> <span class='ocrx_word' id='word_1_1543' title='bbox 2398 3863 2481 3893; x_wconf 80' lang='lat'>1313·</span> 
     </span>
     <span class='ocr_line' id='line_1_175' title="bbox 1297 3892 2473 3941; baseline -0.013 -7"><span class='ocrx_word' id='word_1_1544' title='bbox 1297 3903 1423 3941; x_wconf 85' lang='lat' dir='ltr'>riffimo,</span> <span class='ocrx_word' id='word_1_1545' title='bbox 1439 3901 1603 3938; x_wconf 58' lang='lat' dir='ltr'>edwardus,</span> <span class='ocrx_word' id='word_1_1546' title='bbox 1620 3898 1720 3929; x_wconf 88' lang='lat' dir='ltr'>eadem</span> <span class='ocrx_word' id='word_1_1547' title='bbox 1738 3897 1843 3937; x_wconf 67' lang='lat' dir='ltr'>gratia,</span> <span class='ocrx_word' id='word_1_1548' title='bbox 1861 3897 1921 3929; x_wconf 68' lang='grc' dir='ltr'>δίς.</span> <span class='ocrx_word' id='word_1_1549' title='bbox 1946 3894 2075 3931; x_wconf 85' lang='lat' dir='ltr'>salutem,</span> <span class='ocrx_word' id='word_1_1550' title='bbox 2095 3893 2129 3924; x_wconf 89' lang='lat'>&amp;</span> <span class='ocrx_word' id='word_1_1551' title='bbox 2148 3893 2264 3923; x_wconf 87' lang='lat' dir='ltr'>sincerae</span> <span class='ocrx_word' id='word_1_1552' title='bbox 2286 3892 2355 3922; x_wconf 89' lang='lat' dir='ltr'>dile·</span> <span class='ocrx_word' id='word_1_1553' title='bbox 2377 3897 2430 3920; x_wconf 74' lang='lat' dir='ltr'>An.</span> <span class='ocrx_word' id='word_1_1554' title='bbox 2446 3895 2473 3918; x_wconf 84' lang='lat'>6.</span> 
     </span>
     <span class='ocr_line' id='line_1_176' title="bbox 1301 3936 2444 3976; baseline -0.013 -4"><span class='ocrx_word' id='word_1_1555' title='bbox 1301 3942 1403 3973; x_wconf 66' lang='lat' dir='ltr'>&amp;ionis</span> <span class='ocrx_word' id='word_1_1556' title='bbox 1415 3939 1557 3971; x_wconf 67' lang='lat' dir='ltr'>affeetum.</span> <span class='ocrx_word' id='word_1_1557' title='bbox 2144 3969 2149 3976; x_wconf 31' lang='grc' dir='ltr'><em>ο</em></span> <span class='ocrx_word' id='word_1_1558' title='bbox 2192 3971 2196 3976; x_wconf 30' lang='grc' dir='ltr'><strong><em>Δ</em></strong></span> <span class='ocrx_word' id='word_1_1559' title='bbox 2376 3936 2406 3958; x_wconf 81' lang='grc' dir='ltr'>Ε.</span> <span class='ocrx_word' id='word_1_1560' title='bbox 2416 3940 2444 3957; x_wconf 80' lang='lat'>2.</span> 
     </span>
    </p>

    <p class='ocr_par' dir='ltr' id='par_1_64' title="bbox 1305 3964 2506 4113">
     <span class='ocr_line' id='line_1_177' title="bbox 1340 3964 2506 4017; baseline -0.013 -7"><span class='ocrx_word' id='word_1_1561' title='bbox 1340 3981 1439 4017; x_wconf 88' lang='lat' dir='ltr'>Dum,</span> <span class='ocrx_word' id='word_1_1562' title='bbox 1460 3977 1530 4008; x_wconf 86' lang='lat' dir='ltr'>infra</span> <span class='ocrx_word' id='word_1_1563' title='bbox 1545 3976 1664 4015; x_wconf 61' lang='lat' dir='ltr'>pectoris</span> <span class='ocrx_word' id='word_1_1564' title='bbox 1676 3975 1763 4007; x_wconf 87' lang='lat' dir='ltr'>nostri</span> <span class='ocrx_word' id='word_1_1565' title='bbox 1783 3973 1933 4013; x_wconf 86' lang='lat' dir='ltr'>scrinium,</span> <span class='ocrx_word' id='word_1_1566' title='bbox 1953 3970 2255 4014; x_wconf 62' lang='lat' dir='ltr'>intentameditatione</span> <span class='ocrx_word' id='word_1_1567' title='bbox 2270 3968 2359 4011; x_wconf 61' lang='lat' dir='ltr'>revol7</span> <span class='ocrx_word' id='word_1_1568' title='bbox 2376 3973 2449 3996; x_wconf 84' lang='lat' dir='ltr'>Rom.</span> <span class='ocrx_word' id='word_1_1569' title='bbox 2471 3964 2506 3999; x_wconf 67' lang='grc' dir='ltr'>ὠ·</span> 
     </span>
     <span class='ocr_line' id='line_1_178' title="bbox 1305 4005 2469 4052; baseline -0.015 -1"><span class='ocrx_word' id='word_1_1570' title='bbox 1305 4021 1396 4052; x_wconf 87' lang='lat' dir='ltr'>vimus</span> <span class='ocrx_word' id='word_1_1571' title='bbox 1412 4016 1509 4049; x_wconf 85' lang='lat' dir='ltr'>vestrae</span> <span class='ocrx_word' id='word_1_1572' title='bbox 1527 4015 1713 4046; x_wconf 84' lang='lat' dir='ltr'>subventionis</span> <span class='ocrx_word' id='word_1_1573' title='bbox 1732 4012 1977 4052; x_wconf 69' lang='lat' dir='ltr'>gratiam,dile6to</span> <span class='ocrx_word' id='word_1_1574' title='bbox 1995 4009 2111 4041; x_wconf 80' lang='lat' dir='ltr'>Clerico</span> <span class='ocrx_word' id='word_1_1575' title='bbox 2130 4009 2225 4052; x_wconf 84' lang='lat' dir='ltr'>nostro</span> <span class='ocrx_word' id='word_1_1576' title='bbox 2239 4008 2361 4050; x_wconf 78' lang='lat' dir='ltr'>johanni</span> <span class='ocrx_word' id='word_1_1577' title='bbox 2376 4009 2420 4035; x_wconf 75' lang='lat' dir='ltr'>Pr.</span> <span class='ocrx_word' id='word_1_1578' title='bbox 2442 4005 2469 4031; x_wconf 90' lang='lat'>6.</span> 
     </span>
     <span class='ocr_line' id='line_1_179' title="bbox 1435 4044 2487 4113; baseline -0.011 -27"><span class='ocrx_word' id='word_1_1579' title='bbox 1435 4055 1494 4093; x_wconf 84' lang='lat' dir='ltr'>ale,</span> <span class='ocrx_word' id='word_1_1580' title='bbox 1511 4055 1541 4086; x_wconf 83' lang='lat' dir='ltr'>in</span> <span class='ocrx_word' id='word_1_1581' title='bbox 1557 4054 1609 4086; x_wconf 87' lang='lat' dir='ltr'>suis</span> <span class='ocrx_word' id='word_1_1582' title='bbox 1625 4052 1740 4093; x_wconf 84' lang='lat' dir='ltr'>agendis</span> <span class='ocrx_word' id='word_1_1583' title='bbox 1755 4052 1786 4083; x_wconf 91' lang='lat' dir='ltr'>in</span> <span class='ocrx_word' id='word_1_1584' title='bbox 1804 4051 1938 4084; x_wconf 85' lang='lat' dir='ltr'>Romana</span> <span class='ocrx_word' id='word_1_1585' title='bbox 1955 4049 2041 4082; x_wconf 85' lang='lat' dir='ltr'>Curia</span> <span class='ocrx_word' id='word_1_1586' title='bbox 2056 4072 2067 4087; x_wconf 86' lang='lat'>‚</span> <span class='ocrx_word' id='word_1_1587' title='bbox 2087 4048 2123 4080; x_wconf 86' lang='lat' dir='ltr'>ad</span> <span class='ocrx_word' id='word_1_1588' title='bbox 2139 4047 2227 4079; x_wconf 86' lang='lat' dir='ltr'>nostn</span> <span class='ocrx_word' id='word_1_1589' title='bbox 2252 4044 2365 4113; x_wconf 45' lang='grc' dir='ltr'>Ἔρυξ]</span> <span class='ocrx_word' id='word_1_1590' title='bbox 2379 4049 2487 4109; x_wconf 42' lang='lat' dir='ltr'>libam!</span> 
     </span>
     <span class='ocr_line' id='line_1_180' title="bbox 2278 4092 2432 4112; baseline -0.026 0"><span class='ocrx_word' id='word_1_1591' title='bbox 2278 4092 2317 4112; x_wconf 91' lang='lat' dir='ltr'>on</span> <span class='ocrx_word' id='word_1_1592' title='bbox 2423 4102 2432 4108; x_wconf 75' lang='grc'><em>,</em></span> 
     </span>
    </p>
   </div>
  </div>
 </body>
</html>
