2562 4279
32 197 109 227 Ahn.
125 196 165 227 D.

56 245 138 276 1312.

30 277 98 303 Edv.
114 284 141 302 2.

29 430 49 450 *⁸
59 432 111 460 111.

31 472 95 506 346·

25 907 102 939 Ann.
119 907 158 938 D.

46 956 129 986 1312.

23 990 75 1013 An.
91 988 118 1013 6.

25 1028 56 1052 Ε.
79 1034 105 1051 2.

24 1067 94 1090 Rom.
110 1060 143 1094 (5-

24 1104 56 1127 Fr
80 1102 107 1127 6.

24 1142 56 1165 E.
74 1147 99 1165 2.

23 1185 59 1204 m.
77 1176 118 1206 18.

28 3197 47 3217 Ψ
64 3199 115 3225 HI.

30 3244 93 3271 347-

26 3273 104 3303 Ann.
118 3271 158 3302 D.

49 3319 134 3349 ¹3¹2-

28 3352 81 3376 Αἰ.
101 3352 128 3376 6.

29 3391 61 3414 F..
83 3396 107 3414 2.

28 3429 99 3453 Rom.
113 3422 147 3456 &-

26 3464 72 3490 Fr.
92 3464 119 3489 6.

30 3545 70 3565 m.
87 3520 129 3564 is.
184 3545 190 3551 ·

191 122 240 162 14

185 203 244 235 pter
257 191 360 224 d'rverss
375 192 408 224 ὃς
422 190 505 222 ardua
518 190 651 233 negotia,
669 196 721 217 nos
734 184 894 222 tangentia,
910 189 1043 226 perquam
1054 181 1128 211 utilis
1140 180 1174 211 δε
1190 189 1240 210 ne-

184 232 297 264 ceffaria
314 231 439 263 existeret
460 230 512 259 hiis
526 228 645 262 diebus,
663 234 730 255 cum
746 223 893 254 credamus
910 225 1026 251 firmiter
1047 219 1124 257 quod
1140 218 1238 249 eadem

183 272 294 302 nevotia
308 293 318 309 ,
340 270 420 309 ipsius
438 268 593 298 maturitate
613 262 752 299 Consilii,
770 262 804 292 &
824 258 996 299 providentia
1015 256 1236 297 circumspeeta,

181 296 361 341 trasstarentur
377 306 541 342 consultius,
557 305 589 334 &
603 302 760 331 feliciorem
775 300 935 330 sortirentur
947 297 1097 328 effectum:

217 347 412 377 paternitatem
425 343 544 374 vestram
557 338 712 370 affectuosis
726 339 853 376 precibus
866 337 1029 376 requirimus
1043 336 1076 365 &
1091 343 1235 377 rogamus,

180 386 308 422 quatinus
323 385 397 414 circa
412 383 532 413 celerem
546 377 752 417 expeditionem
769 376 839 406 dieti
854 375 1007 414 Episcopi,
1025 373 1102 411 super
1110 380 1234 416 'negotiis

180 424 232 453 suis
251 422 391 461 praedietis
406 445 416 458 ,
433 421 502 450 sicut
524 417 541 437 ἲ*
560 416 596 446 de
617 414 708 446 vestra
720 414 888 445 confidimus
900 414 1041 450 amicitia,
1059 411 1174 453 sollicite
1185 420 1235 440 ve-

180 461 236 492 litis
255 460 418 496 intendere,
438 459 470 488 &
489 464 571 493 penes
589 453 698 484 dietum
719 453 881 484 Dominum
898 452 1050 483 Summum
1065 448 1235 480 Pontificem

183 499 249 537 (cui
260 499 364 529 nostras
380 497 493 526 Litteras
506 492 707 532 supplicatorias
718 491 928 523 transmittimus
961 499 993 519 ro
1007 487 1125 525 eodem)
1140 486 1235 517 effica-

181 539 249 568 citer
264 539 436 575 interponere
451 540 538 570 partes
548 531 649 562 vestras
658 553 668 568 ‚
686 538 716 560 ut
731 530 787 568 ipse
801 530 924 561 eundem
959 527 1105 570 piscopum
1114 525 1148 556 ad
1157 534 1215 568 *nos
1224 547 1235 562 ,

180 575 268 606 nostri
282 575 398 610 intuitu,
416 579 484 601 curn
500 570 653 608 celeritate,
670 578 724 609 qua
739 569 798 600 fieri
811 569 929 608 poterit,
947 567 1081 604 dignetur
1094 572 1234 595 remittere

179 613 309 654 prospere
323 609 491 649 expeditum.

212 688 278 719 Dat.
297 684 369 727 apud
382 685 508 717 Westm.
526 695 570 726 14.
583 685 628 717 die
641 684 822 727 Septembris

270 824 330 859 Ad
343 827 579 874 quamplurimos
599 825 772 860 Cardinales
783 836 837 872 pro
847 824 969 871 praefato
990 822 1136 869 Epifiopm

250 910 389 942 Enerabili
411 913 440 942 in
464 910 581 942 Christo
602 910 700 950 Patri,
715 910 850 941 Domino
873 909 916 939 N.
937 909 973 939 de
991 908 1094 946 Prato,
1112 905 1235 937 Ostiensi

259 950 402 991 Episcopo
420 950 562 981 Cardinali
574 972 584 987 ,
601 951 694 980 amico
708 949 757 979 suo
776 948 932 985 Rariilimo,
951 946 1103 978 Edwardus
1113 944 1234 983 ejusdem

177 990 278 1030 gratia,
297 990 357 1020 &c.
369 989 483 1019 salutem
499 989 531 1018 ὃς
548 988 659 1018 sincerae
674 988 831 1018 dileetionis
844 985 988 1016 affectum.

217 1028 265 1059 Illa
284 1027 402 1065 specialis
416 1027 531 1057 affectio
543 1049 552 1063 ,
570 1037 655 1064 quam
670 1027 749 1056 nobis
770 1026 803 1056 &
820 1025 936 1062 nostris,
951 1024 985 1055 ad
999 1023 1110 1053 'nostras
1124 1030 1237 1065 preceS,

179 1068 262 1105 gratis
276 1067 406 1105 operibus
422 1066 555 1095 haetenus
575 1064 732 1095 ostendistis
747 1087 757 1102 ,
774 1063 851 1101 spem
868 1064 950 1092 nobis
969 1061 1080 1100 praestat
1093 1061 1236 1091 indubiam

182 1106 214 1136 ad
229 1105 333 1142 futura,
351 1104 427 1144 quod
440 1114 488 1141 ea,
508 1113 571 1141 quae
584 1103 686 1133 nostris
699 1102 826 1133 insistunt
839 1101 974 1132 desideriis
989 1100 1093 1137 velitis,
1107 1100 1186 1138 juitta
1200 1097 1239 1129 as-

176 1144 280 1175 suetam
293 1142 527 1180 benivolentiam,
547 1151 726 1179 promovere.
1198 1174 1203 1180 .

210 1182 288 1212 Cum
312 1182 402 1220 iraque
414 1204 424 1219 ,
441 1189 504 1211 ante
524 1181 586 1210 haec
610 1188 753 1217 tempora,
769 1178 932 1209 Dominum
948 1177 1102 1208 Summum
1118 1174 1238 1218 Pontifi-

176 1230 241 1251 cem
256 1243 266 1257 ,
280 1229 333 1257 pro
355 1219 513 1250 Venerabili
530 1218 609 1248 Patre
621 1218 674 1248 W.
696 1217 893 1248 Coventriensi
914 1217 948 1247 &
966 1213 1155 1246 Lichfeldensi
1170 1213 1239 1250 Epi-

173 1259 279 1296 scopo,
296 1257 479 1288 Thesaurario
495 1257 592 1287 nostro
609 1257 680 1297 (pro
694 1257 814 1295 negotiis
828 1255 878 1285 suis
896 1256 925 1284 in
940 1254 1026 1284 Curia
1040 1254 1172 1284 Romana
1185 1260 1238 1281 tra-

175 1298 262 1328 hente
286 1305 395 1326 moram
413 1297 422 1333 )
442 1294 595 1326 successivis
616 1296 723 1325 vicibus
746 1294 1024 1330 interpellaverimus,
1042 1293 1075 1323 &
1090 1291 1180 1321 adhuc
1195 1299 1240 1320 re-

174 1336 315 1373 quiramus
337 1335 466 1372 precibus
488 1334 603 1371 iteratis,
623 1342 654 1363 ut
668 1331 790 1363 eundem
806 1332 998 1371 Episcopum,
1016 1330 1103 1361 nostri
1116 1329 1234 1372 intuitu,

175 1371 406 1404 commendatum
425 1373 527 1402 habere
542 1394 551 1409 ,
574 1373 607 1402 &
622 1371 656 1401 ad
668 1381 720 1401 nos
731 1371 797 1403 velit
811 1380 878 1401 cum
897 1369 1072 1400 festinatione
1091 1367 1238 1399 desiderata

174 1413 314 1443 remittere
331 1411 448 1449 feliciter
461 1411 638 1448 expeditum3

212 1450 340 1481 Vestram
352 1446 548 1479 paternitatem
563 1448 719 1478 affectuosis
738 1447 868 1485 precibus
888 1446 1071 1484 deprecamur
1091 1445 1236 1483 quatinus,

177 1496 209 1519 ut
221 1487 360 1526 praemiffa
379 1486 444 1517 fiant
460 1488 530 1525 juxta
541 1496 642 1517 votum
657 1485 784 1516 nostrum
801 1508 812 1524 ,
826 1485 916 1516 velitis
932 1494 999 1516 cum
1016 1484 1097 1514 omui
1111 1482 1235 1514 efficacia

179 1528 356 1567 interponere
370 1534 458 1564 partes
471 1525 580 1555 vestras.

212 1603 280 1635 Dat.
295 1603 368 1642 apud
384 1600 685 1640 Westmonasterium,
706 1611 750 1641 14.
765 1601 810 1633 die
824 1601 1004 1640 Septembris.

201 1681 315 1712 Eodem
335 1679 425 1711 modo
437 1678 600 1710 mandatum
615 1678 656 1709 est
669 1678 860 1710 Cardinalibus
874 1677 1044 1718 subscripti53
1063 1675 1210 1714 videlicet,

946 1761 974 1859 }

174 1913 290 1941 Domino
302 1909 338 1948 J.
357 1909 435 1939 tituli
448 1910 605 1939 Safflorum
619 1907 777 1938 fllarcellini
798 1907 836 1943 ό·
852 1910 930 1938 Petri
941 1916 957 1946 Ἰ

214 1948 366 1978 Presbitero
381 1946 540 1984 Cardinali,-

175 1990 293 2017 Domino
318 1990 353 2015 G.
379 1985 455 2015 tituli
472 1986 567 2015 SanHi
586 1988 711 2014 Martini
730 1988 760 2014 in
787 1984 927 2014 Montibus

213 2024 364 2054 Presbitero
380 2022 522 2053 Cardinali
531 2046 540 2061 ,

174 2065 290 2094 Domino
308 2064 350 2091 A.
366 2063 398 2091 de
413 2060 554 2099 Cantilupo
568 2084 578 2100 ‚
595 2059 672 2090 tituli
687 2061 781 2091 San&
801 2059 930 2090 Marcelli
989 2054 1151 2086 Presbiteris
1162 2055 1234 2088 Car-

214 2100 364 2130 Presbitero
378 2099 535 2136 Cardinali,
954 2077 978 2252 l>
994 2095 1140 2126 dinahbus.

173 1758 289 1788 Domino
295 1756 331 1796 J.
339 1757 370 1787 de
378 1759 476 1786 Murro
482 1779 492 1795 ,
502 1755 639 1794 Portuenfi
646 1758 673 1784 E
671 1754 767 1794 pisZopo
775 1754 926 1792 Cardinali,

175 1799 291 1826 Domino
301 1798 334 1824 B.
341 1794 487 1833 Tufiulano
494 1817 504 1833 ,
510 1793 631 1833 Epifiopo
640 1798 662 1823 C
662 1793 779 1822 ardmali
784 1804 793 1829 ,'

173 1837 290 1864 Domino
298 1837 339 1864 A.
347 1832 482 1874 Sabinenfi
490 1856 499 1871 ,
518 1832 640 1871 Epistopo
657 1831 808 1863 Cardinali.

987 1770 1133 1809 Episcopis
1145 1770 1217 1802 Car-

989 1810 1133 1840 dinalibus.

173 2141 290 2170 Domino
304 2141 339 2168 B.
355 2139 386 2167 de
399 2142 531 2176 Francia,
548 2137 706 2167 Sam‘forum
726 2138 812 2166 Nerei
825 2134 863 2171 ό·
879 2139 927 2166 A-

211 2177 296 2206 chillei
308 2177 458 2206 Presbitero
473 2175 615 2206 Cardinali
622 2185 632 2211 ,·

173 2218 289 2246 Domino
304 2218 346 2243 A.
365 2214 440 2243 tituli
458 2215 566 2244 Sam‘lae
581 2215 777 2243 Prudentianae
791 2212 926 2244 Presbite-

210 2264 239 2284 ro
252 2251 400 2282 Cardinali.
939 2253 958 2282 J

176 2333 291 2361 Domino
307 2330 347 2359 N.
363 2330 456 2359 Sam‘li
472 2329 597 2358 Adriani
618 2330 736 2358 Diacono
751 2322 909 2365 Cardinali5
939 2342 957 2373 Ἰ

176 2372 292 2400 Domino
307 2371 342 2398 G.
357 2369 388 2398 de
403 2371 549 2405 Pergamo,
564 2368 657 2396 Saum
671 2366 798 2396 Nicholai
810 2371 839 2396 in
859 2370 929 2396 car-

212 2417 268 2436 cere
281 2405 459 2446 Tullianenfi,
478 2409 598 2434 Dz'acono
614 2404 771 2442 Cardinali,

176 2449 292 2477 Domino
314 2447 344 2474 F.
360 2447 493 2481 Gaitani,
511 2444 618 2474 Saneiae
633 2446 736 2472 Mariae
751 2446 780 2472 in
794 2443 928 2481 Cosmedin

214 2485 334 2514 Diacono
347 2481 487 2512 Cardinali
497 2491 507 2518 ,·

179 2525 294 2589 Βοπιίῑιιίο
314 2523 347 2589 Rl.
370 2521 401 2550 de
422 2524 495 2551 Senis
510 2543 520 2558 ,
537 2520 631 2549 Saani
652 2518 793 2559 Eustachii
806 2522 927 2549 Diacono

210 2564 265 2589 Car
284 2562 331 2589 ina
343 2563 367 2589 i·

176 2598 291 2629 Domino
302 2601 340 2629 L.
356 2581 388 2627 {ie
402 2596 483 2637 Flifio
494 2621 503 2635 ,
523 2598 630 2627 Sant‘lae
639 2598 742 2625 Mariae
757 2598 786 2625 in
798 2595 850 2625 vid
864 2595 926 2625 latri

212 2640 331 2666 Diacono
344 2635 500 2673 Cardinali,

176 2678 291 2706 Domino
307 2677 348 2704 A.
363 2675 394 2704 de
409 2673 545 2711 Pelagrua

214 2717 268 2743 ticu
283 2716 404 2742 DIacono
420 2696 578 2748 Caralim&

176 2755 291 2783 Domino
305 2753 337 2780 Ρ.
352 2751 433 2780 Card.
449 2751 480 2780 de
495 2749 636 2788 Columpna
652 2772 661 2787 ,
681 2750 787 2779 Sanc‘lae
800 2751 927 2779 Romanae

213 2788 334 2830 Ecclefiae
348 2792 468 2819 Draconi»
484 2788 639 2824 Cardinali,

176 2832 292 2859 Domino
310 2827 346 2866 J.
363 2828 394 2857 de
414 2826 557 2865 columpna
572 2850 581 2864 ,
598 2827 706 2856 Sandlae
724 2829 851 2856 Romame
872 2827 928 2855 Ec-

213 2866 293 2907 clefiae
308 2869 428 2896 Dracone
443 2865 597 2899 Cordi71ali5

175 2908 292 2936 Domino
306 2907 340 2934 R.
354 2905 386 2933 de
400 2907 486 2941 Farge
495 2927 503 2942 ‚
518 2904 625 2933 Sanc‘lae
634 2905 738 2932 Mariae
753 2904 846 2932 Novae
854 2905 928 2932 Dia-

214 2954 280 2972 cano
293 2941 449 2977 Cardinali,-

177 2985 294 3012 Domino
308 2984 342 3010 Β.
357 2981 388 3010 de
401 2979 553 3018 Pelagrua,
570 2981 691 3009 Diacono
705 2977 847 3008 Cardinali
854 2988 864 3015 ,-

177 3023 290 3050 Domino
304 3018 339 3058 J
357 3021 507 3055 Gaugitani
520 3041 529 3055 ,
547 3018 641 3047 Sancti·
659 3019 764 3054 Georgii
782 3017 821 3046 ad
838 3015 928 3046 velum

213 3069 322 3088 aureum
337 3059 458 3087 Diacono
472 3054 620 3086 Cardinali.

950 2602 959 2688 i
986 2667 1124 2698 Diaconis
1142 2666 1215 2699 Car-

949 2690 974 2902 [
985 2707 1131 2738 dinalibuS.

245 3191 273 3219 *θ
296 3193 354 3227 Ad
370 3198 483 3240 Papam
494 3220 504 3236 ,
531 3192 567 3226 de
585 3196 816 3227 Canonizatione
825 3191 941 3226 Thomae
951 3192 985 3225 de
995 3193 1163 3238 Cantilupo.

178 3277 336 3338 PAPAE
352 3277 416 3308 Rex
429 3278 530 3308 devota
546 3278 650 3317 pedum
662 3277 753 3307 oscula
767 3277 922 3308 beatorum.

280 3315 442 3347 Exulramus
455 3317 483 3346 in
499 3316 646 3354 Domino,
664 3316 697 3346 ὃ(
712 3315 798 3345 nimici
815 3316 988 3354 jocundirate
1007 3315 1148 3352 laetamur,
1165 3314 1236 3345 dum

179 3356 213 3385 de
231 3355 432 3394 multiplicibus
454 3355 592 3385 miraculis
605 3378 615 3392 ,
632 3355 732 3393 quibus
747 3377 756 3392 ,
776 3354 887 3384 Sanffibae
903 3354 1050 3383 memoriae
1063 3376 1073 3390 ,
1091 3353 1236 3393 Thomas,

180 3393 269 3423 dietus
287 3392 323 3423 de
342 3392 519 3432 Cantilupo,
545 3392 688 3430 quondam
710 3391 842 3422 Ecclefiae
864 3391 1075 3421 Herefordensis
1097 3390 1236 3429 Antistes,

181 3430 276 3474 divina}
293 3433 454 3470 operatione
468 3454 477 3469 ,
494 3431 622 3462 decorari
642 3429 792 3461 dinoscitur
806 3453 816 3469 ,
834 3431 936 3460 crebris
951 3429 1077 3460 relatibus
1093 3430 1235 3460 efficimur

182 3476 321 3499 certiores.

219 3505 303 3535 Plebs
321 3509 405 3538 etiam
425 3507 565 3546 fidelium,
583 3508 639 3539 tam
656 3506 784 3545 Angliae,
800 3508 886 3545 quam
906 3505 1038 3543 Walliae,
1054 3505 1235 3544 Nationum‚

182 3554 210 3574 in
244 3553 345 3573 uorum
359 3546 459 3576 finibus
480 3555 580 3583 corpus
601 3545 682 3583 ipsius
696 3543 856 3584 requiescit,
874 3545 909 3574 de
924 3544 976 3574 suis
990 3545 1091 3573 meritis
1104 3545 1138 3575 &
1151 3545 1236 3574 inter—

180 3592 215 3612 ce
238 3582 349 3611 ionibus
367 3584 490 3621 gloriosis
513 3585 584 3622 apud
608 3584 708 3614 Deum
721 3582 825 3613 confisa
839 3606 848 3621 ,
864 3583 898 3614 ad
911 3582 1094 3613 devotionem
1108 3583 1235 3621 erigitur,

181 3621 214 3651 &
227 3621 256 3649 in
269 3620 349 3648 bonis
360 3622 491 3660 operibus
509 3623 617 3652 uberius
630 3630 800 3652 excercetur.

216 3657 360 3700 Sperantes
375 3662 464 3696 itaque
481 3669 534 3689 nos
541 3665 557 3698 >,
575 3662 608 3691 &
631 3670 669 3698 po
690 3660 768 3698 ulos,
785 3659 869 3689 nobis
888 3658 1024 3696 subditos,
1040 3667 1074 3687 ex
1087 3656 1168 3695 ipsius
1181 3656 1235 3687 suf-

180 3695 288 3733 fragiis,
304 3695 376 3738 apud
394 3696 491 3727 Deum
508 3708 544 3727 eo
566 3670 769 3728 habundantius
783 3698 905 3736 adjuvari
919 3721 929 3735 ,
948 3707 1006 3736 quo
1028 3696 1103 3726 idem
1117 3695 1234 3726 Sanetus

179 3733 253 3771 apud
273 3743 323 3762 nos
344 3743 373 3762 in
396 3736 474 3764 terris
495 3736 584 3774 dignis
603 3734 756 3765 honoribus
777 3736 860 3766 fuerit
882 3735 1053 3772 sublimatus,
1072 3744 1106 3764 ac
1121 3734 1233 3764 internis

177 3778 306 3808 optantes
324 3771 470 3801 affeetibus
492 3782 522 3802 ut
544 3774 602 3802 talis
614 3795 623 3810 ,
643 3775 675 3803 ὃς
689 3782 762 3803 tanta
776 3774 886 3805 lucerna
901 3797 910 3812 ,
925 3773 1058 3804 haetenus
1071 3772 1122 3802 sub
1135 3771 1234 3802 modio

178 3808 326 3846 absconsa,
339 3809 420 3852 super
434 3809 642 3840 Candelabrum
656 3834 665 3848 ,
683 3811 717 3841 ad
731 3812 825 3842 lumen
845 3812 970 3842 fidelibus
983 3810 1187 3850 praestandum,
1202 3811 1232 3840 in

180 3847 235 3877 suae
250 3846 408 3890 devotionis
422 3848 455 3877 Sc
470 3847 532 3878 fidei
546 3847 704 3878 Catholicae
717 3852 977 3886 augmentationem
987 3873 997 3888 ,
1016 3849 1185 3886 collocetur,

217 3884 361 3926 sanctitati
382 3884 482 3927 yestrae
500 3887 608 3916 devotis
628 3887 757 3923 precibus
770 3887 910 3918 humiliter
924 3889 1126 3928 supplicamus,
1141 3887 1231 3926 quati-

179 3932 232 3954 nus
252 3932 280 3951 ιη
293 3929 415 3964 'negotio
437 3922 666 3965 Canonizationis
686 3925 791 3963 praefati
811 3926 938 3956 Thomce
950 3949 960 3965 ,
975 3936 1028 3965 pro
1047 3935 1106 3965 quo
1120 3948 1130 3963 ,
1148 3925 1230 3955 clarae

180 3969 325 4003 memoria}
339 3982 349 3998 ,
365 3959 506 3990 Dominus
527 3961 561 3991 E.
578 3961 701 3991 Genitor
716 3963 826 4000 noster,
839 3963 940 3993 vestrae
955 3964 1118 3994 Beatitudini
1131 3963 1230 4000 pluries

179 3997 339 4038 supplicam
355 4020 365 4036 ,
386 3998 489 4038 nosque
508 3999 629 4031 similiter
645 3999 705 4030 alias
724 4001 804 4031 vobis
822 4000 970 4033 direximus
988 4000 1085 4040 preces
1105 3999 1229 4041 nostras,

579 2673 684 2703 SanHae
700 2675 803 2702 Mariae
818 2676 846 2702 in
861 2674 928 2702 Por-

1247 2960 1254 2967 l

621 91 1415 144 CONVENTIONES,

1471 89 1870 141 LITERAE,

1277 177 1508 209 Procuratoribus
1524 197 1534 216 ,-
1553 178 1698 216 negotium
1721 176 1788 207 illud
1807 184 1890 213 penes
1902 173 2023 206 vestram
2036 173 2224 205 Clementiam
2239 175 2333 215 prose-
2346 173 2423 206 Ann.
2436 175 2477 209 D.

1298 218 1424 248 uentibus
1440 239 1450 254 ,
1467 217 1620 256 dignemini
1635 217 1788 254 benignum
1801 215 1925 254 praebere
1940 213 2067 244 auditum
2082 235 2092 250 ,
2109 213 2143 243 &
2176 222 2266 251 reces,
2282 222 2332 244 ve-
2367 223 2451 254 1312.

1305 266 1337 286 ro
1351 254 1530 296 Apostolatui
1547 255 1624 294 super
1638 254 1740 284 eodem
1754 253 1933 292 porrigendas
1948 270 1958 290 ,-
1974 253 2048 290 juxta
2060 250 2129 282 dieti
2170 251 2233 282 atris
2244 251 2331 283 nostri
2343 254 2409 282 Edv.
2425 263 2451 283 ι.

1275 294 1309 325 &
1323 294 1451 324 nostrum
1465 293 1647 331 desiderium,
1664 292 1803 332 gratiosius
1820 290 1957 321 exaudire.

1313 332 1486 370 Conservet,
1503 332 1564 363 &c.

1311 407 1379 439 Dat.
1395 407 1468 446 apud
1481 406 1768 438 Westmonasteriurn
1775 429 1786 445 ,
1802 405 1917 436 decimo
1928 406 2029 445 quinto
2042 404 2088 436 die
2103 404 2282 442 Septembris.

1415 529 1474 563 Ad
1492 529 1666 564 Cardinales
1675 530 1766 577 fhper
1782 532 2015 565 Canonizatione
2030 529 2191 564 antedicta.

1347 614 1486 645 Enerabili
1496 616 1526 645 in
1540 614 1657 645 Christo
1668 614 1742 645 Patri
1756 614 1890 645 Domino
1903 614 1956 645 W.
1972 613 2031 645 Dei
2044 614 2144 653 gratia,
2161 613 2256 646 Sancti
2269 614 2329 646 Ni·
2342 600 2420 633 Am·
2433 602 2478 636 Β*

1361 653 1454 683 cholai
1471 654 1500 683 in
1521 653 1642 683 Carcere
1662 653 1797 684 Tulliano
1817 654 1954 684 Diacono
1972 653 2111 684 Cardinali
2127 675 2138 691 ,
2161 654 2257 685 amico
2277 654 2328 685 suo
2369 650 2455 681 1312.

1273 690 1435 730 karissimo,
1453 690 1623 729 Edwardus,
1637 692 1697 722 &c.
1711 692 1824 724 salutern
1839 692 1872 723 &
1886 692 1998 722 sincerae
2011 691 2170 722 dilectionis
2182 692 2325 724 affeetum.
2341 683 2394 707 An.
2412 682 2439 708 ⁶·

1311 730 1430 768 Qanto
1449 739 1482 759 ex
1500 730 1551 768 piis
1568 729 1697 768 suffragiis
1710 752 1720 768 ,
1738 730 1840 761 saneiae
1858 731 2005 760 memoriae
2019 753 2028 768 ,
2045 730 2188 767 Thomae,
2207 729 2276 761 diffl
2291 730 2327 761 de
2341 721 2371 745 Ε·
2391 728 2417 746 ²·

1274 767 1428 812 Cantilupo
1441 790 1450 806 ,
1465 768 1609 807 quondam
1630 767 1764 798 Ecclesiae
1786 767 1998 799 Herefordenfis
2010 768 2163 806 Antistius,
2182 769 2230 805 qui
2244 769 2327 800 innu-
2340 755 2460 822 fffmk&
2486 790 2497 797 .-

1274 816 1356 837 meris
1373 807 1530 843 miraculis,
1546 816 1561 836 a
1571 806 1696 843 jamdiu,
1714 807 1747 837 &
1760 806 1850 837 adhuc
1863 807 1965 845 indies,
1983 806 2075 837 divin&
2091 807 2328 846 operatione,de-
2340 804 2381 860 3⁷⁴
2393 842 2409 858 2

1273 846 1362 875 corari
1380 844 1532 874 dinoscitur
1547 867 1557 882 ,
1575 854 1627 873 nos
1641 867 1650 883 ,
1669 845 1709 890 &³
1721 845 1840 883 populos
1853 868 1864 882 ,
1882 846 1965 875 nobis
1983 844 2120 889 subditos,
2139 845 2211 889 apud
2225 845 2329 876 Altiffi-
2342 881 2376 899 m·
2399 869 2442 898 13.

1274 892 1355 912 mum
1376 883 1504 920 cupimus
1523 882 1725 913 habundantius
1743 883 1887 921 adjuvari,
1905 891 1984 914 tanto
2004 892 2070 914 eum
2091 894 2121 913 m
2140 892 2216 913 terris
2228 883 2330 914 nostris

1273 920 1418 951 instantius
1435 921 1617 951 desideramus
1634 920 1722 960 dignis
1742 921 1898 951 honoribus
1911 921 2052 952 sublimari
2064 944 2074 960 ,
2092 923 2126 953 ὃ(
2142 922 2208 960 hiis,
2228 923 2276 960 qui
2295 921 2330 953 ad

1276 960 1334 990 hoc
1347 982 1356 997 ,
1375 969 1493 998 precum
1511 958 1666 989 nostrarum
1686 960 1844 990 interventu
1857 981 1867 997 ,
1885 960 2017 990 auxilium
2035 969 2211 997 oportunum
2224 960 2332 1001 praesti-

1277 996 1391 1036 sterint,
1409 999 1438 1028 in
1452 997 1502 1028 suis
1532 997 1613 1037 gratis
1626 996 1790 1035 affectibus,
1807 997 1882 1027 effici
1896 998 2027 1028 volumus
2039 999 2236 1036 promptiores.

1316 1036 1364 1066 De
1386 1038 1493 1066 immen
1506 1046 1526 1066 is
1545 1037 1638 1073 itaque
1657 1035 1798 1065 laboribus
1840 1045 1911 1073 quos
1924 1036 1954 1065 in
1968 1036 2084 1075 negotio
2099 1035 2334 1068 Canonizationis

1277 1074 1347 1106 dieti
1363 1075 1491 1104 Thomae
1506 1097 1515 1112 ,
1531 1075 1612 1104 vobis
1625 1098 1633 1110 ,
1651 1074 1684 1104 &
1702 1073 1807 1113 quibus
1820 1083 1865 1104 am
1886 1073 1942 1104 aliis
1960 1072 2151 1104 Cardinalibus
2164 1083 2212 1112 per
2226 1075 2334 1106 Domi-

1278 1123 1348 1144 num
1371 1113 1523 1144 Summum
1544 1111 1715 1142 Pontificem
1737 1112 1892 1142 commiffo
1906 1136 1915 1150 ,
1931 1111 1966 1143 ad
1985 1111 2073 1142 nostri
2087 1111 2244 1143 instantiam
2257 1114 2333 1153 grati

1277 1151 1466 1182 benivolentia
1481 1150 1630 1189 subivistis,
1649 1151 1730 1181 vobis
1743 1159 1830 1190 grates
1843 1150 1985 1180 referimus
1998 1150 2142 1189 speciales;

1317 1189 1425 1220 Vestrae
1438 1189 1596 1220 Paternitati
1610 1188 1766 1219 affectuosis
1780 1189 1907 1229 precibus
1919 1188 2099 1227 supplicantes
2114 1211 2124 1227 ‚
2140 1189 2267 1227 quatinus
2279 1191 2334 1221 cir-

1282 1238 1316 1259 ca
1332 1229 1442 1259 felicem
1455 1229 1488 1258 &
1503 1236 1628 1267 optatam
1644 1226 1853 1265 expeditionem
1869 1227 1937 1258 dicsti
1945 1228 2067 1267 negotii,
2085 1237 2170 1265 quam
2183 1228 2270 1267 plenis
2284 1229 2336 1259 de-

1279 1267 1425 1297 sideramus
1437 1266 1599 1304 affectibus,
1618 1266 1655 1296 sic
1669 1266 1758 1296 velitis
1768 1265 1919 1296 efficaciter
1927 1265 2086 1303 intendere,
2102 1263 2178 1304 quod
2192 1266 2269 1296 idem
2284 1272 2334 1297 ne'-

1278 1307 1388 1344 gotium
1404 1304 1493 1336 vestr&
1506 1304 1592 1342 possit
1606 1304 1788 1334 sollicitudine
1801 1305 1900 1335 votivo
1921 1304 2036 1335 effediui
2050 1304 2177 1335 celeriter
2191 1306 2336 1345 mancipa-

1279 1345 1319 1380 ri,
1339 1343 1413 1374 unde
1429 1344 1510 1374 vobis
1524 1343 1556 1374 &
1571 1345 1600 1372 in
1615 1342 1740 1380 praesenti
1753 1342 1836 1372 laudis
1848 1342 1983 1373 accrescat
1997 1343 2172 1379 praeconium
2186 1365 2196 1381 ,
2211 1343 2244 1373 &
2260 1353 2335 1373 mer-

1277 1391 1323 1412 ces
1337 1383 1376 1422 pii
1389 1384 1478 1420 operis
1492 1381 1566 1420 apud
1579 1381 1769 1419 Altiffimum,
1787 1381 1868 1420 ipsius
1880 1381 1977 1412 Sancti
1989 1381 2138 1420 suffragiis,
2156 1390 2335 1421 praeparerur.

1311 1458 1378 1490 Dat.
1398 1459 1472 1497 apud
1486 1456 1792 1496 westmonasterium,
1808 1456 1923 1488 decimo
1938 1458 2039 1496 quinto
2052 1457 2097 1488 die
2112 1457 2293 1495 Septembris.

1313 1535 1426 1566 Eodem
1448 1535 1538 1566 modo
1551 1534 1715 1566 mandatum
1740 1532 1781 1564 est
1795 1532 1926 1564 Domino
1939 1532 1985 1564 N.
1997 1533 2090 1565 Tituli
2101 1533 2196 1566 Sanffl
2208 1534 2338 1574 Eusebfi,

1276 1574 1434 1606 Presbitero
1450 1573 1604 1605 Cardinali.

1341 1698 1401 1732 Ad
1416 1703 1525 1747 Regem
1538 1701 1725 1732 Francorum
1743 1698 1780 1731 de
1794 1697 1868 1732 dissi
1882 1696 2004 1732 Thomae
2022 1700 2265 1733 Canonizatione.

1276 1782 1567 1844 EXcellentiffimo
1579 1783 1701 1824 Principi
1716 1807 1726 1822 ,
1743 1783 1877 1814 Domino
1891 1793 1923 1814 ac
1938 1782 2012 1814 Patri
2027 1782 2076 1815 suo
2091 1783 2245 1822 karissimo,
2267 1781 2333 1814 Do·
2349 1787 2426 1819 Ann.
2441 1787 2485 1821 D,

1351 1825 1432 1853 mino
1447 1822 1595 1861 Philippo,
1613 1821 1670 1853 Dei
1682 1822 1785 1862 gratis,
1802 1823 1880 1860 Regi
1893 1822 2066 1853 Francorum
2082 1823 2196 1861 Illustri,
2215 1822 2335 1853 Edwar-
2375 1835 2459 1866 1312.

1274 1862 1325 1893 dus
1337 1884 1346 1899 ,
1365 1861 1485 1900 ejusdem
1504 1861 1589 1900 gratia
1601 1884 1611 1900 ,
1629 1861 1693 1891 Rex
1714 1860 1829 1899 Angliae
1843 1884 1853 1900 ,
1869 1861 1929 1892 &c.
1942 1860 2055 1892 salutem
2070 1884 2080 1900 ,
2096 1861 2130 1893 &
2143 1861 2177 1892 ad
2190 1869 2256 1893 vota
2268 1860 2331 1892 suc-
2345 1869 2399 1896 An.
2413 1867 2443 1896 6.

1276 1901 1364 1932 cessus
1377 1900 1521 1939 prosperos
1534 1901 1567 1931 ὃ(
1581 1899 1682 1930 felices.
2344 1906 2374 1931 Ε.
2391 1914 2416 1932 2,

1313 1939 1363 1970 De
1383 1948 1419 1968 eo
1433 1937 1511 1976 quod
1529 1938 1632 1977 placuit
1653 1936 1752 1968 vestrae
1774 1936 1994 1977 Magnificentiae
2011 1938 2157 1977 negotium
2172 1936 2332 1968 Canoniza—
2347 1947 2417 1970 Rom.
2433 1941 2469 1976 &-

1275 1979 1359 2008 tionis
1375 1999 1385 2015 ,
1404 1977 1491 2006 felicis
1510 1977 1658 2007 memoriae
1670 1999 1680 2015 ,
1699 1976 1827 2006 Thomae
1839 1999 1849 2015 ,
1866 1976 1935 2007 dieti
1947 1975 1984 2006 de
1999 1975 2158 2014 Cantelupo
2176 1998 2187 2014 ,
2205 1976 2224 1996 ²*
2241 1985 2334 2014 quon·
2350 1979 2392 2007 Fr.
2412 1982 2441 2008 6.

1273 2016 1340 2046 dam
1354 2014 1491 2045 Antistitis
1510 2014 1642 2045 Ecclesiae
1663 2014 1875 2045 Herefordenlis
1897 2016 1994 2052 (cujus
2007 2015 2214 2054 expeditionem
2226 2014 2334 2045 deside-
2349 2023 2380 2045 Ε.
2399 2027 2426 2045 2.

1274 2054 1396 2084 rabiliter
1416 2051 1604 2089 afl'et‘tamus)
1633 2063 1670 2082 nu
1694 2063 1721 2082 er
1739 2053 1767 2082 in
1788 2053 1905 2092 generali
1926 2052 2062 2083 Concilio
2086 2052 2238 2083 Viennensi
2261 2051 2335 2091 apud
2349 2066 2386 2084 m.
2407 2055 2448 2084 18.

1274 2090 1484 2123 Sanetiffimum
1502 2091 1530 2119 in
1547 2090 1663 2120 Christo
1703 2099 1790 2120 atrem
1805 2091 1968 2120 Dominum
1981 2091 2133 2120 Summum
2148 2090 2336 2129 Pontificem,
2347 2098 2359 2110 ·
2380 2094 2435 2122 111.

1296 2138 1359 2160 rout
1372 2127 1597 2159 certitudinaliter
1610 2128 1773 2165 didicimus,
1791 2129 1873 2167 gratis
1881 2127 2013 2157 instantiis
2029 2137 2212 2166 promovere,
2234 2128 2336 2160 vestrae
2354 2132 2418 2170 348.

1275 2140 1435 2199 {aternitati
1449 2166 1596 2197 kariffimae
1609 2166 1642 2196 ad
1656 2175 1742 2205 grates
1752 2167 1913 2205 alliirgimus
1925 2166 2067 2203 speciales:

1316 2205 1486 2238 Affetstuosis
1502 2205 1630 2242 precibus
1642 2204 1838 2241 supplicantes,
1858 2204 1983 2240 quatinus
1999 2211 2156 2232 memorato
2171 2203 2277 2234 saneto
2284 2203 2340 2235 Pa-

1276 2246 1329 2283 tri,
1347 2253 1377 2274 ut
1390 2243 1500 2273 dic‘tum
1515 2245 1659 2281 negotium
1673 2251 1770 2278 optato
1784 2243 1816 2272 &
1832 2241 1904 2271 finali
1919 2239 2047 2279 dignetur
2056 2240 2172 2271 effeetui
2190 2244 2336 2281 mancipa-

1276 2293 1321 2321 re,
1337 2282 1439 2318 velitis,
1459 2281 1478 2310 si
1492 2281 1582 2319 placet
1616 2280 1732 2317 dirigere
1750 2289 1845 2317 preces
1856 2278 1970 2309 vestras:

1314 2321 1461 2358 Speramus
1482 2320 1558 2348 enirn
1580 2303 1696 2348 s-irniiter
1709 2341 1719 2356 ,
1739 2320 1773 2349 ὃς
1794 2326 1919 2347 tenemus
1937 2316 2013 2357 quod
2026 2316 2123 2347 exinde
2136 2341 2146 2354 ,
2164 2319 2194 2348 in
2208 2318 2335 2358 praesenti

1275 2359 1367 2389 seculo
1380 2381 1389 2396 ,
1407 2357 1506 2397 Regali
1525 2356 1752 2393 Magnificentiae
1769 2355 1906 2386 accrescet
1919 2352 2001 2386 laudis
2014 2357 2210 2395 praeconium,
2229 2358 2335 2396 vosque

1273 2397 1449 2436 condignum
1464 2396 1597 2426 merirum
1613 2395 1782 2433 reportabitis
1796 2396 1824 2424 in
1838 2394 1942 2425 futuro.

1308 2473 1375 2504 Dat.
1389 2471 1462 2510 apud
1474 2470 1761 2502 Westmonasterium
1777 2494 1786 2511 ,
1806 2470 1920 2501 decimo
1932 2471 2033 2511 quinto
2047 2470 2092 2501 die
2113 2470 2294 2510 Septembris.

1271 2604 1331 2639 Ad
1351 2607 1489 2652 Papam,
1510 2614 1565 2650 pro
1587 2601 1744 2650 Ingeraldo
1770 2601 1805 2635 de
1822 2603 1941 2645 H‘Izrle‚
1960 2604 2052 2650 staper
2067 2607 2179 2649 negotio
2197 2603 2332 2650 Lichfel-

1679 2651 1768 2693 densis
1785 2651 1929 2697 Epiftopi.

1328 2738 1387 2770 ΑΡ
1396 2737 1437 2768 AE
1457 2737 1523 2768 Rex
1537 2737 1638 2769 devota
1654 2737 1760 2777 pedum
1773 2737 1867 2768 oscula
1879 2737 2033 2768 beatorum.

1374 2778 1493 2817 Qanto
1514 2778 1613 2815 majori
1632 2776 1767 2806 desiderio
1788 2776 1900 2806 illorum
1914 2798 1923 2814 ,
1940 2777 1989 2815 qui
2008 2774 2109 2806 nostris
2127 2775 2222 2807 sedulo
2235 2776 2328 2807 adhae-
2366 2784 2450 2815 1312.

1274 2824 1334 2846 rent
1348 2816 1501 2854 obsequiis,
1518 2816 1551 2846 &
1567 2815 1666 2846 diutius
1679 2815 1866 2852 adhaeserunt,
1884 2815 2024 2853 zelemus,
2041 2813 2117 2854 grat&
2131 2814 2328 2854 vicissitudine,
2344 2818 2398 2841 An.
2417 2816 2446 2842 6-

1272 2854 1389 2884 honoris
1411 2855 1444 2885 &
1464 2853 1612 2884 commodi
1633 2855 1824 2890 incrementa,
1841 2860 1921 2883 tanto
1934 2852 2039 2884 avidius
2054 2875 2064 2890 ,
2082 2854 2137 2891 ne,
2156 2853 2325 2884 eorumdem
2340 2857 2371 2879 E·
2389 2861 2418 2878 2·

1272 2893 1471 2932 obsequiorum
1484 2893 1649 2931 occasione,
1666 2892 1817 2931 praesertim
1831 2892 1861 2920 in
1881 2891 1932 2921 hiis
1951 2901 2015 2929 quae
2030 2891 2066 2922 de
2082 2891 2214 2923 mandato
2227 2890 2329 2921 nostro
2342 2894 2412 2917 Rom.
2426 2888 2462 2923 ά

1272 2930 1350 3000 {esta
1365 2932 1427 2962 sore
1442 2932 1645 2970 cognovimus,
1662 2931 1817 2970 dampnum
1830 2929 1943 2960 sentiant
1954 2931 2000 2961 seu
2014 2930 2165 2968 jacturam,
2184 2930 2236 2966 eis,
2253 2929 2323 2960 sicut
2340 2932 2383 2957 Fr.
2399 2929 2425 2956 6-

1294 2978 1355 2999 ecet
1364 2992 1372 3007 ,
1389 2970 1491 3001 auxiliis
1502 2968 1620 3000 affistere
1632 2969 1760 3008 cupimus
1772 2969 1928 3006 oportunis.
2344 2971 2374 2994 Ε.
2394 2976 2421 2994 2.

1312 3006 1390 3038 Cum
1411 3010 1503 3045 itaque
1516 3031 1526 3046 ,
1546 3007 1627 3038 Pater
1647 3006 1751 3037 Sancte
1764 3030 1774 3045 ,
1791 3006 1897 3037 dudum
1920 3005 1984 3047 post
1997 3005 2158 3043 decessum,
2174 3004 2256 3036 clarae
2271 3012 2330 3036 rne-
2347 3014 2383 3033 m.
2400 3003 2444 3033 18.

1273 3047 1389 3083 moriae,
1409 3046 1533 3076 Domini
1556 3045 1591 3076 E.
1613 3044 1759 3075 Geniroris
1778 3044 1891 3082 nostri,
1909 3044 2051 3074 ruiffemus
2065 3051 2164 3073 contra
2184 3045 2332 3075 venerabi-

1273 3084 1331 3114 lem
1345 3084 1455 3115 Patrem
1463 3084 1515 3114 W.
1528 3084 1760 3115 Coventriensem
1769 3084 1802 3114 δε
1816 3082 2042 3113 Licbfeldensem
2057 3080 2232 3121 Episcopum
2240 3083 2329 3120 ‚olim

1276 3121 1492 3154 Thesaurarium
1504 3123 1574 3153 dieti
1587 3122 1673 3152 Patris
1684 3121 1787 3159 nostri,
1806 3130 1840 3150 ex
1852 3121 1933 3150 certis
1946 3119 2097 3150 rationibus
2111 3122 2276 3160 provocati:

1314 3161 1359 3191 Ac
1379 3162 1505 3192 volentes
1524 3171 1591 3191 cum
1614 3160 1692 3198 super
1707 3159 1857 3201 aliquibus,
1875 3167 1924 3195 per
1938 3167 2004 3187 eum
2018 3156 2120 3195 gestis,
2139 3157 2173 3189 ad
2191 3160 2328 3190 rationem

1275 3209 1397 3239 ponere,
1413 3207 1496 3237 prout
1508 3200 1589 3228 nobis
1602 3198 1698 3234 licuit,
1716 3205 1822 3227 ratione
1837 3196 1926 3227 officii
1938 3196 1977 3226 sui
1990 3195 2154 3234 supradicti,
2173 3197 2332 3228 mandasse-

1276 3247 1338 3267 mus
1360 3247 1400 3267 res
1420 3238 1453 3268 &
1477 3238 1552 3266 bona
1570 3236 1614 3266 sua
1629 3259 1638 3273 ,
1657 3245 1845 3274 quaecumque
1857 3257 1867 3272 ,
1885 3235 1917 3265 &
1931 3234 2091 3274 ubicunque
2105 3235 2234 3274 inventa,
2251 3236 2331 3266 seifiri

1277 3277 1307 3305 in
1323 3285 1438 3305 manum
1453 3275 1592 3312 nostram,
1610 3273 1704 3303 donec
1721 3274 1862 3303 ratiocinia
1883 3273 1919 3303 de
1939 3271 2083 3303 Thesauro
2097 3272 2165 3303 dieti
2178 3272 2266 3304 Patris
2277 3284 2332 3304 no-

1278 3314 1325 3344 stri
1340 3314 1421 3344 nobis
1433 3313 1522 3344 modo
1534 3312 1631 3342 debito
1645 3310 1801 3341 reddidisset
1815 3322 1824 3349 3
1841 3311 2031 3348 dilectumque
2046 3309 2192 3342 Clericum
2203 3311 2331 3342 nostrum

1278 3351 1456 3390 Ingelardum
1467 3351 1502 3381 de
1515 3351 1631 3387 Warle,
1649 3349 1861 3380 Thesaurarium
1875 3348 2049 3379 Garderobae
2063 3349 2185 3388 nostrae,
2196 3349 2250 3379 unii
2258 3358 2329 3379 cum

1279 3390 1443 3428 quibusdam
1464 3389 1520 3420 aliis
1535 3411 1545 3427 ,
1571 3389 1605 3419 ad
1646 3397 1714 3419 artes
1738 3387 1943 3418 Lichfeldenses
1963 3386 2170 3418 destinassemus
2182 3409 2192 3424 ,
2209 3386 2242 3417 ad
2255 3387 2331 3419 bona

1278 3429 1398 3466 ejusdem
1414 3427 1545 3468 Episcopi
1558 3428 1589 3457 in
1601 3398 1702 3458 eisdem
1711 3426 1832 3464 partibus
1846 3425 2044 3464 scrutanda,&
2058 3425 2092 3456 ad
2105 3435 2157 3456 nos
2170 3425 2330 3456 deferenda·

1311 3466 1445 3505 Idemque
1460 3465 1602 3503 Clericus,
1619 3465 1654 3496 ad
1669 3464 1818 3494 Ecclesiam
1834 3464 2059 3494 Lichfeldensem
2073 3462 2206 3495 accedens
2220 3486 2230 3501 ,
2249 3474 2306 3501 quo

1275 3504 1324 3534 sibi
1340 3515 1388 3545 per
1407 3514 1459 3535 nos
1479 3504 1529 3534 sub
1569 3505 1626 3534 ravi
1646 3502 1819 3532 forisfactura
1832 3502 1928 3533 nostri
1942 3502 2100 3541 injuriet-um
2113 3500 2216 3540 fuerat,
2235 3501 2328 3532 Mini-

1275 3542 1351 3581 stris,
1370 3552 1440 3581 quos
1460 3543 1489 3572 in
1511 3541 1543 3572 ei
1565 3551 1611 3571 em
1632 3540 1759 3571 Ecclesia
1779 3542 1878 3577 reperit
1891 3564 1900 3578 ,
1920 3541 2041 3579 exposuit
2060 3538 2196 3577 seriatim,
2212 3541 2311 3578 quibus

1275 3581 1324 3611 ubi
1337 3581 1412 3611 bona
1427 3580 1506 3619 ipsius
1525 3579 1657 3619 Episcopi
1673 3601 1682 3617 ‚
1698 3580 1727 3608 in
1742 3578 1840 3609 eadem
1861 3578 1985 3610 Ecclesiii
1997 3576 2116 3616 deposita
2128 3577 2252 3617 fuerant,
2268 3579 2303 3608 ab
2314 3595 2328 3602 -

1274 3629 1329 3657 que
1344 3619 1396 3649 ulla
1409 3619 1559 3650 coadtione
1572 3616 1799 3656 ostendentibus,
1817 3617 1888 3655 ipse,
1906 3618 1972 3648 licet
1987 3616 2105 3652 invitus,
2124 3615 2333 3653 praesentialiter

1272 3657 1372 3694 astitit,
1386 3657 1457 3688 dum
1470 3657 1579 3694 caeteri,
1595 3665 1664 3693 quos
1676 3655 1769 3685 secum
1784 3655 1818 3686 ad
1833 3655 1889 3686 hoc
1902 3655 2127 3695 deputaveramus
2137 3676 2148 3692 ,
2164 3654 2262 3685 eadem
2273 3655 2328 3685 bo-

1272 3705 1308 3725 na
1321 3704 1472 3732 ceperunt,
1489 3695 1523 3726 δε
1537 3695 1571 3724 ad
1587 3703 1640 3724 nos
1652 3693 1821 3724 detulerunt:

1308 3733 1416 3762 Verum
1430 3757 1440 3772 ,
1459 3733 1523 3763 licet
1544 3732 1621 3762 idern
1644 3730 1770 3762 Clericus
1804 3730 1987 3770 postmodum
2007 3729 2064 3760 tam
2077 3729 2196 3767 praefiito
2210 3729 2327 3769 Episco-

1270 3781 1310 3810 po
1319 3794 1328 3809 ,
1345 3771 1427 3810 quarn
1441 3770 1563 3801 Decano
1579 3770 1611 3800 &
1626 3769 1760 3808 Capitulo
1775 3755 1907 3800 Ecclesiae
1920 3767 2069 3808 praelibatae
2083 3789 2094 3804 ,
2110 3766 2178 3797 faeti
2191 3767 2271 3806 hujus
2282 3769 2325 3799 se·

1267 3811 1337 3838 riem
1358 3819 1483 3839 enarrans
1496 3831 1507 3848 ,
1530 3808 1671 3838 humiliter
1690 3808 1868 3839 absolutionis
1886 3805 2054 3837 beneficium
2075 3815 2091 3835 a
2110 3804 2240 3836 sententia
2264 3806 2323 3837 Ex-

1268 3847 1535 3877 communicationis
1549 3869 1559 3885 ,
1582 3847 1610 3875 in
1633 3855 1719 3884 quam
1732 3869 1743 3885 ,
1760 3846 1793 3877 ea
1805 3845 1952 3877 occasione
2001 3843 2028 3873 se
2044 3841 2170 3873 incidisse
2188 3844 2322 3884 timebat,

1265 3886 1302 3915 ab
1323 3886 1362 3915 eis
1381 3885 1463 3915 fuerit
1484 3885 1639 3922 assecutus3
1656 3885 1711 3921 jam
1731 3894 1825 3915 tamen
1838 3907 1848 3921 ,
1863 3890 1893 3913 ut
1908 3866 2091 3912 intefleximus
2103 3903 2113 3918 ,
2127 3880 2206 3919 super
2218 3882 2323 3914 eodem

1266 3923 1359 3962 facto,
1373 3932 1447 3953 nova
1460 3922 1560 3954 vestrae
1572 3921 1740 3953 Clementiae
1752 3923 1860 3952 auribus
1874 3919 1915 3951 est
1928 3919 2017 3950 delata
2030 3919 2211 3957 queremonia
2224 3929 2326 3953 contra

1265 3971 1333 3992 eum
1344 3983 1355 3999 ,
1371 3961 1480 4002 ipseque
1501 3960 1622 3994 vestram
1638 3983 1648 3999 ,
1664 3970 1700 3992 eo
1721 3967 1854 3999 praetextu
1865 3981 1877 3997 ,
1902 3958 1928 3989 se
1942 3957 2042 3989 metuit
2055 3956 2191 3988 offensam
2204 3960 2323 3998 graviter

1266 3999 1420 4032 incurrisse.
2238 4030 2306 4073 Μ

2310 4053 2326 4073 1

2346 2735 2423 2767 Anu.
2438 2735 2480 2768 D.
