2562 4279
212 104 262 143 16
637 88 1284 136 CONVENTION

64 187 141 219 Am.
154 185 195 217 D.
244 185 309 217 Nos
329 185 361 216 ad
378 183 476 215 vestrae
491 181 646 214 Sanstitatis
659 180 770 217 apicem
782 177 913 209 discretos
923 176 1047 216 aliquos,
1061 176 1096 208 de
1111 175 1271 214 nostris,&

87 234 179 265 1321.
209 224 291 255 nobis
306 222 486 254 affistenu'bus
498 243 508 260 ,
532 216 673 250 mandrisse
693 226 746 255 pro
786 216 904 255 suimus,
919 217 984 254 qui,
1005 216 1035 245 in
1050 214 1164 254 praesato
1177 215 1274 258 termi-

65 265 169 294 uva,
210 272 264 300 no,
287 261 423 297 vestram,
444 261 477 290 &
489 281 499 297 ,
516 256 732 289 reverendorum
775 263 884 293 atrum,
907 254 1103 285 Dominorum
1121 271 1155 277 --
1172 252 1275 283 Cardi-

213 300 334 337 nalium,
355 299 390 328 de
414 298 494 335 ipsius
511 295 631 326 Roberti
650 293 817 335 suorumque
832 293 1019 331 Complicum
1037 292 1204 323 Rebellione
1220 291 1276 321 Ti-

213 337 329 370 rannica
347 334 525 366 conscientias
546 330 748 364 informassent.

251 376 298 406 Set
317 374 410 404 audito
435 374 468 405 &
487 373 569 403 etiarn
587 369 835 409 inteueeto‚qut›d
854 368 1029 408 Apostolicae
1046 368 1123 399 Sedis
1141 367 1278 409 Benigni-

214 422 272 451 taS,
289 413 394 443 vicaria
411 395 499 447 &egis
517 408 628 449 pacifici
641 408 765 440 Domini
779 407 867 439 nostri
877 407 941 447 Jesu
953 406 1275 445 Christi,univeriorum

217 451 322 482 Pacem
335 450 425 480 sitiens
441 450 474 480 δε
512 450 632 486 uietem,
646 447 820 485 solempnem
837 446 872 477 ad
889 454 976 485 partes
992 445 1097 475 nostras
1113 445 1279 482 Nuncium,

217 487 380 519 Venerabili
397 487 472 518 Patri
490 488 505 517 X
533 486 689 527 yntoniensi
706 485 847 525 Episcopo
866 495 914 523 per
930 494 981 515 vos
995 483 1151 520 Collegam
1165 482 1279 520 deputa-

218 534 295 565 tum,
306 527 365 565 jam
380 527 488 557 noviter
499 525 634 556 destinare
649 525 756 556 curavit
770 547 781 562 ,
806 533 837 554 ut
857 523 890 554 ad
913 533 945 553 ea
957 545 967 562 ,
994 532 1054 561 quae
1074 521 1133 552 sunt
1149 520 1232 551 Pacis
1245 521 1279 551 &

217 564 409 602 Concordiae,
425 563 536 602 praefati
553 563 690 601 Roberti,
705 562 949 600 Complicumque
963 560 1074 591 suorum
1089 560 1177 590 animi
1195 559 1280 597 (mo-

219 613 249 634 re
264 602 414 634 Pharaonis
433 603 568 633 badi-enus
584 601 702 632 indurati
717 601 727 638 )
754 599 891 638 utriusque
913 599 1036 637 ipsorum
1061 597 1200 628 mediante
1217 606 1281 636 pru-

218 641 331 680 dentia,
347 641 514 672 inclinentur
531 640 640 672 facilius
658 640 691 670 &
709 646 819 678 pareant
833 638 958 668 Veritati.

260 679 312 718 Et,
327 688 440 718 propter
455 680 512 711 hoc
521 702 531 718 ,
550 678 732 709 verisimiliter
744 678 886 716 opinantes
902 674 995 714 quod,
1007 674 1145 713 pendente
1159 673 1281 704 Tradia-

220 725 267 757 tu,
280 728 364 756 quem
379 718 457 757 super
470 719 528 749 hoc
542 717 648 748 faciunt
662 726 730 747 cum
742 715 845 746 eisdem
854 715 904 754 ,in
922 721 1077 744 memorato
1092 712 1223 749 Negotio
1237 712 1282 741 ni-

221 756 280 787 chil
293 756 368 787 fieret
382 758 527 795 novitatis,
547 756 582 786 de
599 754 726 786 Consilio
745 753 900 784 Procerum
922 751 1084 782 nostrorum
1103 750 1281 788 Propositum

222 794 351 826 nostrum
365 796 531 826 mutavimus
549 792 822 831 antedi&um,lianc
838 791 964 821 nostram
979 789 1156 820 excusationis
1168 789 1201 818 &
1217 798 1282 825 gra-

221 834 326 864 tiarum
344 834 461 864 afflonis
473 834 603 872 paginam
611 833 659 871 ,&
668 830 806 869 quandam
821 829 903 859 aliam
921 828 1055 858 Litteram
1067 826 1190 857 nostram
1198 849 1207 865 ,
1215 836 1264 863 per
1272 848 1283 864 ,

223 870 401 908 Religiosum
424 871 528 903 Virum
549 894 559 910 ,
586 871 711 901 Fratrem
725 868 885 907 johannem
909 867 944 897 de
958 865 1115 896 XVrotham
1130 887 1140 903 ,
1168 864 1284 894 Ordinis

221 908 445 940 Praedicatorum
461 912 565 948 (quem
574 932 584 948 ,
599 908 755 939 nostrarum
770 906 894 937 Precum
908 906 1063 936 interventu
1073 927 1082 943 ,
1096 902 1281 933 Poenitentia-

223 949 332 979 riorum
345 947 502 979 vestrorum
515 957 634 978 numero
649 946 759 976 noviter
773 943 965 982 aggregastis,
978 952 1031 981 pro
1044 952 1102 980 quo
1114 942 1196 972 vobis
1209 942 1284 972 simi-

220 986 283 1017 liter
298 988 479 1025 regratiamur
494 987 633 1016 inmense:
652 985 769 1023 Qiem,
783 983 815 1014 &
824 1005 834 1021 ,
848 982 867 1013 si
882 981 972 1020 placet
981 1004 991 1020 ,
1015 980 1281 1011 recommendatum

216 1024 421 1064 habentes,sibi
434 1026 540 1062 aperire
551 1023 709 1064 dignemini
721 1023 751 1052 in
768 1021 910 1062 posterum
924 1020 1014 1050 sinum
1029 1020 1125 1057 gratiae
1139 1017 1278 1056 specialis)

219 1063 390 1132 Apoistogico
403 1062 611 1101 conspeetuiffl
625 1061 729 1101 placeat
739 1058 968 1100 ,praesentandas,
986 1058 1020 1089 ad
1034 1057 1149 1097 praesens
1160 1065 1282 1088 tantum-

218 1111 270 1134 mo
290 1112 310 1132 0
344 1112 376 1131 iri
399 1110 473 1132 entes

257 1139 293 1170 Et
307 1112 397 1179 snm?
417 1124 587 1170 uam'dieius
599 1138 747 1170 Tractatus
763 1136 843 1167 Pacis
854 1136 935 1174 (inter
949 1133 1072 1173 N0s,&
1087 1133 1199 1164 diuum
1218 1132 1280 1163 Rc»

219 1178 332 1208 bertum
346 1177 382 1208 de
424 1188 483 1217 rus,
498 1179 528 1208 in
541 1176 698 1208 vestrorum
713 1175 898 1206 Nunciorum
913 1172 1075 1212 praesentia,
1085 1172 1144 1211 jam
1174 1180 1206 1202 ut
1222 1181 1283 1202 cre-

219 1215 332 1256 dimus,
346 1216 508 1254 inchoatus)
518 1215 640 1254 finiatur,
653 1215 731 1253 super
744 1212 1015 1252 aliquibus,di6tum
1030 1210 1124 1241 Proce
1148 1220 1198 1241 um
1213 1220 1284 1241 con-

215 1255 406 1294 tingentibus,
419 1254 508 1286 vestra
522 1254 676 1285 decreverit
699 1252 858 1290 Benignitas
878 1250 1032 1288 pleniorem
1047 1248 1279 1280 informationem

217 1294 364 1332 accipere,
399 1304 428 1323 er
444 1292 614 1330 Magistrum
637 1290 777 1321 Andream
799 1289 886 1327 Sapiti
908 1287 1057 1318 Clericum
1080 1287 1228 1326 nostrum,
1249 1287 1283 1318 &

216 1340 266 1368 per
281 1331 348 1362 alios
393 1331 559 1369 onsiliarios,
574 1331 606 1361 δε
622 1328 750 1359 Clericos
763 1327 888 1366 nostrOS,
905 1327 935 1356 in
950 1325 1130 1357 sacrosan&
1146 1325 1282 1357 Roman&¹

217 1368 306 1400 Curia
319 1370 480 1408 existentes,
493 1379 562 1399 cuni
578 1369 659 1398 vobis
674 1367 822 1406 placuerit,
838 1366 952 1396 interim
969 1364 1075 1404 vestra,
1087 1365 1168 1395 nobis
1181 1365 1284 1403 propi-

211 1408 266 1446 tia,
281 1408 426 1439 informari
441 1408 541 1446 poterit
553 1406 688 1437 Sanstitas
700 1404 859 1437 reverenda.

257 1444 426 1486 Conservet,
443 1447 503 1477 &c.

255 1522 323 1555 Dat.
339 1522 411 1562 apud
421 1522 725 1561 Westmonasterium,
743 1529 840 1561 quarto
856 1520 902 1552 die
917 1519 1028 1551 Martii.

348 1649 397 1682 De
416 1649 552 1694 Negotiis
568 1644 723 1679 antediHIs
735 1672 745 1688 ‚
768 1648 805 1684 ᾤ’
826 1643 862 1677 de
875 1644 1024 1678 Translata
1041 1645 1140 1677 Pacis.

72 1727 148 1761 Ann-
162 1725 204 1758 D·
219 1731 362 1788 REX,
379 1732 487 1765 dileeio
501 1732 617 1764 Clerico
630 1730 696 1770 suo,
709 1730 853 1768 Magistro
869 1729 989 1761 Andreae
1004 1727 1237 1774 Sapiti,fflutem.
1261 1766 1267 1771 ι

92 1777 104 1797 ¹
112 1775 177 1807 321.
312 1771 354 1802 Ex
376 1772 506 1811 decreto,
521 1770 692 1812 Sanfflffimi
707 1769 794 1800 Patris
809 1768 894 1799 nostri
930 1768 1050 1799 Dommi
1061 1767 1212 1806 Johannis,
1226 1765 1283 1796 Di-

70 1809 125 1834 Ᾱη·
145 1815 188 1842 ¹4·
219 1812 286 1843 vina
302 1809 496 1848 Providentia,
511 1809 594 1848 Papae
608 1809 735 1839 viceiimi
750 1807 879 1845 secundi,
892 1791 949 1837 dies
965 1806 1087 1837 statuitur
1101 1805 1231 1836 Roberto
1244 1804 1280 1834 de

70 1848 102 1873 Ε·
119 1853 144 1871 ²·
221 1851 289 1883 Brus
318 1850 351 1880 &
363 1848 413 1879 suis
425 1847 641 1886 Complicibus,
657 1849 687 1877 in
702 1845 884 1877 Sacrosantta
900 1844 1031 1876 Romana
1053 1843 1141 1875 Curia
1165 1842 1282 1882 (videli-

70 1880 185 1914 RWL&
221 1899 267 1920 cet
296 1873 430 1918 kalendis
446 1887 548 1925 Aprilis
561 1888 694 1929 proximo
716 1884 828 1929 suturis)
848 1884 973 1927 legitime
989 1880 1186 1926 comparendi-,-
1201 1889 1285 1925 prout

70 1924 103 1949 1⁷⁷
107 1930 161 1956 -14-
172 1924 202 1948 Β
221 1912 325 1965 neniis,
339 1926 372 1956 ad
389 1925 577 1963 audiendum,
593 1926 626 1956 &
640 1922 851 1961 recipiendum,
867 1932 920 1960 pro
934 1922 986 1952 suis
1000 1921 1201 1952 Contumacns
1214 1929 1285 1958 pari-

72 1967 100 2003 3·
124 1967 160 1984 ⁷⁷¹·
177 1967 203 1985 2·
219 1974 261 1997 ter
282 1966 315 1996 &
331 1962 456 2001 offensis,
470 1962 659 2001 multipliciter
674 1961 845 2000 contractis,
861 1962 933 1991 ‘uxta
945 1969 1074 1990 tenorem
1087 1957 1285 1998 processuum,

70 2006 98 2023 ν’
116 1997 200 2024 C‘du·
218 2004 297 2042 super
320 2003 372 2033 hiis
387 2002 560 2040 habitorum,
574 2000 652 2039 quod
667 1999 825 2030 consonum
878 1999 928 2028 erit
942 1998 1051 2028 rationi.

72 2033 109 2062 la.
257 2041 344 2080 Cujus
366 2040 484 2071 Decreti
499 2048 648 2078 praetextu,
665 2039 792 2077 speciales
813 2035 1021 2068 Ambaffatores
1034 2036 1067 2066 &
1086 2034 1221 2066 Nuncios
1232 2045 1287 2065 no-

90 2071 111 2091 *
130 2074 184 2102 ῙῙῘ·
219 2080 290 2112 stros
305 2080 340 2111 ad
363 2079 535 2118 praesentiam
553 2078 572 2098 ³*
588 2096 641 2102 ---
661 2075 831 2108 Sanfflffimi
854 2075 941 2106 Patris
962 2074 1048 2105 nostri
1066 2074 1202 2113 praelibati
1216 2096 1226 2112 ‚
1254 2074 1286 2104 in

106 2109 171 2146 87²·
220 2120 343 2152 termino
358 2118 548 2157 infrascripto,
563 2115 664 2148 misisse
678 2115 857 2154 disposuimus
870 2114 922 2144 ista
935 2115 1008 2145 vice.

256 2157 370 2189 Verum
388 2158 451 2195 quia
465 2180 474 2195 ‚
501 2156 535 2187 ad
558 2164 688 2194 rogatum
701 2177 711 2193 ,
739 2155 773 2185 δε
792 2152 950 2184 instantiam
972 2153 1059 2183 etiam
1089 2152 1286 2194 importunam

217 2196 326 2237 praesati
349 2195 487 2234 Roberti,
501 2203 591 2225 certos
605 2194 681 2224 diem
695 2194 728 2225 &
745 2193 843 2223 locum
859 2190 1047 2223 concessimus
1061 2190 1096 2220 ad
1117 2194 1213 2220 lecum
1232 2197 1286 2220 tra-

217 2235 372 2273 nandum,
395 2234 533 2265 mediante
548 2232 685 2264 Concilio
701 2231 795 2261 nostro
809 2253 818 2269 ,
839 2230 874 2260 de
897 2230 988 2268 Pace,
1008 2229 1027 2260 si
1051 2228 1204 2260 Altiffimus
1218 2237 1283 2258 eam

219 2273 352 2305 cordibus
366 2272 589 2309 Malignantium
604 2269 751 2301 infundere
772 2270 906 2307 voluerit,
928 2269 1070 2307 gratiose,
1099 2268 1146 2297 cui
1167 2265 1284 2304 quidem

221 2312 366 2343 Tractatui
393 2311 542 2341 intererunt
564 2309 674 2340 Nuncii
695 2308 850 2346 solempnes
871 2316 904 2337 ex
927 2315 1001 2344 parte
1016 2303 1187 2336 Sanetiffimi
1202 2302 1286 2334 Patris

222 2350 311 2382 nostri
332 2349 497 2387 supradicti,
511 2348 564 2379 hac
578 2347 728 2378 occasione
741 2346 777 2376 ad
790 2354 876 2384 partes
890 2345 994 2375 nostras
1010 2343 1084 2373 missi
1103 2344 1155 2372 hiis
1171 2342 1286 2381 diebus,

218 2398 274 2427 ac,
290 2397 324 2419 ex
337 2396 440 2418 eventu
453 2385 605 2418 Traetarfis
618 2383 776 2424 hujusmodi
789 2407 799 2424 ,
825 2383 929 2424 pendet
944 2383 1009 2414 Sors
1030 2381 1188 2413 Decisionis
1198 2379 1284 2412 nostri

222 2427 303 2466 hujus
317 2426 435 2467 Negotii
467 2424 580 2455 finaliter
592 2422 776 2461 terminandi,

259 2465 348 2496 Vobis
361 2447 526 2495 mandamus
543 2463 712 2502 quatinus‚si
727 2460 919 2492 Sanfflffimus
934 2459 1014 2491 Pater
1031 2458 1284 2497 antedi&us,super

220 2503 379 2543 hujusmodi
399 2501 591 2539 Proceffibus,
609 2502 641 2532 δε
659 2499 794 2531 Processu
811 2499 952 2530 reverendi
979 2498 1064 2529 Patris
1087 2497 1210 2528 Domini
1232 2498 1284 2538 Jo-

221 2542 321 2573 hannis
334 2541 487 2573 Gaucelini
517 2540 609 2570 Tituli
632 2539 801 2571 Sandiorum
824 2537 1032 2569 Marcellini&
1047 2536 1124 2566 Petri
1138 2535 1284 2567 Presbiteri

220 2580 376 2611 Cardinalis
388 2603 397 2618 ,
419 2563 583 2618 Apostolica
605 2577 655 2608 sibi
672 2578 834 2609 auctoritate
855 2576 1007 2607 commissa
1020 2599 1035 2619 ,A
1052 2583 1149 2605 contra
1172 2574 1282 2606 dietum

217 2618 397 2658 Robertum,
411 2617 524 2656 suosque
538 2616 703 2655 CompliC&
716 2617 749 2647 &
766 2616 909 2653 Fautores,
924 2616 953 2645 in
971 2614 1089 2652 partibus
1099 2612 1282 2644 transmarinis

215 2657 324 2688 dudum
339 2658 436 2688 habito
453 2657 554 2694 (quem
568 2656 650 2685 vobis
664 2665 728 2694 per,
740 2654 877 2684 dilectum
889 2653 1014 2683 nostrum
1023 2653 1163 2691 ,Fratrem
1174 2652 1280 2691 Johan-

213 2705 284 2726 nem
301 2695 337 2726 de
348 2695 523 2734 wrotham,
542 2694 664 2724 Domini
680 2693 761 2730 Papae
774 2692 1018 2722 poenitentiarium
1033 2714 1043 2729 ,
1066 2691 1122 2720 unii
1138 2700 1206 2720 cum
1219 2690 1278 2721 aliis

216 2734 330 2764 Litteris
344 2732 461 2771 nostris,
472 2732 587 2771 praefato
602 2731 781 2763 Sanetiffimo
795 2730 885 2769 Patri,
898 2740 931 2760 ex
947 2731 1000 2760 hiis
1016 2752 1025 2767 ,
1045 2729 1078 2760 &
1098 2729 1156 2759 aliis
1178 2729 1279 2767 causis,

224 2772 355 2810 directis,
369 2770 591 2808 transmittimus)
609 2771 652 2801 vel
671 2772 748 2808 super
768 2769 824 2800 aliis
837 2768 967 2800 Articulis
975 2791 989 2812 ,Π
997 2767 1161 2805 Negotium
1177 2767 1281 2799 Scotiae

222 2811 466 2850 contingentibus,
484 2811 596 2840 interim
611 2809 774 2846 aliquotiens
789 2809 929 2838 certiorari
945 2808 1078 2844 voluerit,

259 2848 353 2886 Ipsum
363 2871 372 2886 ,
396 2849 451 2878 una
467 2858 534 2878 cum
549 2848 606 2877 aliis
620 2847 825 2885 instrumentis,
846 2845 1005 2884 hujusmodi
1027 2845 1193 2881 Negotium
1209 2855 1282 2876 con-

218 2887 408 2924 tingentibus,
427 2896 510 2924 penes
521 2896 571 2915 vos
585 2885 804 2923 existeiitibus,li
819 2885 1043 2922 expediat,juxta
1058 2885 1213 2924 peritorum
1245 2884 1281 2914 de

220 2925 316 2956 nostro
330 2923 465 2954 Concilio
477 2926 507 2954 in
519 2923 598 2954 dieti
613 2923 703 2953 Curia
717 2924 894 2954 existentium
901 2946 912 2961 ,
927 2923 1088 2961 arbitrium,
1101 2922 1194 2952 eidem
1233 2922 1283 2952 atri

222 2963 318 2994 nostro
331 2963 477 3005 exhibere,
499 2963 543 2993 vel
562 2962 638 3000 alias,
655 2963 730 3000 juxta
751 2970 876 2992 tenorem
896 2961 1062 2992 eorumdem
1083 2959 1283 2999 Processuum,

224 3003 312 3034 verbo
330 3010 410 3032 tenus
430 3003 582 3031 informare
594 3002 706 3030 curetis:

255 3039 372 3070 Proviso
385 3049 479 3070 tamen
491 3039 570 3078 quod
592 3037 760 3069 Proceffum
779 3037 850 3068 dicii
870 3037 993 3068 Domini
1013 3036 1184 3076 Cardinalis,
1199 3047 1283 3076 expc-

217 3078 281 3108 ditis
298 3077 492 3116 expediendis,
505 3079 587 3108 nobis
621 3077 722 3116 absque
742 3076 872 3106 dilatione
890 3077 1073 3114 qualicunque
1111 3086 1158 3113 per
1174 3085 1282 3107 certum

219 3115 391 3159 Nuncium,
410 3117 460 3147 sub
477 3115 531 3147 fida
544 3126 580 3146 cu
606 3116 685 3154 odia,
701 3116 840 3145 remittere
858 3125 915 3144 non
931 3114 1058 3152 tardetis3
1081 3099 1283 3153 procurantes,

220 3156 239 3184 ii
255 3155 361 3192 placet,
381 3155 456 3192 quod
476 3154 593 3193 praefato
611 3154 698 3184 Fratri
731 3152 918 3191 olianni,ipso
933 3152 1050 3183 Curiam
1065 3151 1284 3192 ingresso,liber

222 3193 321 3223 Aditus
335 3193 467 3224 tribuatur
481 3194 507 3224 se
522 3191 700 3224 Sanfflffimo
739 3193 787 3222 atri
803 3190 899 3221 nostro
921 3190 1110 3229 praesentandi.

259 3267 327 3301 Dat.
344 3269 418 3309 apud
436 3269 740 3308 westmonasterium,
758 3276 854 3307 quarto
868 3267 912 3298 die
932 3267 1037 3298 Martii.

575 3397 624 3429 De
642 3392 751 3427 orando
765 3404 820 3439 pro
842 3396 927 3440 Rege.

75 3482 151 3514 Ann.
166 3481 205 3512 D.
222 3478 367 3534 REX,
384 3480 532 3518 Rehgiosis
554 3480 654 3518 viris,
679 3479 712 3510 &
730 3480 758 3509 in
773 3478 888 3509 christo
907 3477 957 3508 fibi
977 3477 1086 3509 <ineas
1101 3499 1112 3516 ,
1142 3475 1287 3514 Magistro

95 3531 180 3561 1321.
296 3519 412 3550 Ordinis
436 3519 560 3550 Fratrum
587 3518 808 3548 Praedicatorum
824 3541 833 3555 ,
864 3527 897 3548 ac
918 3516 1149 3554 DiffinitoribuS,
1171 3516 1205 3546 &
1222 3516 1287 3546 Fra-

74 3564 127 3587 An.
147 3570 190 3595 ¹4·
222 3559 306 3588 tribus
327 3558 475 3596 universis,
490 3559 518 3588 in
534 3556 668 3587 Generali
683 3555 815 3593 Capitulo
826 3556 875 3586 suo
890 3578 900 3594 ,
921 3555 994 3592 apud
1011 3554 1177 3584 Florentiam
1212 3555 1286 3584 roxi-

75 3602 105 3624 Ε.
117 3607 141 3624 2.
223 3600 275 3626 m'o
295 3596 519 3634 congregandis,
533 3595 662 3634 salutem,
677 3595 709 3626 &
725 3595 828 3632 Spiritu
843 3593 950 3624 SanCto
967 3592 1054 3630 dirigi
1068 3593 1098 3622 in
1113 3564 1237 3628 agendis.

75 3635 164 3671 clauf.
259 3633 341 3663 Dum
361 3634 557 3664 conditionem
575 3635 704 3664 humanae
719 3632 873 3670 fragilitatis
884 3631 1052 3662 attendimus
1057 3630 1189 3668 ,qualiter
1202 3630 1285 3659 omni

77 3677 161 3708 ‘¹4³3-
177 3682 204 3700 2.
222 3680 351 3714 creaturae
368 3695 377 3710 ,
407 3674 463 3702 tam
489 3672 619 3710 sublimi,
644 3672 728 3710 quam
746 3671 863 3709 humili,
883 3669 1109 3710 praetereuntibus
1134 3668 1183 3699 suo
1205 3667 1285 3698 cursu

75 3720 111 3738 m.
131 3711 158 3739 8.
177 3712 204 3739 d.
221 3709 336 3778 ildiebus,
350 3710 486 3745 praesentis
501 3711 567 3741 vitae
580 3709 640 3740 sinis
655 3711 821 3749 appropiat,
843 3708 903 3745 &a
917 3715 998 3748 prout
1020 3708 1052 3738 de
1075 3707 1135 3737 dat.
1157 3715 1188 3746 4.
1210 3709 1285 3745 Apr.

257 3758 286 3776 n.
304 3754 347 3775 10.

258 3819 325 3852 Dat.
344 3821 417 3859 apud
434 3822 456 3853 F
459 3823 581 3864 ulmere,
598 3825 716 3863 septimo
733 3823 779 3856 die
795 3822 912 3863 Martii,

786 3902 840 3931 Per
856 3902 948 3930 Breve
966 3899 998 3929 de
1007 3901 1124 3938 privato
1141 3888 1242 3935 Sigillari

1312 87 1441 137 es,
1495 83 1900 136 LITERAE,

2401 205 2476 238 Ann.
2489 206 2522 238 D

1369 263 1429 295 Pro
1447 259 1581 307 Epifiopo
1602 258 1893 304 Dunolmenstsitper
1912 258 2117 289 exoneratione
2137 252 2329 289 Debitorum.
2399 254 2508 312 1322212·
2521 232 2533 244 Κ

1310 344 1475 415 ,ΡΑΡΙΕ
1504 345 1570 375 Rex
1585 343 1812 389 devotahpedum
1834 342 1927 387 oscula
1947 341 2101 381 beatorum.
2401 325 2514 387 ‘gn-2¹4-

1397 383 1492 424 Urget
1510 381 1626 414 affe&io
1647 391 1756 413 mnmae
1779 381 1922 419 Caritatis,
1935 390 2021 418 quam
2035 380 2070 410 ad
2087 379 2254 418 personam,
2265 389 2381 411 venera·
2402 382 2514 433 Rimf&

1314 422 1376 452 bilis
1388 421 1494 460 Patris,
1510 420 1721 459 Consanguinei
1737 420 1823 450 nostri
1847 418 1992 456 carissimi,
2011 417 2158 448 Lodewici
2182 417 2381 449 Dunolmensis

1314 460 1463 498 Episcopi,
1476 461 1636 498 optinemus
1645 482 1655 498 ,
1669 459 1778 497 ejusque
1787 481 1798 497 ,
1812 468 1846 489 ac
1863 455 2023 488 commistae
2037 456 2087 486 libi
2102 455 2235 486 Ecclefiae
2247 455 2380 488 desidera·

1314 507 1341 529 ta
1355 498 1517 537 Prosperitas
1529 508 1581 528 nos
1592 497 1714 536 inducit,
1727 506 1757 528 ut
1776 507 1807 527 ea
1828 506 1912 534 penes
1932 495 2055 526 vestram
2074 493 2265 526 Clementiam
2281 494 2373 526 solerti

1315 536 1408 566 studio
1423 546 1616 575 procuremus,
1630 546 1693 574 quae
1710 536 1790 573 ipfius
1808 534 2025 573 tranquilitatem
2039 533 2189 573 respiciunt
2203 556 2213 572 ,
2240 532 2379 564 honorem

1315 575 1451 614 fulciunt,
1467 576 1499 606 δε
1517 583 1619 612 augent
1636 573 1814 614 profectuum
1832 575 2009 604 incrementa.

1354 613 1425 643 Sane
1447 613 1555 644 dudum
1570 612 1659 642 vestra
1681 612 1839 649 Benignitas
1858 613 1924 650 pia,
1939 609 2112 642 considerans
2135 618 2236 648 quanta
2251 609 2380 648 pi-aefatus

1316 650 1470 692 Episcopus
1484 652 1513 681 in
1528 650 1611 681 Bonis
1621 650 1673 680 suis
1682 673 1691 688 ,
1704 651 1738 680 &
1752 650 1884 680 Ecclesiae
1898 650 1953 681 suae
1967 649 2128 688 praedietae,
2149 658 2212 686 quae
2232 658 2318 687 prope
2334 649 2379 679 Fi-

1316 700 1363 719 nes
1379 690 1471 720 situata
1485 688 1525 719 est
1541 688 1683 718 Pestiferae
1696 688 1847 726 Nationis,
1865 699 1914 726 per
1932 688 2041 718 hostiles
2063 687 2222 725 aggreiius,
2241 686 2380 726 perpessus

1316 727 1403 758 suerat
1420 727 1603 758 incommoda
1618 727 1650 757 &
1663 727 1800 765 jacturas,
1821 727 1922 765 aliquas
1941 727 1990 757 sibi
2012 727 2126 764 gratias,
2148 735 2199 763 pro
2214 726 2378 757 relevatione

1317 765 1401 796 statiis
1420 766 1477 804 sui,
1492 765 1525 796 &
1537 766 1733 795 exoneratione
1747 765 1925 803 debitorum,
1940 775 2020 804 quae,
2031 773 2128 804 agente
2143 764 2248 795 matitia
2264 771 2375 803 tempo-

1318 805 1370 842 ris,
1383 804 1547 834 contrahere
1562 803 1602 834 est
1616 803 1745 842 coa&u8‚
1759 803 1911 834 dinoscitur
1926 803 2097 834 concessisse

1354 843 1476 880 Verum,
1493 842 1557 880 quia
1571 841 1657 872 didiae
1672 840 1781 872 Gratiae
1796 864 1806 880 ,
1825 841 2080 878 supervenientibus
2102 841 2237 880 aliquibus
2256 840 2381 879 impodi-

1317 881 1436 924 mentis,
1454 880 1590 923 speratum
1611 879 1770 910 Subsidium
1791 880 1817 909 ei
1837 879 1933 910 afferre
1952 881 2073 910 minime
2096 889 2263 919 potuerunt,
2282 879 2378 919 sicuti,

1317 918 1434 962 dilectus
1454 919 1553 956 nobis,
1569 917 1726 960 Almaricus
1738 918 1774 949 de
1787 917 1910 955 Trewe,
1926 916 2158 955 Consanguineus
2179 919 2250 949 dieti
2263 917 2382 956 Episco—

1318 967 1348 995 pi
1364 957 1464 996 (quem
1479 956 1558 986 idem
1571 955 1741 994 Epilcopus,
1763 965 1833 986 curn
1845 956 1978 994 aliquibus
1994 956 2246 994 Supplicationibus
2265 957 2317 988 suis
2346 956 2382 987 ad

1318 994 1417 1026 vestrae
1430 995 1585 1026 transmittit
1604 994 1778 1033 praesentiam
1793 993 1969 1031 sanctitatis)
1992 996 2075 1025 vobis
2085 1016 2097 1033 ,
2120 995 2141 1025 fi
2157 995 2239 1026 libeat
2251 1019 2262 1034 ,
2283 1006 2295 1026 r
2325 1005 2383 1026 erre

1318 1035 1419 1072 poterit
1437 1033 1543 1072 plenius
1560 1043 1610 1063 ore
1627 1041 1719 1063 tenus:

1357 1072 1415 1103 Cui
1450 1072 1469 1102 si
1492 1071 1599 1110 placet,
1617 1071 1695 1109 super
1714 1071 1766 1100 hiis
1783 1068 1870 1102 fidem
1889 1069 1977 1101 velitis
1994 1069 2137 1101 credulam
2152 1070 2305 1110 adhibere,

1358 1111 1378 1130 *²
1400 1095 1509 1141 Vestrae
1524 1109 1688 1141 Boetitudini
1701 1108 1871 1147 affectione,
1890 1108 1993 1147 quanta
2048 1106 2151 1139 ffumus
2164 1133 2174 1148 ,
2200 1109 2386 1148 supplicamus

2401 439 2442 464 Fr.
2464 445 2507 474 ¹4-
2525 453 2529 457 ·

2400 477 2434 502 E.
2447 483 2476 504 2.
2493 485 2530 506 m.

2403 521 2431 541 2.

2425 1112 2509 1143 *HL

2433 1152 2500 1189 873.

1320 1150 1461 1188 quatinus,
1481 1147 1629 1187 praefatum
1646 1147 1748 1186 Episco
1788 1157 1818 1178 m
1841 1148 1943 1186 (quem
1957 1157 1997 1178 no
2059 1147 2279 1179 consideratione
2294 1148 2385 1186 Regi—

1319 1189 1391 1218 mini
1406 1188 1492 1218 dietae
1509 1186 1643 1218 Ecclesiae
1658 1158 1812 1225 praemffiss
1828 1196 1839 1224 3
1868 1185 1904 1216 de
1931 1195 1989 1224 quo
2011 1195 2100 1223 grates
2119 1185 2152 1217 &
2176 1187 2272 1224 gratias
2286 1187 2384 1218 vestrae

1319 1225 1428 1264 semper
1441 1225 1608 1257 exsolvimus
1628 1224 1791 1262 Sanctitati)
1815 1224 1963 1264 habentes,
1978 1224 1998 1254 fi
2013 1225 2120 1262 placet,
2137 1224 2260 1255 Paternis
2274 1224 2384 1256 affieffl-

1319 1266 1370 1296 bus
1385 1264 1621 1295 commendatum
1630 1263 1856 1302 ,supplicationes
1868 1263 1965 1302 ipsius,
1988 1273 2037 1301 per
2050 1263 2195 1303 praefatum
2210 1263 2385 1295 Almaricum

1320 1302 1420 1334 vestrae
1434 1298 1602 1334 Clementiae
1617 1301 1819 1341 porrigendas,
1833 1300 1914 1333 solita
1925 1302 2097 1339 benignitate
2110 1302 2306 1340 recipere,&,
2309 1303 2386 1340 juxta

1319 1341 1452 1380 speratam
1468 1341 1601 1372 fiduciam
1616 1363 1625 1379 ,
1647 1340 1681 1371 ad
1703 1340 1885 1371 exauditionis
1904 1341 2020 1377 gratiam
2042 1340 2188 1370 admittere
2208 1340 2384 1379 dignemini,

1322 1390 1375 1419 pro
1389 1381 1556 1411 relevatione
1570 1377 1660 1410 Status
1673 1378 1728 1417 sui,
1743 1379 1776 1410 &
1791 1377 1925 1409 Ecclesiae
1939 1378 2012 1417 suae,
2024 1379 2057 1410 &
2072 1379 2301 1409 incumbentibus
2315 1389 2386 1409 one-

1319 1420 1395 1450 ribus
1415 1419 1558 1450 decentius
1577 1416 1784 1456 supportandis,
1798 1418 1835 1447 ita
1849 1415 1946 1455 quod,
1960 1425 2074 1455 exutus,
2093 1416 2211 1448 Paterna
2227 1416 2383 1448 Providen-

1320 1458 1374 1496 tia,
1388 1468 1404 1488 a
1418 1457 1534 1488 Sarcina
1553 1456 1746 1494 Debitorum,
1768 1465 1832 1494 quae
1852 1457 1954 1485 decent
1977 1454 2173 1486 Pontificalem
2195 1455 2383 1494 modestiam,

1319 1506 1387 1533 erga
1400 1495 1549 1534 superiores
1560 1495 1593 1527 &
1606 1494 1730 1526 subditos
1753 1502 1893 1533 gratanter
1910 1494 1944 1526 &
1957 1493 2044 1526 libere
2055 1503 2202 1526 excercere
2218 1495 2304 1526 valeat
2316 1494 2385 1526 licut

1320 1542 1409 1574 optat.

1357 1572 1529 1612 Conservet,
1542 1573 1602 1605 &c.

1357 1649 1424 1682 Dat.
1440 1650 1514 1689 apud
1529 1649 1758 1691 Wyndesoram,
1774 1649 1891 1681 decimo
1908 1648 1954 1681 die
1970 1648 2082 1682 Martii.

2086 1717 2389 1733 —-———-——-—-—-2»

1385 1774 1442 1809 Ad
1457 1778 1497 1810 L.
1517 1774 1554 1810 de
1571 1776 1665 1822 Flisco
1684 1774 1876 1809 Cardinalem
1887 1802 1897 1818 ‚
1929 1786 1999 1822 uper
2014 1774 2096 1809 dista
2109 1778 2326 1809 exoneratione.

1321 1860 1520 1931 VEnerabili
1536 1862 1566 1892 in
1581 1860 1698 1892 Christo
1712 1859 1786 1892 Patri
1798 1883 1812 1905 ,
1843 1860 1878 1892 L.
1897 1860 1955 1892 Dei
1974 1861 2078 1901 gratia,
2098 1860 2212 1892 Sanitae
2234 1859 2336 1891 Mariae
2357 1861 2388 1892 in
2411 1867 2486 1901 Arm,
2500 1867 2542 1903 0,·

1399 1899 1456 1931 Via
1472 1900 1544 1932 Lata
1564 1899 1699 1932 Diacono
1719 1899 1877 1938 Cardinali,
1902 1900 2009 1931 Amico
2027 1900 2076 1930 suo
2097 1899 2255 1939 cariffimo,
2271 1898 2387 1932 Edwar-
2437 1917 2522 1947 1321,

1321 1938 1372 1970 dus
1404 1938 1465 1970 ὅτε.
1479 1938 1592 1970 salutem
1622 1939 1656 1970 ὃ(
1676 1938 1790 1969 sincerae
1804 1938 1966 1969 dileetionis
1980 1939 2123 1970 astianum.
2411 1950 2464 1975 An.
2480 1956 2489 1973 1

1359 1961 1478 2016 Quanto
1494 1977 1532 2008 de
1553 1961 1652 2022 vestrae
1672 1976 1832 2021 dilectionis
1847 1977 1999 2021 sinceritate
2021 1977 2176 2020 pleniorem
2197 1975 2329 2007 fiduciam
2345 1986 2389 2006 re-
2495 1958 2524 1983 4⁹

1323 2024 1483 2054 portamus,
1495 2024 1575 2046 tanto
1590 2015 1737 2053 libentius,
1749 2025 1812 2054 quae
1827 2017 1911 2045 nobis
1926 2016 2041 2046 inlident
2055 2015 2150 2053 cordi,
2159 2014 2289 2053 Negotia
2305 2013 2388 2045 Beni-

1322 2053 1454 2085 volentiae
1467 2053 1566 2085 vestrae
1581 2054 1788 2085 committimus
1803 2053 1972 2092 exequenda.

1362 2091 1441 2123 Cum
1464 2094 1571 2132 itaque,
1586 2092 1759 2124 Venerabilis
1778 2091 1876 2130 Pater,
1898 2092 2081 2133 Lodowycus
2101 2090 2299 2123 Dunolmensis
2320 2091 2390 2131 Epi-

1321 2130 1437 2171 scopus,
1451 2130 1682 2169 Consanguineus
1695 2130 1789 2161 noster
1806 2130 2111 2170 cariisimus,quaedam
2123 2131 2222 2162 habeat
2236 2130 2385 2170 Negotia,

1322 2169 1424 2201 statum
1439 2169 1520 2201 suum
1533 2170 1689 2208 specialiter
1701 2171 1861 2208 tangentia,
1870 2179 1952 2206 penes
1965 2170 2128 2200 Dominum
2142 2170 2295 2200 Summum
2309 2169 2388 2201 Pori-

1321 2208 1428 2239 tificem
1441 2208 1645 2247 prosequenda,
1661 2218 1713 2246 pro
1731 2208 1845 2246 quibus,
1860 2208 1994 2239 diledium
2016 2207 2098 2238 nobis
2112 2231 2123 2247 ,
2143 2208 2323 2239 Almaricum
2350 2208 2387 2239 de

1321 2246 1412 2278 Trew
1431 2248 1582 2285 specialiter
1597 2247 1632 2278 ad
1648 2257 1698 2277 vos
1713 2248 1817 2277 mittit:

1357 2284 1441 2329 Nos,
1453 2285 1631 2316 desiderantes
1646 2285 1774 2322 Negotia
1794 2284 1838 2315 illa
1853 2308 1863 2323 ,
1892 2294 1943 2323 pro
1965 2285 2132 2316 relevatione
2156 2284 2248 2316 Status
2261 2284 2387 2323 ejusdem
2532 2300 2540 2315 i

1322 2321 1475 2363 Episcopi,
1490 2325 1538 2362 qui
1558 2333 1592 2355 ex
1612 2323 1783 2356 Guerrarum
1796 2324 1952 2355 turbinibus
1969 2324 2065 2363 (quod
2079 2324 2206 2355 dolenter
2220 2322 2380 2359 referimus)

1321 2361 1460 2400 depressus
1472 2364 1513 2393 est
1526 2362 1699 2402 plurimum,
1713 2362 1780 2393 sicut
1795 2361 2093 2401 nostis,favorabiliter
2108 2361 2244 2400 expediri,
2256 2360 2381 2391 Paterni-

1320 2408 1408 2432 tatem
1423 2400 1543 2433 vestram
1564 2400 1719 2432 affectuose
1739 2402 1904 2439 requirimus
1922 2402 1956 2432 &
1978 2410 2113 2439 rogamus
2127 2423 2138 2439 ,
2160 2400 2285 2438 quatinus
2306 2399 2383 2430 dieta

1321 2441 1454 2478 negotia,
1465 2440 1547 2470 vobis
1562 2450 1610 2477 per
1622 2439 1768 2478 praefatum
1784 2439 1979 2478 Almaricum‚
1994 2440 2013 2470 fi
2028 2439 2133 2478 placet,
2146 2436 2308 2476 exponenda
2316 2438 2385 2476 ,be-

1319 2478 1606 2548 Eiiinuffiia‘fflssinfi‘ffi
1617 2477 1997 2554 {fniffiffimpssfiii‘ffssssn‘}
2007 2477 2153 2546 530&ss
2166 2476 2385 2553 {giganteas

1316 2555 1437 2593 eisdem)
1454 2557 1587 2586 omnibus
1601 2555 1694 2586 modis
1707 2555 1741 2585 &
1754 2554 1821 2591 viis,
1834 2555 1932 2592 quibus
1944 2553 2074 2592 expedire
2095 2553 2233 2590 videritis,
2254 2552 2383 2583 efficaci-

1318 2602 1358 2624 ter
1371 2594 1459 2624 velitis
1477 2593 1614 2631 insistere,
1627 2593 1724 2624 nostris
1737 2591 1869 2636 Precibus
1882 2592 1915 2623 ὅτ.
1930 2592 2056 2631 Amore,
2069 2593 2107 2622 ita
2115 2591 2152 2630 ,si
2167 2591 2257 2636 placet
2265 2613 2275 2630 ,
2283 2591 2363 2629 quod
2372 2613 2382 2629 ‚

1318 2631 1411 2663 vestro
1426 2632 1566 2663 mediante
1581 2631 1726 2670 praelidio,
1748 2630 1840 2661 dietus
1861 2629 2014 2669 Episcopus
2034 2631 2193 2661 intentionis
2216 2629 2271 2660 suae
2285 2628 2382 2660 effica-

1317 2672 1410 2740 {ii‘adii'
1424 2680 1454 2702 ut
1468 2670 1652 2702 desideranter
1665 2670 1837 2709 appetimus,
1850 2669 1954 2708 ass‘equi
1966 2669 2052 2701 valeat
2064 2668 2141 2708 super
2157 2668 2293 2707 Negotiis
2307 2676 2387 2700 ante-

1343 2720 1352 2740 i
1392 2720 1413 2740 s.

1354 2761 1423 2794 Dat.
1440 2761 1513 2801 apud
1527 2760 1639 2801 Henle,
1653 2759 1829 2792 duodecimo
1851 2759 1898 2790 die
1914 2759 2021 2792 Martii.

1354 2820 1466 2852 Eodem
1479 2821 1570 2852 modo
1584 2820 1713 2852 scribitur
1726 2819 1900 2859 subscriptis,
1917 2820 2049 2852 videlicet
2057 2841 2068 2858 ,

1319 2891 1436 2919 Domino
1453 2888 1488 2917 G·
1511 2884 1596 2916 rituli
1616 2886 1710 2915 sanffi
1735 2883 2027 3030 Chia‘i}Presbiteris

1866 2939 2023 2972 Cardinali—

1867 2979 1924 3010 bus.

1356 2931 1385 2956 in
1399 2929 1500 2956 Termis
1508 2949 1517 2963 ‚

1321 2968 1438 2996 Domino
1445 2968 1479 2994 G.
1487 2962 1572 2993 Utuli
1582 2963 1742 2993 Sannorum
1751 2963 1834 2991 Mar-

1358 3002 1444 3034 cellini
1458 3001 1496 3039 &⁴
1514 3005 1610 3039 Petri,

1495 3125 1554 3161 Ad
1567 3128 1676 3173 Regem
1693 3116 1799 3156 Si'ciliae
1809 3148 1818 3164 ‚
1843 3130 1914 3167 uper
1934 3115 2050 3152 Debitis
2059 3115 2217 3164 predisbis.

1398 3210 1534 3248 Agnifico
1548 3209 1690 3247 Principi,
1704 3207 1834 3238 Domino
1847 3204 1886 3235 R.
1903 3204 1960 3235 Dei
1976 3203 2083 3243 gratia,
2094 3201 2246 3241 Jerusalem
2257 3200 2290 3231 &
2305 3198 2387 3230 Cici-

1414 3250 1458 3280 liae
1474 3249 1551 3285 Regi
1570 3247 1682 3284 illustri,
1704 3246 1812 3277 Amico
1832 3243 1880 3274 suo
1901 3243 2043 3273 carissimo
2057 3265 2067 3280 ,
2089 3240 2272 3283 Edwarduffi·
2286 3237 2385 3269 e'adern

1322 3288 1426 3328 gratia,
1440 3288 1500 3319 ὅτε.
1516 3286 1646 3323 salutem,
1661 3285 1693 3315 &
1709 3282 1861 3320 successus,
1872 3281 1907 3312 ad
1922 3291 2003 3319 vota,
2025 3279 2167 3324 prosperos
2180 3279 2213 3309 &
2227 3277 2330 3308 felices.
2362 3314 2368 3319 ⁵

1361 3327 1439 3366 Qiae
1456 3327 1486 3355 in
1503 3328 1576 3356 votis
1597 3324 1720 3361 gerimus
1734 3323 1767 3354 &
1783 3322 1874 3359 magis
1886 3320 2002 3351 insident
2017 3319 2100 3349 nobis
2112 3316 2191 3349 cordi
2200 3339 2211 3354 ,
2224 3326 2260 3347 eo
2275 3315 2384 3346 Sereni-

1323 3366 1371 3396 tati
1386 3365 1489 3402 Regiae
1505 3361 1690 3394 confidentius
1702 3362 1858 3399 aperimus,
1872 3369 1930 3398 quo
1951 3358 2089 3396 speramus
2112 3356 2222 3387 firmius
2241 3363 2292 3385 vos
2312 3350 2385 3383 velle
2407 3348 2437 3371 E.
2449 3353 2472 3370 2·

1323 3403 1417 3434 nostra
1429 3401 1558 3433 deiideria
1572 3402 1602 3431 in
1620 3399 1867 3438 oportunitatibus,
1882 3397 2025 3435 gratiosius
2037 3395 2201 3438 adimplere.
2404 3386 2475 3409 RW’·
2483 3377 2517 3412 ό·

1359 3441 1575 3480 Quamobrem,
1588 3438 1768 3470 desiderantes
1785 3436 1911 3478 Negotia
1920 3458 1930 3475 ,
1944 3445 2023 3474 quae,
2035 3432 2207 3476 Venerabilis
2220 3429 2316 3472 Pater,
2323 3427 2382 3458 Lo-
2404 3424 2446 3447 Fr.
2470 3427 2509 3454 ¹4·
2547 3463 2550 3466 Δ

1322 3480 1457 3519 dowycus
1471 3479 1508 3509 de
1527 3477 1605 3508 Bello
1627 3477 1751 3514 Monte,
1765 3475 1918 3514 Epiicopus
1931 3473 2144 3509 Dunelmeniis,
2157 3467 2386 3513 Consangumeus
2406 3462 2438 3487 E.
2456 3467 2482 3485 2·
2497 3463 2534 3484 Μ·

1322 3518 1417 3550 noster
1431 3515 1583 3548 cariffimus
1601 3539 1611 3555 ‚
1638 3525 1723 3553 penes
1747 3514 1912 3545 Dominum
1932 3512 2087 3545 Summum
2105 3506 2277 3540 Pontificem
2301 3505 2386 3536 habet
2410 3505 2437 3525 ²·

1322 3555 1512 3595 prosequenda
1519 3577 1529 3592 ‚
1543 3554 1726 3585 favorabiliter
1741 3551 1877 3590 exaudiri,

1359 3593 1607 3632 Magnificentiam
1620 3591 1740 3622 vestram
1754 3589 1907 3620 affe&uose
1925 3588 2088 3627 requirimus
2105 3584 2139 3615 &
2153 3591 2305 3626 rogamus,
2320 3591 2387 3619 qua-

1322 3634 1394 3664 tinus
1413 3632 1489 3663 di&
1501 3630 1645 3668 Negotia,
1658 3630 1758 3667 vobis,
1769 3628 1788 3658 ii
1805 3629 1912 3669 placet,
1925 3637 1991 3667 per,
2003 3623 2138 3667 diledlmrn
2153 3622 2239 3665 ¹nobis
2252 3643 2263 3658 ,
2288 3619 2386 3663 Alma-

1322 3673 1415 3701 ricum
1429 3669 1466 3700 de
1478 3669 1568 3700 Trew
1593 3670 1697 3706 (quem
1711 3666 1789 3696 idem
1804 3666 1957 3704 Episcopus
1971 3663 2006 3694 ad
2022 3671 2073 3705 vos
2085 3667 2172 3704 mittit
2186 3668 2238 3702 pro
2251 3656 2387 3700 Negotiis

1323 3709 1375 3740 inis
1390 3708 1512 3739 serioiiiis
1524 3705 1712 3746 exponendis)
1728 3705 1807 3736 dieto
1823 3706 1956 3735 Domino
1969 3698 2118 3742 Pontifici,
2132 3697 2218 3727 nostn
2232 3696 2387 3739 conlidera-

1323 3749 1420 3784 tione,
1434 3745 1584 3784 specialiter
1603 3743 1838 3775 recommendare
1856 3742 1961 3776 velitis,
1975 3739 2009 3769 &
2025 3746 2082 3781 pro·
2094 3736 2217 3780 ipsorum
2233 3733 2388 3776 expeditio-

1323 3795 1361 3854 εξ
1375 3784 1492 3853 ffl
1507 3780 1832 3852 eistetenses&
1841 3773 2096 3848 {afflare
2109 3772 2388 3843 errantes}

1325 3862 1461 3894 inmerito
1468 3831 1667 3899 :pciostitli’gfea
1841 3829 1860 3857 p
2092 3834 2104 3851 ⁹
2302 3833 2313 3849 ²

1360 3907 1427 3942 Dat.
1444 3908 1517 3949 apud
1529 3907 1641 3947 Henie,
1656 3905 1830 3938 duodecimo
1843 3902 1890 3933 die
1911 3898 2018 3931 Mami.

1806 3955 1861 3986 Per
1877 3955 1970 3984 Breve
1981 3947 2012 3979 de
2020 3948 2135 3988 privato
2149 3943 2248 3984 sigillo.
2306 3989 2327 4012 Q
2344 3990 2380 4018 A
2393 3988 2399 3993 ¹

2378 3994 2397 4020 d

2409 3226 2483 3259 Ann.
2497 3224 2536 3256 D:

2427 3273 2513 3307 1321.

2406 3309 2458 3334 An.
2471 3314 2512 3340 ¹4·
