2562 4279
708 139 816 181 ET
901 133 1166 176 ACTA

4 211 80 253 ‚Ann-
96 211 136 250 D.
153 229 211 259 quo
222 220 392 255 Eieuorum
407 224 524 256 intentio
539 225 649 264 purior,
667 225 700 257 &
714 223 814 255 Elesta
827 221 949 253 Persona
965 220 1097 264 idoneior
1112 217 1213 248 existe-

26 252 108 288 1328·
154 269 185 289 re
197 259 390 301 dinoscantur,
408 264 441 294 &
457 275 534 302 quo,
551 273 585 294 ex
597 263 677 301 ipsius
690 262 882 293 Promotione
895 261 930 290 ad
945 259 1088 298 Regimen
1107 256 1209 286 Eccle-

4 290 70 318 Ην·
91 300 116 331 ὅτ
156 297 201 327 fiae
214 297 507 341 supradietae‚majora
519 304 574 333 toti
588 301 696 339 Regno
711 301 809 332 nostro
823 299 960 339 praedis&
972 295 1130 328 commoda
1143 303 1208 332 POS-

154 336 182 366 se
192 336 344 368 creduntur
356 339 456 371 futuris
470 341 644 379 temporibus
659 341 779 371 evenire.

189 372 347 408 Conservet
362 378 423 409 &c.

190 450 259 483 Dat·
275 453 348 492 apud
361 454 517 497 Barlinges,
534 455 670 487 vicefiino
684 454 785 494 quinto
799 450 844 484 die
857 449 964 483 Martii.

387 584 481 628 Super
493 579 570 615 dim
586 582 713 628 Negotia
728 577 774 612 ad
791 576 977 612 cardinales.

4 660 130 694 Arm-D·
219 664 358 697 Enerabili
369 667 398 696 in
411 666 528 696 Christo
541 665 631 703 Patri,
650 664 784 694 Domino
805 661 846 692 G.
869 662 1048 705 Dei-gratia,
1067 659 1210 704 Episcopo

30 704 114 741 1328.
236 705 396 743 Sabinenfi,
414 705 526 736 Sanetae
540 704 683 734 Romanae
698 700 832 732 Ecclefiae
854 700 1020 742 Cardinali,
1033 699 1138 729 Amico
1158 698 1209 727 suo

2 745 55 767 Aa.
73 751 99 769 2·
154 742 313 782 cariffimo‚
330 743 370 773 R.
389 745 450 775 &c.
469 742 607 780 Salutem,
624 741 657 771 &
674 740 790 769 sincerae
803 738 962 769 dileffionis
975 739 1120 769 affeetum.

2 783 33 806 Ε·
56 788 81 814 3-
194 780 283 811 Zelus
297 792 349 812 nos
365 789 464 813 movet
477 780 595 811 decorus
608 777 726 809 Domus
740 777 880 818 Domini,
889 780 922 810 ὅ(
931 775 1062 815 evigilare
1070 774 1210 805 intensum

4 817 68 845 ibid.
154 818 322 850 desiderium
331 843 340 858 ,
771 856 776 860 ,
1128 851 1138 860 Α

191 857 283 896 Qod
303 859 436 889 habemus
455 864 487 886 ut
508 854 621 886 Eleffio
657 865 746 893 nuper
770 865 797 884 in
811 853 1002 885 Cantuariensi
1017 852 1157 889 Ecclesia,
1175 850 1212 880 de

152 894 273 926 discreto
296 897 384 933 Viro,
403 896 436 926 ὅ(
454 893 586 924 nobis'in
633 894 727 923 ‘bristo
746 893 869 931 dileeto,
888 892 1030 931 Magistro
1045 892 1164 922 Simone
1176 889 1212 935 de

153 933 313 972 Mepham,
331 933 481 964 Canonico
501 931 686 969 Cicestrenfi,
704 932 798 963 Sacrae
818 932 991 971 Theologiae
1011 931 1163 968 Doctore,
1182 941 1211 960 in

154 972 406 1010 Archiepiscopum
420 971 478 1000 loci
495 970 565 1001 illius
578 972 717 1001 canonice
728 971 762 1002 ὃ(
775 971 959 1002 concorditer
972 969 1212 1008 celebrata,festi-

154 1019 225 1040 num
241 1011 274 1041 ὃ(
288 1010 415 1040 debitum
430 1008 558 1039 sortiatur
575 1009 729 1047 effectum,

188 1048 319 1079 Nostros
336 1047 434 1085 saepius
454 1047 631 1085 interpellare
651 1047 801 1080 Benivolos
815 1048 849 1079 &
864 1048 1001 1087 Amicos,
1020 1048 1148 1087 quatinus
1163 1057 1213 1077 eo-

152 1096 217 1117 rum
233 1085 377 1124 Suffragiis
390 1086 536 1124 optinere,
554 1086 632 1124 quod
643 1086 719 1125 juste
730 1088 917 1126 exquirimus,
935 1088 1083 1117 vale-amus.
1206 1097 1209 1100 >

188 1124 292 1161 Nuper
305 1123 460 1162 liquidem,
476 1134 530 1162 pro
545 1125 724 1163 expeditione
739 1126 845 1165 negotii
869 1125 1024 1156 Eieeiionis
1045 1124 1214 1163 praemissae,

150 1163 211 1193 tam
230 1162 365 1192 Domino
388 1163 510 1193 Summo
533 1162 681 1202 Pontifici,
699 1165 786 1202 quam
800 1161 901 1202 vobis,
920 1165 953 1194 &
965 1165 1020 1194 aliis
1034 1164 1143 1194 Amicis
1158 1172 1213 1192 no-

151 1201 213 1231 stris
226 1225 236 1238 ,
261 1201 367 1231 Literas
387 1200 496 1232 nostras
515 1201 720 1240 deprecatorias
740 1212 793 1232 nos
814 1204 997 1233 meminimus
1018 1201 1212 1239 transmisisse,

149 1248 213 1277 quae
226 1238 324 1270 Nobis
340 1240 373 1271 &
390 1239 496 1279 Regno
510 1240 628 1279 nostro,
647 1250 680 1271 ex
693 1240 775 1278 ipsius
789 1240 881 1271 Eleffi
902 1241 1091 1271 Promorione
1112 1241 1211 1278 (quem

150 1277 253 1308 Virum
268 1278 402 1310 novimus
417 1288 528 1316 magnae
550 1279 810 1317 circumspedrionis
832 1281 865 1310 ὃ(
884 1279 1043 1317 industriae,
1061 1280 1212 1309 eminentis

150 1315 300 1355 scientiae,
316 1317 350 1348 ὃ(
368 1318 469 1348 sanctae
489 1316 576 1355 Vitae)
600 1318 680 1355 posse
701 1319 854 1355 provenire
869 1318 1021 1349 creduntur
1037 1317 1212 1357 commoda,

151 1354 186 1385 &
198 1355 387 1387 incommoda
397 1355 568 1394 propulsari,
586 1358 778 1386 continentes:

190 1392 239 1424 De
258 1395 357 1432 quibus
379 1395 435 1425 ulla
449 1395 532 1424 nobis
546 1394 703 1431 Responsio
717 1394 860 1433 hucusque
872 1394 945 1427 facta
959 1405 1018 1426 non
1032 1397 1139 1434 extitit,
1155 1405 1209 1426 nec

151 1430 189 1462 de
203 1432 381 1470 expeditione
396 1432 519 1472 ejusdem
531 1431 567 1463 ad
581 1433 650 1463 Nos
665 1442 762 1464 rumor
784 1442 876 1464 certus
898 1436 1042 1473 pervenit,
1060 1435 1136 1465 unde
1156 1435 1210 1465 do-

151 1469 242 1501 lemus
276 1481 330 1502 nec
346 1472 493 1503 immerito
502 1494 512 1509 ‚
532 1472 566 1503 &
581 1481 751 1510 movemur,
769 1472 923 1509 praesertim
936 1473 1005 1503 cum
1020 1473 1154 1503 nonnulla
1167 1484 1211 1503 ar-

151 1506 206 1539 dua
227 1494 375 1549 ixiegotia‚
393 1509 478 1548 Nos,
496 1510 530 1541 &
551 1509 662 1541 Statum
684 1509 779 1550 Regni
801 1510 891 1541 nostri
904 1513 1060 1551 tangentia,
1075 1513 1116 1542 ob
1130 1512 1211 1549 ipsius

150 1548 304 1579 absentiam
319 1573 328 1586 ,
346 1548 399 1579 sint
419 1549 500 1579 dilata
513 1572 522 1587 ,
546 1559 600 1579 nec
619 1556 752 1586 poterunt
771 1549 930 1580 commode
952 1550 986 1580 ad
1010 1550 1153 1580 honorem
1176 1551 1210 1581 &

136 1586 347 1618 ¹commodum
367 1587 434 1618 dieti
457 1587 566 1627 Regni,
586 1587 643 1618 fine
663 1586 836 1618 Praesidentis
853 1588 1062 1619 ›Cantuariensis
1078 1588 1211 1619 Ecclesiae

151 1622 271 1656 Assensu
284 1625 318 1656 &
333 1623 482 1664 Consilio,
501 1626 653 1657 terminari.

190 1663 321 1694 Vestram
333 1665 419 1702 igitur
436 1664 631 1695 paternitatem
646 1673 795 1703 rogamus,
813 1665 848 1695 δε
864 1666 1030 1703 requirimus
1042 1664 1212 1703 affefflone,

154 1701 211 1739 qua
226 1703 373 1740 possumus
387 1705 514 1742 cariore,
532 1703 661 1741 quatinus
675 1704 750 1733 circa
762 1703 974 1740 expeditionem
989 1703 1111 1741 ejusdem
1119 1704 1211 1734 Eieffl

156 1741 280 1771 celerem
293 1742 327 1772 ὃ(
343 1743 490 1780 votivam,
508 1751 592 1780 penes
606 1741 716 1771 dictum
730 1738 894 1772 Dominum
914 1742 1069 1772 Summum
1091 1741 1212 1773 Pontifi-

156 1789 222 1809 cem
246 1781 306 1818 (cui
324 1778 404 1817 super
427 1780 486 1811 hoc
511 1788 605 1817 preces
629 1778 775 1818 dirigimus
788 1779 907 1817 iteratas)
921 1781 1056 1810 omnibus
1070 1781 1162 1811 modis
1177 1782 1211 1812 &

157 1819 226 1855 viis,
244 1817 346 1856 quibus
367 1818 469 1849 decere
491 1819 524 1849 ὃ(
545 1816 676 1855 expedire
694 1817 834 1855 viderim,
850 1819 976 1849 laborare
997 1819 1088 1849 velitis
1112 1819 1213 1850 nostris

156 1857 287 1894 precibus
301 1856 335 1887 &
344 1866 461 1894 amore,
478 1864 527 1894 ut,
545 1854 640 1886 vestro
655 1856 796 1887 mediante
808 1855 961 1895 Praesidio,
980 1857 1058 1887 idem
1080 1857 1214 1897 Eleum,

139 1894 275 1925 ,feliciter
287 1895 321 1925 &
335 1894 463 1932 prospere
475 1893 618 1932 expeditus
630 1918 640 1932 ‚
653 1893 688 1924 ad
702 1894 859 1926 Ecclesiam
874 1895 966 1926 redire
979 1895 1068 1926 valeat
1081 1907 1149 1928 cum
1165 1907 1214 1927 ce-

153 1930 259 1963 leritate
271 1933 381 1971 optata,
399 1932 434 1963 ad
448 1933 526 1972 cujus
540 1932 700 1972 Regimen,
718 1933 863 1972 inspirante
885 1933 1039 1973 Domino,
1057 1936 1214 1966 intentione

142 1970 296 2009 ,purissima
308 1970 348 2001 est
362 1981 486 2004 vocatus.

194 2008 265 2040 Nec
285 2009 355 2040 sinat
376 2010 558 2048 (quaesumus)
579 2010 669 2042 vestra
692 2009 909 2049 circumspefflo
924 2034 934 2049 ,
958 2012 1017 2042 tam
1038 2011 1162 2043 sancitam
1180 2013 1215 2043 &

158 2048 339 2079 concordem
360 2047 559 2086 Eledhonem,
577 2049 638 2079 ullis
659 2049 872 2088 occasionibus,
890 2050 988 2081 debito
1008 2050 1131 2081 frustrari
1144 2051 1216 2081 effe-

157 2087 226 2125 dtu,
240 2096 309 2117 cum
324 2087 441 2125 exinde,
460 2088 480 2116 fi
497 2087 588 2125 (quod
603 2087 683 2125 absit)
700 2089 997 2128 contingeret,gravis
1011 2091 1124 2121 materia
1137 2090 1217 2121 scan-

158 2124 231 2164 dan,
249 2125 283 2156 ὃ(
298 2125 453 2162 periculosa
465 2126 628 2157 commotio
641 2127 671 2158 in
684 2126 797 2164 Populo
813 2135 947 2165 poterunt
959 2127 1086 2158 suboriri.

195 2201 264 2236 Dat.
284 2210 316 2237 ut
332 2202 419 2242 supra.

287 2278 458 2312 ConfirniIes
469 2280 570 2314 litterae
583 2281 739 2322 diriguntur
755 2281 929 2323 subscriptis3
946 2283 1096 2323 videlicet,

158 2359 276 2425 1)οηῖηο
295 2359 328 2387 Ρ.
349 2359 406 2388 Dea·
423 2357 521 2396 gratia
536 2381 548 2399 ‚
572 2357 648 2389 tituli
668 2361 776 2390 Santft'ae
797 2359 926 2400 Susannae
948 2360 1102 2392 Presbitoro
1122 2361 1220 2392 Cardi-

193 2407 231 2425 na
244 2408 253 2425 1
262 2418 272 2435 ,

157 2436 274 2503 thnjno
286 2436 318 2464 P.
332 2436 389 2502 ἢεί
397 2434 513 2480 gratid,
526 2436 650 2477 Epifiopo
664 2436 812 2477 Penestrin.
827 2439 935 2469 Sanllae
949 2440 1078 2469 Romanae
1095 2439 1122 2469 E
1125 2438 1218 2480 cclefiae

157 2511 178 2531 *
195 2482 553 2580 DioZZZZ}.a{')Igi’gratia¹,
571 2512 696 2554 Epifiopo
711 2516 838 2544 Portuen.
853 2515 962 2546 Saneft'ae
973 2518 1103 2546 Romanae
1127 2514 1221 2546 Eccle-

158 2549 412 2656 Βᾷἳφξέῖῗζῇῗ
430 2590 546 2628 gratid,
562 2592 659 2622 Sam‘li
675 2593 781 2630 Georgii
794 2593 835 2622 ad
849 2592 942 2623 Velum
959 2596 1086 2623 Aureum
1100 2597 1222 2625 Diacono

222 2638 254 2656 ar
274 2639 320 2657 ma
331 2639 354 2665 t,

165 2666 283 2733 Dzmirz
296 2668 343 2732 ΕΙΙῘ.
355 2668 410 2696 Dei
419 2667 515 2705 gratid
523 2692 533 2707 ,
542 2667 665 2708 Epiftopo
677 2667 820 2699 Albanen.
834 2671 943 2700 Sanstae
958 2672 1086 2701 Romanae
1096 2670 1219 2712 Ecclefiae

122 2726 125 2727 γ
161 2714 278 2771 Βονηαὶζιο
284 2716 405 2772 nlffljbei
412 2743 525 2780 gratid,
544 2746 639 2775 Sandh·
653 2746 777 2776 Adriani
790 2750 912 2777 Diacono
925 2746 1083 2787 Cardinali,

161 2781 278 2847 DOZilrtro
293 2783 329 2810 Β.
351 2784 408 2811 Βιή
423 2782 539 2821 grand,
555 2785 664 2814 Sandae
685 2787 789 2815 Mariae
809 2789 838 2816 in
858 2789 969 2828 Aquiro
985 2789 1106 2816 Diacono
1122 2788 1222 2818 Cardi-

266 2843 275 2856 Ί

163 2858 283 2933 Dchan
282 2858 401 2925 13ᾰέἒὲ
406 2858 502 2896 gratia*
510 2883 520 2898 ,
537 2858 661 2900 Epifiopo
674 2860 849 2900 Tufiulanen.
863 2864 971 2894 Sanb‘c'ae
985 2865 1114 2894 Romanae
1128 2862 1222 2893 Eccle-

9 2514 30 2533 ⁸
47 2514 100 2542 1v.

11 2561 77 2590 344·

163 3013 222 3048 Ad
235 3017 343 3063 Regem
364 3017 488 3062 Castellae
498 3021 590 3066 fitper
607 3023 811 3056 Matrimonia
828 3026 905 3057 inter
915 3021 1091 3069 Johannem
1107 3022 1143 3057 de
1151 3024 1222 3057 Elt-

36 3117 38 3120 γ
403 3066 476 3100 ham
492 3074 528 3106 (9⁵
547 3070 660 3102 filiam
677 3072 810 3116 Dompni
830 3071 865 3104 de
882 3073 992 3122 Bifiay.

14 3157 91 3190 Ann.
101 3157 143 3190 D.

35 3199 119 3238 1328.

13 3242 66 3265 An.
83 3247 110 3265 2.

14 3279 45 3304 Ε.
64 3285 88 3312 3.

13 3317 84 3352 Vasc.
104 3324 131 3341 2.

14 3355 44 3379 Ε.
67 3362 92 3389 3.
111 3362 148 3381 m·

165 3149 379 3212 MAgnifico
399 3152 543 3193 Principi,
559 3153 693 3185 Domino
717 3155 854 3195 Alfonso,
876 3156 934 3187 Dei
948 3156 1051 3196 gratia,
1070 3157 1221 3197 Castellae,

182 3222 185 3226 ,
262 3189 413 3229 Legionis,
433 3191 531 3223 Toleti
543 3215 552 3231 ,
572 3192 694 3224 Galiciae
709 3217 718 3231 ,
737 3195 842 3225 Sibiliae
857 3218 866 3233 ‚
884 3195 1059 3234 Cordubiae,
1080 3197 1222 3236 Murciae,

151 3229 412 3272 ·Jahennae„atque
431 3229 570 3269 Algarbiae
592 3232 687 3270 Regi,
706 3241 739 3263 ac
758 3233 923 3264 Comitatus
947 3235 1054 3265 Molini
1069 3235 1221 3274 Domino,

166 3267 384 3306 consanguineo
395 3267 444 3298 suo
459 3269 617 3308 cariffimo,
634 3270 805 3310 Edwardus,
824 3272 943 3311 ejusdem
966 3273 1071 3311 gratia,
1090 3275 1150 3305 ἃς.
1171 3275 1222 3306 Sa-

163 3307 251 3337 lutem
265 3307 298 3336 &
313 3305 451 3336 succeflus
468 3308 576 3345 semper
588 3330 598 3346 ,
612 3309 646 3340 ad
660 3320 726 3340 vota
738 3333 748 3348 ,
765 3312 910 3350 prosperos
922 3313 954 3342 &
970 3312 1071 3342 felices.

204 3344 302 3375 Efficit
315 3343 473 3375 affectionis
487 3347 640 3386 sinceritas,
659 3358 743 3385 quam
757 3350 794 3379 de
806 3350 905 3380 vestrae
922 3350 1126 3387 Magnitudinis
1141 3351 1222 3382 beni-

166 3382 291 3415 volentia
304 3384 424 3421 gerimus
438 3383 609 3424 (Alliganrias
635 3386 740 3415 abolim
757 3388 826 3417 inter
840 3389 960 3418 vestram
973 3391 1006 3420 &
1022 3389 1147 3420 nostram
1157 3391 1222 3420 Do-

166 3432 231 3453 mos
246 3421 348 3458 Regias
361 3420 616 3459 initaS,recolentes
646 3433 677 3454 ut
692 3425 721 3453 in
736 3422 802 3462 hiis,
812 3434 877 3463 quae
892 3429 967 3458 votis
981 3428 1079 3459 nostris
1092 3429 1222 3469 inrident,

163 3461 318 3500 aperiamus
331 3459 493 3491 fiducialiter
507 3465 610 3492 iecreta
624 3461 717 3492 cordis
731 3462 828 3493 nostri.

201 3499 421 3545 Qamobrem,

202 3536 284 3568 Cum
306 3538 385 3576 super
409 3538 600 3569 Matrimonio
639 3540 711 3571 inter
725 3565 734 3579 ,
754 3541 927 3572 cariffimum
947 3541 1072 3573 Fratrem
1090 3544 1220 3575 nostrum

166 3575 365 3614 Germanum,
381 3577 397 3616 J
421 3577 541 3607 hannem
555 3578 592 3621 ¹tle
607 3563 738 3617 filtham,
757 3581 788 3610 ὃ(
805 3580 902 3610 Filiam
920 3580 1051 3618 Donipni
1063 3582 1220 3621 Johannis,

165 3614 312 3651 quondam
334 3614 455 3646 Domini
474 3616 509 3646 de
529 3615 642 3654 Biskae,
657 3618 872 3656 contrahendo,
888 3620 942 3655 jam
964 3620 1073 3650 habims
1095 3621 1126 3650 sit
1145 3621 1221 3650 Tra-

164 3652 269 3692 ecatus,
289 3663 376 3691 quem
400 3655 502 3693 absque
524 3654 608 3686 vestri
629 3654 758 3687 Confilio
779 3657 812 3688 &
828 3657 944 3688 Affensu
957 3668 1018 3688 non
1033 3660 1221 3696 proponimus

164 3690 280 3722 effeetui
295 3692 455 3731 mancipare

202 3729 387 3761 Serenitatem
412 3716 532 3762 veritam
555 3742 685 3775 rogamus
700 3755 709 3771 ,
727 3733 761 3764 &
781 3734 947 3772 requirimus
969 3734 1122 3765 affet‘tione
1135 3759 1145 3773 ,
1164 3735 1221 3774 qua

161 3766 310 3805 poffumus
323 3771 437 3808 cariori,
456 3771 585 3808 quatinus
599 3771 756 3809 liujulinodi
770 3770 975 3803 Matrimoniali
994 3773 1220 3813 Conjunffioni,

164 3811 201 3834 ex
217 3805 273 3843 qua
287 3807 384 3838 vestris
394 3808 427 3840 &
442 3808 561 3848 nostris,
577 3810 715 3840 Benivolis
729 3811 762 3840 &
779 3809 903 3849 Amicis,
922 3812 954 3842 ὃ(
974 3813 1061 3846 robur
1080 3811 1220 3842 accresce-

165 3851 197 3886 re
232 3843 265 3873 &
278 3844 462 3886 Adversariis,
482 3847 500 3877 si
513 3849 562 3886 qui
577 3849 644 3886 sint,
664 3849 750 3878 timor
765 3850 852 3887 ingeri
865 3852 980 3887 poterit,
1001 3849 1134 3880 Domino
1154 3861 1220 3888 pio<

165 3889 195 3911 vi
215 3884 438 3927 ente-,Jestrum
452 3886 541 3917 velitis
558 3888 682 3924 praebere
696 3886 844 3917 Assensum
860 3897 914 3925 pro
928 3888 1093 3918 renovando
1115 3888 1220 3919 Foede-

166 3926 198 3948 re
213 3919 372 3961 Amicitiae,
392 3924 426 3954 &
448 3924 558 3956 Amore
578 3934 680 3956 mutuo
699 3926 769 3956 inter
789 3924 896 3956 vestros
910 3927 943 3957 ὃ(
959 3925 1070 3957 nostros
1086 3926 1219 3959 Subditos

164 3957 363 3998 confovendo,

203 3994 257 4032 Et,
274 3995 352 4034 super
372 3999 447 4039 hoc,
464 4001 583 4033 scribere
600 4003 687 4033 velitis
711 4002 825 4040 Mariae,
844 4001 982 4033 Dominae
1002 4002 1038 4032 de
1058 4001 1170 4042 Biskae,
1188 4013 1219 4035 ut

166 4033 235 4102 ipgaq,
235 4033 271 4103 231⁴.
283 4034 341 4103 Ῑῖῗε
340 4038 520 4106 {offe-nsum
534 4042 670 4079 praebeat,
688 4042 709 4072 si
721 4040 820 4075 vestrae
835 4040 1044 4073 Mansuetudini
1059 4040 1148 4073 visum
1158 4043 1221 4074 fue-

1249 132 1729 178 PUBLICA,

1249 217 1284 246 rit
1299 216 1447 262 expedire,
1465 220 1647 265 rescribente}
1662 224 1788 262 nobi3,ii
1826 226 1912 263 lacet,
1932 226 2009 265 super
2025 225 2093 264 hiis,
2112 225 2144 257 &
2160 225 2305 263 nlii⁵‚qut13
2331 209 2406 257 ΑΜ·
2417 208 2451 241 D'

1247 256 1330 285 vobis
1345 256 1479 292 placitura
1491 259 1610 297 fuerint,
1628 260 1791 293 fiducianter
1834 265 1886 294 elle
1902 266 2039 295 vestrum.
2328 251 2435 316 5:2²²}

2390 310 2395 315 .
2418 310 2441 324 ,.

1286 332 1354 364 Dat.
1369 335 1441 373 apud
1457 335 1590 368 Lincoln.
1606 337 1742 372 vicesimo
1756 341 1861 374 octavo
1876 343 1921 374 die
1938 341 2044 375 Martii.

2210 421 2304 428 -0--4

1350 456 1410 490 Ad
1423 459 1590 492 Dominam
1608 459 1644 492 de
1662 462 1764 511 Biftay
1780 464 1871 510 fizpcr
1885 464 1962 499 dim
1983 470 2196 502 splatrimwim

1245 539 1326 601 LE
1345 537 1429 585 Roi,
1445 553 1460 573 a
1484 542 1579 574 nostre
1601 543 1759 577 Treschere
1779 547 1812 578 &
1830 548 1965 581 Tresame
1982 573 1992 591 ,
2015 551 2108 584 Marie
2123 576 2133 592 ,
2151 553 2248 584 Darne
2267 551 2304 584 de
2324 544 2402 577 Ann-
2417 546 2458 578 D*

1318 578 1431 620 Biscay,
1449 581 1545 613 Salutz
1562 584 1594 613 sc
1611 585 1688 614 bone
1702 585 1847 617 affection.
2346 587 2432 624 1328·

1275 619 1343 663 ,Por
1362 629 1433 657 ceo,
1454 630 1509 658 que
1530 621 1736 658 Parlauncead
1754 624 1811 654 este
1832 626 1896 656 faite
1909 625 2006 657 devers
2020 638 2107 668 nous,
2126 629 2162 660 de
2176 628 2303 667 Mariage
2340 631 2376 651 A·
2397 636 2424 653 2·

1245 657 1313 689 faire
1328 666 1424 701 entre,
1443 658 1539 688 nostre
1552 660 1669 690 tresame
1685 661 1784 701 Frere,
1796 663 1890 702 johan
1905 664 1941 695 de
1954 665 2087 705 Eltham,
2104 669 2137 699 ὅ(
2152 669 2176 698 la
2190 668 2250 698 File
2266 668 2302 698 de
2325 667 2353 689 E.
2377 672 2402 699 3·

1247 696 1339 727 vestre
1354 695 1444 735 sz,
1461 707 1516 735 que
1530 697 1605 727 Dieu
1621 699 1742 737 affoille:¹
2329 703 2395 739 Wsc·
2415 711 2443 732 2·

1284 735 1323 766 Et
1343 744 1415 765 nous
1435 736 1551 766 ierioms
1573 736 1639 766 bien
1657 737 1711 767 del’
1731 738 1818 768 assent
1831 762 1840 777 ,
1872 750 1927 778 que
1948 739 1975 771 16
1999 741 2127 780 Mariage
2146 743 2172 774 se
2193 745 2307 782 preione
2328 743 2356 767 E.
2371 749 2443 776 ΞΛΜ

1247 770 1337 810 iffuit,
1357 783 1412 811 que
1433 784 1488 818 ceo
1506 774 1565 818 fust
1575 784 1590 804 a
1605 775 1761 818 pleisaunce
1782 777 1817 807 de
1841 788 1929 817 vous,
1947 780 1980 809 &
1993 779 2044 818 de,
2061 782 2156 812 nostre
2168 770 2308 814 Tresc'iier
2327 780 2353 807 8·
2373 780 2400 808 d·

1248 811 1362 852 Cosyn>
1379 813 1398 842 li
1421 811 1495 843 Rois
1515 812 1695 852 d’Espaigne3
1711 824 1758 844 car
1779 825 1850 845 nous
1869 817 2037 847 entendoms
2056 829 2110 856 que
2124 831 2177 851 ceo
2201 823 2309 858 purroit

1248 849 1320 881 estre
1335 861 1350 880 a
1366 850 1460 881 honur
1474 852 1507 882 ὃ(
1523 851 1607 889 profit
1622 852 1657 882 de
1670 862 1741 882 nous
1757 853 1790 883 &
1804 853 1840 883 de
1854 864 1942 893 vouS,
1960 856 1993 885 &
2010 856 2188 889 affeuraunce
2204 860 2240 890 de
2255 870 2310 892 nos

1248 890 1318 920 amis
1334 890 1406 919 celes
1424 891 1537 927 parties:

1271 966 1275 971 Π
1288 928 1366 958 Vous
1383 929 1491 965 prioms
1503 927 1536 958 ὃ(
1549 928 1705 967 requirotns
1719 925 1987 969 affeetuorisement‚
2006 942 2060 970 que
2074 942 2144 963 vous
2161 935 2263 966 voillez
2275 947 2310 968 au

1248 966 1290 996 dit
1306 966 1437 1003 Mariage
1450 967 1609 997 bonement
1623 967 1752 1006 assentit,
1771 969 1804 999 ὅ(
1820 978 1891 999 nous
1907 969 2026 1000 certifier
2040 971 2076 1001 de
2090 980 2160 1011 ceo,
2178 983 2233 1010 que
2240 984 2312 1006 vous

1249 1012 1298 1035 eut
1311 1004 1430 1036 vodriez
1445 1005 1527 1044 faire,
1545 1015 1560 1035 a
1574 1006 1634 1043 plus
1650 1016 1685 1036 en
1698 1007 1757 1036 liast
1773 1016 1827 1044 que
1841 1017 1911 1038 vous
1924 1010 2043 1046 purriez.

1288 1079 1370 1112 Don.
1386 1092 1403 1112 a
1418 1081 1546 1120 Nicole‚
1564 1082 1591 1112 le
1603 1083 1650 1113 28.
1658 1083 1723 1121 jour
1737 1083 1772 1113 de
1788 1082 1903 1115 Μαι-62.

1251 1205 1301 1238 De
1326 1208 1484 1239 intentione
1508 1207 1596 1253 Regis
1620 1202 1664 1239 ad
1680 1205 1881 1253 recuperanda
1898 1207 1987 1254 Jura
1999 1208 2060 1253 fita
2079 1208 2164 1243 modo
2185 1223 2241 1258 quo
2254 1223 2308 1258 po-

1672 1259 1744 1288 terit
1760 1256 1887 1290 meliori.

1305 1338 1330 1370 E
1343 1339 1403 1370 Roi
1415 1363 1425 1379 ,
1440 1350 1467 1369 as
1486 1346 1545 1371 noz
1560 1339 1661 1371 Chiers
1675 1340 1708 1372 &c
1725 1339 1832 1380 Foials,
1850 1336 1981 1373 Monsire
1991 1342 2082 1381 Jehan
2097 1343 2133 1373 de
2148 1343 2310 1384 Haustede,
2333 1340 2410 1372 Ann-
2420 1338 2461 1372 D‚

1325 1380 1419 1409 nostre
1432 1380 1577 1410 Seneschal
1590 1380 1626 1410 de
1640 1379 1817 1420 Gascoigne,
1835 1382 1868 1412 ὃ(
1883 1380 1978 1420 johan
2001 1381 2036 1412 de
2052 1381 2195 1420 Weston,
2215 1384 2310 1415 nostre
2351 1381 2436 1420 132&

1249 1417 1425 1449 Conestable
1437 1418 1473 1448 de
1486 1418 1630 1456 Burdeux,
1650 1419 1753 1448 Salutz.
2331 1424 2382 1447 An.
2399 1431 2426 1448 2,

1287 1457 1376 1486 Nous
1389 1466 1488 1486 avoms
1504 1456 1596 1486 resceu
1611 1465 1669 1486 voz
1683 1457 1793 1495 lettres,
1810 1456 1903 1495 queles
1916 1468 1987 1488 vous
2001 1469 2076 1489 nous
2091 1467 2161 1490 avez
2190 1461 2313 1491 envoiez
2335 1462 2363 1484 E·
2385 1467 2409 1494 3·

1243 1505 1297 1533 par
1311 1518 1320 1533 ,
1337 1493 1435 1524 nostre
1455 1494 1545 1524 Chier
1564 1495 1597 1524 &
1618 1495 1697 1525 Foial
1711 1518 1720 1533 ,
1740 1495 1852 1525 Mestre
1873 1496 1998 1529 Bertram
2017 1497 2053 1527 de
2072 1499 2090 1517 ²*
2111 1496 2234 1529 Codene
2250 1522 2259 1538 2
2278 1500 2311 1529 &
2336 1496 2399 1532 t“ds‘'
2417 1506 2447 1522 2·

1250 1533 1342 1571 celes,
1360 1533 1393 1562 ὃ(
1416 1541 1487 1562 tores
1506 1533 1544 1562 les
1565 1533 1679 1570 choses,
1698 1534 1736 1571 qil
1757 1544 1828 1564 nous
1851 1534 1885 1564 ad
1900 1535 2047 1565 monstrez
2068 1546 2182 1573 parmve
2202 1537 2227 1568 la
2241 1547 2314 1568 ‚crc-
2331 1539 2359 1562 Ε-
2385 1544 2408 1570 3·
2425 1544 2464 1561 m.

1250 1573 1355 1640 gerice,
1373 1582 1389 1600 a
1410 1571 1428 1600 li
1450 1572 1604 1609 commise‚
1621 1581 1718 1602 avoms
1738 1572 1898 1611 entenduz‚
1916 1574 1950 1604 ὅ(
1972 1584 2044 1604 vous
2063 1585 2100 1605 en
2120 1575 2220 1606 savons
2242 1576 2316 1607 molt
2333 1583 2358 1630 ³7lg
2373 1572 2447 1640 Idws-

1272 1620 1310 1640 on
1346 1619 1401 1638 ree.
2389 1614 2425 1638 V,

1289 1619 1410 1678 Etgvous
1421 1647 1511 1678 fesons
1524 1647 1618 1685 saver,
1638 1657 1693 1685 que
1707 1647 1803 1678 nostre
1816 1651 1969 1679 entencion
1982 1649 2023 1680 est
2036 1649 2072 1680 de
2087 1653 2230 1682 recoverir
2255 1661 2315 1683 noz
2337 1659 2404 1688 345·

1251 1686 1364 1724 Droiz,
1384 1687 1417 1717 &
1439 1695 1499 1716 noz
1518 1686 1682 1724 Heritages,
1701 1696 1738 1717 en
1764 1695 1835 1718 tores
1850 1687 1888 1718 les
1904 1689 1991 1718 bones
2009 1698 2153 1728 maneres,
2172 1700 2228 1729 que
2242 1701 2316 1722 nous

1249 1725 1379 1756 saverons
1392 1725 1425 1756 &
1442 1735 1572 1762 purrons.
2244 1750 2255 1755 ..

1288 1763 1325 1794 Et
1349 1773 1402 1801 pur
1422 1773 1477 1794 ceo
1498 1773 1571 1794 nous
1590 1774 1662 1794 vous
1680 1765 1805 1802 prioms,
1823 1764 1857 1795 &
1877 1764 2061 1804 cheargeoms
2080 1765 2122 1795 sur
2148 1766 2173 1796 la
2187 1765 2317 1806 foi,·que

1250 1812 1322 1833 vous
1340 1811 1412 1832 nous
1431 1802 1541 1840 devez,
1559 1802 1593 1833 ὅ(
1613 1803 1730 1840 l’amur,
1750 1812 1806 1840 que
1826 1813 1898 1834 vous
1919 1814 1992 1834 nous
2013 1813 2130 1843 porrez,
2150 1815 2205 1843 que
2228 1808 2318 1845 aplus

1250 1850 1286 1871 en
1305 1840 1381 1870 haste
1396 1864 1406 1877 ,
1425 1841 1458 1871 &
1473 1841 1545 1870 enla
1564 1841 1625 1878 plus
1644 1841 1720 1871 secte
1741 1850 1856 1871 manere
1870 1865 1880 1880 ‚
1898 1852 1954 1879 que
1976 1852 2047 1872 vous
2071 1853 2178 1881 unques
2201 1854 2319 1884 pmrez,

1247 1880 1346 1910 treitez
1372 1879 1406 1909 δε
1434 1880 1527 1916 patlez
1547 1880 1587 1909 od
1606 1887 1677 1910 touz
1700 1879 1738 1909 les
1758 1878 1874 1910 Nobles
1888 1903 1898 1919 ,
1934 1881 2082 1919 Comuns,
2102 1882 2136 1912 &
2156 1891 2262 1920 autres,
2281 1893 2318 1921 qe

1250 1918 1314 1948 sont
1327 1918 1395 1948 hors
1407 1917 1443 1947 de
1460 1918 1556 1948 nostre
1568 1918 1765 1955 Obeisaunce,
1783 1927 1834 1955 pur
1849 1928 1922 1949 trete
1935 1919 1999 1949 lour
2013 1929 2112 1957 queers
2127 1921 2161 1951 &
2175 1920 2251 1951 lours
2266 1932 2318 1952 vo-

1253 1957 1351 1986 luntez
1363 1955 1459 1987 devers
1473 1967 1564 1995 nous,
1581 1956 1617 1986 de
1631 1966 1702 1987 nous
1715 1955 1791 1986 eidet
1805 1957 1839 1986 &
1854 1958 1943 1987 valoir
1957 1967 2008 1996 pur
2023 1960 2163 1988 recoverir
2185 1968 2245 1989 noz
2255 1959 2319 1990 ditz

1254 1994 1354 2025 Droiz
1374 1995 1407 2026 &
1428 1994 1576 2034 Heritages
1612 2003 1700 2033 quant
1720 2003 1812 2032 temps
1826 1996 1913 2034 serra,
1932 2006 1968 2026 en
1981 2005 2152 2033 promettanr
2165 2006 2180 2026 a
2193 2007 2264 2035 eux,
2282 1998 2319 2029 de

1254 2043 1303 2072 par
1318 2043 1407 2070 nous,
1426 2032 1552 2070 Graces,
1572 2019 1715 2070 bonnes,
1733 2033 1875 2072 Pardons,
1895 2036 1928 2066 ὃ(
1943 2044 2031 2064 autres
2045 2034 2200 2073 Bienfaitz,
2218 2037 2319 2067 solone

1253 2082 1308 2102 ceo
1329 2080 1386 2109 que
1404 2081 1475 2102 vous
1497 2079 1597 2103 verrez
1618 2081 1674 2109 que
1695 2071 1748 2103 soit
1761 2081 1776 2101 a
1789 2071 1857 2102 faire
1870 2083 1922 2110 pur
1935 2072 2031 2103 nostre
2044 2072 2152 2103 Honur
2167 2075 2201 2104 ὃ(
2214 2073 2323 2113 Profir,

1254 2111 1288 2142 &
1310 2109 1507 2141 Avancement
1527 2109 1626 2148 d’eux,
1644 2109 1677 2141 ὃ(
1699 2119 1769 2148 ceo,
1789 2120 1844 2149 que
1858 2121 1930 2143 vous
1941 2111 2016 2142 iffint
2029 2121 2236 2151 prometterez,
2255 2122 2320 2144 teri-

1254 2149 1352 2180 droms
1368 2148 1489 2187 greable.

1294 2187 1332 2218 Et
1351 2197 1451 2218 avoms
1472 2188 1552 2226 priez
1609 2197 1658 2226 par
1676 2197 1736 2219 noz
1757 2196 1847 2219 autres
1867 2188 1958 2220 lettres
1972 2212 1982 2228 ‚
2007 2198 2024 2219 a
2046 2187 2197 2220 Monfieur
2219 2189 2321 2221 Berard

1255 2226 1339 2258 dele
1364 2226 1463 2265 Brett,
1489 2227 1523 2257 &
1553 2209 1670 2257 Arnaud
1701 2226 1737 2257 de
1763 2226 1947 2265 Mountpesat
1962 2251 1972 2265 ,
2007 2237 2063 2266 que
2092 2238 2145 2259 eux
2164 2229 2258 2260 facerit
2284 2239 2321 2260 en

1257 2265 1373 2335 {neisme
1394 2265 1420 2310 le
1441 2274 1556 2296 manere
1577 2264 1676 2297 devers
1696 2265 1734 2296 les
1753 2265 1885 2304 Nobles,
1903 2267 1937 2297 &
1957 2274 2045 2297 autres
2067 2266 2141 2297 lours
2156 2267 2263 2306 Amys,
2281 2277 2320 2298 en

1268 2314 1321 2335 our
1336 2313 1445 2342 partieS.

1296 2342 1352 2381 Et,
1371 2342 1407 2373 de
1420 2342 1496 2373 ceste
1509 2342 1611 2381 chose,
1629 2352 1729 2374 avoms
1761 2343 1916 2374 leinerne‘nt
1931 2343 1974 2374 dit
1987 2343 2084 2374 nostre
2098 2344 2216 2375 volunte
2231 2355 2266 2375 au
2279 2344 2321 2376 dit

1259 2380 1374 2412 Mestre
1386 2381 1529 2420 Bertram,
1546 2392 1562 2412 a
1575 2383 1605 2420 qi
1619 2392 1690 2413 nous
1705 2392 1744 2412 vo
1754 2392 1818 2412 oms
1832 2393 1888 2421 que
1904 2392 1976 2413 vous
1989 2382 2085 2413 donez
2099 2382 2191 2420 pleine
2205 2383 2266 2422 foi,
2285 2385 2321 2414 ὃ(

1259 2420 1362 2451 volons
1385 2430 1440 2459 que
1461 2431 1549 2458 vouS,
1567 2422 1601 2452 &
1622 2420 1660 2450 les
1680 2421 1822 2451 avantditz
1837 2445 1848 2458 ,
1867 2420 1966 2451 Mons.
1988 2420 2089 2451 Berard
2105 2443 2115 2458 ,
2132 2421 2268 2460 Arnaud,
2286 2422 2321 2452 ὃ(

1258 2458 1385 2490 Bertram
1401 2482 1411 2498 ,
1424 2468 1683 2490 entrecommunez
1703 2458 1740 2489 de
1756 2459 1844 2490 celtes
1867 2459 1964 2489 choses
1978 2480 1988 2496 ‚
2007 2459 2041 2489 &2
2065 2459 2180 2490 d'autres
2196 2484 2205 2497 ,
2224 2470 2240 2490 a
2261 2459 2324 2497 plus

1259 2506 1366 2528 covent
1379 2507 1435 2536 que
1448 2507 1519 2529 vous
1533 2506 1632 2528 verrez
1643 2506 1699 2536 que
1710 2497 1772 2528 face
1785 2507 1799 2527 a
1813 2497 1895 2535 faire,
1917 2499 1968 2535 &,
1985 2497 2021 2526 de
2040 2506 2133 2534 temps
2154 2508 2191 2528 en
2213 2507 2324 2536 temps,

1258 2545 1330 2567 nous
1344 2535 1470 2567 certifiez.
1480 2536 1516 2567 de
1532 2536 1668 2573 novelez,
1686 2536 1910 2566 ensemblement
1922 2536 1961 2566 od
1975 2544 2033 2566 νοῒ,
2047 2537 2121 2575 avis,
2140 2536 2160 2566 si
2174 2546 2230 2575 que
2250 2545 2325 2568 nous

1260 2574 1446 2613 empuiffoms
1460 2584 1530 2605 touz
1539 2576 1618 2613 jours
1633 2575 1704 2605 estre
1718 2576 1821 2614 garniz.
2257 2574 2264 2605 ,”

1297 2613 1336 2644 Et
1350 2624 1421 2651 vous
1435 2613 1538 2644 fesoms
1550 2613 1643 2651 saver,
1661 2623 1717 2651 que
1729 2623 1801 2644 nous
1815 2622 1945 2645 averoms
1959 2613 2033 2643 bons
2047 2612 2147 2650 regard
2169 2623 2197 2643 as
2217 2611 2321 2643 Custa-

1262 2661 1311 2689 ges
1333 2653 1367 2683 &
1388 2652 1523 2683 Travaux
1545 2662 1601 2690 que
1624 2662 1696 2683 vous
1716 2660 1822 2682 mettez
1840 2662 1876 2682 cn
1900 2651 1995 2682 nostre
2012 2651 2135 2690 service,
2153 2652 2187 2682 &
2201 2651 2322 2682 ferroms

1261 2691 1336 2722 iffint
1348 2691 1447 2722 devers
1461 2701 1552 2728 vous,
1570 2700 1626 2728 que
1637 2700 1708 2721 vous
1723 2700 1793 2721 vous
1807 2690 1934 2721 rendriez
1949 2691 2043 2728 apaiez
2057 2701 2105 2728 par
2119 2696 2209 2720 selon.

1299 2729 1335 2760 Et
1356 2730 1399 2760 sur
1419 2729 1458 2760 les
1481 2729 1620 2766 Articles,
1638 2729 1794 2759 touchanrz
1815 2727 1912 2759 l'Estat
1930 2729 1965 2759 de
1983 2729 2007 2758 la
2024 2728 2164 2765 Duchee,
2182 2729 2216 2759 ὅ(
2231 2734 2323 2758 autres

1260 2768 1358 2799 choses
1374 2791 1384 2806 ,
1400 2768 1567 2798 touchantes
1590 2768 1614 2796 la
1634 2766 1802 2806 Credence‚
1821 2778 1835 2797 a
1857 2766 1952 2797 nostre
1977 2767 2121 2803 prescliein
2144 2766 2323 2805 Parlement,

1260 2816 1316 2846 que
1335 2807 1406 2837 serra
1421 2817 1436 2836 a
1452 2806 1677 2844 Norhampton,
1693 2814 1708 2836 a
1728 2807 1793 2836 treis
1812 2805 1937 2844 serneyns
1958 2804 1994 2834 de
2009 2804 2080 2834 Pask
2096 2805 2239 2842 preschein
2258 2814 2324 2835 ave-

1260 2847 1322 2884 nir,
1339 2845 1535 2876 ordeineroms
1549 2844 1640 2881 iffint,
1655 2846 1679 2874 al
1694 2844 1755 2874 eide
1767 2844 1803 2874 de
1817 2843 1914 2881 Dieu,
1932 2852 1988 2881 que
2002 2852 2056 2873 ceo
2077 2843 2147 2873 serra
2168 2843 2193 2873 al
2216 2842 2325 2874 Honur

1261 2885 1298 2914 de
1310 2894 1398 2922 nouS‚
1418 2884 1451 2914 &
1466 2883 1614 2913 Salvacion
1629 2882 1665 2911 de
1680 2889 1749 2911 noz.

1300 2922 1339 2952 Et
1364 2930 1449 2959 quant
1463 2932 1478 2951 a
1494 2922 1518 2950 la
1538 2921 1608 2950 Fille
1628 2920 1664 2950 de
1685 2921 1800 2959 Biskay,
1818 2930 1874 2959 que
1887 2918 1928 2950 est
1944 2929 1980 2949 eri
1993 2918 2085 2950 vestre
2100 2919 2204 2958 garde,
2222 2928 2324 2950 avom-⁴3

1261 2961 1400 2992 ordeinez
1413 2969 1468 2990 ceo
1482 2969 1537 2997 que
1552 2960 1600 2989 r'ait
1613 2968 1628 2988 a
1644 2958 1729 2997 faire,
1747 2959 1781 2988 &
1796 2965 1868 2989 vous
1883 2958 2066 2997 ebeargeoms
2082 2968 2138 2996 que
2154 2969 2224 2989 vous
2240 2956 2264 2987 la
2282 2958 2322 2987 fa-

1260 3008 1314 3030 cez
1340 3000 1360 3028 fi
1380 3000 1446 3067 biesn
1468 2999 1501 3030 ὃ(
1515 2998 1535 3028 si
1547 2996 1784 3028 honurablement
1796 2997 1912 3037 garder,
1932 3007 1987 3035 que
1999 3006 2054 3028 ceo
2067 2996 2119 3028 soit
2135 3005 2151 3026 a
2163 2996 2321 3027 nostreho-

1260 3048 1314 3070 nur
1326 3038 1400 3069 &le
1426 3047 1491 3067 oen.

1298 3114 1380 3146 Dori.
1395 3123 1410 3144 a
1425 3113 1552 3152 Nicole,
1571 3113 1597 3144 le
1612 3113 1704 3153 xxviij.
1714 3111 1781 3152 jour
1794 3112 1830 3144 (16
1845 3110 1956 3144 Marcz.

1358 3236 1417 3272 Ad
1430 3235 1619 3270 Bernardnm
1639 3235 1675 3269 de
1693 3234 1819 3270 Labreto
1829 3237 1920 3283 fitper
1939 3235 2020 3268 dic‘la
2038 3236 2213 3267 Intentione.

1260 3320 1425 3392 LESAEZoi
1446 3334 1480 3362 a,
1495 3319 1591 3353 nostre
1605 3319 1691 3353 chere
1703 3323 1736 3354 &
1750 3320 1833 3360 foial,
1850 3320 1998 3352 Monsieur
2013 3318 2135 3349 Bernard
2149 3317 2185 3348 de
2200 3317 2225 3347 la
2240 3316 2318 3348 Brett
2338 3326 2416 3357 Am,⁴
2425 3325 2469 3359 D,-

1381 3371 1439 3392 ΠΨ
2364 3375 2377 3395 1
2401 3366 2449 3396 28.

1299 3401 1387 3438 Nous
1408 3409 1507 3430 avotns
1526 3399 1620 3430 resceu
1639 3399 1756 3430 askunes
1770 3398 1860 3429 lettres
1874 3407 1922 3435 par
1937 3396 1975 3426 les
1987 3404 2104 3436 meyns,
2122 3394 2218 3426 nostre
2230 3392 2316 3423 chere
2332 3375 2431 3433 ,qn-32·

1260 3441 1293 3472 &
1316 3439 1396 3476 foial,
1417 3437 1520 3468 mestre
1541 3437 1696 3468 Berthrand
1718 3438 1754 3467 de
1775 3434 1897 3467 Codene
1914 3460 1923 3473 ,
1940 3437 2060 3465 envoiez
2080 3445 2094 3463 a
2107 3443 2178 3463 nous
2193 3442 2240 3469 par
2256 3438 2315 3461 noz
2333 3447 2363 3470 E.
2409 3464 2416 3470 ι

1260 3477 1405 3510 Seneschal
1422 3477 1457 3507 de
1469 3476 1646 3515 Gascoigne,
1664 3477 1697 3507 ὃ(
1711 3474 1883 3506 Conestable
1896 3473 1932 3503 de
1947 3470 2107 3509 BurdeauX,
2125 3471 2159 3501 δε
2172 3471 2244 3500 celes
2264 3470 2316 3499 let-
2331 3480 2398 3510 χιι-4.

1260 3526 1331 3554 tres,
1349 3517 1383 3546 ὅ(
1404 3522 1476 3545 tores
1501 3515 1539 3545 les
1550 3514 1677 3552 Choses,
1695 3523 1786 3552 queux
1800 3514 1826 3543 le
1839 3513 1880 3543 dit
1895 3511 2025 3542 Bertrand
2037 3520 2107 3541 nous
2121 3509 2155 3539 ad
2169 3507 2316 3546 monstre,

1260 3552 1367 3594 parmie
1380 3552 1531 3584 Credence
1539 3575 1549 3591 ,
1564 3563 1579 3582 a
1592 3552 1611 3583 li
1624 3553 1778 3590 commise,
1794 3561 1893 3582 avoms
1908 3550 2063 3580 entenduz:

1299 3594 1337 3624 Et
1351 3603 1421 3623 vous
1433 3592 1542 3622 savoms
1557 3600 1599 3622 tre
1608 3592 1668 3621 bon
1683 3601 1749 3628 gree
1763 3591 1797 3620 de
1813 3590 1836 3619 la
1851 3591 1927 3619 bone
1939 3588 2075 3617 voillance
2091 3595 2145 3623 que
2157 3593 2230 3629 vous
2244 3591 2317 3615 avez

1259 3632 1358 3663 devers
1372 3641 1461 3669 nous,
1479 3630 1512 3660 &
1528 3639 1599 3662 vous
1610 3631 1716 3667 prioms
1731 3629 1924 3658 cherementes
1941 3635 1996 3663 que
2009 3635 2080 3656 vous
2093 3624 2118 3654 le
2133 3624 2238 3655 vosslez
2245 3632 2318 3654 conr-

1259 3679 1427 3739 nngtirnous
1448 3706 1552 3737 fesorns
1571 3706 1665 3744 saver,
1682 3702 1742 3740 &c.
1759 3710 1843 3742 prout
1856 3701 1959 3742 stipa,
1976 3700 2088 3740 excepta
2110 3697 2257 3739 Claoefield,
2275 3696 2317 3731 Et

1260 3748 1303 3778 sur
1316 3748 1353 3777 les
1369 3746 1498 3776 Articles.

1297 3820 1379 3854 Don.
1392 3829 1423 3852 ut
1437 3821 1523 3858 supra.

1297 3895 1411 3968 Effiiem
1431 3895 1522 3927 modo
1543 3890 1707 3927 mandatum
1730 3894 1771 3926 est
1794 3893 1921 3927 Arnaldo
1941 3892 1978 3925 de
1999 3888 2163 3931 Montpesat
2177 3916 2187 3932 ‚
2204 3892 2319 3924 mutatis

1258 3946 1320 3969 mut
1376 3946 1406 3966 is.

1298 4012 1380 4044 Don.
1400 4021 1430 4044 ut
1447 4011 1535 4049 supra.

2275 4073 2330 4104 Ad
