<?xml version="1.0" encoding="UTF-8"?>
<!DOCTYPE html PUBLIC "-//W3C//DTD XHTML 1.0 Transitional//EN"
    "http://www.w3.org/TR/xhtml1/DTD/xhtml1-transitional.dtd">
<html xmlns="http://www.w3.org/1999/xhtml" xml:lang="en" lang="en">
 <head>
  <title>
</title>
<meta http-equiv="Content-Type" content="text/html;charset=utf-8" />
  <meta name='ocr-system' content='tesseract 3.04.00' />
  <meta name='ocr-capabilities' content='ocr_page ocr_carea ocr_par ocr_line ocrx_word'/>
</head>
<body>
  <div class='ocr_page' id='page_1' title='image "./fderaconventione02ryme_0702.png"; bbox 0 0 2562 4279; ppageno 0'>
   <div class='ocr_carea' id='block_1_1' title="bbox 8 218 151 251">
    <p class='ocr_par' dir='ltr' id='par_1_1' title="bbox 8 218 151 251">
     <span class='ocr_line' id='line_1_1' title="bbox 8 218 151 251; baseline -0.007 0"><span class='ocrx_word' id='word_1_1' title='bbox 8 219 88 251; x_wconf 63' lang='lat' dir='ltr'>Arm.</span> <span class='ocrx_word' id='word_1_2' title='bbox 103 218 151 250; x_wconf 90' lang='lat' dir='ltr'>D·</span> 
     </span>
    </p>
   </div>
   <div class='ocr_carea' id='block_1_2' title="bbox 9 266 129 336">
    <p class='ocr_par' dir='ltr' id='par_1_2' title="bbox 9 266 129 336">
     <span class='ocr_line' id='line_1_2' title="bbox 9 266 129 336; baseline 0.008 -11"><span class='ocrx_word' id='word_1_3' title='bbox 9 266 129 336; x_wconf 56' lang='lat'>223⁵}</span> 
     </span>
    </p>
   </div>
   <div class='ocr_carea' id='block_1_3' title="bbox 16 1400 150 1516">
    <p class='ocr_par' dir='ltr' id='par_1_3' title="bbox 16 1400 150 1516">
     <span class='ocr_line' id='line_1_3' title="bbox 17 1400 150 1432; baseline -0.015 0"><span class='ocrx_word' id='word_1_4' title='bbox 17 1400 97 1432; x_wconf 81' lang='lat' dir='ltr'>Ann.</span> <span class='ocrx_word' id='word_1_5' title='bbox 109 1400 150 1431; x_wconf 90' lang='lat' dir='ltr'>D.</span> 
     </span>
     <span class='ocr_line' id='line_1_4' title="bbox 16 1448 135 1516; baseline -0.025 -8"><span class='ocrx_word' id='word_1_6' title='bbox 16 1448 135 1516; x_wconf 49' lang='lat'>23³3.</span> 
     </span>
    </p>
   </div>
   <div class='ocr_carea' id='block_1_4' title="bbox 15 1521 123 1586">
    <p class='ocr_par' dir='ltr' id='par_1_4' title="bbox 15 1521 123 1586">
     <span class='ocr_line' id='line_1_5' title="bbox 15 1521 94 1553; baseline -0.013 -8"><span class='ocrx_word' id='word_1_7' title='bbox 15 1521 46 1545; x_wconf 81' lang='grc' dir='ltr'>Ε.</span> <span class='ocrx_word' id='word_1_8' title='bbox 69 1526 94 1553; x_wconf 89' lang='lat'>3.</span> 
     </span>
     <span class='ocr_line' id='line_1_6' title="bbox 15 1555 123 1586; baseline -0.019 0"><span class='ocrx_word' id='word_1_9' title='bbox 15 1555 123 1586; x_wconf 71' lang='lat' dir='ltr'>Ibidem.</span> 
     </span>
    </p>
   </div>
   <div class='ocr_carea' id='block_1_5' title="bbox 18 2838 150 2872">
    <p class='ocr_par' dir='ltr' id='par_1_5' title="bbox 18 2838 150 2872">
     <span class='ocr_line' id='line_1_7' title="bbox 18 2838 150 2872; baseline -0.015 0"><span class='ocrx_word' id='word_1_10' title='bbox 18 2838 150 2872; x_wconf 46' lang='lat' dir='ltr'>,evam</span> 
     </span>
    </p>
   </div>
   <div class='ocr_carea' id='block_1_6' title="bbox 164 147 213 186">
    <p class='ocr_par' dir='ltr' id='par_1_6' title="bbox 164 147 213 186">
     <span class='ocr_line' id='line_1_8' title="bbox 164 147 213 186; baseline 0 -11"><span class='ocrx_word' id='word_1_11' title='bbox 164 147 213 186; x_wconf 77' lang='lat'>52</span> 
     </span>
    </p>
   </div>
   <div class='ocr_carea' id='block_1_7' title="bbox 157 212 1235 989">
    <p class='ocr_par' dir='ltr' id='par_1_7' title="bbox 157 212 1234 524">
     <span class='ocr_line' id='line_1_9' title="bbox 204 212 1231 261; baseline -0.006 -11"><span class='ocrx_word' id='word_1_12' title='bbox 204 218 250 250; x_wconf 87' lang='lat' dir='ltr'>Ac</span> <span class='ocrx_word' id='word_1_13' title='bbox 271 218 308 249; x_wconf 89' lang='lat' dir='ltr'>de</span> <span class='ocrx_word' id='word_1_14' title='bbox 331 215 437 248; x_wconf 68' lang='lat' dir='ltr'>sincera</span> <span class='ocrx_word' id='word_1_15' title='bbox 454 214 598 261; x_wconf 79' lang='lat' dir='ltr'>Fidelitate</span> <span class='ocrx_word' id='word_1_16' title='bbox 612 213 745 247; x_wconf 80' lang='lat' dir='ltr'>Edwardi</span> <span class='ocrx_word' id='word_1_17' title='bbox 761 213 855 247; x_wconf 87' lang='lat' dir='ltr'>Ducis</span> <span class='ocrx_word' id='word_1_18' title='bbox 872 214 1050 254; x_wconf 85' lang='lat' dir='ltr'>Cornubiae,</span> <span class='ocrx_word' id='word_1_19' title='bbox 1069 212 1131 250; x_wconf 58' lang='lat' dir='ltr'>&amp;a</span> <span class='ocrx_word' id='word_1_20' title='bbox 1147 221 1231 254; x_wconf 82' lang='lat' dir='ltr'>prout</span> 
     </span>
     <span class='ocr_line' id='line_1_10' title="bbox 157 255 1231 336; baseline -0.004 -10"><span class='ocrx_word' id='word_1_21' title='bbox 157 256 248 327; x_wconf 50' lang='lat' dir='ltr'>ffipkz‘d</span> <span class='ocrx_word' id='word_1_22' title='bbox 259 255 530 331; x_wconf 40' lang='lat' dir='ltr'>afflgcsscdgnffiirriia:</span> <span class='ocrx_word' id='word_1_23' title='bbox 536 265 612 323; x_wconf 55' lang='grc' dir='ltr'><strong>11ΐοιέ</strong></span> <span class='ocrx_word' id='word_1_24' title='bbox 621 290 736 329; x_wconf 63' lang='lat' dir='ltr'>nostra,</span> <span class='ocrx_word' id='word_1_25' title='bbox 755 290 878 336; x_wconf 65' lang='lat' dir='ltr'>Devotis</span> <span class='ocrx_word' id='word_1_26' title='bbox 902 292 936 323; x_wconf 67' lang='grc' dir='ltr'>ὃ(</span> <span class='ocrx_word' id='word_1_27' title='bbox 951 291 1094 323; x_wconf 87' lang='lat' dir='ltr'>Fidelibus</span> <span class='ocrx_word' id='word_1_28' title='bbox 1108 290 1212 336; x_wconf 71' lang='lat' dir='ltr'>nostris</span> <span class='ocrx_word' id='word_1_29' title='bbox 1221 314 1231 330; x_wconf 92' lang='lat'>,</span> 
     </span>
     <span class='ocr_line' id='line_1_11' title="bbox 162 330 1232 370; baseline -0.006 -5"><span class='ocrx_word' id='word_1_30' title='bbox 162 332 371 370; x_wconf 86' lang='lat' dir='ltr'>Remiffiones,</span> <span class='ocrx_word' id='word_1_31' title='bbox 389 331 626 368; x_wconf 80' lang='lat' dir='ltr'>Pardonauones‚</span> <span class='ocrx_word' id='word_1_32' title='bbox 647 331 681 361; x_wconf 78' lang='grc' dir='ltr'>δε</span> <span class='ocrx_word' id='word_1_33' title='bbox 702 330 815 361; x_wconf 83' lang='lat' dir='ltr'>Gratias</span> <span class='ocrx_word' id='word_1_34' title='bbox 833 331 915 369; x_wconf 78' lang='lat' dir='ltr'>alias,</span> <span class='ocrx_word' id='word_1_35' title='bbox 933 340 1050 368; x_wconf 88' lang='lat' dir='ltr'>magnas</span> <span class='ocrx_word' id='word_1_36' title='bbox 1073 332 1107 362; x_wconf 68' lang='grc' dir='ltr'>ὅ(</span> <span class='ocrx_word' id='word_1_37' title='bbox 1124 340 1232 369; x_wconf 81' lang='lat' dir='ltr'>varias,</span> 
     </span>
     <span class='ocr_line' id='line_1_12' title="bbox 162 368 1232 409; baseline -0.005 -5"><span class='ocrx_word' id='word_1_38' title='bbox 162 371 315 404; x_wconf 66' lang='lat' dir='ltr'>Generales</span> <span class='ocrx_word' id='word_1_39' title='bbox 335 372 370 403; x_wconf 89' lang='lat'>&amp;</span> <span class='ocrx_word' id='word_1_40' title='bbox 394 369 552 409; x_wconf 68' lang='lat' dir='ltr'>speciales,</span> <span class='ocrx_word' id='word_1_41' title='bbox 569 370 603 401; x_wconf 88' lang='lat'>&amp;</span> <span class='ocrx_word' id='word_1_42' title='bbox 623 369 660 399; x_wconf 87' lang='lat' dir='ltr'>ad</span> <span class='ocrx_word' id='word_1_43' title='bbox 681 368 732 407; x_wconf 82' lang='lat' dir='ltr'>alia</span> <span class='ocrx_word' id='word_1_44' title='bbox 750 369 930 407; x_wconf 74' lang='lat' dir='ltr'>faciendum,</span> <span class='ocrx_word' id='word_1_45' title='bbox 948 378 1035 408; x_wconf 88' lang='lat' dir='ltr'>prout</span> <span class='ocrx_word' id='word_1_46' title='bbox 1057 370 1086 400; x_wconf 89' lang='lat' dir='ltr'>in</span> <span class='ocrx_word' id='word_1_47' title='bbox 1109 369 1232 407; x_wconf 70' lang='lat' dir='ltr'>quadam</span> 
     </span>
     <span class='ocr_line' id='line_1_13' title="bbox 160 404 1233 448; baseline -0.003 -7"><span class='ocrx_word' id='word_1_48' title='bbox 160 409 330 448; x_wconf 63' lang='lat' dir='ltr'>Indenturfi„</span> <span class='ocrx_word' id='word_1_49' title='bbox 348 410 424 439; x_wconf 84' lang='lat' dir='ltr'>inter</span> <span class='ocrx_word' id='word_1_50' title='bbox 434 404 503 438; x_wconf 86' lang='lat' dir='ltr'>Nos</span> <span class='ocrx_word' id='word_1_51' title='bbox 517 408 551 439; x_wconf 67' lang='grc' dir='ltr'>ὃς</span> <span class='ocrx_word' id='word_1_52' title='bbox 573 404 723 445; x_wconf 75' lang='lat' dir='ltr'>praefatos,</span> <span class='ocrx_word' id='word_1_53' title='bbox 741 407 877 446; x_wconf 84' lang='lat' dir='ltr'>Ducem,</span> <span class='ocrx_word' id='word_1_54' title='bbox 896 407 1173 445; x_wconf 85' lang='lat' dir='ltr'>Archiepiscopum,</span> <span class='ocrx_word' id='word_1_55' title='bbox 1192 407 1233 438; x_wconf 88' lang='lat' dir='ltr'>E·-</span> 
     </span>
     <span class='ocr_line' id='line_1_14' title="bbox 160 445 1234 487; baseline -0.003 -8"><span class='ocrx_word' id='word_1_56' title='bbox 160 449 308 487; x_wconf 88' lang='lat' dir='ltr'>piscopos,</span> <span class='ocrx_word' id='word_1_57' title='bbox 332 446 482 486; x_wconf 88' lang='lat' dir='ltr'>Comites,</span> <span class='ocrx_word' id='word_1_58' title='bbox 498 445 682 485; x_wconf 89' lang='lat' dir='ltr'>Henricum,</span> <span class='ocrx_word' id='word_1_59' title='bbox 700 445 884 485; x_wconf 89' lang='lat' dir='ltr'>Radulphum</span> <span class='ocrx_word' id='word_1_60' title='bbox 895 470 905 485; x_wconf 97' lang='lat'>,</span> <span class='ocrx_word' id='word_1_61' title='bbox 923 447 958 478; x_wconf 90' lang='lat'>&amp;</span> <span class='ocrx_word' id='word_1_62' title='bbox 981 446 1177 478; x_wconf 89' lang='lat' dir='ltr'>Willielmum</span> <span class='ocrx_word' id='word_1_63' title='bbox 1197 446 1234 476; x_wconf 88' lang='lat' dir='ltr'>de</span> 
     </span>
     <span class='ocr_line' id='line_1_15' title="bbox 161 484 801 524; baseline -0.005 -6"><span class='ocrx_word' id='word_1_64' title='bbox 161 488 187 518; x_wconf 90' lang='lat' dir='ltr'>la</span> <span class='ocrx_word' id='word_1_65' title='bbox 204 487 292 524; x_wconf 90' lang='lat' dir='ltr'>Pole,</span> <span class='ocrx_word' id='word_1_66' title='bbox 311 485 379 516; x_wconf 74' lang='lat' dir='ltr'>inde</span> <span class='ocrx_word' id='word_1_67' title='bbox 391 485 467 516; x_wconf 64' lang='lat' dir='ltr'>facta</span> <span class='ocrx_word' id='word_1_68' title='bbox 476 507 486 523; x_wconf 85' lang='lat'>‚</span> <span class='ocrx_word' id='word_1_69' title='bbox 501 484 610 523; x_wconf 74' lang='lat' dir='ltr'>plenius</span> <span class='ocrx_word' id='word_1_70' title='bbox 621 485 801 524; x_wconf 84' lang='lat' dir='ltr'>continetur,</span> 
     </span>
    </p>

    <p class='ocr_par' dir='ltr' id='par_1_8' title="bbox 158 522 1234 672">
     <span class='ocr_line' id='line_1_16' title="bbox 196 522 1232 563; baseline -0.004 -7"><span class='ocrx_word' id='word_1_71' title='bbox 196 525 239 556; x_wconf 89' lang='lat' dir='ltr'>Ita</span> <span class='ocrx_word' id='word_1_72' title='bbox 259 534 356 556; x_wconf 86' lang='lat' dir='ltr'>tamen</span> <span class='ocrx_word' id='word_1_73' title='bbox 375 523 456 563; x_wconf 81' lang='lat' dir='ltr'>quod</span> <span class='ocrx_word' id='word_1_74' title='bbox 481 523 610 562; x_wconf 87' lang='lat' dir='ltr'>Praelati,</span> <span class='ocrx_word' id='word_1_75' title='bbox 637 523 792 562; x_wconf 73' lang='lat' dir='ltr'>Proceres,</span> <span class='ocrx_word' id='word_1_76' title='bbox 806 524 840 555; x_wconf 90' lang='lat'>&amp;</span> <span class='ocrx_word' id='word_1_77' title='bbox 861 522 1049 561; x_wconf 75' lang='lat' dir='ltr'>Comunitas,</span> <span class='ocrx_word' id='word_1_78' title='bbox 1066 522 1232 562; x_wconf 64' lang='lat' dir='ltr'>supradic&#39;ti,</span> 
     </span>
     <span class='ocr_line' id='line_1_17' title="bbox 158 561 1233 601; baseline -0.002 -7"><span class='ocrx_word' id='word_1_79' title='bbox 158 564 243 595; x_wconf 87' lang='lat' dir='ltr'>nobis</span> <span class='ocrx_word' id='word_1_80' title='bbox 264 563 345 594; x_wconf 87' lang='lat' dir='ltr'>Fines</span> <span class='ocrx_word' id='word_1_81' title='bbox 367 564 402 594; x_wconf 91' lang='lat'>&amp;</span> <span class='ocrx_word' id='word_1_82' title='bbox 423 561 654 593; x_wconf 87' lang='lat' dir='ltr'>Subventionem</span> <span class='ocrx_word' id='word_1_83' title='bbox 675 563 794 601; x_wconf 80' lang='lat' dir='ltr'>faciant,</span> <span class='ocrx_word' id='word_1_84' title='bbox 813 571 897 601; x_wconf 92' lang='lat' dir='ltr'>prout</span> <span class='ocrx_word' id='word_1_85' title='bbox 916 563 1087 593; x_wconf 86' lang='lat' dir='ltr'>concordari</span> <span class='ocrx_word' id='word_1_86' title='bbox 1110 563 1233 600; x_wconf 89' lang='lat' dir='ltr'>poterit,</span> 
     </span>
     <span class='ocr_line' id='line_1_18' title="bbox 159 601 1234 670; baseline -0.001 -38"><span class='ocrx_word' id='word_1_87' title='bbox 159 601 400 670; x_wconf 48' lang='lat' dir='ltr'>‘’fg-praeUfiffisst</span> <span class='ocrx_word' id='word_1_88' title='bbox 407 601 539 640; x_wconf 83' lang='lat' dir='ltr'>plenam,</span> <span class='ocrx_word' id='word_1_89' title='bbox 556 610 657 632; x_wconf 86' lang='lat' dir='ltr'>tenore</span> <span class='ocrx_word' id='word_1_90' title='bbox 674 601 873 640; x_wconf 86' lang='lat' dir='ltr'>praescntium,</span> <span class='ocrx_word' id='word_1_91' title='bbox 890 602 1099 632; x_wconf 88' lang='lat' dir='ltr'>committimus</span> <span class='ocrx_word' id='word_1_92' title='bbox 1113 602 1147 632; x_wconf 67' lang='grc' dir='ltr'>ὃς</span> <span class='ocrx_word' id='word_1_93' title='bbox 1161 609 1234 631; x_wconf 87' lang='lat' dir='ltr'>con-</span> 
     </span>
     <span class='ocr_line' id='line_1_19' title="bbox 159 648 474 672; baseline -0.006 0"><span class='ocrx_word' id='word_1_94' title='bbox 159 650 195 672; x_wconf 88' lang='lat' dir='ltr'>ce</span> <span class='ocrx_word' id='word_1_95' title='bbox 215 650 288 671; x_wconf 82' lang='lat' dir='ltr'>imus</span> <span class='ocrx_word' id='word_1_96' title='bbox 325 649 374 671; x_wconf 91' lang='lat' dir='ltr'>ote</span> <span class='ocrx_word' id='word_1_97' title='bbox 401 648 474 670; x_wconf 87' lang='lat' dir='ltr'>atem</span> 
     </span>
    </p>

    <p class='ocr_par' dir='ltr' id='par_1_9' title="bbox 159 663 1235 942">
     <span class='ocr_line' id='line_1_20' title="bbox 199 663 1235 718; baseline -0.002 -9"><span class='ocrx_word' id='word_1_98' title='bbox 199 678 401 709; x_wconf 87' lang='lat' dir='ltr'>Promittentes</span> <span class='ocrx_word' id='word_1_99' title='bbox 420 688 475 716; x_wconf 90' lang='lat' dir='ltr'>pro</span> <span class='ocrx_word' id='word_1_100' title='bbox 482 663 595 718; x_wconf 72' lang='lat' dir='ltr'>2nobis,</span> <span class='ocrx_word' id='word_1_101' title='bbox 613 679 649 710; x_wconf 74' lang='grc' dir='ltr'>ὅτ.</span> <span class='ocrx_word' id='word_1_102' title='bbox 667 677 841 710; x_wconf 84' lang='lat' dir='ltr'>Haeredibus</span> <span class='ocrx_word' id='word_1_103' title='bbox 860 678 965 710; x_wconf 87' lang='lat' dir='ltr'>nostris</span> <span class='ocrx_word' id='word_1_104' title='bbox 1002 677 1063 710; x_wconf 78' lang='lat' dir='ltr'>uod</span> <span class='ocrx_word' id='word_1_105' title='bbox 1077 676 1235 708; x_wconf 86' lang='lat' dir='ltr'>Remiffio-</span> 
     </span>
     <span class='ocr_line' id='line_1_21' title="bbox 162 716 1234 757; baseline -0.002 -9"><span class='ocrx_word' id='word_1_106' title='bbox 162 727 230 756; x_wconf 66' lang='lat' dir='ltr'>nes,</span> <span class='ocrx_word' id='word_1_107' title='bbox 249 717 486 755; x_wconf 68' lang='lat' dir='ltr'>Pardo‘nationes,</span> <span class='ocrx_word' id='word_1_108' title='bbox 496 717 651 748; x_wconf 81' lang='lat' dir='ltr'>&amp;Gratias</span> <span class='ocrx_word' id='word_1_109' title='bbox 665 727 734 756; x_wconf 75' lang='lat' dir='ltr'>quas</span> <span class='ocrx_word' id='word_1_110' title='bbox 748 717 951 757; x_wconf 74' lang='lat' dir='ltr'>praefani,Dux</span> <span class='ocrx_word' id='word_1_111' title='bbox 1020 716 1214 756; x_wconf 87' lang='lat' dir='ltr'>chiepiscopus</span> <span class='ocrx_word' id='word_1_112' title='bbox 1223 738 1234 754; x_wconf 84' lang='lat'>‚</span> 
     </span>
     <span class='ocr_line' id='line_1_22' title="bbox 160 740 1235 800; baseline -0.003 -13"><span class='ocrx_word' id='word_1_113' title='bbox 160 755 310 795; x_wconf 83' lang='lat' dir='ltr'>Episcopi,</span> <span class='ocrx_word' id='word_1_114' title='bbox 334 755 486 794; x_wconf 66' lang='lat' dir='ltr'>Comites,</span> <span class='ocrx_word' id='word_1_115' title='bbox 511 755 878 800; x_wconf 41' lang='lat' dir='ltr'>Henricus‚·Radulphus‚</span> <span class='ocrx_word' id='word_1_116' title='bbox 898 758 932 788; x_wconf 90' lang='lat'>&amp;</span> <span class='ocrx_word' id='word_1_117' title='bbox 953 740 1130 786; x_wconf 60' lang='lat' dir='ltr'>&lt;willielmus</span> <span class='ocrx_word' id='word_1_118' title='bbox 1152 755 1189 785; x_wconf 92' lang='lat' dir='ltr'>de</span> <span class='ocrx_word' id='word_1_119' title='bbox 1210 754 1235 784; x_wconf 87' lang='lat' dir='ltr'>la</span> 
     </span>
     <span class='ocr_line' id='line_1_23' title="bbox 159 794 1234 835; baseline -0.002 -10"><span class='ocrx_word' id='word_1_120' title='bbox 159 795 250 833; x_wconf 89' lang='lat' dir='ltr'>Pole,</span> <span class='ocrx_word' id='word_1_121' title='bbox 268 795 366 833; x_wconf 69' lang='lat' dir='ltr'>octo,</span> <span class='ocrx_word' id='word_1_122' title='bbox 386 794 424 825; x_wconf 89' lang='lat' dir='ltr'>Se</span> <span class='ocrx_word' id='word_1_123' title='bbox 445 803 521 833; x_wconf 84' lang='lat' dir='ltr'>tem,</span> <span class='ocrx_word' id='word_1_124' title='bbox 537 795 610 833; x_wconf 83' lang='lat' dir='ltr'>Sex,</span> <span class='ocrx_word' id='word_1_125' title='bbox 630 795 786 834; x_wconf 85' lang='lat' dir='ltr'>anque,</span> <span class='ocrx_word' id='word_1_126' title='bbox 810 796 844 826; x_wconf 72' lang='grc' dir='ltr'>δε</span> <span class='ocrx_word' id='word_1_127' title='bbox 867 796 1002 835; x_wconf 82' lang='lat' dir='ltr'>Qatuor</span> <span class='ocrx_word' id='word_1_128' title='bbox 1023 804 1126 824; x_wconf 87' lang='lat' dir='ltr'>eorum</span> <span class='ocrx_word' id='word_1_129' title='bbox 1149 794 1234 832; x_wconf 92' lang='lat' dir='ltr'>(quo-</span> 
     </span>
     <span class='ocr_line' id='line_1_24' title="bbox 165 805 1235 902; baseline -0.003 -38"><span class='ocrx_word' id='word_1_130' title='bbox 165 844 230 864; x_wconf 83' lang='lat' dir='ltr'>rum</span> <span class='ocrx_word' id='word_1_131' title='bbox 249 833 395 872; x_wconf 75' lang='lat' dir='ltr'>praefatos,</span> <span class='ocrx_word' id='word_1_132' title='bbox 413 805 531 877; x_wconf 58' lang='lat' dir='ltr'>lgucem</span> <span class='ocrx_word' id='word_1_133' title='bbox 549 833 583 877; x_wconf 67' lang='grc' dir='ltr'>βε</span> <span class='ocrx_word' id='word_1_134' title='bbox 602 832 858 902; x_wconf 50' lang='grc' dir='ltr'>Αῑσὴίερίίεοέυῐη</span> <span class='ocrx_word' id='word_1_135' title='bbox 873 845 906 864; x_wconf 86' lang='lat' dir='ltr'>ac</span> <span class='ocrx_word' id='word_1_136' title='bbox 931 832 1134 877; x_wconf 80' lang='lat' dir='ltr'>Radulphum,</span> <span class='ocrx_word' id='word_1_137' title='bbox 1160 832 1235 862; x_wconf 88' lang='lat' dir='ltr'>Tres</span> 
     </span>
     <span class='ocr_line' id='line_1_25' title="bbox 159 870 1235 912; baseline -0.003 -9"><span class='ocrx_word' id='word_1_138' title='bbox 159 873 220 903; x_wconf 79' lang='lat' dir='ltr'>effe</span> <span class='ocrx_word' id='word_1_139' title='bbox 241 872 389 910; x_wconf 90' lang='lat' dir='ltr'>volumus)</span> <span class='ocrx_word' id='word_1_140' title='bbox 413 872 533 904; x_wconf 81' lang='lat' dir='ltr'>fecerint</span> <span class='ocrx_word' id='word_1_141' title='bbox 551 883 580 903; x_wconf 87' lang='lat' dir='ltr'>in</span> <span class='ocrx_word' id='word_1_142' title='bbox 595 873 648 904; x_wconf 82' lang='lat' dir='ltr'>hac</span> <span class='ocrx_word' id='word_1_143' title='bbox 665 881 761 912; x_wconf 84' lang='lat' dir='ltr'>parte,</span> <span class='ocrx_word' id='word_1_144' title='bbox 811 882 866 903; x_wconf 88' lang='lat' dir='ltr'>atas</span> <span class='ocrx_word' id='word_1_145' title='bbox 880 872 1050 903; x_wconf 75' lang='lat' dir='ltr'>habebimus</span> <span class='ocrx_word' id='word_1_146' title='bbox 1071 872 1105 902; x_wconf 74' lang='grc' dir='ltr'>δε</span> <span class='ocrx_word' id='word_1_147' title='bbox 1122 870 1235 909; x_wconf 91' lang='lat' dir='ltr'>Accep-</span> 
     </span>
     <span class='ocr_line' id='line_1_26' title="bbox 160 919 209 942; baseline -0.061 0"><span class='ocrx_word' id='word_1_148' title='bbox 160 919 209 942; x_wconf 85' lang='lat' dir='ltr'>tas.</span> 
     </span>
    </p>

    <p class='ocr_par' dir='ltr' id='par_1_10' title="bbox 199 949 421 989">
     <span class='ocr_line' id='line_1_27' title="bbox 199 949 421 989; baseline -0.005 -9"><span class='ocrx_word' id='word_1_149' title='bbox 199 949 234 980; x_wconf 92' lang='lat' dir='ltr'>In</span> <span class='ocrx_word' id='word_1_150' title='bbox 248 949 345 989; x_wconf 88' lang='lat' dir='ltr'>cujus,</span> <span class='ocrx_word' id='word_1_151' title='bbox 360 950 421 981; x_wconf 71' lang='grc' dir='ltr'>ὅτε.</span> 
     </span>
    </p>
   </div>
   <div class='ocr_carea' id='block_1_8' title="bbox 162 1024 1236 1106">
    <p class='ocr_par' dir='ltr' id='par_1_11' title="bbox 162 1024 1236 1106">
     <span class='ocr_line' id='line_1_28' title="bbox 200 1024 1236 1067; baseline -0.003 -9"><span class='ocrx_word' id='word_1_152' title='bbox 200 1025 294 1058; x_wconf 87' lang='lat' dir='ltr'>Teste</span> <span class='ocrx_word' id='word_1_153' title='bbox 314 1026 398 1067; x_wconf 86' lang='lat' dir='ltr'>Rege</span> <span class='ocrx_word' id='word_1_154' title='bbox 417 1025 490 1065; x_wconf 89' lang='lat' dir='ltr'>apud</span> <span class='ocrx_word' id='word_1_155' title='bbox 507 1026 651 1065; x_wconf 85' lang='lat' dir='ltr'>Markoyn</span> <span class='ocrx_word' id='word_1_156' title='bbox 666 1026 737 1057; x_wconf 87' lang='lat' dir='ltr'>infra</span> <span class='ocrx_word' id='word_1_157' title='bbox 756 1025 917 1058; x_wconf 82' lang='lat' dir='ltr'>Marchiam</span> <span class='ocrx_word' id='word_1_158' title='bbox 935 1026 1078 1065; x_wconf 81' lang='lat' dir='ltr'>Franciae,</span> <span class='ocrx_word' id='word_1_159' title='bbox 1096 1024 1236 1058; x_wconf 81' lang='lat' dir='ltr'>vicesimo</span> 
     </span>
     <span class='ocr_line' id='line_1_29' title="bbox 162 1064 1075 1106; baseline -0.004 -8"><span class='ocrx_word' id='word_1_160' title='bbox 162 1064 239 1098; x_wconf 82' lang='lat' dir='ltr'>sexto</span> <span class='ocrx_word' id='word_1_161' title='bbox 253 1065 300 1097; x_wconf 89' lang='lat' dir='ltr'>die</span> <span class='ocrx_word' id='word_1_162' title='bbox 311 1065 504 1104; x_wconf 79' lang='lat' dir='ltr'>Septembris,</span> <span class='ocrx_word' id='word_1_163' title='bbox 522 1065 611 1097; x_wconf 87' lang='lat' dir='ltr'>Anno</span> <span class='ocrx_word' id='word_1_164' title='bbox 626 1065 722 1106; x_wconf 81' lang='lat' dir='ltr'>Regni</span> <span class='ocrx_word' id='word_1_165' title='bbox 738 1064 829 1096; x_wconf 86' lang='lat' dir='ltr'>nostri</span> <span class='ocrx_word' id='word_1_166' title='bbox 841 1065 1075 1097; x_wconf 81' lang='lat' dir='ltr'>Tertiodecimo.</span> 
     </span>
    </p>
   </div>
   <div class='ocr_carea' id='block_1_9' title="bbox 861 1141 1132 1182">
    <p class='ocr_par' dir='ltr' id='par_1_12' title="bbox 861 1141 1132 1182">
     <span class='ocr_line' id='line_1_30' title="bbox 861 1141 1132 1182; baseline -0.015 -10"><span class='ocrx_word' id='word_1_167' title='bbox 861 1144 914 1172; x_wconf 77' lang='lat' dir='ltr'>Per</span> <span class='ocrx_word' id='word_1_168' title='bbox 928 1141 1013 1182; x_wconf 69' lang='lat' dir='ltr'>ipstam</span> <span class='ocrx_word' id='word_1_169' title='bbox 1026 1143 1132 1180; x_wconf 79' lang='lat' dir='ltr'>Regem.</span> 
     </span>
    </p>
   </div>
   <div class='ocr_carea' id='block_1_10' title="bbox 170 1266 1238 1362">
    <p class='ocr_par' dir='ltr' id='par_1_13' title="bbox 170 1266 1238 1362">
     <span class='ocr_line' id='line_1_31' title="bbox 170 1266 1238 1317; baseline -0.001 -17"><span class='ocrx_word' id='word_1_170' title='bbox 170 1266 339 1303; x_wconf 73' lang='lat' dir='ltr'>Indentura</span> <span class='ocrx_word' id='word_1_171' title='bbox 363 1280 432 1302; x_wconf 82' lang='lat' dir='ltr'>cum</span> <span class='ocrx_word' id='word_1_172' title='bbox 455 1269 608 1317; x_wconf 56' lang='lat' dir='ltr'>prefatis,</span> <span class='ocrx_word' id='word_1_173' title='bbox 624 1269 716 1316; x_wconf 74' lang='lat' dir='ltr'>fitpcr</span> <span class='ocrx_word' id='word_1_174' title='bbox 737 1271 854 1302; x_wconf 72' lang='lat' dir='ltr'>Gratiis</span> <span class='ocrx_word' id='word_1_175' title='bbox 875 1267 1031 1304; x_wconf 60' lang='lat' dir='ltr'>antediilis</span> <span class='ocrx_word' id='word_1_176' title='bbox 1050 1266 1238 1300; x_wconf 85' lang='lat' dir='ltr'>concedendis</span> 
     </span>
     <span class='ocr_line' id='line_1_32' title="bbox 647 1317 749 1362; baseline 0 -13"><span class='ocrx_word' id='word_1_177' title='bbox 647 1317 749 1362; x_wconf 57' lang='lat' dir='ltr'>farsia,</span> 
     </span>
    </p>
   </div>
   <div class='ocr_carea' id='block_1_11' title="bbox 165 1402 1239 2058">
    <p class='ocr_par' dir='ltr' id='par_1_14' title="bbox 167 1402 1237 1549">
     <span class='ocr_line' id='line_1_33' title="bbox 229 1402 581 1439; baseline 0 -6"><span class='ocrx_word' id='word_1_178' title='bbox 229 1402 305 1433; x_wconf 86' lang='lat' dir='ltr'>&#39;Este</span> <span class='ocrx_word' id='word_1_179' title='bbox 318 1402 345 1433; x_wconf 89' lang='lat' dir='ltr'>le</span> <span class='ocrx_word' id='word_1_180' title='bbox 356 1402 440 1434; x_wconf 91' lang='lat' dir='ltr'>Poair</span> <span class='ocrx_word' id='word_1_181' title='bbox 457 1403 581 1439; x_wconf 78' lang='lat' dir='ltr'>Donez,</span> 
     </span>
     <span class='ocr_line' id='line_1_34' title="bbox 265 1438 1237 1480; baseline -0.002 -8"><span class='ocrx_word' id='word_1_182' title='bbox 265 1440 415 1472; x_wconf 85' lang='lat' dir='ltr'>Endentez</span> <span class='ocrx_word' id='word_1_183' title='bbox 428 1453 477 1480; x_wconf 85' lang='lat' dir='ltr'>par</span> <span class='ocrx_word' id='word_1_184' title='bbox 493 1442 536 1480; x_wconf 89' lang='lat' dir='ltr'>le,</span> <span class='ocrx_word' id='word_1_185' title='bbox 554 1440 714 1472; x_wconf 85' lang='lat' dir='ltr'>Tresnoble</span> <span class='ocrx_word' id='word_1_186' title='bbox 728 1440 847 1478; x_wconf 87' lang='lat' dir='ltr'>Prince‚</span> <span class='ocrx_word' id='word_1_187' title='bbox 866 1439 1018 1470; x_wconf 82' lang='lat' dir='ltr'>Monsieur</span> <span class='ocrx_word' id='word_1_188' title='bbox 1031 1438 1170 1476; x_wconf 78' lang='lat' dir='ltr'>Edward,</span> <span class='ocrx_word' id='word_1_189' title='bbox 1187 1449 1237 1478; x_wconf 88' lang='lat' dir='ltr'>par</span> 
     </span>
     <span class='ocr_line' id='line_1_35' title="bbox 167 1478 1237 1548; baseline 0 -39"><span class='ocrx_word' id='word_1_190' title='bbox 167 1478 195 1548; x_wconf 54' lang='grc'><strong>113,</strong></span> <span class='ocrx_word' id='word_1_191' title='bbox 196 1478 307 1548; x_wconf 50' lang='lat' dir='ltr'>ffrace</span> <span class='ocrx_word' id='word_1_192' title='bbox 320 1479 354 1510; x_wconf 88' lang='lat' dir='ltr'>de</span> <span class='ocrx_word' id='word_1_193' title='bbox 368 1480 462 1518; x_wconf 84' lang='lat' dir='ltr'>Dieu,</span> <span class='ocrx_word' id='word_1_194' title='bbox 480 1479 541 1511; x_wconf 89' lang='lat' dir='ltr'>Roi</span> <span class='ocrx_word' id='word_1_195' title='bbox 557 1479 765 1519; x_wconf 69' lang='lat' dir='ltr'>d&#39;Engleterre,</span> <span class='ocrx_word' id='word_1_196' title='bbox 783 1479 924 1517; x_wconf 83' lang='lat' dir='ltr'>Seigneur</span> <span class='ocrx_word' id='word_1_197' title='bbox 937 1478 1094 1517; x_wconf 82' lang='lat' dir='ltr'>d&#39;lrlande,</span> <span class='ocrx_word' id='word_1_198' title='bbox 1106 1479 1140 1510; x_wconf 92' lang='lat'>&amp;</span> <span class='ocrx_word' id='word_1_199' title='bbox 1153 1478 1237 1510; x_wconf 88' lang='lat' dir='ltr'>Ducs</span> 
     </span>
     <span class='ocr_line' id='line_1_36' title="bbox 245 1527 329 1549; baseline -0.012 0"><span class='ocrx_word' id='word_1_200' title='bbox 245 1527 329 1549; x_wconf 81' lang='lat' dir='ltr'>uitam</span> 
     </span>
    </p>

    <p class='ocr_par' dir='ltr' id='par_1_15' title="bbox 166 1528 1237 1635">
     <span class='ocr_line' id='line_1_37' title="bbox 207 1528 1237 1596; baseline 0 -10"><span class='ocrx_word' id='word_1_201' title='bbox 207 1528 265 1596; x_wconf 75' lang='lat' dir='ltr'>Aqs,</span> <span class='ocrx_word' id='word_1_202' title='bbox 283 1541 388 1586; x_wconf 68' lang='lat' dir='ltr'>No’ble</span> <span class='ocrx_word' id='word_1_203' title='bbox 412 1556 534 1594; x_wconf 86' lang='lat' dir='ltr'>Prince,</span> <span class='ocrx_word' id='word_1_204' title='bbox 550 1556 700 1587; x_wconf 85' lang='lat' dir='ltr'>Monfieur</span> <span class='ocrx_word' id='word_1_205' title='bbox 723 1555 860 1594; x_wconf 88' lang='lat' dir='ltr'>Edward,</span> <span class='ocrx_word' id='word_1_206' title='bbox 881 1555 964 1587; x_wconf 90' lang='lat' dir='ltr'>Ducs</span> <span class='ocrx_word' id='word_1_207' title='bbox 986 1555 1023 1586; x_wconf 89' lang='lat' dir='ltr'>de</span> <span class='ocrx_word' id='word_1_208' title='bbox 1046 1554 1237 1594; x_wconf 86' lang='lat' dir='ltr'>Cornewaill,</span> 
     </span>
     <span class='ocr_line' id='line_1_38' title="bbox 166 1594 776 1635; baseline -0.003 -8"><span class='ocrx_word' id='word_1_209' title='bbox 166 1594 217 1628; x_wconf 88' lang='lat' dir='ltr'>son</span> <span class='ocrx_word' id='word_1_210' title='bbox 231 1595 304 1625; x_wconf 89' lang='lat' dir='ltr'>eisne</span> <span class='ocrx_word' id='word_1_211' title='bbox 321 1594 409 1633; x_wconf 83' lang='lat' dir='ltr'>Fiuz,</span> <span class='ocrx_word' id='word_1_212' title='bbox 424 1594 553 1626; x_wconf 90' lang='lat' dir='ltr'>Gardein</span> <span class='ocrx_word' id='word_1_213' title='bbox 565 1595 776 1635; x_wconf 77' lang='lat' dir='ltr'>d‘Engleterre,</span> 
     </span>
    </p>

    <p class='ocr_par' dir='ltr' id='par_1_16' title="bbox 165 1632 1238 1781">
     <span class='ocr_line' id='line_1_39' title="bbox 203 1632 1237 1672; baseline -0.001 -8"><span class='ocrx_word' id='word_1_214' title='bbox 203 1632 240 1664; x_wconf 79' lang='lat' dir='ltr'>Et</span> <span class='ocrx_word' id='word_1_215' title='bbox 249 1657 258 1671; x_wconf 92' lang='lat'>,</span> <span class='ocrx_word' id='word_1_216' title='bbox 276 1633 315 1664; x_wconf 70' lang='lat' dir='ltr'>les</span> <span class='ocrx_word' id='word_1_217' title='bbox 328 1633 512 1665; x_wconf 67' lang='lat' dir='ltr'>Honurables</span> <span class='ocrx_word' id='word_1_218' title='bbox 525 1633 602 1664; x_wconf 90' lang='lat' dir='ltr'>Piers</span> <span class='ocrx_word' id='word_1_219' title='bbox 614 1644 650 1664; x_wconf 92' lang='lat' dir='ltr'>en</span> <span class='ocrx_word' id='word_1_220' title='bbox 664 1633 742 1664; x_wconf 89' lang='lat' dir='ltr'>Dieu</span> <span class='ocrx_word' id='word_1_221' title='bbox 751 1656 760 1672; x_wconf 96' lang='lat'>,</span> <span class='ocrx_word' id='word_1_222' title='bbox 777 1643 826 1672; x_wconf 89' lang='lat' dir='ltr'>par</span> <span class='ocrx_word' id='word_1_223' title='bbox 840 1634 865 1663; x_wconf 88' lang='grc'>13</span> <span class='ocrx_word' id='word_1_224' title='bbox 881 1633 998 1663; x_wconf 88' lang='lat' dir='ltr'>meisme</span> <span class='ocrx_word' id='word_1_225' title='bbox 1012 1632 1127 1671; x_wconf 85' lang='lat' dir='ltr'>Grace,</span> <span class='ocrx_word' id='word_1_226' title='bbox 1141 1632 1237 1671; x_wconf 88' lang='lat' dir='ltr'>Johan</span> 
     </span>
     <span class='ocr_line' id='line_1_40' title="bbox 166 1671 1237 1712; baseline -0.001 -10"><span class='ocrx_word' id='word_1_227' title='bbox 166 1671 345 1711; x_wconf 85' lang='lat' dir='ltr'>Ercevesque</span> <span class='ocrx_word' id='word_1_228' title='bbox 369 1672 406 1704; x_wconf 85' lang='lat' dir='ltr'>de</span> <span class='ocrx_word' id='word_1_229' title='bbox 425 1671 590 1703; x_wconf 87' lang='lat' dir='ltr'>Canterbirs</span> <span class='ocrx_word' id='word_1_230' title='bbox 610 1672 715 1703; x_wconf 87' lang='lat' dir='ltr'>Primat</span> <span class='ocrx_word' id='word_1_231' title='bbox 731 1671 767 1702; x_wconf 92' lang='lat' dir='ltr'>de</span> <span class='ocrx_word' id='word_1_232' title='bbox 781 1680 844 1703; x_wconf 90' lang='lat' dir='ltr'>tout</span> <span class='ocrx_word' id='word_1_233' title='bbox 861 1671 1043 1712; x_wconf 78' lang='lat' dir='ltr'>Engleterre,</span> <span class='ocrx_word' id='word_1_234' title='bbox 1061 1673 1095 1702; x_wconf 71' lang='grc' dir='ltr'>ὃ(</span> <span class='ocrx_word' id='word_1_235' title='bbox 1110 1672 1237 1702; x_wconf 85' lang='lat' dir='ltr'>Richard</span> 
     </span>
     <span class='ocr_line' id='line_1_41' title="bbox 165 1709 1238 1780; baseline -0.002 -37"><span class='ocrx_word' id='word_1_236' title='bbox 165 1710 297 1780; x_wconf 45' lang='lat' dir='ltr'>{Evleisque</span> <span class='ocrx_word' id='word_1_237' title='bbox 311 1710 348 1743; x_wconf 89' lang='lat' dir='ltr'>de</span> <span class='ocrx_word' id='word_1_238' title='bbox 362 1710 521 1750; x_wconf 84' lang='lat' dir='ltr'>Duresme,</span> <span class='ocrx_word' id='word_1_239' title='bbox 536 1711 571 1742; x_wconf 88' lang='lat'>&amp;</span> <span class='ocrx_word' id='word_1_240' title='bbox 584 1710 712 1742; x_wconf 88' lang='lat' dir='ltr'>Richard</span> <span class='ocrx_word' id='word_1_241' title='bbox 727 1711 857 1749; x_wconf 85' lang='lat' dir='ltr'>Evesque</span> <span class='ocrx_word' id='word_1_242' title='bbox 871 1710 908 1741; x_wconf 89' lang='lat' dir='ltr'>de</span> <span class='ocrx_word' id='word_1_243' title='bbox 923 1710 1054 1741; x_wconf 85' lang='lat' dir='ltr'>Londres</span> <span class='ocrx_word' id='word_1_244' title='bbox 1068 1709 1238 1742; x_wconf 81' lang='lat' dir='ltr'>Chauceller</span> 
     </span>
     <span class='ocr_line' id='line_1_42' title="bbox 175 1759 268 1781; baseline -0.011 0"><span class='ocrx_word' id='word_1_245' title='bbox 175 1759 192 1781; x_wconf 87' lang='lat' dir='ltr'>e</span> <span class='ocrx_word' id='word_1_246' title='bbox 238 1760 268 1780; x_wconf 88' lang='lat'>01</span> 
     </span>
    </p>

    <p class='ocr_par' dir='ltr' id='par_1_17' title="bbox 166 1773 1239 1866">
     <span class='ocr_line' id='line_1_43' title="bbox 203 1773 1239 1827; baseline 0.002 -9"><span class='ocrx_word' id='word_1_247' title='bbox 203 1784 258 1826; x_wconf 86' lang='lat' dir='ltr'>Et,</span> <span class='ocrx_word' id='word_1_248' title='bbox 275 1773 304 1819; x_wconf 75' lang='lat' dir='ltr'>a’s</span> <span class='ocrx_word' id='word_1_249' title='bbox 324 1787 442 1822; x_wconf 90' lang='lat' dir='ltr'>Nobles</span> <span class='ocrx_word' id='word_1_250' title='bbox 463 1787 628 1827; x_wconf 85' lang='lat' dir='ltr'>Hommes,</span> <span class='ocrx_word' id='word_1_251' title='bbox 646 1787 774 1819; x_wconf 86' lang='lat' dir='ltr'>Richard</span> <span class='ocrx_word' id='word_1_252' title='bbox 797 1786 895 1818; x_wconf 86' lang='lat' dir='ltr'>Conte</span> <span class='ocrx_word' id='word_1_253' title='bbox 914 1787 1089 1826; x_wconf 82' lang='lat' dir='ltr'>d’Arondel,</span> <span class='ocrx_word' id='word_1_254' title='bbox 1105 1787 1239 1820; x_wconf 88' lang='lat' dir='ltr'>William</span> 
     </span>
     <span class='ocr_line' id='line_1_44' title="bbox 166 1823 544 1866; baseline -0.003 -9"><span class='ocrx_word' id='word_1_255' title='bbox 166 1823 267 1857; x_wconf 85' lang='lat' dir='ltr'>Conte</span> <span class='ocrx_word' id='word_1_256' title='bbox 281 1826 318 1858; x_wconf 89' lang='lat' dir='ltr'>de</span> <span class='ocrx_word' id='word_1_257' title='bbox 330 1826 544 1866; x_wconf 84' lang='lat' dir='ltr'>Huntyngdon,</span> 
     </span>
    </p>

    <p class='ocr_par' dir='ltr' id='par_1_18' title="bbox 206 1863 1162 1905">
     <span class='ocr_line' id='line_1_45' title="bbox 206 1863 1162 1905; baseline 0.001 -10"><span class='ocrx_word' id='word_1_258' title='bbox 206 1864 310 1905; x_wconf 84' lang='lat' dir='ltr'>Hemy</span> <span class='ocrx_word' id='word_1_259' title='bbox 324 1865 360 1896; x_wconf 86' lang='lat' dir='ltr'>de</span> <span class='ocrx_word' id='word_1_260' title='bbox 374 1864 481 1904; x_wconf 85' lang='lat' dir='ltr'>Percy,</span> <span class='ocrx_word' id='word_1_261' title='bbox 499 1864 581 1895; x_wconf 85' lang='lat' dir='ltr'>Rauf</span> <span class='ocrx_word' id='word_1_262' title='bbox 592 1864 629 1895; x_wconf 91' lang='lat' dir='ltr'>de</span> <span class='ocrx_word' id='word_1_263' title='bbox 644 1864 763 1903; x_wconf 87' lang='lat' dir='ltr'>Nevill,</span> <span class='ocrx_word' id='word_1_264' title='bbox 783 1866 816 1897; x_wconf 93' lang='lat'>&amp;</span> <span class='ocrx_word' id='word_1_265' title='bbox 828 1864 960 1895; x_wconf 90' lang='lat' dir='ltr'>William</span> <span class='ocrx_word' id='word_1_266' title='bbox 977 1863 1014 1895; x_wconf 91' lang='lat' dir='ltr'>de</span> <span class='ocrx_word' id='word_1_267' title='bbox 1027 1864 1052 1894; x_wconf 91' lang='lat' dir='ltr'>la</span> <span class='ocrx_word' id='word_1_268' title='bbox 1073 1864 1162 1904; x_wconf 90' lang='lat' dir='ltr'>Pole,</span> 
     </span>
    </p>

    <p class='ocr_par' dir='ltr' id='par_1_19' title="bbox 167 1902 1237 1982">
     <span class='ocr_line' id='line_1_46' title="bbox 204 1902 1237 1944; baseline 0.002 -11"><span class='ocrx_word' id='word_1_269' title='bbox 204 1903 284 1943; x_wconf 88' lang='lat' dir='ltr'>Oyt,</span> <span class='ocrx_word' id='word_1_270' title='bbox 299 1904 386 1942; x_wconf 84' lang='lat' dir='ltr'>Sept,</span> <span class='ocrx_word' id='word_1_271' title='bbox 404 1903 466 1940; x_wconf 90' lang='lat' dir='ltr'>Sis,</span> <span class='ocrx_word' id='word_1_272' title='bbox 484 1903 588 1942; x_wconf 86' lang='lat' dir='ltr'>Cynk,</span> <span class='ocrx_word' id='word_1_273' title='bbox 606 1905 640 1935; x_wconf 88' lang='lat'>&amp;</span> <span class='ocrx_word' id='word_1_274' title='bbox 663 1904 776 1942; x_wconf 76' lang='lat' dir='ltr'>Quatre</span> <span class='ocrx_word' id='word_1_275' title='bbox 796 1904 832 1934; x_wconf 91' lang='lat' dir='ltr'>de</span> <span class='ocrx_word' id='word_1_276' title='bbox 854 1912 923 1941; x_wconf 87' lang='lat' dir='ltr'>eux,</span> <span class='ocrx_word' id='word_1_277' title='bbox 940 1902 1016 1934; x_wconf 82' lang='lat' dir='ltr'>iffint</span> <span class='ocrx_word' id='word_1_278' title='bbox 1033 1913 1089 1941; x_wconf 86' lang='lat' dir='ltr'>que</span> <span class='ocrx_word' id='word_1_279' title='bbox 1102 1904 1141 1935; x_wconf 72' lang='lat' dir='ltr'>les</span> <span class='ocrx_word' id='word_1_280' title='bbox 1159 1903 1237 1944; x_wconf 86' lang='lat' dir='ltr'>ditz‚</span> 
     </span>
     <span class='ocr_line' id='line_1_47' title="bbox 167 1940 1163 1982; baseline 0.002 -11"><span class='ocrx_word' id='word_1_281' title='bbox 167 1940 266 1981; x_wconf 76' lang='lat' dir='ltr'>Ducs,</span> <span class='ocrx_word' id='word_1_282' title='bbox 284 1941 481 1982; x_wconf 86' lang='lat' dir='ltr'>Ercevesque,</span> <span class='ocrx_word' id='word_1_283' title='bbox 499 1943 532 1974; x_wconf 89' lang='lat'>&amp;</span> <span class='ocrx_word' id='word_1_284' title='bbox 551 1942 633 1973; x_wconf 86' lang='lat' dir='ltr'>Rauf</span> <span class='ocrx_word' id='word_1_285' title='bbox 642 1941 679 1973; x_wconf 93' lang='lat' dir='ltr'>de</span> <span class='ocrx_word' id='word_1_286' title='bbox 694 1942 727 1973; x_wconf 90' lang='lat' dir='ltr'>N</span> <span class='ocrx_word' id='word_1_287' title='bbox 731 1942 813 1982; x_wconf 87' lang='lat' dir='ltr'>evill,</span> <span class='ocrx_word' id='word_1_288' title='bbox 831 1942 922 1974; x_wconf 87' lang='lat' dir='ltr'>soient</span> <span class='ocrx_word' id='word_1_289' title='bbox 936 1942 1026 1972; x_wconf 85' lang='lat' dir='ltr'>Trois</span> <span class='ocrx_word' id='word_1_290' title='bbox 1038 1943 1075 1972; x_wconf 89' lang='lat' dir='ltr'>de</span> <span class='ocrx_word' id='word_1_291' title='bbox 1089 1952 1163 1981; x_wconf 83' lang='lat' dir='ltr'>eux,-</span> 
     </span>
    </p>

    <p class='ocr_par' dir='ltr' id='par_1_20' title="bbox 165 1980 1238 2058">
     <span class='ocr_line' id='line_1_48' title="bbox 203 1980 1237 2020; baseline 0.003 -10"><span class='ocrx_word' id='word_1_292' title='bbox 203 1980 252 2011; x_wconf 94' lang='lat' dir='ltr'>De</span> <span class='ocrx_word' id='word_1_293' title='bbox 274 1989 405 2019; x_wconf 84' lang='lat' dir='ltr'>granter,</span> <span class='ocrx_word' id='word_1_294' title='bbox 421 1991 457 2011; x_wconf 88' lang='lat' dir='ltr'>en</span> <span class='ocrx_word' id='word_1_295' title='bbox 481 1981 578 2012; x_wconf 86' lang='lat' dir='ltr'>Noun</span> <span class='ocrx_word' id='word_1_296' title='bbox 597 1981 636 2012; x_wconf 88' lang='lat' dir='ltr'>du</span> <span class='ocrx_word' id='word_1_297' title='bbox 658 1981 737 2019; x_wconf 88' lang='lat' dir='ltr'>Roi,</span> <span class='ocrx_word' id='word_1_298' title='bbox 755 1981 794 2012; x_wconf 70' lang='lat' dir='ltr'>les</span> <span class='ocrx_word' id='word_1_299' title='bbox 814 1980 925 2012; x_wconf 70' lang='lat' dir='ltr'>Gracee</span> <span class='ocrx_word' id='word_1_300' title='bbox 947 1991 1002 2019; x_wconf 86' lang='lat' dir='ltr'>que</span> <span class='ocrx_word' id='word_1_301' title='bbox 1025 1981 1179 2020; x_wconf 82' lang='lat' dir='ltr'>s&#39;ensuien,</span> <span class='ocrx_word' id='word_1_302' title='bbox 1197 1992 1237 2013; x_wconf 94' lang='lat' dir='ltr'>ou</span> 
     </span>
     <span class='ocr_line' id='line_1_49' title="bbox 165 2019 1238 2058; baseline 0.003 -9"><span class='ocrx_word' id='word_1_303' title='bbox 165 2020 252 2057; x_wconf 76' lang='lat' dir='ltr'>partie</span> <span class='ocrx_word' id='word_1_304' title='bbox 264 2019 394 2058; x_wconf 86' lang='lat' dir='ltr'>d&#39;ycelles</span> <span class='ocrx_word' id='word_1_305' title='bbox 410 2019 522 2057; x_wconf 86' lang='lat' dir='ltr'>(solone</span> <span class='ocrx_word' id='word_1_306' title='bbox 538 2030 573 2051; x_wconf 90' lang='lat' dir='ltr'>ce</span> <span class='ocrx_word' id='word_1_307' title='bbox 588 2020 648 2058; x_wconf 87' lang='lat' dir='ltr'>q&#39;ils</span> <span class='ocrx_word' id='word_1_308' title='bbox 663 2028 780 2052; x_wconf 88' lang='lat' dir='ltr'>verront</span> <span class='ocrx_word' id='word_1_309' title='bbox 793 2029 850 2058; x_wconf 88' lang='lat' dir='ltr'>que</span> <span class='ocrx_word' id='word_1_310' title='bbox 864 2029 899 2050; x_wconf 86' lang='lat' dir='ltr'>ce</span> <span class='ocrx_word' id='word_1_311' title='bbox 914 2020 965 2050; x_wconf 88' lang='lat' dir='ltr'>soit</span> <span class='ocrx_word' id='word_1_312' title='bbox 977 2020 1085 2058; x_wconf 80' lang='lat' dir='ltr'>affaire)</span> <span class='ocrx_word' id='word_1_313' title='bbox 1101 2031 1128 2050; x_wconf 88' lang='lat' dir='ltr'>as</span> <span class='ocrx_word' id='word_1_314' title='bbox 1137 2020 1238 2052; x_wconf 88' lang='lat' dir='ltr'>Gentz</span> 
     </span>
    </p>
   </div>
   <div class='ocr_carea' id='block_1_12' title="bbox 164 2056 1255 2099">
    <p class='ocr_par' dir='ltr' id='par_1_21' title="bbox 164 2056 1255 2099">
     <span class='ocr_line' id='line_1_50' title="bbox 164 2056 1255 2099; baseline 0.002 -11"><span class='ocrx_word' id='word_1_315' title='bbox 164 2056 202 2088; x_wconf 86' lang='lat' dir='ltr'>de</span> <span class='ocrx_word' id='word_1_316' title='bbox 219 2057 316 2089; x_wconf 85' lang='lat' dir='ltr'>Seinre</span> <span class='ocrx_word' id='word_1_317' title='bbox 336 2057 378 2089; x_wconf 88' lang='lat' dir='ltr'>Es</span> <span class='ocrx_word' id='word_1_318' title='bbox 391 2058 455 2097; x_wconf 86' lang='lat' dir='ltr'>lise,</span> <span class='ocrx_word' id='word_1_319' title='bbox 473 2059 508 2089; x_wconf 85' lang='lat'>&amp;</span> <span class='ocrx_word' id='word_1_320' title='bbox 528 2069 555 2089; x_wconf 90' lang='lat' dir='ltr'>as</span> <span class='ocrx_word' id='word_1_321' title='bbox 575 2067 681 2099; x_wconf 82' lang='lat' dir='ltr'>autres,</span> <span class='ocrx_word' id='word_1_322' title='bbox 702 2068 750 2098; x_wconf 84' lang='lat' dir='ltr'>par</span> <span class='ocrx_word' id='word_1_323' title='bbox 771 2059 915 2089; x_wconf 82' lang='lat' dir='ltr'>resonable</span> <span class='ocrx_word' id='word_1_324' title='bbox 937 2058 1003 2097; x_wconf 89' lang='lat' dir='ltr'>Fin,</span> <span class='ocrx_word' id='word_1_325' title='bbox 1022 2068 1061 2089; x_wconf 93' lang='lat' dir='ltr'>ou</span> <span class='ocrx_word' id='word_1_326' title='bbox 1087 2069 1140 2098; x_wconf 90' lang='lat' dir='ltr'>pur</span> <span class='ocrx_word' id='word_1_327' title='bbox 1160 2064 1255 2091; x_wconf 85' lang='lat' dir='ltr'>autre&#39;</span> 
     </span>
    </p>
   </div>
   <div class='ocr_carea' id='block_1_13' title="bbox 164 2096 1239 2512">
    <p class='ocr_par' dir='ltr' id='par_1_22' title="bbox 164 2096 1238 2214">
     <span class='ocr_line' id='line_1_51' title="bbox 164 2096 1238 2138; baseline 0.003 -12"><span class='ocrx_word' id='word_1_328' title='bbox 164 2097 323 2127; x_wconf 88' lang='lat' dir='ltr'>covenable</span> <span class='ocrx_word' id='word_1_329' title='bbox 336 2096 372 2128; x_wconf 86' lang='lat' dir='ltr'>Ei</span> <span class='ocrx_word' id='word_1_330' title='bbox 392 2107 424 2136; x_wconf 92' lang='lat' dir='ltr'>e,</span> <span class='ocrx_word' id='word_1_331' title='bbox 442 2107 491 2138; x_wconf 88' lang='lat' dir='ltr'>par</span> <span class='ocrx_word' id='word_1_332' title='bbox 504 2107 598 2136; x_wconf 82' lang='lat' dir='ltr'>queux</span> <span class='ocrx_word' id='word_1_333' title='bbox 612 2098 665 2128; x_wconf 81' lang='lat' dir='ltr'>Fin</span> <span class='ocrx_word' id='word_1_334' title='bbox 682 2099 716 2129; x_wconf 71' lang='grc' dir='ltr'>ὃς</span> <span class='ocrx_word' id='word_1_335' title='bbox 731 2097 804 2128; x_wconf 88' lang='lat' dir='ltr'>Eide</span> <span class='ocrx_word' id='word_1_336' title='bbox 817 2097 843 2127; x_wconf 92' lang='lat' dir='ltr'>le</span> <span class='ocrx_word' id='word_1_337' title='bbox 858 2097 919 2127; x_wconf 79' lang='lat' dir='ltr'>Roi</span> <span class='ocrx_word' id='word_1_338' title='bbox 936 2106 1003 2135; x_wconf 87' lang='lat' dir='ltr'>poet</span> <span class='ocrx_word' id='word_1_339' title='bbox 1016 2097 1090 2128; x_wconf 90' lang='lat' dir='ltr'>estre</span> <span class='ocrx_word' id='word_1_340' title='bbox 1110 2098 1238 2129; x_wconf 90' lang='lat' dir='ltr'>deschar-</span> 
     </span>
     <span class='ocr_line' id='line_1_52' title="bbox 165 2134 1238 2176; baseline 0.004 -11"><span class='ocrx_word' id='word_1_341' title='bbox 165 2144 202 2174; x_wconf 85' lang='lat' dir='ltr'>ge</span> <span class='ocrx_word' id='word_1_342' title='bbox 221 2134 269 2166; x_wconf 91' lang='lat' dir='ltr'>des</span> <span class='ocrx_word' id='word_1_343' title='bbox 291 2134 411 2175; x_wconf 87' lang='lat' dir='ltr'>Dettes,</span> <span class='ocrx_word' id='word_1_344' title='bbox 429 2136 478 2174; x_wconf 87' lang='lat' dir='ltr'>q&#39;il</span> <span class='ocrx_word' id='word_1_345' title='bbox 497 2136 560 2167; x_wconf 89' lang='lat' dir='ltr'>doit</span> <span class='ocrx_word' id='word_1_346' title='bbox 579 2147 630 2168; x_wconf 90' lang='lat' dir='ltr'>ore</span> <span class='ocrx_word' id='word_1_347' title='bbox 650 2147 678 2168; x_wconf 86' lang='lat' dir='ltr'>es</span> <span class='ocrx_word' id='word_1_348' title='bbox 691 2137 790 2176; x_wconf 87' lang='lat' dir='ltr'>parties</span> <span class='ocrx_word' id='word_1_349' title='bbox 804 2136 841 2167; x_wconf 90' lang='lat' dir='ltr'>de</span> <span class='ocrx_word' id='word_1_350' title='bbox 855 2136 958 2175; x_wconf 82' lang='lat' dir='ltr'>decea,</span> <span class='ocrx_word' id='word_1_351' title='bbox 977 2137 1010 2167; x_wconf 90' lang='lat'>&amp;</span> <span class='ocrx_word' id='word_1_352' title='bbox 1023 2137 1084 2175; x_wconf 87' lang='lat' dir='ltr'>q&#39;ils</span> <span class='ocrx_word' id='word_1_353' title='bbox 1097 2147 1135 2167; x_wconf 91' lang='lat' dir='ltr'>ne</span> <span class='ocrx_word' id='word_1_354' title='bbox 1148 2137 1238 2169; x_wconf 89' lang='lat' dir='ltr'>soient</span> 
     </span>
     <span class='ocr_line' id='line_1_53' title="bbox 165 2182 599 2214; baseline 0 -9"><span class='ocrx_word' id='word_1_355' title='bbox 165 2183 202 2205; x_wconf 87' lang='lat' dir='ltr'>en</span> <span class='ocrx_word' id='word_1_356' title='bbox 215 2182 303 2205; x_wconf 75' lang='lat' dir='ltr'>autres</span> <span class='ocrx_word' id='word_1_357' title='bbox 317 2185 387 2213; x_wconf 88' lang='lat' dir='ltr'>oeps</span> <span class='ocrx_word' id='word_1_358' title='bbox 407 2184 599 2214; x_wconf 77' lang='lat' dir='ltr'>conveneez,</span> 
     </span>
    </p>

    <p class='ocr_par' dir='ltr' id='par_1_23' title="bbox 165 2210 1239 2321">
     <span class='ocr_line' id='line_1_54' title="bbox 202 2210 1237 2254; baseline 0.003 -12"><span class='ocrx_word' id='word_1_359' title='bbox 202 2210 334 2243; x_wconf 67' lang='lat' dir='ltr'>PiuMizs</span> <span class='ocrx_word' id='word_1_360' title='bbox 344 2235 354 2251; x_wconf 92' lang='lat'>,</span> <span class='ocrx_word' id='word_1_361' title='bbox 369 2214 406 2244; x_wconf 85' lang='lat' dir='ltr'>de</span> <span class='ocrx_word' id='word_1_362' title='bbox 417 2213 469 2244; x_wconf 81' lang='lat' dir='ltr'>fair</span> <span class='ocrx_word' id='word_1_363' title='bbox 532 2214 609 2245; x_wconf 92' lang='lat' dir='ltr'>done</span> <span class='ocrx_word' id='word_1_364' title='bbox 624 2213 672 2244; x_wconf 85' lang='lat' dir='ltr'>des</span> <span class='ocrx_word' id='word_1_365' title='bbox 687 2213 808 2253; x_wconf 89' lang='lat' dir='ltr'>Dettes,</span> <span class='ocrx_word' id='word_1_366' title='bbox 827 2223 884 2253; x_wconf 90' lang='lat' dir='ltr'>que</span> <span class='ocrx_word' id='word_1_367' title='bbox 894 2222 1016 2245; x_wconf 90' lang='lat' dir='ltr'>courent</span> <span class='ocrx_word' id='word_1_368' title='bbox 1031 2224 1067 2244; x_wconf 88' lang='lat' dir='ltr'>en</span> <span class='ocrx_word' id='word_1_369' title='bbox 1082 2214 1237 2254; x_wconf 85' lang='lat' dir='ltr'>Demand,</span> 
     </span>
     <span class='ocr_line' id='line_1_55' title="bbox 165 2250 1239 2321; baseline 0.003 -40"><span class='ocrx_word' id='word_1_370' title='bbox 165 2259 214 2320; x_wconf 60' lang='grc' dir='ltr'>Ξεῐ</span> <span class='ocrx_word' id='word_1_371' title='bbox 217 2250 383 2321; x_wconf 41' lang='grc'><strong>3031110035</strong></span> <span class='ocrx_word' id='word_1_372' title='bbox 397 2251 434 2283; x_wconf 89' lang='lat' dir='ltr'>de</span> <span class='ocrx_word' id='word_1_373' title='bbox 448 2253 466 2283; x_wconf 81' lang='grc' dir='ltr'><strong><em>Γ</em></strong></span> <span class='ocrx_word' id='word_1_374' title='bbox 494 2253 638 2292; x_wconf 86' lang='lat' dir='ltr'>scheqier‚</span> <span class='ocrx_word' id='word_1_375' title='bbox 656 2252 692 2283; x_wconf 91' lang='lat' dir='ltr'>de</span> <span class='ocrx_word' id='word_1_376' title='bbox 707 2253 731 2283; x_wconf 89' lang='lat' dir='ltr'>la</span> <span class='ocrx_word' id='word_1_377' title='bbox 749 2252 837 2284; x_wconf 90' lang='lat' dir='ltr'>Verte</span> <span class='ocrx_word' id='word_1_378' title='bbox 860 2252 947 2292; x_wconf 86' lang='lat' dir='ltr'>Cire,</span> <span class='ocrx_word' id='word_1_379' title='bbox 965 2253 1050 2284; x_wconf 85' lang='lat' dir='ltr'>deinz</span> <span class='ocrx_word' id='word_1_380' title='bbox 1071 2253 1095 2283; x_wconf 83' lang='lat' dir='ltr'>la</span> <span class='ocrx_word' id='word_1_381' title='bbox 1114 2254 1239 2285; x_wconf 89' lang='lat' dir='ltr'>Somme</span> 
     </span>
    </p>

    <p class='ocr_par' dir='ltr' id='par_1_24' title="bbox 185 2299 405 2322">
     <span class='ocr_line' id='line_1_56' title="bbox 185 2299 405 2322; baseline 0 -1"><span class='ocrx_word' id='word_1_382' title='bbox 185 2299 202 2321; x_wconf 92' lang='lat' dir='ltr'>e</span> <span class='ocrx_word' id='word_1_383' title='bbox 268 2300 280 2320; x_wconf 91' lang='lat' dir='ltr'>s</span> <span class='ocrx_word' id='word_1_384' title='bbox 323 2301 405 2322; x_wconf 85' lang='lat' dir='ltr'>ivres.</span> 
     </span>
    </p>

    <p class='ocr_par' dir='ltr' id='par_1_25' title="bbox 164 2300 1237 2408">
     <span class='ocr_line' id='line_1_57' title="bbox 201 2300 1237 2370; baseline 0.005 -12"><span class='ocrx_word' id='word_1_385' title='bbox 201 2300 272 2358; x_wconf 58' lang='lat' dir='ltr'>Iri-2</span> <span class='ocrx_word' id='word_1_386' title='bbox 282 2337 310 2359; x_wconf 87' lang='grc' dir='ltr'>Μ</span> <span class='ocrx_word' id='word_1_387' title='bbox 321 2353 330 2367; x_wconf 84' lang='grc'><em>,</em></span> <span class='ocrx_word' id='word_1_388' title='bbox 347 2329 385 2360; x_wconf 85' lang='lat' dir='ltr'>de</span> <span class='ocrx_word' id='word_1_389' title='bbox 406 2328 472 2360; x_wconf 76' lang='lat' dir='ltr'>faire</span> <span class='ocrx_word' id='word_1_390' title='bbox 486 2340 524 2360; x_wconf 88' lang='lat' dir='ltr'>un</span> <span class='ocrx_word' id='word_1_391' title='bbox 539 2329 665 2362; x_wconf 88' lang='lat' dir='ltr'>General</span> <span class='ocrx_word' id='word_1_392' title='bbox 679 2329 792 2362; x_wconf 77' lang='lat' dir='ltr'>Pardon</span> <span class='ocrx_word' id='word_1_393' title='bbox 805 2330 855 2361; x_wconf 84' lang='lat' dir='ltr'>des</span> <span class='ocrx_word' id='word_1_394' title='bbox 868 2329 999 2362; x_wconf 83' lang='lat' dir='ltr'>Chateux</span> <span class='ocrx_word' id='word_1_395' title='bbox 1012 2330 1061 2360; x_wconf 89' lang='lat' dir='ltr'>des</span> <span class='ocrx_word' id='word_1_396' title='bbox 1076 2330 1183 2370; x_wconf 85' lang='lat' dir='ltr'>Futifs,</span> <span class='ocrx_word' id='word_1_397' title='bbox 1203 2332 1237 2363; x_wconf 91' lang='lat'>&amp;</span> 
     </span>
     <span class='ocr_line' id='line_1_58' title="bbox 164 2364 820 2408; baseline 0.003 -12"><span class='ocrx_word' id='word_1_398' title='bbox 164 2364 214 2397; x_wconf 89' lang='lat' dir='ltr'>des</span> <span class='ocrx_word' id='word_1_399' title='bbox 231 2365 368 2406; x_wconf 81' lang='lat' dir='ltr'>Felonns,</span> <span class='ocrx_word' id='word_1_400' title='bbox 387 2368 421 2398; x_wconf 89' lang='lat'>&amp;</span> <span class='ocrx_word' id='word_1_401' title='bbox 436 2368 484 2399; x_wconf 87' lang='lat' dir='ltr'>des</span> <span class='ocrx_word' id='word_1_402' title='bbox 499 2368 621 2408; x_wconf 81' lang='lat' dir='ltr'>Escbaps</span> <span class='ocrx_word' id='word_1_403' title='bbox 634 2370 683 2400; x_wconf 88' lang='lat' dir='ltr'>des</span> <span class='ocrx_word' id='word_1_404' title='bbox 699 2367 820 2400; x_wconf 85' lang='lat' dir='ltr'>Prisons.</span> 
     </span>
    </p>

    <p class='ocr_par' dir='ltr' id='par_1_26' title="bbox 165 2403 1239 2511">
     <span class='ocr_line' id='line_1_59' title="bbox 202 2403 1237 2446; baseline 0.003 -11"><span class='ocrx_word' id='word_1_405' title='bbox 202 2403 310 2444; x_wconf 77' lang='lat' dir='ltr'>ITEM,</span> <span class='ocrx_word' id='word_1_406' title='bbox 328 2405 366 2437; x_wconf 90' lang='lat' dir='ltr'>de</span> <span class='ocrx_word' id='word_1_407' title='bbox 386 2407 453 2437; x_wconf 88' lang='lat' dir='ltr'>faire</span> <span class='ocrx_word' id='word_1_408' title='bbox 473 2407 576 2438; x_wconf 87' lang='lat' dir='ltr'>Relees</span> <span class='ocrx_word' id='word_1_409' title='bbox 597 2409 630 2440; x_wconf 89' lang='lat'>&amp;</span> <span class='ocrx_word' id='word_1_410' title='bbox 655 2407 788 2437; x_wconf 84' lang='lat' dir='ltr'>Pardoun</span> <span class='ocrx_word' id='word_1_411' title='bbox 802 2407 839 2438; x_wconf 88' lang='lat' dir='ltr'>de</span> <span class='ocrx_word' id='word_1_412' title='bbox 855 2406 1018 2446; x_wconf 85' lang='lat' dir='ltr'>l&#39;Eschuage</span> <span class='ocrx_word' id='word_1_413' title='bbox 1031 2407 1065 2438; x_wconf 89' lang='lat'>&amp;</span> <span class='ocrx_word' id='word_1_414' title='bbox 1080 2406 1117 2437; x_wconf 89' lang='lat' dir='ltr'>de</span> <span class='ocrx_word' id='word_1_415' title='bbox 1131 2407 1237 2446; x_wconf 87' lang='lat' dir='ltr'>l’Eide,</span> 
     </span>
     <span class='ocr_line' id='line_1_60' title="bbox 165 2442 1239 2511; baseline 0.005 -38"><span class='ocrx_word' id='word_1_416' title='bbox 165 2442 244 2511; x_wconf 47' lang='grc' dir='ltr'><strong>(11ξὲὶο</strong></span> <span class='ocrx_word' id='word_1_417' title='bbox 251 2443 310 2474; x_wconf 86' lang='lat' dir='ltr'>duz</span> <span class='ocrx_word' id='word_1_418' title='bbox 321 2454 357 2475; x_wconf 81' lang='lat' dir='ltr'>au</span> <span class='ocrx_word' id='word_1_419' title='bbox 372 2444 435 2476; x_wconf 91' lang='lat' dir='ltr'>Roi</span> <span class='ocrx_word' id='word_1_420' title='bbox 447 2455 500 2483; x_wconf 89' lang='lat' dir='ltr'>pur</span> <span class='ocrx_word' id='word_1_421' title='bbox 514 2445 582 2476; x_wconf 76' lang='lat' dir='ltr'>faire</span> <span class='ocrx_word' id='word_1_422' title='bbox 597 2447 647 2476; x_wconf 82' lang='lat' dir='ltr'>son</span> <span class='ocrx_word' id='word_1_423' title='bbox 664 2445 687 2475; x_wconf 85' lang='lat' dir='ltr'>F</span> <span class='ocrx_word' id='word_1_424' title='bbox 690 2448 728 2476; x_wconf 85' lang='lat' dir='ltr'>irz</span> <span class='ocrx_word' id='word_1_425' title='bbox 742 2445 893 2483; x_wconf 86' lang='lat' dir='ltr'>Chivaler,</span> <span class='ocrx_word' id='word_1_426' title='bbox 912 2446 946 2478; x_wconf 87' lang='lat'>&amp;</span> <span class='ocrx_word' id='word_1_427' title='bbox 961 2456 1015 2487; x_wconf 87' lang='lat' dir='ltr'>pur</span> <span class='ocrx_word' id='word_1_428' title='bbox 1029 2446 1054 2476; x_wconf 88' lang='lat' dir='ltr'>sa</span> <span class='ocrx_word' id='word_1_429' title='bbox 1069 2447 1143 2477; x_wconf 88' lang='lat' dir='ltr'>eisne</span> <span class='ocrx_word' id='word_1_430' title='bbox 1168 2447 1239 2478; x_wconf 91' lang='lat' dir='ltr'>Fille</span> 
     </span>
    </p>

    <p class='ocr_par' dir='ltr' id='par_1_27' title="bbox 224 2491 286 2512">
     <span class='ocr_line' id='line_1_61' title="bbox 224 2491 286 2512; baseline 0 -1"><span class='ocrx_word' id='word_1_431' title='bbox 224 2491 286 2512; x_wconf 73' lang='lat' dir='ltr'>fler.</span> 
     </span>
    </p>
   </div>
   <div class='ocr_carea' id='block_1_14' title="bbox 166 2518 1239 3014">
    <p class='ocr_par' dir='ltr' id='par_1_28' title="bbox 167 2518 1237 2590">
     <span class='ocr_line' id='line_1_62' title="bbox 203 2518 1237 2562; baseline 0.004 -13"><span class='ocrx_word' id='word_1_432' title='bbox 203 2518 272 2550; x_wconf 77' lang='grc' dir='ltr'>ΙτΕ</span> <span class='ocrx_word' id='word_1_433' title='bbox 284 2528 328 2558; x_wconf 81' lang='grc' dir='ltr'>Μ,</span> <span class='ocrx_word' id='word_1_434' title='bbox 345 2519 382 2551; x_wconf 93' lang='lat' dir='ltr'>de</span> <span class='ocrx_word' id='word_1_435' title='bbox 403 2520 528 2552; x_wconf 86' lang='lat' dir='ltr'>Granrer</span> <span class='ocrx_word' id='word_1_436' title='bbox 547 2532 574 2552; x_wconf 84' lang='lat' dir='ltr'>as</span> <span class='ocrx_word' id='word_1_437' title='bbox 595 2522 695 2553; x_wconf 86' lang='lat' dir='ltr'>Gentz</span> <span class='ocrx_word' id='word_1_438' title='bbox 710 2521 746 2553; x_wconf 91' lang='lat' dir='ltr'>de</span> <span class='ocrx_word' id='word_1_439' title='bbox 761 2522 855 2553; x_wconf 88' lang='lat' dir='ltr'>Seinte</span> <span class='ocrx_word' id='word_1_440' title='bbox 870 2521 971 2562; x_wconf 87' lang='lat' dir='ltr'>Esglise</span> <span class='ocrx_word' id='word_1_441' title='bbox 985 2522 1022 2554; x_wconf 90' lang='lat' dir='ltr'>de</span> <span class='ocrx_word' id='word_1_442' title='bbox 1033 2522 1100 2554; x_wconf 88' lang='lat' dir='ltr'>faire</span> <span class='ocrx_word' id='word_1_443' title='bbox 1115 2523 1168 2553; x_wconf 90' lang='lat' dir='ltr'>Fin</span> <span class='ocrx_word' id='word_1_444' title='bbox 1183 2534 1237 2562; x_wconf 88' lang='lat' dir='ltr'>pur</span> 
     </span>
     <span class='ocr_line' id='line_1_63' title="bbox 167 2555 591 2590; baseline 0.005 -2"><span class='ocrx_word' id='word_1_445' title='bbox 167 2555 331 2589; x_wconf 84' lang='lat' dir='ltr'>Voidances</span> <span class='ocrx_word' id='word_1_446' title='bbox 345 2559 381 2590; x_wconf 91' lang='lat' dir='ltr'>de</span> <span class='ocrx_word' id='word_1_447' title='bbox 395 2559 456 2590; x_wconf 88' lang='lat' dir='ltr'>leur</span> <span class='ocrx_word' id='word_1_448' title='bbox 471 2559 512 2590; x_wconf 90' lang='lat' dir='ltr'>Es</span> <span class='ocrx_word' id='word_1_449' title='bbox 525 2561 591 2590; x_wconf 83' lang='lat' dir='ltr'>lifes.</span> 
     </span>
    </p>

    <p class='ocr_par' dir='ltr' id='par_1_29' title="bbox 166 2595 1238 2675">
     <span class='ocr_line' id='line_1_64' title="bbox 166 2595 1238 2675; baseline 0.005 -48"><span class='ocrx_word' id='word_1_450' title='bbox 166 2595 310 2675; x_wconf 50' lang='grc' dir='ltr'>Βξτὲιγι,</span> <span class='ocrx_word' id='word_1_451' title='bbox 328 2597 364 2628; x_wconf 91' lang='lat' dir='ltr'>de</span> <span class='ocrx_word' id='word_1_452' title='bbox 378 2598 499 2636; x_wconf 83' lang='lat' dir='ltr'>prendre</span> <span class='ocrx_word' id='word_1_453' title='bbox 537 2600 579 2629; x_wconf 86' lang='lat' dir='ltr'>ins</span> <span class='ocrx_word' id='word_1_454' title='bbox 591 2609 627 2630; x_wconf 91' lang='lat' dir='ltr'>en</span> <span class='ocrx_word' id='word_1_455' title='bbox 639 2600 744 2630; x_wconf 84' lang='lat' dir='ltr'>certein</span> <span class='ocrx_word' id='word_1_456' title='bbox 759 2609 813 2638; x_wconf 87' lang='lat' dir='ltr'>pur</span> <span class='ocrx_word' id='word_1_457' title='bbox 825 2599 911 2630; x_wconf 89' lang='lat' dir='ltr'>vieles</span> <span class='ocrx_word' id='word_1_458' title='bbox 923 2599 1044 2640; x_wconf 82' lang='lat' dir='ltr'>Dettes,</span> <span class='ocrx_word' id='word_1_459' title='bbox 1059 2611 1114 2639; x_wconf 90' lang='lat' dir='ltr'>que</span> <span class='ocrx_word' id='word_1_460' title='bbox 1130 2600 1238 2639; x_wconf 73' lang='lat' dir='ltr'>pass&#39;ent</span> 
     </span>
    </p>

    <p class='ocr_par' dir='ltr' id='par_1_30' title="bbox 217 2645 352 2667">
     <span class='ocr_line' id='line_1_65' title="bbox 217 2645 352 2667; baseline 0 -2"><span class='ocrx_word' id='word_1_461' title='bbox 217 2645 228 2665; x_wconf 87' lang='lat' dir='ltr'>s</span> <span class='ocrx_word' id='word_1_462' title='bbox 271 2646 352 2667; x_wconf 82' lang='lat' dir='ltr'>ivres.</span> 
     </span>
    </p>

    <p class='ocr_par' dir='ltr' id='par_1_31' title="bbox 204 2673 878 2717">
     <span class='ocr_line' id='line_1_66' title="bbox 204 2673 878 2717; baseline 0.004 -13"><span class='ocrx_word' id='word_1_463' title='bbox 204 2673 250 2704; x_wconf 84' lang='grc' dir='ltr'>Ιτ</span> <span class='ocrx_word' id='word_1_464' title='bbox 261 2683 278 2704; x_wconf 85' lang='lat' dir='ltr'>E</span> <span class='ocrx_word' id='word_1_465' title='bbox 290 2683 334 2714; x_wconf 89' lang='lat' dir='ltr'>M,</span> <span class='ocrx_word' id='word_1_466' title='bbox 353 2674 389 2705; x_wconf 91' lang='lat' dir='ltr'>de</span> <span class='ocrx_word' id='word_1_467' title='bbox 404 2676 524 2713; x_wconf 85' lang='lat' dir='ltr'>prendre</span> <span class='ocrx_word' id='word_1_468' title='bbox 541 2676 564 2706; x_wconf 94' lang='lat' dir='ltr'>F</span> <span class='ocrx_word' id='word_1_469' title='bbox 566 2677 594 2707; x_wconf 89' lang='lat' dir='ltr'>in</span> <span class='ocrx_word' id='word_1_470' title='bbox 607 2686 660 2717; x_wconf 86' lang='lat' dir='ltr'>pur</span> <span class='ocrx_word' id='word_1_471' title='bbox 674 2675 878 2715; x_wconf 83' lang='lat' dir='ltr'>Englescherie.</span> 
     </span>
    </p>

    <p class='ocr_par' dir='ltr' id='par_1_32' title="bbox 166 2711 1238 2895">
     <span class='ocr_line' id='line_1_67' title="bbox 204 2711 1238 2754; baseline 0.004 -12"><span class='ocrx_word' id='word_1_472' title='bbox 204 2711 330 2752; x_wconf 75' lang='lat' dir='ltr'>ITEM,</span> <span class='ocrx_word' id='word_1_473' title='bbox 343 2714 381 2744; x_wconf 87' lang='lat' dir='ltr'>de</span> <span class='ocrx_word' id='word_1_474' title='bbox 401 2715 528 2746; x_wconf 89' lang='lat' dir='ltr'>receivre</span> <span class='ocrx_word' id='word_1_475' title='bbox 546 2715 611 2745; x_wconf 87' lang='lat' dir='ltr'>Fins</span> <span class='ocrx_word' id='word_1_476' title='bbox 634 2715 670 2745; x_wconf 90' lang='lat' dir='ltr'>de</span> <span class='ocrx_word' id='word_1_477' title='bbox 694 2724 783 2754; x_wconf 81' lang='lat' dir='ltr'>ceux,</span> <span class='ocrx_word' id='word_1_478' title='bbox 803 2717 831 2753; x_wconf 86' lang='lat' dir='ltr'>qi</span> <span class='ocrx_word' id='word_1_479' title='bbox 848 2715 886 2745; x_wconf 87' lang='lat' dir='ltr'>les</span> <span class='ocrx_word' id='word_1_480' title='bbox 899 2715 1017 2746; x_wconf 89' lang='lat' dir='ltr'>voillent</span> <span class='ocrx_word' id='word_1_481' title='bbox 1031 2715 1115 2753; x_wconf 87' lang='lat' dir='ltr'>faire,</span> <span class='ocrx_word' id='word_1_482' title='bbox 1134 2725 1170 2746; x_wconf 90' lang='lat' dir='ltr'>en</span> <span class='ocrx_word' id='word_1_483' title='bbox 1192 2726 1238 2747; x_wconf 89' lang='lat' dir='ltr'>cas</span> 
     </span>
     <span class='ocr_line' id='line_1_68' title="bbox 166 2751 1238 2793; baseline 0.004 -12"><span class='ocrx_word' id='word_1_484' title='bbox 166 2760 224 2788; x_wconf 88' lang='lat' dir='ltr'>que</span> <span class='ocrx_word' id='word_1_485' title='bbox 247 2751 305 2782; x_wconf 90' lang='lat' dir='ltr'>leur</span> <span class='ocrx_word' id='word_1_486' title='bbox 325 2751 411 2782; x_wconf 86' lang='lat' dir='ltr'>Heirs</span> <span class='ocrx_word' id='word_1_487' title='bbox 431 2754 519 2784; x_wconf 85' lang='lat' dir='ltr'>soient</span> <span class='ocrx_word' id='word_1_488' title='bbox 541 2753 627 2784; x_wconf 85' lang='lat' dir='ltr'>deinz</span> <span class='ocrx_word' id='word_1_489' title='bbox 648 2763 699 2792; x_wconf 82' lang='lat' dir='ltr'>age</span> <span class='ocrx_word' id='word_1_490' title='bbox 721 2764 755 2784; x_wconf 83' lang='lat' dir='ltr'>au</span> <span class='ocrx_word' id='word_1_491' title='bbox 776 2763 868 2792; x_wconf 83' lang='lat' dir='ltr'>temps</span> <span class='ocrx_word' id='word_1_492' title='bbox 889 2754 924 2785; x_wconf 88' lang='lat' dir='ltr'>de</span> <span class='ocrx_word' id='word_1_493' title='bbox 941 2754 999 2784; x_wconf 90' lang='lat' dir='ltr'>leur</span> <span class='ocrx_word' id='word_1_494' title='bbox 1016 2753 1163 2792; x_wconf 88' lang='lat' dir='ltr'>Moriant,</span> <span class='ocrx_word' id='word_1_495' title='bbox 1182 2764 1238 2793; x_wconf 86' lang='lat' dir='ltr'>que</span> 
     </span>
     <span class='ocr_line' id='line_1_69' title="bbox 167 2788 1238 2831; baseline 0.004 -12"><span class='ocrx_word' id='word_1_496' title='bbox 167 2788 228 2820; x_wconf 87' lang='lat' dir='ltr'>leur</span> <span class='ocrx_word' id='word_1_497' title='bbox 248 2789 425 2822; x_wconf 86' lang='lat' dir='ltr'>Executours</span> <span class='ocrx_word' id='word_1_498' title='bbox 441 2814 451 2830; x_wconf 94' lang='lat'>,</span> <span class='ocrx_word' id='word_1_499' title='bbox 475 2801 514 2822; x_wconf 93' lang='lat' dir='ltr'>ou</span> <span class='ocrx_word' id='word_1_500' title='bbox 529 2792 567 2822; x_wconf 90' lang='lat' dir='ltr'>les</span> <span class='ocrx_word' id='word_1_501' title='bbox 588 2792 745 2830; x_wconf 89' lang='lat' dir='ltr'>prescheins</span> <span class='ocrx_word' id='word_1_502' title='bbox 766 2791 888 2823; x_wconf 82' lang='lat' dir='ltr'>Parentz</span> <span class='ocrx_word' id='word_1_503' title='bbox 902 2817 911 2831; x_wconf 90' lang='lat'>,</span> <span class='ocrx_word' id='word_1_504' title='bbox 935 2793 971 2822; x_wconf 90' lang='lat' dir='ltr'>de</span> <span class='ocrx_word' id='word_1_505' title='bbox 990 2792 1054 2822; x_wconf 91' lang='lat' dir='ltr'>lour</span> <span class='ocrx_word' id='word_1_506' title='bbox 1075 2791 1162 2822; x_wconf 88' lang='lat' dir='ltr'>Heirs</span> <span class='ocrx_word' id='word_1_507' title='bbox 1176 2817 1185 2830; x_wconf 86' lang='lat'>,</span> <span class='ocrx_word' id='word_1_508' title='bbox 1210 2803 1238 2823; x_wconf 87' lang='lat' dir='ltr'>as</span> 
     </span>
     <span class='ocr_line' id='line_1_70' title="bbox 166 2828 1238 2895; baseline 0.005 -38"><span class='ocrx_word' id='word_1_509' title='bbox 166 2837 262 2895; x_wconf 53' lang='lat' dir='ltr'>gueux</span> <span class='ocrx_word' id='word_1_510' title='bbox 275 2828 335 2872; x_wconf 82' lang='lat' dir='ltr'>leur</span> <span class='ocrx_word' id='word_1_511' title='bbox 347 2829 483 2870; x_wconf 77' lang='lat' dir='ltr'>Herirage</span> <span class='ocrx_word' id='word_1_512' title='bbox 498 2840 535 2860; x_wconf 85' lang='lat' dir='ltr'>ne</span> <span class='ocrx_word' id='word_1_513' title='bbox 548 2831 672 2862; x_wconf 91' lang='lat' dir='ltr'>devereit</span> <span class='ocrx_word' id='word_1_514' title='bbox 686 2830 856 2870; x_wconf 89' lang='lat' dir='ltr'>descendre,</span> <span class='ocrx_word' id='word_1_515' title='bbox 877 2832 895 2850; x_wconf 64' lang='lat'>²*</span> <span class='ocrx_word' id='word_1_516' title='bbox 921 2840 998 2869; x_wconf 86' lang='lat' dir='ltr'>apres</span> <span class='ocrx_word' id='word_1_517' title='bbox 1020 2831 1047 2861; x_wconf 90' lang='lat' dir='ltr'>le</span> <span class='ocrx_word' id='word_1_518' title='bbox 1071 2830 1169 2862; x_wconf 87' lang='lat' dir='ltr'>Deces</span> <span class='ocrx_word' id='word_1_519' title='bbox 1189 2831 1238 2862; x_wconf 88' lang='lat' dir='ltr'>des</span> 
     </span>
    </p>

    <p class='ocr_par' dir='ltr' id='par_1_33' title="bbox 168 2865 1238 2939">
     <span class='ocr_line' id='line_1_71' title="bbox 188 2865 1238 2908; baseline 0.004 -12"><span class='ocrx_word' id='word_1_520' title='bbox 188 2874 230 2896; x_wconf 85' lang='lat' dir='ltr'>itz</span> <span class='ocrx_word' id='word_1_521' title='bbox 245 2865 346 2904; x_wconf 80' lang='lat' dir='ltr'>Heus,</span> <span class='ocrx_word' id='word_1_522' title='bbox 387 2868 487 2899; x_wconf 84' lang='lat' dir='ltr'>uiffent</span> <span class='ocrx_word' id='word_1_523' title='bbox 502 2871 580 2899; x_wconf 91' lang='lat' dir='ltr'>avoir</span> <span class='ocrx_word' id='word_1_524' title='bbox 594 2870 619 2900; x_wconf 85' lang='lat' dir='ltr'>la</span> <span class='ocrx_word' id='word_1_525' title='bbox 636 2869 734 2900; x_wconf 89' lang='lat' dir='ltr'>Garde</span> <span class='ocrx_word' id='word_1_526' title='bbox 748 2868 783 2900; x_wconf 90' lang='lat' dir='ltr'>de</span> <span class='ocrx_word' id='word_1_527' title='bbox 795 2869 854 2899; x_wconf 89' lang='lat' dir='ltr'>leur</span> <span class='ocrx_word' id='word_1_528' title='bbox 867 2868 928 2899; x_wconf 65' lang='lat' dir='ltr'>dirz</span> <span class='ocrx_word' id='word_1_529' title='bbox 957 2868 1060 2908; x_wconf 76' lang='lat' dir='ltr'>Heirs,</span> <span class='ocrx_word' id='word_1_530' title='bbox 1082 2869 1193 2908; x_wconf 77' lang='lat' dir='ltr'>forspris</span> <span class='ocrx_word' id='word_1_531' title='bbox 1212 2871 1238 2901; x_wconf 85' lang='lat' dir='ltr'>la</span> 
     </span>
     <span class='ocr_line' id='line_1_72' title="bbox 168 2903 964 2939; baseline 0.003 -4"><span class='ocrx_word' id='word_1_532' title='bbox 168 2903 268 2935; x_wconf 86' lang='lat' dir='ltr'>Garde</span> <span class='ocrx_word' id='word_1_533' title='bbox 281 2905 330 2936; x_wconf 91' lang='lat' dir='ltr'>des</span> <span class='ocrx_word' id='word_1_534' title='bbox 381 2908 432 2937; x_wconf 91' lang='lat' dir='ltr'>eirs</span> <span class='ocrx_word' id='word_1_535' title='bbox 444 2907 482 2938; x_wconf 89' lang='lat' dir='ltr'>de</span> <span class='ocrx_word' id='word_1_536' title='bbox 493 2906 602 2938; x_wconf 87' lang='lat' dir='ltr'>Contes</span> <span class='ocrx_word' id='word_1_537' title='bbox 615 2909 648 2939; x_wconf 80' lang='grc' dir='ltr'>δε</span> <span class='ocrx_word' id='word_1_538' title='bbox 660 2908 709 2938; x_wconf 87' lang='lat' dir='ltr'>des</span> <span class='ocrx_word' id='word_1_539' title='bbox 723 2908 837 2939; x_wconf 81' lang='lat' dir='ltr'>Granrz</span> <span class='ocrx_word' id='word_1_540' title='bbox 850 2907 964 2938; x_wconf 84' lang='lat' dir='ltr'>Barons.</span> 
     </span>
    </p>

    <p class='ocr_par' dir='ltr' id='par_1_34' title="bbox 166 2942 1239 3014">
     <span class='ocr_line' id='line_1_73' title="bbox 184 2942 1239 3012; baseline 0.005 -39"><span class='ocrx_word' id='word_1_541' title='bbox 184 2942 253 3012; x_wconf 73' lang='lat' dir='ltr'>sIhT</span> <span class='ocrx_word' id='word_1_542' title='bbox 263 2952 281 2973; x_wconf 79' lang='lat' dir='ltr'>E</span> <span class='ocrx_word' id='word_1_543' title='bbox 291 2952 333 2982; x_wconf 83' lang='lat' dir='ltr'>M,</span> <span class='ocrx_word' id='word_1_544' title='bbox 352 2944 388 2975; x_wconf 90' lang='lat' dir='ltr'>de</span> <span class='ocrx_word' id='word_1_545' title='bbox 414 2945 521 2976; x_wconf 87' lang='lat' dir='ltr'>vendre</span> <span class='ocrx_word' id='word_1_546' title='bbox 536 2946 663 2985; x_wconf 89' lang='lat' dir='ltr'>Gardes,</span> <span class='ocrx_word' id='word_1_547' title='bbox 682 2946 842 2985; x_wconf 78' lang='lat' dir='ltr'>Mariages,</span> <span class='ocrx_word' id='word_1_548' title='bbox 861 2948 895 2979; x_wconf 67' lang='grc' dir='ltr'>ὃ(</span> <span class='ocrx_word' id='word_1_549' title='bbox 911 2945 1087 2986; x_wconf 77' lang='lat' dir='ltr'>voidances,</span> <span class='ocrx_word' id='word_1_550' title='bbox 1105 2955 1191 2987; x_wconf 90' lang='lat' dir='ltr'>quant</span> <span class='ocrx_word' id='word_1_551' title='bbox 1207 2946 1239 2978; x_wconf 90' lang='lat' dir='ltr'>ils</span> 
     </span>
     <span class='ocr_line' id='line_1_74' title="bbox 166 2991 338 3014; baseline 0 -1"><span class='ocrx_word' id='word_1_552' title='bbox 166 2991 184 3013; x_wconf 85' lang='lat' dir='ltr'>e</span> <span class='ocrx_word' id='word_1_553' title='bbox 195 2992 211 3013; x_wconf 95' lang='lat' dir='ltr'>c</span> <span class='ocrx_word' id='word_1_554' title='bbox 233 2991 338 3014; x_wconf 87' lang='lat' dir='ltr'>errunt.</span> 
     </span>
    </p>
   </div>
   <div class='ocr_carea' id='block_1_15' title="bbox 165 3019 1240 3206">
    <p class='ocr_par' dir='ltr' id='par_1_35' title="bbox 165 3019 1240 3206">
     <span class='ocr_line' id='line_1_75' title="bbox 165 3019 1238 3091; baseline 0.005 -40"><span class='ocrx_word' id='word_1_555' title='bbox 165 3057 199 3090; x_wconf 83' lang='lat' dir='ltr'><strong>R</strong></span> <span class='ocrx_word' id='word_1_556' title='bbox 199 3019 231 3091; x_wconf 71' lang='lat' dir='ltr'>01i</span> <span class='ocrx_word' id='word_1_557' title='bbox 234 3029 283 3051; x_wconf 76' lang='grc' dir='ltr'>τε</span> <span class='ocrx_word' id='word_1_558' title='bbox 292 3029 319 3051; x_wconf 88' lang='lat' dir='ltr'>M</span> <span class='ocrx_word' id='word_1_559' title='bbox 339 3045 350 3060; x_wconf 91' lang='lat'>,</span> <span class='ocrx_word' id='word_1_560' title='bbox 374 3021 411 3053; x_wconf 88' lang='lat' dir='ltr'>de</span> <span class='ocrx_word' id='word_1_561' title='bbox 433 3022 567 3060; x_wconf 87' lang='lat' dir='ltr'>Repeller</span> <span class='ocrx_word' id='word_1_562' title='bbox 588 3022 613 3053; x_wconf 87' lang='lat' dir='ltr'>le</span> <span class='ocrx_word' id='word_1_563' title='bbox 634 3022 718 3054; x_wconf 85' lang='lat' dir='ltr'>Poair</span> <span class='ocrx_word' id='word_1_564' title='bbox 738 3022 774 3054; x_wconf 93' lang='lat' dir='ltr'>de</span> <span class='ocrx_word' id='word_1_565' title='bbox 796 3023 918 3055; x_wconf 83' lang='lat' dir='ltr'>Affarter</span> <span class='ocrx_word' id='word_1_566' title='bbox 941 3033 977 3055; x_wconf 86' lang='lat' dir='ltr'>en</span> <span class='ocrx_word' id='word_1_567' title='bbox 999 3024 1038 3056; x_wconf 87' lang='lat' dir='ltr'>les</span> <span class='ocrx_word' id='word_1_568' title='bbox 1059 3023 1188 3056; x_wconf 89' lang='lat' dir='ltr'>Forestes</span> <span class='ocrx_word' id='word_1_569' title='bbox 1210 3025 1238 3056; x_wconf 89' lang='lat' dir='ltr'>le</span> 
     </span>
     <span class='ocr_line' id='line_1_76' title="bbox 209 3096 1240 3139; baseline 0.004 -11"><span class='ocrx_word' id='word_1_570' title='bbox 209 3096 254 3128; x_wconf 85' lang='grc' dir='ltr'>Ιτ</span> <span class='ocrx_word' id='word_1_571' title='bbox 263 3106 317 3129; x_wconf 79' lang='grc' dir='ltr'>ΕΜ</span> <span class='ocrx_word' id='word_1_572' title='bbox 351 3098 389 3130; x_wconf 88' lang='lat' dir='ltr'>de</span> <span class='ocrx_word' id='word_1_573' title='bbox 402 3098 470 3130; x_wconf 85' lang='lat' dir='ltr'>faire</span> <span class='ocrx_word' id='word_1_574' title='bbox 477 3110 532 3138; x_wconf 90' lang='lat' dir='ltr'>que</span> <span class='ocrx_word' id='word_1_575' title='bbox 546 3110 597 3138; x_wconf 87' lang='lat' dir='ltr'>ce,</span> <span class='ocrx_word' id='word_1_576' title='bbox 606 3100 740 3139; x_wconf 84' lang='lat' dir='ltr'>quefeust</span> <span class='ocrx_word' id='word_1_577' title='bbox 753 3100 855 3131; x_wconf 86' lang='lat' dir='ltr'>ordine</span> <span class='ocrx_word' id='word_1_578' title='bbox 869 3100 915 3131; x_wconf 89' lang='lat' dir='ltr'>des</span> <span class='ocrx_word' id='word_1_579' title='bbox 925 3101 1022 3132; x_wconf 84' lang='lat' dir='ltr'>Fruitz</span> <span class='ocrx_word' id='word_1_580' title='bbox 1030 3101 1061 3132; x_wconf 65' lang='grc' dir='ltr'>ἃ</span> <span class='ocrx_word' id='word_1_581' title='bbox 1073 3101 1240 3133; x_wconf 72' lang='lat' dir='ltr'>Profitzdee</span> 
     </span>
     <span class='ocr_line' id='line_1_77' title="bbox 169 3121 1239 3206; baseline 0.005 -39"><span class='ocrx_word' id='word_1_582' title='bbox 169 3121 490 3206; x_wconf 45' lang='grc' dir='ltr'>ἓξῐξὲἑξέςέῃᾼὶὶεηε,</span> <span class='ocrx_word' id='word_1_583' title='bbox 509 3140 539 3178; x_wconf 91' lang='lat' dir='ltr'>qi</span> <span class='ocrx_word' id='word_1_584' title='bbox 554 3139 617 3170; x_wconf 91' lang='lat' dir='ltr'>sont</span> <span class='ocrx_word' id='word_1_585' title='bbox 628 3138 667 3169; x_wconf 92' lang='lat' dir='ltr'>du</span> <span class='ocrx_word' id='word_1_586' title='bbox 679 3140 757 3177; x_wconf 83' lang='lat' dir='ltr'>poair</span> <span class='ocrx_word' id='word_1_587' title='bbox 769 3139 818 3170; x_wconf 87' lang='lat' dir='ltr'>des</span> <span class='ocrx_word' id='word_1_588' title='bbox 832 3139 948 3170; x_wconf 86' lang='lat' dir='ltr'>Enemis</span> <span class='ocrx_word' id='word_1_589' title='bbox 970 3140 996 3170; x_wconf 90' lang='lat' dir='ltr'>le</span> <span class='ocrx_word' id='word_1_590' title='bbox 1015 3139 1094 3178; x_wconf 82' lang='lat' dir='ltr'>Roi,</span> <span class='ocrx_word' id='word_1_591' title='bbox 1109 3141 1162 3172; x_wconf 90' lang='lat' dir='ltr'>soit</span> <span class='ocrx_word' id='word_1_592' title='bbox 1183 3142 1239 3172; x_wconf 88' lang='lat' dir='ltr'>mis</span> 
     </span>
    </p>
   </div>
   <div class='ocr_carea' id='block_1_16' title="bbox 167 3211 1239 3862">
    <p class='ocr_par' dir='ltr' id='par_1_36' title="bbox 169 3211 1239 3283">
     <span class='ocr_line' id='line_1_78' title="bbox 169 3211 1239 3283; baseline 0.005 -39"><span class='ocrx_word' id='word_1_593' title='bbox 169 3211 338 3283; x_wconf 47' lang='lat' dir='ltr'>delffliirssia&#39;</span> <span class='ocrx_word' id='word_1_594' title='bbox 356 3215 392 3246; x_wconf 89' lang='lat' dir='ltr'>de</span> <span class='ocrx_word' id='word_1_595' title='bbox 407 3215 473 3247; x_wconf 74' lang='lat' dir='ltr'>saire</span> <span class='ocrx_word' id='word_1_596' title='bbox 486 3215 513 3247; x_wconf 92' lang='lat' dir='ltr'>le</span> <span class='ocrx_word' id='word_1_597' title='bbox 526 3215 616 3248; x_wconf 80' lang='lat' dir='ltr'>Prosit</span> <span class='ocrx_word' id='word_1_598' title='bbox 631 3216 657 3247; x_wconf 88' lang='lat' dir='ltr'>le</span> <span class='ocrx_word' id='word_1_599' title='bbox 673 3216 736 3247; x_wconf 86' lang='lat' dir='ltr'>Roi</span> <span class='ocrx_word' id='word_1_600' title='bbox 749 3215 910 3255; x_wconf 83' lang='lat' dir='ltr'>d&#39;Estaine,</span> <span class='ocrx_word' id='word_1_601' title='bbox 930 3216 1015 3247; x_wconf 88' lang='lat' dir='ltr'>Mine</span> <span class='ocrx_word' id='word_1_602' title='bbox 1027 3216 1185 3256; x_wconf 84' lang='lat' dir='ltr'>d&#39;Argent,</span> <span class='ocrx_word' id='word_1_603' title='bbox 1204 3217 1239 3249; x_wconf 90' lang='lat'>&amp;</span> 
     </span>
    </p>

    <p class='ocr_par' dir='ltr' id='par_1_37' title="bbox 168 3289 1239 3369">
     <span class='ocr_line' id='line_1_79' title="bbox 207 3289 1239 3334; baseline 0.005 -14"><span class='ocrx_word' id='word_1_604' title='bbox 207 3289 224 3334; x_wconf 62' lang='grc' dir='ltr'>ζ</span> <span class='ocrx_word' id='word_1_605' title='bbox 231 3299 254 3320; x_wconf 80' lang='grc' dir='ltr'>τ</span> <span class='ocrx_word' id='word_1_606' title='bbox 265 3299 339 3329; x_wconf 76' lang='lat' dir='ltr'>EM,</span> <span class='ocrx_word' id='word_1_607' title='bbox 357 3301 414 3330; x_wconf 90' lang='lat' dir='ltr'>que</span> <span class='ocrx_word' id='word_1_608' title='bbox 433 3292 472 3322; x_wconf 90' lang='lat' dir='ltr'>les</span> <span class='ocrx_word' id='word_1_609' title='bbox 485 3291 722 3324; x_wconf 76' lang='lat' dir='ltr'>Covenances&amp;</span> <span class='ocrx_word' id='word_1_610' title='bbox 735 3292 967 3333; x_wconf 84' lang='lat' dir='ltr'>Assignementz,</span> <span class='ocrx_word' id='word_1_611' title='bbox 985 3293 1054 3323; x_wconf 87' lang='lat' dir='ltr'>faitz</span> <span class='ocrx_word' id='word_1_612' title='bbox 1069 3303 1084 3323; x_wconf 94' lang='lat' dir='ltr'>a</span> <span class='ocrx_word' id='word_1_613' title='bbox 1099 3293 1239 3325; x_wconf 88' lang='lat' dir='ltr'>Monseur</span> 
     </span>
     <span class='ocr_line' id='line_1_80' title="bbox 168 3327 760 3369; baseline 0.007 -11"><span class='ocrx_word' id='word_1_614' title='bbox 168 3327 300 3360; x_wconf 83' lang='lat' dir='ltr'>Wllliam</span> <span class='ocrx_word' id='word_1_615' title='bbox 315 3330 351 3362; x_wconf 92' lang='lat' dir='ltr'>de</span> <span class='ocrx_word' id='word_1_616' title='bbox 363 3331 389 3361; x_wconf 87' lang='lat' dir='ltr'>la</span> <span class='ocrx_word' id='word_1_617' title='bbox 401 3329 489 3369; x_wconf 87' lang='lat' dir='ltr'>Pole,</span> <span class='ocrx_word' id='word_1_618' title='bbox 508 3332 547 3361; x_wconf 88' lang='lat' dir='ltr'>lui</span> <span class='ocrx_word' id='word_1_619' title='bbox 561 3332 650 3362; x_wconf 88' lang='lat' dir='ltr'>soient</span> <span class='ocrx_word' id='word_1_620' title='bbox 665 3341 760 3362; x_wconf 83' lang='lat' dir='ltr'>tenuz.</span> 
     </span>
    </p>

    <p class='ocr_par' dir='ltr' id='par_1_38' title="bbox 167 3366 1239 3746">
     <span class='ocr_line' id='line_1_81' title="bbox 205 3366 1238 3408; baseline 0.001 -9"><span class='ocrx_word' id='word_1_621' title='bbox 205 3366 335 3408; x_wconf 73' lang='lat' dir='ltr'>ITEM,</span> <span class='ocrx_word' id='word_1_622' title='bbox 360 3379 417 3407; x_wconf 85' lang='lat' dir='ltr'>que</span> <span class='ocrx_word' id='word_1_623' title='bbox 435 3369 474 3400; x_wconf 78' lang='lat' dir='ltr'>les</span> <span class='ocrx_word' id='word_1_624' title='bbox 495 3369 682 3401; x_wconf 71' lang='lat' dir='ltr'>Covenances</span> <span class='ocrx_word' id='word_1_625' title='bbox 704 3371 737 3401; x_wconf 76' lang='grc' dir='ltr'>δε</span> <span class='ocrx_word' id='word_1_626' title='bbox 757 3369 992 3406; x_wconf 80' lang='lat' dir='ltr'>Affignementz,</span> <span class='ocrx_word' id='word_1_627' title='bbox 1017 3369 1084 3400; x_wconf 84' lang='lat' dir='ltr'>saitz</span> <span class='ocrx_word' id='word_1_628' title='bbox 1105 3380 1132 3400; x_wconf 83' lang='lat' dir='ltr'>as</span> <span class='ocrx_word' id='word_1_629' title='bbox 1155 3370 1238 3400; x_wconf 86' lang='lat' dir='ltr'>Mar-</span> 
     </span>
     <span class='ocr_line' id='line_1_82' title="bbox 169 3404 1239 3448; baseline 0.004 -12"><span class='ocrx_word' id='word_1_630' title='bbox 169 3404 276 3436; x_wconf 84' lang='lat' dir='ltr'>chantz</span> <span class='ocrx_word' id='word_1_631' title='bbox 283 3406 331 3437; x_wconf 79' lang='lat' dir='ltr'>des</span> <span class='ocrx_word' id='word_1_632' title='bbox 345 3406 549 3448; x_wconf 79' lang='lat' dir='ltr'>Compaignies</span> <span class='ocrx_word' id='word_1_633' title='bbox 562 3408 598 3438; x_wconf 90' lang='lat' dir='ltr'>de</span> <span class='ocrx_word' id='word_1_634' title='bbox 615 3408 685 3439; x_wconf 82' lang='lat' dir='ltr'>Bard</span> <span class='ocrx_word' id='word_1_635' title='bbox 701 3409 734 3439; x_wconf 86' lang='lat'>&amp;</span> <span class='ocrx_word' id='word_1_636' title='bbox 748 3409 784 3439; x_wconf 91' lang='lat' dir='ltr'>de</span> <span class='ocrx_word' id='word_1_637' title='bbox 801 3408 911 3439; x_wconf 85' lang='lat' dir='ltr'>Perucli</span> <span class='ocrx_word' id='word_1_638' title='bbox 921 3432 931 3446; x_wconf 90' lang='lat'>,</span> <span class='ocrx_word' id='word_1_639' title='bbox 948 3418 963 3437; x_wconf 89' lang='lat' dir='ltr'>a</span> <span class='ocrx_word' id='word_1_640' title='bbox 977 3407 1096 3438; x_wconf 77' lang='lat' dir='ltr'>Maistre</span> <span class='ocrx_word' id='word_1_641' title='bbox 1112 3407 1187 3439; x_wconf 90' lang='lat' dir='ltr'>Poul</span> <span class='ocrx_word' id='word_1_642' title='bbox 1201 3409 1239 3440; x_wconf 91' lang='lat' dir='ltr'>de</span> 
     </span>
     <span class='ocr_line' id='line_1_83' title="bbox 176 3442 1238 3490; baseline 0.001 -13"><span class='ocrx_word' id='word_1_643' title='bbox 176 3442 283 3477; x_wconf 89' lang='lat' dir='ltr'>Monte</span> <span class='ocrx_word' id='word_1_644' title='bbox 299 3445 429 3490; x_wconf 72' lang='lat' dir='ltr'>Florum,</span> <span class='ocrx_word' id='word_1_645' title='bbox 447 3448 480 3477; x_wconf 89' lang='lat'>&amp;</span> <span class='ocrx_word' id='word_1_646' title='bbox 494 3457 510 3476; x_wconf 88' lang='lat' dir='ltr'>a</span> <span class='ocrx_word' id='word_1_647' title='bbox 523 3446 642 3478; x_wconf 88' lang='lat' dir='ltr'>Maistre</span> <span class='ocrx_word' id='word_1_648' title='bbox 659 3447 756 3478; x_wconf 90' lang='lat' dir='ltr'>Pance</span> <span class='ocrx_word' id='word_1_649' title='bbox 775 3447 812 3478; x_wconf 88' lang='lat' dir='ltr'>de</span> <span class='ocrx_word' id='word_1_650' title='bbox 834 3447 988 3486; x_wconf 85' lang='lat' dir='ltr'>Coutron,</span> <span class='ocrx_word' id='word_1_651' title='bbox 1006 3447 1066 3477; x_wconf 84' lang='lat' dir='ltr'>leur</span> <span class='ocrx_word' id='word_1_652' title='bbox 1087 3447 1176 3478; x_wconf 88' lang='lat' dir='ltr'>soient</span> <span class='ocrx_word' id='word_1_653' title='bbox 1196 3456 1238 3478; x_wconf 90' lang='lat' dir='ltr'>te-</span> 
     </span>
     <span class='ocr_line' id='line_1_84' title="bbox 167 3490 1237 3569; baseline 0.005 -19"><span class='ocrx_word' id='word_1_654' title='bbox 167 3490 536 3562; x_wconf 47' lang='grc' dir='ltr'>ωέῑεῦνιξὲῑυῖερῗὲῐὲῗξηε</span> <span class='ocrx_word' id='word_1_655' title='bbox 550 3534 602 3569; x_wconf 82' lang='lat' dir='ltr'>ce,</span> <span class='ocrx_word' id='word_1_656' title='bbox 641 3534 676 3554; x_wconf 89' lang='lat' dir='ltr'>ue</span> <span class='ocrx_word' id='word_1_657' title='bbox 690 3524 729 3554; x_wconf 86' lang='lat' dir='ltr'>les</span> <span class='ocrx_word' id='word_1_658' title='bbox 742 3523 904 3568; x_wconf 62' lang='lat' dir='ltr'>avantditz,</span> <span class='ocrx_word' id='word_1_659' title='bbox 922 3523 1023 3561; x_wconf 90' lang='lat' dir='ltr'>Ducs,</span> <span class='ocrx_word' id='word_1_660' title='bbox 1041 3522 1168 3554; x_wconf 88' lang='lat' dir='ltr'>Erceves</span> <span class='ocrx_word' id='word_1_661' title='bbox 1183 3534 1237 3564; x_wconf 85' lang='lat' dir='ltr'>ue,</span> 
     </span>
     <span class='ocr_line' id='line_1_85' title="bbox 168 3556 1237 3602; baseline 0.005 -14"><span class='ocrx_word' id='word_1_662' title='bbox 168 3556 327 3598; x_wconf 79' lang='lat' dir='ltr'>Evesques,</span> <span class='ocrx_word' id='word_1_663' title='bbox 345 3561 474 3600; x_wconf 88' lang='lat' dir='ltr'>Contes,</span> <span class='ocrx_word' id='word_1_664' title='bbox 493 3562 604 3600; x_wconf 82' lang='lat' dir='ltr'>Herm,</span> <span class='ocrx_word' id='word_1_665' title='bbox 654 3563 717 3600; x_wconf 86' lang='lat' dir='ltr'>auf,</span> <span class='ocrx_word' id='word_1_666' title='bbox 736 3563 769 3594; x_wconf 91' lang='lat'>&amp;</span> <span class='ocrx_word' id='word_1_667' title='bbox 791 3563 921 3593; x_wconf 75' lang='lat' dir='ltr'>william</span> <span class='ocrx_word' id='word_1_668' title='bbox 942 3562 978 3592; x_wconf 91' lang='lat' dir='ltr'>de</span> <span class='ocrx_word' id='word_1_669' title='bbox 999 3562 1024 3592; x_wconf 88' lang='lat' dir='ltr'>la</span> <span class='ocrx_word' id='word_1_670' title='bbox 1045 3561 1132 3600; x_wconf 91' lang='lat' dir='ltr'>Pole,</span> <span class='ocrx_word' id='word_1_671' title='bbox 1190 3572 1237 3602; x_wconf 89' lang='lat' dir='ltr'>yt,</span> 
     </span>
     <span class='ocr_line' id='line_1_86' title="bbox 169 3594 1236 3639; baseline 0.003 -11"><span class='ocrx_word' id='word_1_672' title='bbox 169 3594 254 3635; x_wconf 79' lang='lat' dir='ltr'>Sept,</span> <span class='ocrx_word' id='word_1_673' title='bbox 277 3598 337 3637; x_wconf 89' lang='lat' dir='ltr'>Sis,</span> <span class='ocrx_word' id='word_1_674' title='bbox 363 3599 392 3630; x_wconf 91' lang='lat' dir='ltr'>C</span> <span class='ocrx_word' id='word_1_675' title='bbox 412 3601 468 3638; x_wconf 90' lang='lat' dir='ltr'>nk,</span> <span class='ocrx_word' id='word_1_676' title='bbox 493 3601 527 3632; x_wconf 63' lang='grc' dir='ltr'>ὃς</span> <span class='ocrx_word' id='word_1_677' title='bbox 549 3601 660 3638; x_wconf 85' lang='lat' dir='ltr'>Quatre</span> <span class='ocrx_word' id='word_1_678' title='bbox 679 3602 716 3631; x_wconf 89' lang='lat' dir='ltr'>de</span> <span class='ocrx_word' id='word_1_679' title='bbox 735 3610 789 3631; x_wconf 82' lang='lat' dir='ltr'>eux</span> <span class='ocrx_word' id='word_1_680' title='bbox 810 3601 897 3637; x_wconf 77' lang='lat' dir='ltr'>(iffint</span> <span class='ocrx_word' id='word_1_681' title='bbox 917 3611 973 3639; x_wconf 91' lang='lat' dir='ltr'>que</span> <span class='ocrx_word' id='word_1_682' title='bbox 993 3600 1031 3630; x_wconf 89' lang='lat' dir='ltr'>les</span> <span class='ocrx_word' id='word_1_683' title='bbox 1044 3600 1120 3638; x_wconf 88' lang='lat' dir='ltr'>dirz,</span> <span class='ocrx_word' id='word_1_684' title='bbox 1137 3600 1236 3639; x_wconf 83' lang='lat' dir='ltr'>Ducs,</span> 
     </span>
     <span class='ocr_line' id='line_1_87' title="bbox 169 3610 1237 3679; baseline 0.005 -16"><span class='ocrx_word' id='word_1_685' title='bbox 169 3631 366 3676; x_wconf 87' lang='lat' dir='ltr'>Ercevesque,</span> <span class='ocrx_word' id='word_1_686' title='bbox 384 3610 418 3670; x_wconf 64' lang='lat' dir='ltr'>ge</span> <span class='ocrx_word' id='word_1_687' title='bbox 439 3638 534 3678; x_wconf 89' lang='lat' dir='ltr'>Raof,</span> <span class='ocrx_word' id='word_1_688' title='bbox 549 3639 639 3671; x_wconf 85' lang='lat' dir='ltr'>soient</span> <span class='ocrx_word' id='word_1_689' title='bbox 660 3640 698 3670; x_wconf 88' lang='lat' dir='ltr'>les</span> <span class='ocrx_word' id='word_1_690' title='bbox 721 3640 820 3677; x_wconf 89' lang='lat' dir='ltr'>Trois)</span> <span class='ocrx_word' id='word_1_691' title='bbox 836 3639 944 3669; x_wconf 89' lang='lat' dir='ltr'>ferront</span> <span class='ocrx_word' id='word_1_692' title='bbox 959 3647 987 3668; x_wconf 82' lang='lat' dir='ltr'>es</span> <span class='ocrx_word' id='word_1_693' title='bbox 1001 3639 1098 3669; x_wconf 85' lang='lat' dir='ltr'>choses</span> <span class='ocrx_word' id='word_1_694' title='bbox 1110 3639 1237 3679; x_wconf 87' lang='lat' dir='ltr'>susdites,</span> 
     </span>
     <span class='ocr_line' id='line_1_88' title="bbox 171 3672 1237 3746; baseline 0.004 -41"><span class='ocrx_word' id='word_1_695' title='bbox 171 3672 359 3746; x_wconf 35' lang='lat' dir='ltr'>afflig-:senne</span> <span class='ocrx_word' id='word_1_696' title='bbox 372 3676 526 3722; x_wconf 66' lang='lat' dir='ltr'>d’ycelles,</span> <span class='ocrx_word' id='word_1_697' title='bbox 537 3678 681 3709; x_wconf 88' lang='lat' dir='ltr'>soittenuz</span> <span class='ocrx_word' id='word_1_698' title='bbox 695 3678 797 3709; x_wconf 87' lang='lat' dir='ltr'>Ferme</span> <span class='ocrx_word' id='word_1_699' title='bbox 813 3679 847 3710; x_wconf 75' lang='grc' dir='ltr'>δε</span> <span class='ocrx_word' id='word_1_700' title='bbox 861 3677 977 3709; x_wconf 82' lang='lat' dir='ltr'>Estable</span> <span class='ocrx_word' id='word_1_701' title='bbox 991 3677 1056 3708; x_wconf 89' lang='lat' dir='ltr'>sanz</span> <span class='ocrx_word' id='word_1_702' title='bbox 1080 3676 1154 3708; x_wconf 89' lang='lat' dir='ltr'>estre</span> <span class='ocrx_word' id='word_1_703' title='bbox 1175 3677 1237 3709; x_wconf 82' lang='lat' dir='ltr'>Re-</span> 
     </span>
    </p>

    <p class='ocr_par' dir='ltr' id='par_1_39' title="bbox 179 3746 1238 3862">
     <span class='ocr_line' id='line_1_89' title="bbox 210 3746 1238 3792; baseline 0.006 -12"><span class='ocrx_word' id='word_1_704' title='bbox 210 3746 257 3777; x_wconf 89' lang='lat' dir='ltr'>En</span> <span class='ocrx_word' id='word_1_705' title='bbox 276 3750 503 3792; x_wconf 86' lang='lat' dir='ltr'>Tesmoignance</span> <span class='ocrx_word' id='word_1_706' title='bbox 524 3754 560 3785; x_wconf 92' lang='lat' dir='ltr'>de</span> <span class='ocrx_word' id='word_1_707' title='bbox 581 3763 656 3792; x_wconf 89' lang='lat' dir='ltr'>queu</span> <span class='ocrx_word' id='word_1_708' title='bbox 677 3755 764 3786; x_wconf 88' lang='lat' dir='ltr'>chose</span> <span class='ocrx_word' id='word_1_709' title='bbox 777 3765 792 3784; x_wconf 93' lang='lat' dir='ltr'>a</span> <span class='ocrx_word' id='word_1_710' title='bbox 809 3754 833 3785; x_wconf 94' lang='lat' dir='ltr'>la</span> <span class='ocrx_word' id='word_1_711' title='bbox 849 3756 936 3792; x_wconf 88' lang='lat' dir='ltr'>partie</span> <span class='ocrx_word' id='word_1_712' title='bbox 950 3754 986 3785; x_wconf 92' lang='lat' dir='ltr'>de</span> <span class='ocrx_word' id='word_1_713' title='bbox 1001 3753 1077 3785; x_wconf 89' lang='lat' dir='ltr'>ceste</span> <span class='ocrx_word' id='word_1_714' title='bbox 1089 3752 1238 3786; x_wconf 90' lang='lat' dir='ltr'>Endentu-</span> 
     </span>
     <span class='ocr_line' id='line_1_90' title="bbox 179 3785 1238 3862; baseline 0.008 -48"><span class='ocrx_word' id='word_1_715' title='bbox 179 3793 222 3823; x_wconf 67' lang='grc' dir='ltr'>τε,</span> <span class='ocrx_word' id='word_1_716' title='bbox 240 3785 406 3822; x_wconf 87' lang='lat' dir='ltr'>demorante</span> <span class='ocrx_word' id='word_1_717' title='bbox 421 3790 521 3823; x_wconf 90' lang='lat' dir='ltr'>devers</span> <span class='ocrx_word' id='word_1_718' title='bbox 544 3793 583 3824; x_wconf 90' lang='lat' dir='ltr'>les</span> <span class='ocrx_word' id='word_1_719' title='bbox 604 3793 705 3832; x_wconf 90' lang='lat' dir='ltr'>Ducs,</span> <span class='ocrx_word' id='word_1_720' title='bbox 725 3793 918 3862; x_wconf 53' lang='lat' dir='ltr'>Erceveigue,</span> <span class='ocrx_word' id='word_1_721' title='bbox 935 3793 1092 3830; x_wconf 83' lang='lat' dir='ltr'>Evesques,</span> <span class='ocrx_word' id='word_1_722' title='bbox 1110 3791 1238 3832; x_wconf 68' lang='lat' dir='ltr'>Comes,</span> 
     </span>
    </p>
   </div>
   <div class='ocr_carea' id='block_1_17' title="bbox 176 3822 1239 3891">
    <p class='ocr_par' dir='ltr' id='par_1_40' title="bbox 176 3822 1239 3891">
     <span class='ocr_line' id='line_1_91' title="bbox 176 3822 1239 3891; baseline 0.007 -37"><span class='ocrx_word' id='word_1_723' title='bbox 176 3822 385 3891; x_wconf 36' lang='lat' dir='ltr'>§cedfsNObloe</span> <span class='ocrx_word' id='word_1_724' title='bbox 398 3830 560 3870; x_wconf 86' lang='lat' dir='ltr'>avantditz,</span> <span class='ocrx_word' id='word_1_725' title='bbox 576 3831 604 3862; x_wconf 91' lang='lat' dir='ltr'>le</span> <span class='ocrx_word' id='word_1_726' title='bbox 616 3831 677 3862; x_wconf 88' lang='lat' dir='ltr'>Roi</span> <span class='ocrx_word' id='word_1_727' title='bbox 691 3832 816 3864; x_wconf 82' lang='lat' dir='ltr'>ava-ntdit</span> <span class='ocrx_word' id='word_1_728' title='bbox 828 3842 843 3862; x_wconf 92' lang='lat' dir='ltr'>a</span> <span class='ocrx_word' id='word_1_729' title='bbox 878 3832 928 3863; x_wconf 86' lang='lat' dir='ltr'>fait</span> <span class='ocrx_word' id='word_1_730' title='bbox 948 3840 1051 3863; x_wconf 87' lang='lat' dir='ltr'>mettre</span> <span class='ocrx_word' id='word_1_731' title='bbox 1069 3831 1119 3861; x_wconf 88' lang='lat' dir='ltr'>son</span> <span class='ocrx_word' id='word_1_732' title='bbox 1143 3830 1239 3862; x_wconf 91' lang='lat' dir='ltr'>Grant</span> 
     </span>
    </p>
   </div>
   <div class='ocr_carea' id='block_1_18' title="bbox 173 3934 1242 4023">
    <p class='ocr_par' dir='ltr' id='par_1_41' title="bbox 173 3934 1242 4023">
     <span class='ocr_line' id='line_1_92' title="bbox 213 3934 1242 3986; baseline 0.012 -21"><span class='ocrx_word' id='word_1_733' title='bbox 213 3934 295 3967; x_wconf 89' lang='lat' dir='ltr'>Don.</span> <span class='ocrx_word' id='word_1_734' title='bbox 314 3947 349 3967; x_wconf 88' lang='lat' dir='ltr'>en</span> <span class='ocrx_word' id='word_1_735' title='bbox 367 3939 500 3984; x_wconf 35' lang='lat' dir='ltr'>Ch-aump</span> <span class='ocrx_word' id='word_1_736' title='bbox 514 3943 550 3973; x_wconf 93' lang='lat' dir='ltr'>de</span> <span class='ocrx_word' id='word_1_737' title='bbox 564 3944 589 3974; x_wconf 91' lang='lat' dir='ltr'>la</span> <span class='ocrx_word' id='word_1_738' title='bbox 596 3946 670 3977; x_wconf 88' lang='lat' dir='ltr'>Ville</span> <span class='ocrx_word' id='word_1_739' title='bbox 684 3946 721 3977; x_wconf 92' lang='lat' dir='ltr'>de</span> <span class='ocrx_word' id='word_1_740' title='bbox 735 3945 897 3986; x_wconf 88' lang='lat' dir='ltr'>Markoyn,</span> <span class='ocrx_word' id='word_1_741' title='bbox 915 3945 999 3977; x_wconf 87' lang='lat' dir='ltr'>dcinz</span> <span class='ocrx_word' id='word_1_742' title='bbox 1015 3946 1041 3977; x_wconf 86' lang='lat' dir='ltr'>la</span> <span class='ocrx_word' id='word_1_743' title='bbox 1055 3944 1180 3977; x_wconf 80' lang='lat' dir='ltr'>Marche</span> <span class='ocrx_word' id='word_1_744' title='bbox 1200 3941 1242 3978; x_wconf 71' lang='lat' dir='ltr'>de</span> 
     </span>
     <span class='ocr_line' id='line_1_93' title="bbox 173 3972 912 4023; baseline 0.014 -17"><span class='ocrx_word' id='word_1_745' title='bbox 173 3972 301 4017; x_wconf 67' lang='lat' dir='ltr'>france,</span> <span class='ocrx_word' id='word_1_746' title='bbox 317 3976 343 4008; x_wconf 91' lang='lat' dir='ltr'>le</span> <span class='ocrx_word' id='word_1_747' title='bbox 357 3986 396 4015; x_wconf 88' lang='lat'>27</span> <span class='ocrx_word' id='word_1_748' title='bbox 406 3989 472 4017; x_wconf 83' lang='lat' dir='ltr'>Jour</span> <span class='ocrx_word' id='word_1_749' title='bbox 485 3980 522 4011; x_wconf 89' lang='lat' dir='ltr'>de</span> <span class='ocrx_word' id='word_1_750' title='bbox 537 3982 723 4023; x_wconf 81' lang='lat' dir='ltr'>Septembre,</span> <span class='ocrx_word' id='word_1_751' title='bbox 741 3985 807 4015; x_wconf 80' lang='lat' dir='ltr'>l&#39;An</span> <span class='ocrx_word' id='word_1_752' title='bbox 822 3984 912 4015; x_wconf 85' lang='lat' dir='ltr'>susdit.</span> 
     </span>
    </p>
   </div>
   <div class='ocr_carea' id='block_1_19' title="bbox 626 127 1887 182">
    <p class='ocr_par' dir='ltr' id='par_1_42' title="bbox 626 127 1887 182">
     <span class='ocr_line' id='line_1_94' title="bbox 626 127 1887 182; baseline -0.001 -11"><span class='ocrx_word' id='word_1_753' title='bbox 626 127 1438 176; x_wconf 89' lang='lat' dir='ltr'>CONVENTIONES‚</span> <span class='ocrx_word' id='word_1_754' title='bbox 1494 129 1887 182; x_wconf 85' lang='lat' dir='ltr'>LITERAE,</span> 
     </span>
    </p>
   </div>
   <div class='ocr_carea' id='block_1_20' title="bbox 2369 214 2503 247">
    <p class='ocr_par' dir='ltr' id='par_1_43' title="bbox 2369 214 2503 247">
     <span class='ocr_line' id='line_1_95' title="bbox 2369 214 2503 247; baseline 0.022 -3"><span class='ocrx_word' id='word_1_755' title='bbox 2369 214 2447 245; x_wconf 83' lang='lat' dir='ltr'>Ann.</span> <span class='ocrx_word' id='word_1_756' title='bbox 2460 214 2503 247; x_wconf 88' lang='lat' dir='ltr'>D.</span> 
     </span>
    </p>
   </div>
   <div class='ocr_carea' id='block_1_21' title="bbox 2369 263 2505 331">
    <p class='ocr_par' dir='ltr' id='par_1_44' title="bbox 2369 263 2505 331">
     <span class='ocr_line' id='line_1_96' title="bbox 2369 263 2505 331; baseline -0.029 -10"><span class='ocrx_word' id='word_1_757' title='bbox 2369 263 2488 331; x_wconf 48' lang='lat'>2¹23?</span> <span class='ocrx_word' id='word_1_758' title='bbox 2502 315 2505 317; x_wconf 84' lang='lat'>.</span> 
     </span>
    </p>
   </div>
   <div class='ocr_carea' id='block_1_22' title="bbox 1283 255 1468 259">
    <p class='ocr_par' dir='ltr' id='par_1_45' title="bbox 1283 255 1468 259">
     <span class='ocr_line' id='line_1_97' title="bbox 1283 255 1468 259; baseline 0 0"><span class='ocrx_word' id='word_1_759' title='bbox 1283 255 1468 259; x_wconf 95' lang='lat' dir='ltr'> </span> 
     </span>
    </p>
   </div>
   <div class='ocr_carea' id='block_1_23' title="bbox 1887 253 2024 256">
    <p class='ocr_par' dir='ltr' id='par_1_46' title="bbox 1887 253 2024 256">
     <span class='ocr_line' id='line_1_98' title="bbox 1887 253 2024 256; baseline 0 0"><span class='ocrx_word' id='word_1_760' title='bbox 1887 253 2024 256; x_wconf 95' lang='lat' dir='ltr'> </span> 
     </span>
    </p>
   </div>
   <div class='ocr_carea' id='block_1_24' title="bbox 1429 306 2205 358">
    <p class='ocr_par' dir='ltr' id='par_1_47' title="bbox 1429 306 2205 358">
     <span class='ocr_line' id='line_1_99' title="bbox 1429 306 2205 358; baseline 0.001 -15"><span class='ocrx_word' id='word_1_761' title='bbox 1429 307 1488 343; x_wconf 86' lang='lat' dir='ltr'>Ad</span> <span class='ocrx_word' id='word_1_762' title='bbox 1505 312 1626 344; x_wconf 85' lang='lat' dir='ltr'>Ducem</span> <span class='ocrx_word' id='word_1_763' title='bbox 1644 306 1812 342; x_wconf 77' lang='lat' dir='ltr'>Brabantiae</span> <span class='ocrx_word' id='word_1_764' title='bbox 1823 310 1915 358; x_wconf 78' lang='lat' dir='ltr'>fhper</span> <span class='ocrx_word' id='word_1_765' title='bbox 1937 311 2023 343; x_wconf 85' lang='lat' dir='ltr'>Pacis</span> <span class='ocrx_word' id='word_1_766' title='bbox 2042 308 2205 344; x_wconf 64' lang='lat' dir='ltr'>Trafflasu.</span> 
     </span>
    </p>
   </div>
   <div class='ocr_carea' id='block_1_25' title="bbox 1277 400 2486 1248">
    <p class='ocr_par' dir='ltr' id='par_1_48' title="bbox 1277 400 2486 635">
     <span class='ocr_line' id='line_1_100' title="bbox 1277 400 2486 472; baseline 0.001 -39"><span class='ocrx_word' id='word_1_767' title='bbox 1277 400 1393 469; x_wconf 54' lang='lat' dir='ltr'>REiX</span> <span class='ocrx_word' id='word_1_768' title='bbox 1408 401 1650 472; x_wconf 62' lang='lat' dir='ltr'>IllugtrliJohanni</span> <span class='ocrx_word' id='word_1_769' title='bbox 1663 403 1743 435; x_wconf 89' lang='lat' dir='ltr'>Duci</span> <span class='ocrx_word' id='word_1_770' title='bbox 1757 403 1931 443; x_wconf 88' lang='lat' dir='ltr'>Brabantiae,</span> <span class='ocrx_word' id='word_1_771' title='bbox 1950 402 2173 444; x_wconf 85' lang='lat' dir='ltr'>Consanguineo</span> <span class='ocrx_word' id='word_1_772' title='bbox 2186 403 2237 435; x_wconf 93' lang='lat' dir='ltr'>suo</span> <span class='ocrx_word' id='word_1_773' title='bbox 2257 403 2357 436; x_wconf 47' lang='lat' dir='ltr'>Caris«</span> <span class='ocrx_word' id='word_1_774' title='bbox 2370 419 2413 444; x_wconf 77' lang='lat' dir='ltr'>An</span> <span class='ocrx_word' id='word_1_775' title='bbox 2441 426 2486 454; x_wconf 38' lang='lat'>13,</span> 
     </span>
     <span class='ocr_line' id='line_1_101' title="bbox 1362 450 2447 483; baseline 0.007 -13"><span class='ocrx_word' id='word_1_776' title='bbox 1362 450 1439 480; x_wconf 84' lang='lat' dir='ltr'>1m0,</span> <span class='ocrx_word' id='word_1_777' title='bbox 1480 452 1494 472; x_wconf 91' lang='lat' dir='ltr'>a</span> <span class='ocrx_word' id='word_1_778' title='bbox 1507 451 1592 473; x_wconf 89' lang='lat' dir='ltr'>ntem.</span> <span class='ocrx_word' id='word_1_779' title='bbox 2394 476 2401 483; x_wconf 81' lang='grc'><strong>,</strong></span> <span class='ocrx_word' id='word_1_780' title='bbox 2441 477 2447 483; x_wconf 79' lang='grc'>,</span> 
     </span>
     <span class='ocr_line' id='line_1_102' title="bbox 1316 458 2478 523; baseline 0.004 -14"><span class='ocrx_word' id='word_1_781' title='bbox 1316 477 1399 510; x_wconf 79' lang='lat' dir='ltr'>Cum</span> <span class='ocrx_word' id='word_1_782' title='bbox 1421 490 1490 518; x_wconf 87' lang='lat' dir='ltr'>vos,</span> <span class='ocrx_word' id='word_1_783' title='bbox 1509 481 1545 511; x_wconf 89' lang='lat' dir='ltr'>de</span> <span class='ocrx_word' id='word_1_784' title='bbox 1569 480 1749 520; x_wconf 69' lang='lat' dir='ltr'>procuranda</span> <span class='ocrx_word' id='word_1_785' title='bbox 1769 480 1846 512; x_wconf 89' lang='lat' dir='ltr'>Pace</span> <span class='ocrx_word' id='word_1_786' title='bbox 1865 480 1943 512; x_wconf 70' lang='lat' dir='ltr'>bona</span> <span class='ocrx_word' id='word_1_787' title='bbox 1963 482 2037 512; x_wconf 87' lang='lat' dir='ltr'>inter</span> <span class='ocrx_word' id='word_1_788' title='bbox 2050 480 2121 511; x_wconf 90' lang='lat' dir='ltr'>Nos</span> <span class='ocrx_word' id='word_1_789' title='bbox 2135 481 2168 512; x_wconf 91' lang='lat'>&amp;</span> <span class='ocrx_word' id='word_1_790' title='bbox 2182 480 2352 513; x_wconf 90' lang='lat' dir='ltr'>Dominum</span> <span class='ocrx_word' id='word_1_791' title='bbox 2371 458 2478 523; x_wconf 54' lang='grc' dir='ltr'>ῗόῑῖω,</span> 
     </span>
     <span class='ocr_line' id='line_1_103' title="bbox 1277 513 2355 561; baseline 0.007 -16"><span class='ocrx_word' id='word_1_792' title='bbox 1277 513 1444 561; x_wconf 79' lang='lat' dir='ltr'>Philippum</span> <span class='ocrx_word' id='word_1_793' title='bbox 1464 519 1502 550; x_wconf 90' lang='lat' dir='ltr'>de</span> <span class='ocrx_word' id='word_1_794' title='bbox 1521 519 1634 551; x_wconf 87' lang='lat' dir='ltr'>Valefio</span> <span class='ocrx_word' id='word_1_795' title='bbox 1656 522 1756 551; x_wconf 80' lang='lat' dir='ltr'>votive</span> <span class='ocrx_word' id='word_1_796' title='bbox 1777 520 1892 558; x_wconf 81' lang='lat' dir='ltr'>soliciti,</span> <span class='ocrx_word' id='word_1_797' title='bbox 1911 530 1963 550; x_wconf 87' lang='lat' dir='ltr'>nos</span> <span class='ocrx_word' id='word_1_798' title='bbox 1983 520 2115 550; x_wconf 86' lang='lat' dir='ltr'>duxeritis</span> <span class='ocrx_word' id='word_1_799' title='bbox 2137 529 2206 551; x_wconf 88' lang='lat' dir='ltr'>curn</span> <span class='ocrx_word' id='word_1_800' title='bbox 2223 520 2355 553; x_wconf 63' lang='lat' dir='ltr'>instantia</span> 
     </span>
     <span class='ocr_line' id='line_1_104' title="bbox 1278 556 2355 600; baseline 0.006 -16"><span class='ocrx_word' id='word_1_801' title='bbox 1278 556 1481 600; x_wconf 82' lang='lat' dir='ltr'>requirendos,</span> <span class='ocrx_word' id='word_1_802' title='bbox 1499 567 1531 589; x_wconf 91' lang='lat' dir='ltr'>ut</span> <span class='ocrx_word' id='word_1_803' title='bbox 1543 558 1625 590; x_wconf 83' lang='lat' dir='ltr'>Pacis</span> <span class='ocrx_word' id='word_1_804' title='bbox 1641 559 1806 596; x_wconf 63' lang='lat' dir='ltr'>Tractatui,</span> <span class='ocrx_word' id='word_1_805' title='bbox 1826 568 1913 597; x_wconf 87' lang='lat' dir='ltr'>quem</span> <span class='ocrx_word' id='word_1_806' title='bbox 1928 559 2000 590; x_wconf 89' lang='lat' dir='ltr'>inter</span> <span class='ocrx_word' id='word_1_807' title='bbox 2015 558 2084 589; x_wconf 91' lang='lat' dir='ltr'>Nos</span> <span class='ocrx_word' id='word_1_808' title='bbox 2099 559 2134 589; x_wconf 73' lang='grc' dir='ltr'>δε</span> <span class='ocrx_word' id='word_1_809' title='bbox 2147 557 2244 596; x_wconf 89' lang='lat' dir='ltr'>Ipsum</span> <span class='ocrx_word' id='word_1_810' title='bbox 2259 560 2355 598; x_wconf 84' lang='lat' dir='ltr'>prose-</span> 
     </span>
     <span class='ocr_line' id='line_1_105' title="bbox 1278 597 2322 635; baseline 0.01 -12"><span class='ocrx_word' id='word_1_811' title='bbox 1278 603 1327 632; x_wconf 84' lang='lat' dir='ltr'>qui</span> <span class='ocrx_word' id='word_1_812' title='bbox 1341 597 1458 634; x_wconf 85' lang='lat' dir='ltr'>cupitis,</span> <span class='ocrx_word' id='word_1_813' title='bbox 1476 606 1599 627; x_wconf 89' lang='lat' dir='ltr'>annuere</span> <span class='ocrx_word' id='word_1_814' title='bbox 1613 598 1815 635; x_wconf 83' lang='lat' dir='ltr'>dignaremur,</span> <span class='ocrx_word' id='word_1_815' title='bbox 2320 625 2322 627; x_wconf 63' lang='grc'><em>»</em></span> 
     </span>
    </p>

    <p class='ocr_par' dir='ltr' id='par_1_49' title="bbox 1279 632 2357 1174">
     <span class='ocr_line' id='line_1_106' title="bbox 1317 632 2353 675; baseline 0.006 -12"><span class='ocrx_word' id='word_1_816' title='bbox 1317 632 1401 671; x_wconf 90' lang='lat' dir='ltr'>Nos,</span> <span class='ocrx_word' id='word_1_817' title='bbox 1421 633 1517 665; x_wconf 87' lang='lat' dir='ltr'>vestris</span> <span class='ocrx_word' id='word_1_818' title='bbox 1537 636 1665 666; x_wconf 88' lang='lat' dir='ltr'>volentes</span> <span class='ocrx_word' id='word_1_819' title='bbox 1687 635 1915 667; x_wconf 76' lang='lat' dir='ltr'>condescendere</span> <span class='ocrx_word' id='word_1_820' title='bbox 1935 634 2072 666; x_wconf 84' lang='lat' dir='ltr'>Precibus</span> <span class='ocrx_word' id='word_1_821' title='bbox 2092 635 2121 665; x_wconf 88' lang='lat' dir='ltr'>in</span> <span class='ocrx_word' id='word_1_822' title='bbox 2135 634 2189 666; x_wconf 88' lang='lat' dir='ltr'>hac</span> <span class='ocrx_word' id='word_1_823' title='bbox 2205 643 2300 675; x_wconf 86' lang='lat' dir='ltr'>parte,</span> <span class='ocrx_word' id='word_1_824' title='bbox 2317 647 2353 669; x_wconf 88' lang='lat' dir='ltr'>ae</span> 
     </span>
     <span class='ocr_line' id='line_1_107' title="bbox 1279 669 2353 716; baseline 0.006 -15"><span class='ocrx_word' id='word_1_825' title='bbox 1279 669 1315 701; x_wconf 93' lang='lat' dir='ltr'>de</span> <span class='ocrx_word' id='word_1_826' title='bbox 1330 671 1424 716; x_wconf 66' lang='lat' dir='ltr'>vestra</span> <span class='ocrx_word' id='word_1_827' title='bbox 1440 673 1595 704; x_wconf 78' lang='lat' dir='ltr'>sinceritate</span> <span class='ocrx_word' id='word_1_828' title='bbox 1608 675 1711 706; x_wconf 72' lang='lat' dir='ltr'>intime</span> <span class='ocrx_word' id='word_1_829' title='bbox 1724 675 1916 712; x_wconf 71' lang='lat' dir='ltr'>confidentes,</span> <span class='ocrx_word' id='word_1_830' title='bbox 1934 673 1969 705; x_wconf 92' lang='lat' dir='ltr'>ad</span> <span class='ocrx_word' id='word_1_831' title='bbox 1992 673 2231 714; x_wconf 83' lang='lat' dir='ltr'>concedendum,</span> <span class='ocrx_word' id='word_1_832' title='bbox 2251 675 2353 707; x_wconf 88' lang='lat' dir='ltr'>nostro</span> 
     </span>
     <span class='ocr_line' id='line_1_108' title="bbox 1279 711 2354 753; baseline 0.006 -14"><span class='ocrx_word' id='word_1_833' title='bbox 1279 719 1400 741; x_wconf 87' lang='lat' dir='ltr'>nomme</span> <span class='ocrx_word' id='word_1_834' title='bbox 1413 735 1423 748; x_wconf 89' lang='lat'>,</span> <span class='ocrx_word' id='word_1_835' title='bbox 1449 711 1579 743; x_wconf 86' lang='lat' dir='ltr'>Personis</span> <span class='ocrx_word' id='word_1_836' title='bbox 1595 712 1721 750; x_wconf 88' lang='lat' dir='ltr'>pacificis</span> <span class='ocrx_word' id='word_1_837' title='bbox 1735 738 1745 752; x_wconf 92' lang='lat'>,</span> <span class='ocrx_word' id='word_1_838' title='bbox 1771 714 1977 752; x_wconf 86' lang='lat' dir='ltr'>cujuscumque</span> <span class='ocrx_word' id='word_1_839' title='bbox 1998 712 2170 744; x_wconf 89' lang='lat' dir='ltr'>conditionis</span> <span class='ocrx_word' id='word_1_840' title='bbox 2191 715 2354 753; x_wconf 80' lang='lat' dir='ltr'>extiterint,</span> 
     </span>
     <span class='ocr_line' id='line_1_109' title="bbox 1280 749 2355 791; baseline 0.006 -13"><span class='ocrx_word' id='word_1_841' title='bbox 1280 749 1365 786; x_wconf 89' lang='lat' dir='ltr'>usque</span> <span class='ocrx_word' id='word_1_842' title='bbox 1385 749 1420 780; x_wconf 89' lang='lat' dir='ltr'>ad</span> <span class='ocrx_word' id='word_1_843' title='bbox 1440 749 1630 788; x_wconf 80' lang='lat' dir='ltr'>Numerum,</span> <span class='ocrx_word' id='word_1_844' title='bbox 1648 762 1737 790; x_wconf 88' lang='lat' dir='ltr'>quem</span> <span class='ocrx_word' id='word_1_845' title='bbox 1757 751 1793 783; x_wconf 90' lang='lat' dir='ltr'>ad</span> <span class='ocrx_word' id='word_1_846' title='bbox 1816 753 1875 783; x_wconf 87' lang='lat' dir='ltr'>hoc</span> <span class='ocrx_word' id='word_1_847' title='bbox 1891 753 2016 783; x_wconf 87' lang='lat' dir='ltr'>videritis</span> <span class='ocrx_word' id='word_1_848' title='bbox 2031 760 2228 791; x_wconf 84' lang='lat' dir='ltr'>oportunum,</span> <span class='ocrx_word' id='word_1_849' title='bbox 2246 753 2355 784; x_wconf 83' lang='lat' dir='ltr'>salvum</span> 
     </span>
     <span class='ocr_line' id='line_1_110' title="bbox 1279 787 2356 832; baseline 0.003 -14"><span class='ocrx_word' id='word_1_850' title='bbox 1279 787 1313 818; x_wconf 91' lang='lat'>&amp;</span> <span class='ocrx_word' id='word_1_851' title='bbox 1326 787 1458 832; x_wconf 77' lang='lat' dir='ltr'>securum</span> <span class='ocrx_word' id='word_1_852' title='bbox 1471 788 1663 821; x_wconf 67' lang='lat' dir='ltr'>Conductum</span> <span class='ocrx_word' id='word_1_853' title='bbox 1699 800 1768 821; x_wconf 91' lang='lat' dir='ltr'>cum</span> <span class='ocrx_word' id='word_1_854' title='bbox 1782 790 1976 830; x_wconf 88' lang='lat' dir='ltr'>Hominibus,</span> <span class='ocrx_word' id='word_1_855' title='bbox 1995 791 2101 830; x_wconf 86' lang='lat' dir='ltr'>Equis,</span> <span class='ocrx_word' id='word_1_856' title='bbox 2112 789 2259 829; x_wconf 82' lang='lat' dir='ltr'>Bonis,&amp;</span> <span class='ocrx_word' id='word_1_857' title='bbox 2275 791 2356 822; x_wconf 89' lang='lat' dir='ltr'>Her-</span> 
     </span>
     <span class='ocr_line' id='line_1_111' title="bbox 1280 813 2354 868; baseline 0.006 -13"><span class='ocrx_word' id='word_1_858' title='bbox 1280 828 1359 856; x_wconf 83' lang='lat' dir='ltr'>nelns</span> <span class='ocrx_word' id='word_1_859' title='bbox 1380 826 1449 864; x_wconf 84' lang='lat' dir='ltr'>suis,</span> <span class='ocrx_word' id='word_1_860' title='bbox 1467 828 1502 858; x_wconf 88' lang='lat' dir='ltr'>ad</span> <span class='ocrx_word' id='word_1_861' title='bbox 1523 828 1649 866; x_wconf 85' lang='lat' dir='ltr'>aliquem</span> <span class='ocrx_word' id='word_1_862' title='bbox 1668 813 1767 859; x_wconf 71' lang='lat' dir='ltr'>iocum</span> <span class='ocrx_word' id='word_1_863' title='bbox 1790 839 1918 868; x_wconf 88' lang='lat' dir='ltr'>certum,</span> <span class='ocrx_word' id='word_1_864' title='bbox 1936 840 1987 868; x_wconf 88' lang='lat' dir='ltr'>per</span> <span class='ocrx_word' id='word_1_865' title='bbox 2008 829 2107 868; x_wconf 88' lang='lat' dir='ltr'>Duas,</span> <span class='ocrx_word' id='word_1_866' title='bbox 2125 829 2171 861; x_wconf 93' lang='lat' dir='ltr'>vel</span> <span class='ocrx_word' id='word_1_867' title='bbox 2188 829 2262 861; x_wconf 90' lang='lat' dir='ltr'>Tres</span> <span class='ocrx_word' id='word_1_868' title='bbox 2274 831 2354 862; x_wconf 89' lang='lat' dir='ltr'>Leu-</span> 
     </span>
     <span class='ocr_line' id='line_1_112' title="bbox 1280 866 2354 908; baseline 0.006 -14"><span class='ocrx_word' id='word_1_869' title='bbox 1280 874 1342 908; x_wconf 79' lang='lat' dir='ltr'>caS,</span> <span class='ocrx_word' id='word_1_870' title='bbox 1360 874 1408 896; x_wconf 92' lang='lat' dir='ltr'>aut</span> <span class='ocrx_word' id='word_1_871' title='bbox 1419 866 1550 905; x_wconf 87' lang='lat' dir='ltr'>circiter,</span> <span class='ocrx_word' id='word_1_872' title='bbox 1567 866 1721 898; x_wconf 78' lang='lat' dir='ltr'>distantem</span> <span class='ocrx_word' id='word_1_873' title='bbox 1735 878 1750 898; x_wconf 91' lang='lat' dir='ltr'>a</span> <span class='ocrx_word' id='word_1_874' title='bbox 1764 868 1866 906; x_wconf 87' lang='lat' dir='ltr'>nobis,</span> <span class='ocrx_word' id='word_1_875' title='bbox 1886 878 1971 906; x_wconf 87' lang='lat' dir='ltr'>prout</span> <span class='ocrx_word' id='word_1_876' title='bbox 1985 869 2084 899; x_wconf 89' lang='lat' dir='ltr'>melius</span> <span class='ocrx_word' id='word_1_877' title='bbox 2099 867 2232 906; x_wconf 82' lang='lat' dir='ltr'>expedire</span> <span class='ocrx_word' id='word_1_878' title='bbox 2249 869 2354 901; x_wconf 85' lang='lat' dir='ltr'>videri-</span> 
     </span>
     <span class='ocr_line' id='line_1_113' title="bbox 1279 905 2357 948; baseline 0.006 -15"><span class='ocrx_word' id='word_1_879' title='bbox 1279 911 1330 940; x_wconf 82' lang='lat' dir='ltr'>tis,</span> <span class='ocrx_word' id='word_1_880' title='bbox 1349 905 1559 948; x_wconf 24' lang='lat' dir='ltr'>protTractatu</span> <span class='ocrx_word' id='word_1_881' title='bbox 1582 905 1662 936; x_wconf 89' lang='lat' dir='ltr'>Pacis</span> <span class='ocrx_word' id='word_1_882' title='bbox 1681 905 1844 945; x_wconf 90' lang='lat' dir='ltr'>hujusmodi</span> <span class='ocrx_word' id='word_1_883' title='bbox 1863 906 2033 946; x_wconf 88' lang='lat' dir='ltr'>accedendi,</span> <span class='ocrx_word' id='word_1_884' title='bbox 2050 907 2198 946; x_wconf 82' lang='lat' dir='ltr'>morandi,</span> <span class='ocrx_word' id='word_1_885' title='bbox 2213 909 2248 939; x_wconf 75' lang='grc' dir='ltr'>δε</span> <span class='ocrx_word' id='word_1_886' title='bbox 2261 908 2357 939; x_wconf 71' lang='lat' dir='ltr'>libere</span> 
     </span>
     <span class='ocr_line' id='line_1_114' title="bbox 1280 942 2355 986; baseline 0.007 -15"><span class='ocrx_word' id='word_1_887' title='bbox 1280 942 1433 986; x_wconf 79' lang='lat' dir='ltr'>redeundi,</span> <span class='ocrx_word' id='word_1_888' title='bbox 1452 944 1509 974; x_wconf 81' lang='lat' dir='ltr'>fine</span> <span class='ocrx_word' id='word_1_889' title='bbox 1530 943 1756 984; x_wconf 88' lang='lat' dir='ltr'>Molestatione,</span> <span class='ocrx_word' id='word_1_890' title='bbox 1775 943 1969 983; x_wconf 87' lang='lat' dir='ltr'>Gravamine,</span> <span class='ocrx_word' id='word_1_891' title='bbox 1986 945 2065 976; x_wconf 90' lang='lat' dir='ltr'>Dam</span> <span class='ocrx_word' id='word_1_892' title='bbox 2087 956 2145 985; x_wconf 92' lang='lat' dir='ltr'>no,</span> <span class='ocrx_word' id='word_1_893' title='bbox 2163 946 2209 977; x_wconf 89' lang='lat' dir='ltr'>vel</span> <span class='ocrx_word' id='word_1_894' title='bbox 2227 946 2355 986; x_wconf 57' lang='lat' dir='ltr'>‚InjuriQ</span> 
     </span>
     <span class='ocr_line' id='line_1_115' title="bbox 1281 980 2355 1024; baseline 0.006 -13"><span class='ocrx_word' id='word_1_895' title='bbox 1281 982 1362 1012; x_wconf 82' lang='lat' dir='ltr'>eisin</span> <span class='ocrx_word' id='word_1_896' title='bbox 1376 980 1522 1021; x_wconf 87' lang='lat' dir='ltr'>Personis,</span> <span class='ocrx_word' id='word_1_897' title='bbox 1540 983 1586 1014; x_wconf 90' lang='lat' dir='ltr'>vel</span> <span class='ocrx_word' id='word_1_898' title='bbox 1599 985 1629 1013; x_wconf 90' lang='lat' dir='ltr'>in</span> <span class='ocrx_word' id='word_1_899' title='bbox 1645 983 1747 1014; x_wconf 89' lang='lat' dir='ltr'>Rebus</span> <span class='ocrx_word' id='word_1_900' title='bbox 1782 992 1832 1022; x_wconf 85' lang='lat' dir='ltr'>per</span> <span class='ocrx_word' id='word_1_901' title='bbox 1847 983 1934 1022; x_wconf 87' lang='lat' dir='ltr'>Nos,</span> <span class='ocrx_word' id='word_1_902' title='bbox 1952 984 1999 1014; x_wconf 91' lang='lat' dir='ltr'>vel</span> <span class='ocrx_word' id='word_1_903' title='bbox 2020 994 2060 1014; x_wconf 92' lang='lat' dir='ltr'>no</span> <span class='ocrx_word' id='word_1_904' title='bbox 2137 1009 2147 1023; x_wconf 91' lang='lat'>,</span> <span class='ocrx_word' id='word_1_905' title='bbox 2166 986 2355 1024; x_wconf 88' lang='lat' dir='ltr'>quomodoli-</span> 
     </span>
     <span class='ocr_line' id='line_1_116' title="bbox 1281 1008 2353 1064; baseline 0.007 -15"><span class='ocrx_word' id='word_1_906' title='bbox 1281 1020 1331 1050; x_wconf 90' lang='lat' dir='ltr'>bet</span> <span class='ocrx_word' id='word_1_907' title='bbox 1344 1020 1510 1064; x_wconf 81' lang='lat' dir='ltr'>inferendis,</span> <span class='ocrx_word' id='word_1_908' title='bbox 1530 1022 1564 1052; x_wconf 92' lang='lat'>&amp;</span> <span class='ocrx_word' id='word_1_909' title='bbox 1577 1022 1652 1060; x_wconf 89' lang='lat' dir='ltr'>ipsos</span> <span class='ocrx_word' id='word_1_910' title='bbox 1664 1022 1745 1062; x_wconf 88' lang='lat' dir='ltr'>super</span> <span class='ocrx_word' id='word_1_911' title='bbox 1753 1008 1818 1053; x_wconf 86' lang='lat' dir='ltr'>’hoc</span> <span class='ocrx_word' id='word_1_912' title='bbox 1833 1023 1899 1054; x_wconf 86' lang='lat' dir='ltr'>vice</span> <span class='ocrx_word' id='word_1_913' title='bbox 1912 1021 2010 1052; x_wconf 71' lang='lat' dir='ltr'>nostra</span> <span class='ocrx_word' id='word_1_914' title='bbox 2021 1022 2204 1054; x_wconf 87' lang='lat' dir='ltr'>securandum</span> <span class='ocrx_word' id='word_1_915' title='bbox 2213 1047 2224 1063; x_wconf 83' lang='lat'>,</span> <span class='ocrx_word' id='word_1_916' title='bbox 2236 1025 2353 1063; x_wconf 90' lang='lat' dir='ltr'>plenam</span> 
     </span>
     <span class='ocr_line' id='line_1_117' title="bbox 1280 1059 2354 1099; baseline 0.007 -11"><span class='ocrx_word' id='word_1_917' title='bbox 1280 1059 1365 1089; x_wconf 81' lang='lat' dir='ltr'>vobis</span> <span class='ocrx_word' id='word_1_918' title='bbox 1379 1061 1590 1091; x_wconf 85' lang='lat' dir='ltr'>committimus</span> <span class='ocrx_word' id='word_1_919' title='bbox 1603 1062 1638 1092; x_wconf 90' lang='lat'>&amp;</span> <span class='ocrx_word' id='word_1_920' title='bbox 1654 1061 1843 1092; x_wconf 88' lang='lat' dir='ltr'>concedimus</span> <span class='ocrx_word' id='word_1_921' title='bbox 1864 1060 2055 1099; x_wconf 62' lang='lat' dir='ltr'>potestatem</span> <span class='ocrx_word' id='word_1_922' title='bbox 2072 1060 2278 1094; x_wconf 89' lang='lat' dir='ltr'>Promittentes</span> <span class='ocrx_word' id='word_1_923' title='bbox 2299 1074 2354 1094; x_wconf 76' lang='lat' dir='ltr'>nos</span> 
     </span>
     <span class='ocr_line' id='line_1_118' title="bbox 1282 1096 2355 1167; baseline 0.007 -40"><span class='ocrx_word' id='word_1_924' title='bbox 1282 1096 1391 1141; x_wconf 75' lang='lat' dir='ltr'>Rarum</span> <span class='ocrx_word' id='word_1_925' title='bbox 1415 1100 1456 1167; x_wconf 51' lang='lat' dir='ltr'>{cs</span> <span class='ocrx_word' id='word_1_926' title='bbox 1469 1098 1593 1130; x_wconf 88' lang='lat' dir='ltr'>Gratum</span> <span class='ocrx_word' id='word_1_927' title='bbox 1615 1099 1759 1131; x_wconf 86' lang='lat' dir='ltr'>habituros</span> <span class='ocrx_word' id='word_1_928' title='bbox 1781 1099 1935 1139; x_wconf 88' lang='lat' dir='ltr'>quicquid,</span> <span class='ocrx_word' id='word_1_929' title='bbox 1951 1099 2052 1130; x_wconf 89' lang='lat' dir='ltr'>nostro</span> <span class='ocrx_word' id='word_1_930' title='bbox 2073 1102 2212 1140; x_wconf 89' lang='lat' dir='ltr'>nomine,</span> <span class='ocrx_word' id='word_1_931' title='bbox 2232 1102 2355 1134; x_wconf 81' lang='lat' dir='ltr'>feceritis</span> 
     </span>
     <span class='ocr_line' id='line_1_119' title="bbox 1281 1146 1479 1174; baseline 0.005 -8"><span class='ocrx_word' id='word_1_932' title='bbox 1281 1146 1310 1166; x_wconf 83' lang='lat' dir='ltr'>in</span> <span class='ocrx_word' id='word_1_933' title='bbox 1325 1146 1425 1174; x_wconf 87' lang='lat' dir='ltr'>praerm</span> <span class='ocrx_word' id='word_1_934' title='bbox 1449 1148 1479 1167; x_wconf 78' lang='lat' dir='ltr'>is.</span> 
     </span>
    </p>

    <p class='ocr_par' dir='ltr' id='par_1_50' title="bbox 1281 1174 2353 1248">
     <span class='ocr_line' id='line_1_120' title="bbox 1317 1174 2353 1219; baseline 0.006 -14"><span class='ocrx_word' id='word_1_935' title='bbox 1317 1174 1352 1206; x_wconf 89' lang='lat' dir='ltr'>In</span> <span class='ocrx_word' id='word_1_936' title='bbox 1366 1177 1461 1215; x_wconf 85' lang='lat' dir='ltr'>cujus,</span> <span class='ocrx_word' id='word_1_937' title='bbox 1480 1176 1542 1208; x_wconf 89' lang='lat' dir='ltr'>&amp;c.</span> <span class='ocrx_word' id='word_1_938' title='bbox 1561 1176 1649 1216; x_wconf 90' lang='lat' dir='ltr'>usque</span> <span class='ocrx_word' id='word_1_939' title='bbox 1660 1177 1695 1209; x_wconf 91' lang='lat' dir='ltr'>ad</span> <span class='ocrx_word' id='word_1_940' title='bbox 1710 1177 1790 1209; x_wconf 89' lang='lat' dir='ltr'>diem</span> <span class='ocrx_word' id='word_1_941' title='bbox 1804 1176 1925 1209; x_wconf 83' lang='lat' dir='ltr'>Veneris</span> <span class='ocrx_word' id='word_1_942' title='bbox 1935 1177 2073 1216; x_wconf 80' lang='lat' dir='ltr'>proximo</span> <span class='ocrx_word' id='word_1_943' title='bbox 2083 1176 2229 1217; x_wconf 89' lang='lat' dir='ltr'>futurum,</span> <span class='ocrx_word' id='word_1_944' title='bbox 2246 1179 2281 1211; x_wconf 91' lang='lat'>&amp;</span> <span class='ocrx_word' id='word_1_945' title='bbox 2303 1190 2353 1219; x_wconf 87' lang='lat' dir='ltr'>per</span> 
     </span>
     <span class='ocr_line' id='line_1_121' title="bbox 1281 1214 1727 1248; baseline 0.007 -3"><span class='ocrx_word' id='word_1_946' title='bbox 1281 1221 1377 1245; x_wconf 86' lang='lat' dir='ltr'>toturn</span> <span class='ocrx_word' id='word_1_947' title='bbox 1391 1215 1473 1245; x_wconf 85' lang='lat' dir='ltr'>illurn</span> <span class='ocrx_word' id='word_1_948' title='bbox 1484 1214 1562 1247; x_wconf 86' lang='lat' dir='ltr'>diem</span> <span class='ocrx_word' id='word_1_949' title='bbox 1576 1216 1727 1248; x_wconf 88' lang='lat' dir='ltr'>duraturas.</span> 
     </span>
    </p>
   </div>
   <div class='ocr_carea' id='block_1_26' title="bbox 1283 1289 2355 1362">
    <p class='ocr_par' dir='ltr' id='par_1_51' title="bbox 1283 1289 2355 1362">
     <span class='ocr_line' id='line_1_122' title="bbox 1283 1289 2355 1362; baseline 0.002 -38"><span class='ocrx_word' id='word_1_950' title='bbox 1283 1289 1690 1362; x_wconf 47' lang='grc' dir='ltr'>ἢῐέὶῧξὲτέξζιάἀπῇάῃῗκοπε,</span> <span class='ocrx_word' id='word_1_951' title='bbox 1709 1292 1823 1333; x_wconf 84' lang='lat' dir='ltr'>Qarto</span> <span class='ocrx_word' id='word_1_952' title='bbox 1841 1292 1889 1325; x_wconf 89' lang='lat' dir='ltr'>die</span> <span class='ocrx_word' id='word_1_953' title='bbox 1910 1292 2070 1332; x_wconf 62' lang='lat' dir='ltr'>octobris,</span> <span class='ocrx_word' id='word_1_954' title='bbox 2087 1291 2178 1324; x_wconf 85' lang='lat' dir='ltr'>Anno</span> <span class='ocrx_word' id='word_1_955' title='bbox 2190 1292 2289 1334; x_wconf 85' lang='lat' dir='ltr'>Regni</span> <span class='ocrx_word' id='word_1_956' title='bbox 2299 1304 2355 1327; x_wconf 87' lang='lat' dir='ltr'>no·</span> 
     </span>
    </p>
   </div>
   <div class='ocr_carea' id='block_1_27' title="bbox 1416 1472 2220 1522">
    <p class='ocr_par' dir='ltr' id='par_1_52' title="bbox 1416 1472 2220 1522">
     <span class='ocr_line' id='line_1_123' title="bbox 1416 1472 2220 1522; baseline 0.001 -15"><span class='ocrx_word' id='word_1_957' title='bbox 1416 1475 1466 1507; x_wconf 84' lang='lat' dir='ltr'>De</span> <span class='ocrx_word' id='word_1_958' title='bbox 1484 1476 1562 1522; x_wconf 80' lang='lat' dir='ltr'>Rege</span> <span class='ocrx_word' id='word_1_959' title='bbox 1575 1476 1676 1508; x_wconf 77' lang='lat' dir='ltr'>Scotiae</span> <span class='ocrx_word' id='word_1_960' title='bbox 1693 1477 1853 1522; x_wconf 84' lang='lat' dir='ltr'>Capitaneo</span> <span class='ocrx_word' id='word_1_961' title='bbox 1863 1477 2043 1509; x_wconf 85' lang='lat' dir='ltr'>Excercitus</span> <span class='ocrx_word' id='word_1_962' title='bbox 2056 1472 2220 1519; x_wconf 84' lang='lat' dir='ltr'>constituto.</span> 
     </span>
    </p>
   </div>
   <div class='ocr_carea' id='block_1_28' title="bbox 1280 1567 2503 2347">
    <p class='ocr_par' dir='ltr' id='par_1_53' title="bbox 1282 1567 2503 1640">
     <span class='ocr_line' id='line_1_124' title="bbox 1282 1567 2503 1639; baseline 0.002 -40"><span class='ocrx_word' id='word_1_963' title='bbox 1282 1567 1396 1639; x_wconf 54' lang='lat' dir='ltr'>RE}</span> <span class='ocrx_word' id='word_1_964' title='bbox 1410 1569 1616 1639; x_wconf 51' lang='grc' dir='ltr'><strong>0111111ου3ὲώ</strong></span> <span class='ocrx_word' id='word_1_965' title='bbox 1630 1580 1717 1610; x_wconf 84' lang='lat' dir='ltr'>quos,</span> <span class='ocrx_word' id='word_1_966' title='bbox 1735 1570 1797 1603; x_wconf 69' lang='grc' dir='ltr'>διε.</span> <span class='ocrx_word' id='word_1_967' title='bbox 1815 1570 1951 1603; x_wconf 84' lang='lat' dir='ltr'>Salutem.</span> <span class='ocrx_word' id='word_1_968' title='bbox 2373 1581 2503 1613; x_wconf 51' lang='grc' dir='ltr'>ΛΜΗ),</span> 
     </span>
     <span class='ocr_line' id='line_1_125' title="bbox 1398 1618 1552 1640; baseline 0.013 -2"><span class='ocrx_word' id='word_1_969' title='bbox 1398 1618 1476 1639; x_wconf 80' lang='lat' dir='ltr'>ciatis</span> <span class='ocrx_word' id='word_1_970' title='bbox 1512 1619 1552 1640; x_wconf 93' lang='lat' dir='ltr'>uo</span> 
     </span>
    </p>

    <p class='ocr_par' dir='ltr' id='par_1_54' title="bbox 1281 1629 2503 1844">
     <span class='ocr_line' id='line_1_126' title="bbox 1319 1629 2484 1698; baseline 0.003 -22"><span class='ocrx_word' id='word_1_971' title='bbox 1319 1644 1379 1677; x_wconf 87' lang='lat' dir='ltr'>Pro</span> <span class='ocrx_word' id='word_1_972' title='bbox 1395 1646 1492 1685; x_wconf 90' lang='lat' dir='ltr'>Repul</span> <span class='ocrx_word' id='word_1_973' title='bbox 1505 1633 1591 1686; x_wconf 46' lang='lat' dir='ltr'>ione?</span> <span class='ocrx_word' id='word_1_974' title='bbox 1600 1648 1634 1680; x_wconf 77' lang='grc' dir='ltr'>δε</span> <span class='ocrx_word' id='word_1_975' title='bbox 1651 1648 1865 1680; x_wconf 84' lang='lat' dir='ltr'>Refraenatione</span> <span class='ocrx_word' id='word_1_976' title='bbox 1880 1648 2031 1681; x_wconf 87' lang='lat' dir='ltr'>obstinatae</span> <span class='ocrx_word' id='word_1_977' title='bbox 2045 1647 2168 1680; x_wconf 85' lang='lat' dir='ltr'>Malitiae</span> <span class='ocrx_word' id='word_1_978' title='bbox 2181 1646 2352 1688; x_wconf 88' lang='lat' dir='ltr'>Scotorum,</span> <span class='ocrx_word' id='word_1_979' title='bbox 2368 1629 2484 1698; x_wconf 48' lang='lat'>,423313</span> 
     </span>
     <span class='ocr_line' id='line_1_127' title="bbox 1281 1682 2486 1736; baseline 0.003 -21"><span class='ocrx_word' id='word_1_980' title='bbox 1281 1682 1423 1716; x_wconf 87' lang='lat' dir='ltr'>Hostium</span> <span class='ocrx_word' id='word_1_981' title='bbox 1436 1685 1617 1725; x_wconf 87' lang='lat' dir='ltr'>nostrorum,</span> <span class='ocrx_word' id='word_1_982' title='bbox 1637 1688 1686 1725; x_wconf 90' lang='lat' dir='ltr'>qui</span> <span class='ocrx_word' id='word_1_983' title='bbox 1699 1688 1759 1718; x_wconf 73' lang='lat' dir='ltr'>tam</span> <span class='ocrx_word' id='word_1_984' title='bbox 1772 1687 1910 1728; x_wconf 81' lang='lat' dir='ltr'>Regnum</span> <span class='ocrx_word' id='word_1_985' title='bbox 1925 1688 2058 1719; x_wconf 87' lang='lat' dir='ltr'>nostrum</span> <span class='ocrx_word' id='word_1_986' title='bbox 2095 1688 2184 1726; x_wconf 69' lang='lat' dir='ltr'>quam</span> <span class='ocrx_word' id='word_1_987' title='bbox 2197 1687 2261 1717; x_wconf 84' lang='lat' dir='ltr'>alias</span> <span class='ocrx_word' id='word_1_988' title='bbox 2273 1687 2351 1718; x_wconf 87' lang='lat' dir='ltr'>Ter—</span> <span class='ocrx_word' id='word_1_989' title='bbox 2368 1702 2397 1726; x_wconf 81' lang='lat' dir='ltr'>E.</span> <span class='ocrx_word' id='word_1_990' title='bbox 2419 1708 2445 1736; x_wconf 74' lang='lat'>3,</span> <span class='ocrx_word' id='word_1_991' title='bbox 2478 1684 2486 1691; x_wconf 67' lang='lat'>⁵</span> 
     </span>
     <span class='ocr_line' id='line_1_128' title="bbox 1281 1724 2502 1767; baseline 0.007 -14"><span class='ocrx_word' id='word_1_992' title='bbox 1281 1732 1325 1754; x_wconf 87' lang='lat' dir='ltr'>ras</span> <span class='ocrx_word' id='word_1_993' title='bbox 1347 1724 1454 1755; x_wconf 83' lang='lat' dir='ltr'>nostras</span> <span class='ocrx_word' id='word_1_994' title='bbox 1472 1725 1502 1755; x_wconf 90' lang='lat' dir='ltr'>in</span> <span class='ocrx_word' id='word_1_995' title='bbox 1522 1724 1658 1756; x_wconf 87' lang='lat' dir='ltr'>Marchia</span> <span class='ocrx_word' id='word_1_996' title='bbox 1680 1726 1788 1758; x_wconf 82' lang='lat' dir='ltr'>Scotiae</span> <span class='ocrx_word' id='word_1_997' title='bbox 1800 1751 1810 1766; x_wconf 94' lang='lat'>,</span> <span class='ocrx_word' id='word_1_998' title='bbox 1836 1726 1975 1758; x_wconf 88' lang='lat' dir='ltr'>hostiliter</span> <span class='ocrx_word' id='word_1_999' title='bbox 1994 1728 2059 1758; x_wconf 85' lang='lat' dir='ltr'>inva</span> <span class='ocrx_word' id='word_1_1000' title='bbox 2080 1736 2128 1757; x_wconf 90' lang='lat' dir='ltr'>ere</span> <span class='ocrx_word' id='word_1_1001' title='bbox 2147 1726 2288 1764; x_wconf 81' lang='lat' dir='ltr'>satagunt,</span> <span class='ocrx_word' id='word_1_1002' title='bbox 2316 1726 2350 1757; x_wconf 92' lang='lat'>&amp;</span> <span class='ocrx_word' id='word_1_1003' title='bbox 2369 1741 2439 1765; x_wconf 81' lang='lat' dir='ltr'>Penes</span> <span class='ocrx_word' id='word_1_1004' title='bbox 2448 1741 2502 1767; x_wconf 65' lang='lat' dir='ltr'>ca.</span> 
     </span>
     <span class='ocr_line' id='line_1_129' title="bbox 1281 1761 2503 1808; baseline 0.002 -15"><span class='ocrx_word' id='word_1_1005' title='bbox 1281 1761 1471 1802; x_wconf 84' lang='lat' dir='ltr'>Homicidia,</span> <span class='ocrx_word' id='word_1_1006' title='bbox 1490 1762 1640 1808; x_wconf 82' lang='lat' dir='ltr'>Incendia,</span> <span class='ocrx_word' id='word_1_1007' title='bbox 1659 1763 1910 1805; x_wconf 80' lang='lat' dir='ltr'>Depraedationes‚</span> <span class='ocrx_word' id='word_1_1008' title='bbox 1929 1768 1963 1797; x_wconf 74' lang='grc' dir='ltr'>δε</span> <span class='ocrx_word' id='word_1_1009' title='bbox 1976 1766 2027 1796; x_wconf 89' lang='lat' dir='ltr'>alia</span> <span class='ocrx_word' id='word_1_1010' title='bbox 2041 1764 2139 1804; x_wconf 85' lang='lat' dir='ltr'>Mala,</span> <span class='ocrx_word' id='word_1_1011' title='bbox 2152 1765 2187 1796; x_wconf 90' lang='lat'>&amp;</span> <span class='ocrx_word' id='word_1_1012' title='bbox 2205 1765 2354 1804; x_wconf 81' lang='lat' dir='ltr'>Facinora,</span> <span class='ocrx_word' id='word_1_1013' title='bbox 2370 1785 2463 1805; x_wconf 49' lang='lat' dir='ltr'>mem..</span> <span class='ocrx_word' id='word_1_1014' title='bbox 2500 1770 2503 1773; x_wconf 84' lang='lat'>&#39;</span> 
     </span>
     <span class='ocr_line' id='line_1_130' title="bbox 1282 1804 2037 1844; baseline 0.004 -12"><span class='ocrx_word' id='word_1_1015' title='bbox 1282 1811 1348 1841; x_wconf 84' lang='lat' dir='ltr'>quae</span> <span class='ocrx_word' id='word_1_1016' title='bbox 1362 1811 1511 1842; x_wconf 86' lang='lat' dir='ltr'>poterunt,</span> <span class='ocrx_word' id='word_1_1017' title='bbox 1528 1804 1618 1842; x_wconf 83' lang='lat' dir='ltr'>inibi,</span> <span class='ocrx_word' id='word_1_1018' title='bbox 1636 1812 1666 1834; x_wconf 92' lang='lat' dir='ltr'>ut</span> <span class='ocrx_word' id='word_1_1019' title='bbox 1679 1814 1747 1835; x_wconf 86' lang='lat' dir='ltr'>acce</span> <span class='ocrx_word' id='word_1_1020' title='bbox 1769 1806 1857 1844; x_wconf 89' lang='lat' dir='ltr'>imus,</span> <span class='ocrx_word' id='word_1_1021' title='bbox 1876 1815 1913 1843; x_wconf 83' lang='lat' dir='ltr'>pe</span> <span class='ocrx_word' id='word_1_1022' title='bbox 1948 1814 2037 1835; x_wconf 87' lang='lat' dir='ltr'>errare</span> 
     </span>
    </p>

    <p class='ocr_par' dir='ltr' id='par_1_55' title="bbox 1280 1827 2355 2182">
     <span class='ocr_line' id='line_1_131' title="bbox 1296 1827 2355 1885; baseline 0.003 -15"><span class='ocrx_word' id='word_1_1023' title='bbox 1296 1879 1301 1885; x_wconf 88' lang='lat'>.</span> <span class='ocrx_word' id='word_1_1024' title='bbox 1320 1839 1519 1878; x_wconf 85' lang='lat' dir='ltr'>Magnificum</span> <span class='ocrx_word' id='word_1_1025' title='bbox 1539 1840 1723 1881; x_wconf 87' lang='lat' dir='ltr'>Principem,</span> <span class='ocrx_word' id='word_1_1026' title='bbox 1772 1843 1907 1874; x_wconf 88' lang='lat' dir='ltr'>ominum</span> <span class='ocrx_word' id='word_1_1027' title='bbox 1956 1827 2122 1882; x_wconf 79' lang='lat' dir='ltr'>dwardum,</span> <span class='ocrx_word' id='word_1_1028' title='bbox 2139 1842 2256 1882; x_wconf 86' lang='lat' dir='ltr'>Regem</span> <span class='ocrx_word' id='word_1_1029' title='bbox 2279 1841 2355 1874; x_wconf 84' lang='lat' dir='ltr'>Sco-</span> 
     </span>
     <span class='ocr_line' id='line_1_132' title="bbox 1281 1877 2355 1920; baseline 0.002 -11"><span class='ocrx_word' id='word_1_1030' title='bbox 1281 1888 1329 1910; x_wconf 85' lang='lat' dir='ltr'>tiae</span> <span class='ocrx_word' id='word_1_1031' title='bbox 1344 1877 1504 1918; x_wconf 84' lang='lat' dir='ltr'>Inustrem,</span> <span class='ocrx_word' id='word_1_1032' title='bbox 1522 1879 1776 1920; x_wconf 74' lang='lat' dir='ltr'>consanguineum</span> <span class='ocrx_word' id='word_1_1033' title='bbox 1791 1882 1920 1913; x_wconf 88' lang='lat' dir='ltr'>nostrum</span> <span class='ocrx_word' id='word_1_1034' title='bbox 1935 1881 2109 1913; x_wconf 80' lang='lat' dir='ltr'>cariffimum</span> <span class='ocrx_word' id='word_1_1035' title='bbox 2133 1881 2181 1918; x_wconf 90' lang='lat' dir='ltr'>(de</span> <span class='ocrx_word' id='word_1_1036' title='bbox 2201 1882 2279 1920; x_wconf 88' lang='lat' dir='ltr'>cujus</span> <span class='ocrx_word' id='word_1_1037' title='bbox 2306 1881 2355 1911; x_wconf 90' lang='lat' dir='ltr'>Fi-</span> 
     </span>
     <span class='ocr_line' id='line_1_133' title="bbox 1281 1917 2355 1959; baseline 0 -11"><span class='ocrx_word' id='word_1_1038' title='bbox 1281 1917 1400 1949; x_wconf 90' lang='lat' dir='ltr'>delitatis</span> <span class='ocrx_word' id='word_1_1039' title='bbox 1411 1918 1587 1958; x_wconf 71' lang='lat' dir='ltr'>constantia,</span> <span class='ocrx_word' id='word_1_1040' title='bbox 1605 1920 1639 1950; x_wconf 88' lang='lat'>&amp;</span> <span class='ocrx_word' id='word_1_1041' title='bbox 1653 1920 1910 1959; x_wconf 54' lang='lat' dir='ltr'>circumspectione</span> <span class='ocrx_word' id='word_1_1042' title='bbox 1924 1920 2046 1959; x_wconf 72' lang='lat' dir='ltr'>provida</span> <span class='ocrx_word' id='word_1_1043' title='bbox 2058 1919 2242 1956; x_wconf 83' lang='lat' dir='ltr'>confidimus)</span> <span class='ocrx_word' id='word_1_1044' title='bbox 2267 1918 2355 1958; x_wconf 83' lang='lat' dir='ltr'>Mag-</span> 
     </span>
     <span class='ocr_line' id='line_1_134' title="bbox 1281 1957 2352 1997; baseline 0.002 -10"><span class='ocrx_word' id='word_1_1045' title='bbox 1281 1966 1379 1988; x_wconf 84' lang='lat' dir='ltr'>narum</span> <span class='ocrx_word' id='word_1_1046' title='bbox 1393 1982 1404 1995; x_wconf 97' lang='lat'>,</span> <span class='ocrx_word' id='word_1_1047' title='bbox 1431 1957 1465 1988; x_wconf 92' lang='lat'>&amp;</span> <span class='ocrx_word' id='word_1_1048' title='bbox 1483 1958 1603 1989; x_wconf 91' lang='lat' dir='ltr'>aliorum</span> <span class='ocrx_word' id='word_1_1049' title='bbox 1628 1958 1772 1989; x_wconf 90' lang='lat' dir='ltr'>Fidelium</span> <span class='ocrx_word' id='word_1_1050' title='bbox 1793 1959 1958 1990; x_wconf 78' lang='lat' dir='ltr'>nostrorum</span> <span class='ocrx_word' id='word_1_1051' title='bbox 1975 1982 1985 1997; x_wconf 88' lang='lat'>,</span> <span class='ocrx_word' id='word_1_1052' title='bbox 2009 1959 2038 1988; x_wconf 91' lang='lat' dir='ltr'>in</span> <span class='ocrx_word' id='word_1_1053' title='bbox 2060 1959 2182 1996; x_wconf 87' lang='lat' dir='ltr'>partibus</span> <span class='ocrx_word' id='word_1_1054' title='bbox 2207 1957 2352 1989; x_wconf 83' lang='lat' dir='ltr'>Marchiae</span> 
     </span>
     <span class='ocr_line' id='line_1_135' title="bbox 1282 1995 2350 2036; baseline 0 -10"><span class='ocrx_word' id='word_1_1055' title='bbox 1282 1996 1379 2035; x_wconf 82' lang='lat' dir='ltr'>Regni</span> <span class='ocrx_word' id='word_1_1056' title='bbox 1400 1997 1492 2027; x_wconf 90' lang='lat' dir='ltr'>nostri</span> <span class='ocrx_word' id='word_1_1057' title='bbox 1514 1997 1710 2036; x_wconf 80' lang='lat' dir='ltr'>existentium,</span> <span class='ocrx_word' id='word_1_1058' title='bbox 1728 2007 1761 2028; x_wconf 90' lang='lat' dir='ltr'>ac</span> <span class='ocrx_word' id='word_1_1059' title='bbox 1784 1999 1870 2028; x_wconf 76' lang='lat' dir='ltr'>totius</span> <span class='ocrx_word' id='word_1_1060' title='bbox 1884 1997 2035 2028; x_wconf 70' lang='lat' dir='ltr'>Exercitus</span> <span class='ocrx_word' id='word_1_1061' title='bbox 2050 1996 2158 2034; x_wconf 91' lang='lat' dir='ltr'>nostri,</span> <span class='ocrx_word' id='word_1_1062' title='bbox 2174 1996 2210 2027; x_wconf 91' lang='lat' dir='ltr'>ad</span> <span class='ocrx_word' id='word_1_1063' title='bbox 2231 1995 2350 2026; x_wconf 88' lang='lat' dir='ltr'>eandem</span> 
     </span>
     <span class='ocr_line' id='line_1_136' title="bbox 1282 2034 2353 2075; baseline -0.002 -9"><span class='ocrx_word' id='word_1_1064' title='bbox 1282 2034 1448 2066; x_wconf 84' lang='lat' dir='ltr'>Marchiam</span> <span class='ocrx_word' id='word_1_1065' title='bbox 1469 2045 1504 2066; x_wconf 87' lang='lat' dir='ltr'>ex</span> <span class='ocrx_word' id='word_1_1066' title='bbox 1525 2036 1607 2067; x_wconf 70' lang='lat' dir='ltr'>causa</span> <span class='ocrx_word' id='word_1_1067' title='bbox 1629 2036 1764 2074; x_wconf 65' lang='lat' dir='ltr'>praedicta</span> <span class='ocrx_word' id='word_1_1068' title='bbox 1785 2038 1932 2075; x_wconf 74' lang='lat' dir='ltr'>mittendi,</span> <span class='ocrx_word' id='word_1_1069' title='bbox 1953 2037 1985 2067; x_wconf 70' lang='grc' dir='ltr'>δε</span> <span class='ocrx_word' id='word_1_1070' title='bbox 2005 2036 2090 2066; x_wconf 88' lang='lat' dir='ltr'>etiam</span> <span class='ocrx_word' id='word_1_1071' title='bbox 2106 2035 2273 2074; x_wconf 78' lang='lat' dir='ltr'>singularum</span> <span class='ocrx_word' id='word_1_1072' title='bbox 2288 2044 2353 2071; x_wconf 88' lang='lat' dir='ltr'>per-</span> 
     </span>
     <span class='ocr_line' id='line_1_137' title="bbox 1281 2073 2352 2115; baseline -0.002 -11"><span class='ocrx_word' id='word_1_1073' title='bbox 1281 2074 1432 2113; x_wconf 88' lang='lat' dir='ltr'>sonarum,</span> <span class='ocrx_word' id='word_1_1074' title='bbox 1450 2084 1504 2112; x_wconf 89' lang='lat' dir='ltr'>pro</span> <span class='ocrx_word' id='word_1_1075' title='bbox 1519 2074 1682 2106; x_wconf 84' lang='lat' dir='ltr'>desenfione</span> <span class='ocrx_word' id='word_1_1076' title='bbox 1695 2073 1810 2115; x_wconf 80' lang='lat' dir='ltr'>Regni,</span> <span class='ocrx_word' id='word_1_1077' title='bbox 1830 2076 1864 2106; x_wconf 89' lang='lat'>&amp;</span> <span class='ocrx_word' id='word_1_1078' title='bbox 1876 2075 2032 2106; x_wconf 80' lang='lat' dir='ltr'>Terrarum</span> <span class='ocrx_word' id='word_1_1079' title='bbox 2042 2097 2052 2113; x_wconf 87' lang='lat'>,</span> <span class='ocrx_word' id='word_1_1080' title='bbox 2069 2075 2103 2105; x_wconf 63' lang='grc' dir='ltr'>ὃς</span> <span class='ocrx_word' id='word_1_1081' title='bbox 2119 2073 2224 2111; x_wconf 86' lang='lat' dir='ltr'>Populi</span> <span class='ocrx_word' id='word_1_1082' title='bbox 2237 2073 2352 2103; x_wconf 85' lang='lat' dir='ltr'>nostro-</span> 
     </span>
     <span class='ocr_line' id='line_1_138' title="bbox 1280 2110 2354 2182; baseline 0 -39"><span class='ocrx_word' id='word_1_1083' title='bbox 1280 2123 1364 2182; x_wconf 56' lang='lat' dir='ltr'>rgicmD,</span> <span class='ocrx_word' id='word_1_1084' title='bbox 1381 2113 1473 2182; x_wconf 57' lang='lat' dir='ltr'>vstersus</span> <span class='ocrx_word' id='word_1_1085' title='bbox 1489 2122 1579 2151; x_wconf 88' lang='lat' dir='ltr'>partes</span> <span class='ocrx_word' id='word_1_1086' title='bbox 1594 2114 1651 2144; x_wconf 86' lang='lat' dir='ltr'>illas</span> <span class='ocrx_word' id='word_1_1087' title='bbox 1672 2114 1922 2153; x_wconf 67' lang='lat' dir='ltr'>profesturorum,</span> <span class='ocrx_word' id='word_1_1088' title='bbox 1942 2113 2133 2151; x_wconf 85' lang='lat' dir='ltr'>Capitaneum</span> <span class='ocrx_word' id='word_1_1089' title='bbox 2153 2110 2354 2143; x_wconf 83' lang='lat' dir='ltr'>constituimus</span> 
     </span>
    </p>

    <p class='ocr_par' dir='ltr' id='par_1_56' title="bbox 1367 2161 1514 2183">
     <span class='ocr_line' id='line_1_139' title="bbox 1367 2161 1514 2183; baseline 0 -1"><span class='ocrx_word' id='word_1_1090' title='bbox 1367 2162 1384 2182; x_wconf 88' lang='lat' dir='ltr'>u</span> <span class='ocrx_word' id='word_1_1091' title='bbox 1417 2161 1514 2183; x_wconf 89' lang='lat' dir='ltr'>orem:</span> 
     </span>
    </p>

    <p class='ocr_par' dir='ltr' id='par_1_57' title="bbox 1281 2188 2356 2347">
     <span class='ocr_line' id='line_1_140' title="bbox 1319 2188 2355 2230; baseline -0.001 -9"><span class='ocrx_word' id='word_1_1092' title='bbox 1319 2190 1429 2221; x_wconf 88' lang='lat' dir='ltr'>Dantes</span> <span class='ocrx_word' id='word_1_1093' title='bbox 1447 2191 1542 2221; x_wconf 90' lang='lat' dir='ltr'>eidem</span> <span class='ocrx_word' id='word_1_1094' title='bbox 1565 2191 1646 2229; x_wconf 87' lang='lat' dir='ltr'>Regi</span> <span class='ocrx_word' id='word_1_1095' title='bbox 1668 2191 1775 2222; x_wconf 64' lang='lat' dir='ltr'>scotia:</span> <span class='ocrx_word' id='word_1_1096' title='bbox 1789 2192 1919 2230; x_wconf 70' lang='lat' dir='ltr'>plenm,</span> <span class='ocrx_word' id='word_1_1097' title='bbox 1936 2200 2037 2222; x_wconf 86' lang='lat' dir='ltr'>tenore</span> <span class='ocrx_word' id='word_1_1098' title='bbox 2049 2189 2248 2230; x_wconf 83' lang='lat' dir='ltr'>praesentium,</span> <span class='ocrx_word' id='word_1_1099' title='bbox 2266 2188 2355 2220; x_wconf 87' lang='lat' dir='ltr'>Pote-</span> 
     </span>
     <span class='ocr_line' id='line_1_141' title="bbox 1281 2228 2356 2270; baseline -0.002 -10"><span class='ocrx_word' id='word_1_1100' title='bbox 1281 2229 1399 2269; x_wconf 88' lang='lat' dir='ltr'>statem,</span> <span class='ocrx_word' id='word_1_1101' title='bbox 1418 2240 1520 2260; x_wconf 88' lang='lat' dir='ltr'>omnes</span> <span class='ocrx_word' id='word_1_1102' title='bbox 1534 2230 1684 2268; x_wconf 67' lang='lat' dir='ltr'>Exceffiis,</span> <span class='ocrx_word' id='word_1_1103' title='bbox 1703 2229 1834 2268; x_wconf 74' lang='lat' dir='ltr'>Initii-ias,</span> <span class='ocrx_word' id='word_1_1104' title='bbox 1850 2229 2111 2270; x_wconf 76' lang='lat' dir='ltr'>Transgreffiones,</span> <span class='ocrx_word' id='word_1_1105' title='bbox 2131 2229 2149 2247; x_wconf 76' lang='grc'>*</span> <span class='ocrx_word' id='word_1_1106' title='bbox 2166 2229 2200 2260; x_wconf 89' lang='lat'>&amp;</span> <span class='ocrx_word' id='word_1_1107' title='bbox 2215 2228 2356 2267; x_wconf 83' lang='lat' dir='ltr'>Felonias,</span> 
     </span>
     <span class='ocr_line' id='line_1_142' title="bbox 1283 2268 2355 2307; baseline -0.001 -8"><span class='ocrx_word' id='word_1_1108' title='bbox 1283 2269 1302 2299; x_wconf 84' lang='lat' dir='ltr'>si</span> <span class='ocrx_word' id='word_1_1109' title='bbox 1325 2270 1375 2306; x_wconf 90' lang='lat' dir='ltr'>qui</span> <span class='ocrx_word' id='word_1_1110' title='bbox 1395 2279 1444 2307; x_wconf 88' lang='lat' dir='ltr'>per</span> <span class='ocrx_word' id='word_1_1111' title='bbox 1465 2268 1612 2299; x_wconf 86' lang='lat' dir='ltr'>Homines</span> <span class='ocrx_word' id='word_1_1112' title='bbox 1633 2268 1782 2300; x_wconf 66' lang='lat' dir='ltr'>Exercitus</span> <span class='ocrx_word' id='word_1_1113' title='bbox 1800 2270 1946 2307; x_wconf 70' lang='lat' dir='ltr'>praeoiffi,</span> <span class='ocrx_word' id='word_1_1114' title='bbox 1966 2268 2012 2300; x_wconf 92' lang='lat' dir='ltr'>vel</span> <span class='ocrx_word' id='word_1_1115' title='bbox 2026 2268 2152 2305; x_wconf 90' lang='lat' dir='ltr'>ipsorum</span> <span class='ocrx_word' id='word_1_1116' title='bbox 2166 2268 2305 2306; x_wconf 86' lang='lat' dir='ltr'>aliquem,</span> <span class='ocrx_word' id='word_1_1117' title='bbox 2325 2268 2355 2298; x_wconf 89' lang='lat' dir='ltr'>in</span> 
     </span>
     <span class='ocr_line' id='line_1_143' title="bbox 1281 2306 2355 2347; baseline -0.001 -9"><span class='ocrx_word' id='word_1_1118' title='bbox 1281 2308 1384 2338; x_wconf 84' lang='lat' dir='ltr'>eodem</span> <span class='ocrx_word' id='word_1_1119' title='bbox 1407 2307 1540 2338; x_wconf 77' lang='lat' dir='ltr'>Exerciru</span> <span class='ocrx_word' id='word_1_1120' title='bbox 1564 2310 1710 2346; x_wconf 84' lang='lat' dir='ltr'>perpetrati</span> <span class='ocrx_word' id='word_1_1121' title='bbox 1729 2308 1850 2347; x_wconf 75' lang='lat' dir='ltr'>fuerint,</span> <span class='ocrx_word' id='word_1_1122' title='bbox 1867 2308 1964 2338; x_wconf 78' lang='lat' dir='ltr'>debite</span> <span class='ocrx_word' id='word_1_1123' title='bbox 1978 2307 2130 2346; x_wconf 85' lang='lat' dir='ltr'>puniendi,</span> <span class='ocrx_word' id='word_1_1124' title='bbox 2148 2307 2182 2338; x_wconf 91' lang='lat'>&amp;</span> <span class='ocrx_word' id='word_1_1125' title='bbox 2203 2306 2284 2345; x_wconf 85' lang='lat' dir='ltr'>super</span> <span class='ocrx_word' id='word_1_1126' title='bbox 2303 2307 2355 2337; x_wconf 84' lang='lat' dir='ltr'>hiis</span> 
     </span>
    </p>
   </div>
   <div class='ocr_carea' id='block_1_29' title="bbox 2375 2230 2505 2266">
    <p class='ocr_par' dir='ltr' id='par_1_58' title="bbox 2375 2230 2505 2266">
     <span class='ocr_line' id='line_1_144' title="bbox 2375 2230 2505 2266; baseline 0.008 -8"><span class='ocrx_word' id='word_1_1127' title='bbox 2375 2230 2505 2266; x_wconf 46' lang='grc' dir='ltr'>*νυῷ</span> 
     </span>
    </p>
   </div>
   <div class='ocr_carea' id='block_1_30' title="bbox 1276 2346 1573 2384">
    <p class='ocr_par' dir='ltr' id='par_1_59' title="bbox 1276 2346 1573 2384">
     <span class='ocr_line' id='line_1_145' title="bbox 1276 2346 1573 2384; baseline -0.003 -7"><span class='ocrx_word' id='word_1_1128' title='bbox 1276 2346 1419 2384; x_wconf 78' lang='lat' dir='ltr'>justitiam</span> <span class='ocrx_word' id='word_1_1129' title='bbox 1433 2346 1554 2377; x_wconf 80' lang='lat' dir='ltr'>faciendi</span> <span class='ocrx_word' id='word_1_1130' title='bbox 1565 2371 1573 2384; x_wconf 87' lang='lat'><em>‚</em></span> 
     </span>
    </p>
   </div>
   <div class='ocr_carea' id='block_1_31' title="bbox 1279 2382 2358 2966">
    <p class='ocr_par' dir='ltr' id='par_1_60' title="bbox 1280 2382 2356 2501">
     <span class='ocr_line' id='line_1_146' title="bbox 1318 2382 2353 2423; baseline -0.002 -8"><span class='ocrx_word' id='word_1_1131' title='bbox 1318 2385 1356 2416; x_wconf 89' lang='lat' dir='ltr'>Er</span> <span class='ocrx_word' id='word_1_1132' title='bbox 1370 2387 1469 2416; x_wconf 84' lang='lat' dir='ltr'>omnia</span> <span class='ocrx_word' id='word_1_1133' title='bbox 1485 2386 1536 2415; x_wconf 86' lang='lat' dir='ltr'>alia</span> <span class='ocrx_word' id='word_1_1134' title='bbox 1573 2395 1637 2423; x_wconf 80' lang='lat' dir='ltr'>quae</span> <span class='ocrx_word' id='word_1_1135' title='bbox 1652 2385 1875 2423; x_wconf 80' lang='lat' dir='ltr'>Repulsionem,</span> <span class='ocrx_word' id='word_1_1136' title='bbox 1891 2385 1924 2416; x_wconf 66' lang='grc' dir='ltr'>ὃς</span> <span class='ocrx_word' id='word_1_1137' title='bbox 1938 2383 2187 2415; x_wconf 84' lang='lat' dir='ltr'>Refraenationem</span> <span class='ocrx_word' id='word_1_1138' title='bbox 2211 2382 2353 2414; x_wconf 88' lang='lat' dir='ltr'>Hostium</span> 
     </span>
     <span class='ocr_line' id='line_1_147' title="bbox 1281 2408 2356 2461; baseline -0.002 -8"><span class='ocrx_word' id='word_1_1139' title='bbox 1281 2423 1449 2454; x_wconf 85' lang='lat' dir='ltr'>nostrorum</span> <span class='ocrx_word' id='word_1_1140' title='bbox 1473 2408 1677 2461; x_wconf 66' lang='lat' dir='ltr'>praed&#39;ic&#39;torum</span> <span class='ocrx_word' id='word_1_1141' title='bbox 1698 2433 1877 2455; x_wconf 81' lang='lat' dir='ltr'>concernunt</span> <span class='ocrx_word' id='word_1_1142' title='bbox 1889 2446 1899 2461; x_wconf 89' lang='lat'>,</span> <span class='ocrx_word' id='word_1_1143' title='bbox 1933 2423 1978 2454; x_wconf 84' lang='lat' dir='ltr'>vel</span> <span class='ocrx_word' id='word_1_1144' title='bbox 1999 2432 2176 2454; x_wconf 89' lang='lat' dir='ltr'>concernere</span> <span class='ocrx_word' id='word_1_1145' title='bbox 2193 2430 2327 2459; x_wconf 88' lang='lat' dir='ltr'>poterunt</span> <span class='ocrx_word' id='word_1_1146' title='bbox 2345 2444 2356 2461; x_wconf 89' lang='lat'>,</span> 
     </span>
     <span class='ocr_line' id='line_1_148' title="bbox 1280 2462 1628 2501; baseline -0.006 -7"><span class='ocrx_word' id='word_1_1147' title='bbox 1280 2463 1420 2501; x_wconf 83' lang='lat' dir='ltr'>faciendi,</span> <span class='ocrx_word' id='word_1_1148' title='bbox 1438 2464 1473 2494; x_wconf 71' lang='grc' dir='ltr'>ὅτ</span> <span class='ocrx_word' id='word_1_1149' title='bbox 1488 2462 1628 2501; x_wconf 81' lang='lat' dir='ltr'>explendi.</span> 
     </span>
    </p>

    <p class='ocr_par' dir='ltr' id='par_1_61' title="bbox 1279 2497 2358 2919">
     <span class='ocr_line' id='line_1_149' title="bbox 1319 2497 2355 2544; baseline -0.003 -12"><span class='ocrx_word' id='word_1_1150' title='bbox 1319 2501 1444 2539; x_wconf 83' lang='lat' dir='ltr'>Dantes,</span> <span class='ocrx_word' id='word_1_1151' title='bbox 1471 2502 1596 2540; x_wconf 79' lang='lat' dir='ltr'>insuper,</span> <span class='ocrx_word' id='word_1_1152' title='bbox 1621 2502 1772 2539; x_wconf 69' lang='lat' dir='ltr'>universis,</span> <span class='ocrx_word' id='word_1_1153' title='bbox 1791 2502 1824 2532; x_wconf 91' lang='lat'>&amp;</span> <span class='ocrx_word' id='word_1_1154' title='bbox 1847 2499 1958 2539; x_wconf 82' lang='lat' dir='ltr'>singulis</span> <span class='ocrx_word' id='word_1_1155' title='bbox 1980 2497 2355 2544; x_wconf 36' lang='lat' dir='ltr'>ComitibuszBaronibus,</span> 
     </span>
     <span class='ocr_line' id='line_1_150' title="bbox 1281 2535 2354 2583; baseline -0.003 -12"><span class='ocrx_word' id='word_1_1156' title='bbox 1281 2540 1439 2578; x_wconf 74' lang='lat' dir='ltr'>Militibus,</span> <span class='ocrx_word' id='word_1_1157' title='bbox 1458 2541 1637 2579; x_wconf 82' lang='lat' dir='ltr'>Hobelariis,</span> <span class='ocrx_word' id='word_1_1158' title='bbox 1656 2541 1826 2578; x_wconf 77' lang='lat' dir='ltr'>Sagittariis,</span> <span class='ocrx_word' id='word_1_1159' title='bbox 1844 2542 1877 2570; x_wconf 76' lang='grc' dir='ltr'>δε</span> <span class='ocrx_word' id='word_1_1160' title='bbox 1899 2538 2036 2568; x_wconf 83' lang='lat' dir='ltr'>omnibus</span> <span class='ocrx_word' id='word_1_1161' title='bbox 2058 2537 2117 2567; x_wconf 86' lang='lat' dir='ltr'>alus</span> <span class='ocrx_word' id='word_1_1162' title='bbox 2138 2535 2280 2583; x_wconf 55' lang='lat' dir='ltr'>Pidehbus</span> <span class='ocrx_word' id='word_1_1163' title='bbox 2300 2547 2354 2568; x_wconf 91' lang='lat' dir='ltr'>no-</span> 
     </span>
     <span class='ocr_line' id='line_1_151' title="bbox 1283 2575 2355 2617; baseline -0.004 -7"><span class='ocrx_word' id='word_1_1164' title='bbox 1283 2578 1362 2617; x_wconf 87' lang='lat' dir='ltr'>stris,</span> <span class='ocrx_word' id='word_1_1165' title='bbox 1381 2581 1410 2609; x_wconf 93' lang='lat' dir='ltr'>in</span> <span class='ocrx_word' id='word_1_1166' title='bbox 1424 2580 1545 2617; x_wconf 86' lang='lat' dir='ltr'>partibus</span> <span class='ocrx_word' id='word_1_1167' title='bbox 1563 2580 1720 2617; x_wconf 67' lang='lat' dir='ltr'>praec&#39;ictis,</span> <span class='ocrx_word' id='word_1_1168' title='bbox 1739 2580 1797 2609; x_wconf 64' lang='lat' dir='ltr'>tim</span> <span class='ocrx_word' id='word_1_1169' title='bbox 1814 2578 1887 2608; x_wconf 81' lang='lat' dir='ltr'>infra</span> <span class='ocrx_word' id='word_1_1170' title='bbox 1910 2576 2083 2613; x_wconf 71' lang='lat' dir='ltr'>Libenates,</span> <span class='ocrx_word' id='word_1_1171' title='bbox 2123 2585 2191 2605; x_wconf 85' lang='lat' dir='ltr'>uam</span> <span class='ocrx_word' id='word_1_1172' title='bbox 2211 2584 2287 2606; x_wconf 80' lang='lat' dir='ltr'>extra</span> <span class='ocrx_word' id='word_1_1173' title='bbox 2294 2599 2304 2615; x_wconf 93' lang='lat'>,</span> <span class='ocrx_word' id='word_1_1174' title='bbox 2320 2575 2355 2606; x_wconf 85' lang='lat' dir='ltr'>fi-</span> 
     </span>
     <span class='ocr_line' id='line_1_152' title="bbox 1281 2613 2354 2658; baseline -0.005 -10"><span class='ocrx_word' id='word_1_1175' title='bbox 1281 2618 1405 2656; x_wconf 88' lang='lat' dir='ltr'>milirer,</span> <span class='ocrx_word' id='word_1_1176' title='bbox 1421 2627 1521 2648; x_wconf 84' lang='lat' dir='ltr'>tenore</span> <span class='ocrx_word' id='word_1_1177' title='bbox 1534 2619 1711 2656; x_wconf 76' lang='lat' dir='ltr'>praesentium</span> <span class='ocrx_word' id='word_1_1178' title='bbox 1721 2641 1730 2654; x_wconf 88' lang='lat'>‚</span> <span class='ocrx_word' id='word_1_1179' title='bbox 1749 2619 1777 2647; x_wconf 87' lang='lat' dir='ltr'>in</span> <span class='ocrx_word' id='word_1_1180' title='bbox 1795 2613 2038 2658; x_wconf 77' lang='lat' dir='ltr'>mandati5,quod</span> <span class='ocrx_word' id='word_1_1181' title='bbox 2052 2623 2109 2652; x_wconf 88' lang='lat' dir='ltr'>prae</span> <span class='ocrx_word' id='word_1_1182' title='bbox 2129 2622 2170 2658; x_wconf 37' lang='lat' dir='ltr'>&#39;to</span> <span class='ocrx_word' id='word_1_1183' title='bbox 2182 2613 2276 2654; x_wconf 79' lang='lat' dir='ltr'>Regi,</span> <span class='ocrx_word' id='word_1_1184' title='bbox 2292 2623 2354 2658; x_wconf 75' lang='lat' dir='ltr'>tan-</span> 
     </span>
     <span class='ocr_line' id='line_1_153' title="bbox 1281 2651 2355 2696; baseline -0.005 -9"><span class='ocrx_word' id='word_1_1185' title='bbox 1281 2667 1369 2694; x_wconf 88' lang='lat' dir='ltr'>quam</span> <span class='ocrx_word' id='word_1_1186' title='bbox 1390 2655 1568 2696; x_wconf 86' lang='lat' dir='ltr'>Capitaneo,</span> <span class='ocrx_word' id='word_1_1187' title='bbox 1587 2657 1621 2686; x_wconf 89' lang='lat'>&amp;</span> <span class='ocrx_word' id='word_1_1188' title='bbox 1644 2655 1773 2686; x_wconf 63' lang='lat' dir='ltr'>Ductori</span> <span class='ocrx_word' id='word_1_1189' title='bbox 1794 2654 1865 2684; x_wconf 63' lang='lat' dir='ltr'>dieti</span> <span class='ocrx_word' id='word_1_1190' title='bbox 1879 2652 2029 2683; x_wconf 75' lang='lat' dir='ltr'>Exercitus</span> <span class='ocrx_word' id='word_1_1191' title='bbox 2045 2651 2152 2690; x_wconf 85' lang='lat' dir='ltr'>nostri,</span> <span class='ocrx_word' id='word_1_1192' title='bbox 2168 2652 2204 2683; x_wconf 88' lang='lat'>&amp;</span> <span class='ocrx_word' id='word_1_1193' title='bbox 2218 2662 2355 2683; x_wconf 80' lang='lat' dir='ltr'>omniurn</span> 
     </span>
     <span class='ocr_line' id='line_1_154' title="bbox 1280 2690 2355 2733; baseline -0.003 -8"><span class='ocrx_word' id='word_1_1194' title='bbox 1280 2695 1401 2725; x_wconf 88' lang='lat' dir='ltr'>aliorum</span> <span class='ocrx_word' id='word_1_1195' title='bbox 1420 2695 1644 2733; x_wconf 57' lang='lat' dir='ltr'>praedictorum,</span> <span class='ocrx_word' id='word_1_1196' title='bbox 1663 2695 1692 2724; x_wconf 89' lang='lat' dir='ltr'>in</span> <span class='ocrx_word' id='word_1_1197' title='bbox 1713 2693 1783 2730; x_wconf 85' lang='lat' dir='ltr'>hiis,</span> <span class='ocrx_word' id='word_1_1198' title='bbox 1801 2702 1867 2731; x_wconf 81' lang='lat' dir='ltr'>quae</span> <span class='ocrx_word' id='word_1_1199' title='bbox 1889 2692 2034 2722; x_wconf 89' lang='lat' dir='ltr'>honorem</span> <span class='ocrx_word' id='word_1_1200' title='bbox 2055 2690 2187 2721; x_wconf 90' lang='lat' dir='ltr'>nostrum</span> <span class='ocrx_word' id='word_1_1201' title='bbox 2209 2700 2243 2722; x_wconf 94' lang='lat' dir='ltr'>ac</span> <span class='ocrx_word' id='word_1_1202' title='bbox 2258 2690 2355 2722; x_wconf 77' lang='lat' dir='ltr'>Salva-</span> 
     </span>
     <span class='ocr_line' id='line_1_155' title="bbox 1280 2728 2357 2770; baseline -0.003 -7"><span class='ocrx_word' id='word_1_1203' title='bbox 1280 2735 1407 2770; x_wconf 78' lang='lat' dir='ltr'>tionem,</span> <span class='ocrx_word' id='word_1_1204' title='bbox 1426 2733 1459 2763; x_wconf 73' lang='grc' dir='ltr'>ὃ(</span> <span class='ocrx_word' id='word_1_1205' title='bbox 1477 2732 1684 2763; x_wconf 76' lang='lat' dir='ltr'>Defenfionem</span> <span class='ocrx_word' id='word_1_1206' title='bbox 1700 2731 1814 2770; x_wconf 82' lang='lat' dir='ltr'>Regni,</span> <span class='ocrx_word' id='word_1_1207' title='bbox 1831 2741 1864 2761; x_wconf 90' lang='lat' dir='ltr'>ac</span> <span class='ocrx_word' id='word_1_1208' title='bbox 1879 2729 2054 2768; x_wconf 79' lang='lat' dir='ltr'>Terrarrun,</span> <span class='ocrx_word' id='word_1_1209' title='bbox 2071 2730 2105 2760; x_wconf 92' lang='lat'>&amp;</span> <span class='ocrx_word' id='word_1_1210' title='bbox 2119 2729 2224 2767; x_wconf 89' lang='lat' dir='ltr'>Populi</span> <span class='ocrx_word' id='word_1_1211' title='bbox 2238 2728 2357 2760; x_wconf 90' lang='lat' dir='ltr'>nostro-</span> 
     </span>
     <span class='ocr_line' id='line_1_156' title="bbox 1281 2767 2356 2810; baseline -0.004 -8"><span class='ocrx_word' id='word_1_1212' title='bbox 1281 2782 1364 2809; x_wconf 83' lang='lat' dir='ltr'>rum,</span> <span class='ocrx_word' id='word_1_1213' title='bbox 1382 2781 1483 2802; x_wconf 82' lang='lat' dir='ltr'>contra</span> <span class='ocrx_word' id='word_1_1214' title='bbox 1504 2771 1665 2810; x_wconf 82' lang='lat' dir='ltr'>hujusmodi</span> <span class='ocrx_word' id='word_1_1215' title='bbox 1685 2770 1799 2801; x_wconf 84' lang='lat' dir='ltr'>hostiles</span> <span class='ocrx_word' id='word_1_1216' title='bbox 1820 2768 2001 2807; x_wconf 74' lang='lat' dir='ltr'>Invasionee,</span> <span class='ocrx_word' id='word_1_1217' title='bbox 2017 2777 2053 2799; x_wconf 88' lang='lat' dir='ltr'>ac</span> <span class='ocrx_word' id='word_1_1218' title='bbox 2072 2767 2280 2804; x_wconf 85' lang='lat' dir='ltr'>Repulfionern</span> <span class='ocrx_word' id='word_1_1219' title='bbox 2303 2778 2356 2799; x_wconf 88' lang='lat' dir='ltr'>eo-</span> 
     </span>
     <span class='ocr_line' id='line_1_157' title="bbox 1281 2805 2358 2848; baseline -0.003 -7"><span class='ocrx_word' id='word_1_1220' title='bbox 1281 2810 1403 2841; x_wconf 89' lang='lat' dir='ltr'>rundem</span> <span class='ocrx_word' id='word_1_1221' title='bbox 1427 2809 1568 2841; x_wconf 81' lang='lat' dir='ltr'>Hostium</span> <span class='ocrx_word' id='word_1_1222' title='bbox 1590 2809 1774 2848; x_wconf 87' lang='lat' dir='ltr'>nostrorum,</span> <span class='ocrx_word' id='word_1_1223' title='bbox 1793 2817 1823 2839; x_wconf 93' lang='lat' dir='ltr'>ut</span> <span class='ocrx_word' id='word_1_1224' title='bbox 1844 2808 2042 2846; x_wconf 66' lang='lat' dir='ltr'>praemittitur,</span> <span class='ocrx_word' id='word_1_1225' title='bbox 2061 2807 2095 2838; x_wconf 92' lang='lat'>&amp;</span> <span class='ocrx_word' id='word_1_1226' title='bbox 2116 2805 2303 2837; x_wconf 88' lang='lat' dir='ltr'>Punitionem</span> <span class='ocrx_word' id='word_1_1227' title='bbox 2326 2808 2358 2838; x_wconf 86' lang='lat' dir='ltr'>in</span> 
     </span>
     <span class='ocr_line' id='line_1_158' title="bbox 1279 2844 2356 2918; baseline -0.004 -38"><span class='ocrx_word' id='word_1_1228' title='bbox 1279 2848 1508 2918; x_wconf 63' lang='lat' dir='ltr'>dietodExercitu</span> <span class='ocrx_word' id='word_1_1229' title='bbox 1523 2849 1779 2887; x_wconf 85' lang='lat' dir='ltr'>Delinquentium,</span> <span class='ocrx_word' id='word_1_1230' title='bbox 1795 2848 1984 2887; x_wconf 80' lang='lat' dir='ltr'>contingunt,</span> <span class='ocrx_word' id='word_1_1231' title='bbox 2001 2853 2134 2884; x_wconf 73' lang='lat' dir='ltr'>pareant,</span> <span class='ocrx_word' id='word_1_1232' title='bbox 2149 2844 2304 2885; x_wconf 76' lang='lat' dir='ltr'>obediant,</span> <span class='ocrx_word' id='word_1_1233' title='bbox 2320 2846 2356 2877; x_wconf 73' lang='grc' dir='ltr'>δε</span> 
     </span>
     <span class='ocr_line' id='line_1_159' title="bbox 1283 2896 1438 2919; baseline -0.013 0"><span class='ocrx_word' id='word_1_1234' title='bbox 1283 2897 1360 2919; x_wconf 83' lang='lat' dir='ltr'>inten</span> <span class='ocrx_word' id='word_1_1235' title='bbox 1381 2896 1438 2918; x_wconf 91' lang='lat' dir='ltr'>ant.</span> 
     </span>
    </p>

    <p class='ocr_par' dir='ltr' id='par_1_62' title="bbox 1320 2923 2110 2966">
     <span class='ocr_line' id='line_1_160' title="bbox 1320 2923 2110 2966; baseline -0.004 -9"><span class='ocrx_word' id='word_1_1236' title='bbox 1320 2926 1354 2957; x_wconf 92' lang='lat' dir='ltr'>In</span> <span class='ocrx_word' id='word_1_1237' title='bbox 1368 2928 1447 2965; x_wconf 90' lang='lat' dir='ltr'>cujus</span> <span class='ocrx_word' id='word_1_1238' title='bbox 1460 2949 1470 2965; x_wconf 91' lang='lat'>,</span> <span class='ocrx_word' id='word_1_1239' title='bbox 1488 2926 1548 2958; x_wconf 89' lang='lat' dir='ltr'>&amp;c.</span> <span class='ocrx_word' id='word_1_1240' title='bbox 1565 2925 1700 2966; x_wconf 84' lang='lat' dir='ltr'>quamdiu</span> <span class='ocrx_word' id='word_1_1241' title='bbox 1713 2924 1799 2957; x_wconf 89' lang='lat' dir='ltr'>nobis</span> <span class='ocrx_word' id='word_1_1242' title='bbox 1811 2924 1945 2965; x_wconf 88' lang='lat' dir='ltr'>placuerit</span> <span class='ocrx_word' id='word_1_1243' title='bbox 1958 2923 2110 2955; x_wconf 82' lang='lat' dir='ltr'>duraturas.</span> 
     </span>
    </p>
   </div>
   <div class='ocr_carea' id='block_1_32' title="bbox 1319 2997 2354 3044">
    <p class='ocr_par' dir='ltr' id='par_1_63' title="bbox 1319 2997 2354 3044">
     <span class='ocr_line' id='line_1_161' title="bbox 1319 2997 2354 3044; baseline -0.005 -10"><span class='ocrx_word' id='word_1_1244' title='bbox 1319 3004 1410 3035; x_wconf 86' lang='lat' dir='ltr'>Teste</span> <span class='ocrx_word' id='word_1_1245' title='bbox 1429 3002 1561 3035; x_wconf 86' lang='lat' dir='ltr'>Custode</span> <span class='ocrx_word' id='word_1_1246' title='bbox 1582 3003 1721 3044; x_wconf 72' lang='lat' dir='ltr'>praedicto</span> <span class='ocrx_word' id='word_1_1247' title='bbox 1742 3002 1818 3043; x_wconf 83' lang='lat' dir='ltr'>apud</span> <span class='ocrx_word' id='word_1_1248' title='bbox 1841 3002 2024 3043; x_wconf 88' lang='lat' dir='ltr'>Wyndesor,</span> <span class='ocrx_word' id='word_1_1249' title='bbox 2048 2999 2186 3033; x_wconf 77' lang='lat' dir='ltr'>vicesimo</span> <span class='ocrx_word' id='word_1_1250' title='bbox 2207 2999 2287 3030; x_wconf 83' lang='lat' dir='ltr'>sexto</span> <span class='ocrx_word' id='word_1_1251' title='bbox 2307 2997 2354 3030; x_wconf 87' lang='lat' dir='ltr'>die</span> 
     </span>
    </p>
   </div>
   <div class='ocr_carea' id='block_1_33' title="bbox 1281 3042 2248 3108">
    <p class='ocr_par' dir='ltr' id='par_1_64' title="bbox 1281 3042 2248 3108">
     <span class='ocr_line' id='line_1_162' title="bbox 1281 3042 1432 3074; baseline -0.013 0"><span class='ocrx_word' id='word_1_1252' title='bbox 1281 3042 1432 3074; x_wconf 69' lang='lat' dir='ltr'>octobris.</span> 
     </span>
     <span class='ocr_line' id='line_1_163' title="bbox 2026 3074 2248 3108; baseline 0 0"><span class='ocrx_word' id='word_1_1253' title='bbox 2026 3079 2081 3108; x_wconf 84' lang='lat' dir='ltr'>Per</span> <span class='ocrx_word' id='word_1_1254' title='bbox 2094 3074 2248 3108; x_wconf 84' lang='lat' dir='ltr'>Concilium.</span> 
     </span>
    </p>
   </div>
   <div class='ocr_carea' id='block_1_34' title="bbox 1279 3159 2348 3175">
    <p class='ocr_par' dir='ltr' id='par_1_65' title="bbox 1279 3159 2348 3175">
     <span class='ocr_line' id='line_1_164' title="bbox 1279 3159 2348 3175; baseline 0 1104"><span class='ocrx_word' id='word_1_1255' title='bbox 1279 3159 2348 3175; x_wconf 95' lang='lat' dir='ltr'> </span> 
     </span>
    </p>
   </div>
   <div class='ocr_carea' id='block_1_35' title="bbox 1282 3216 2352 3303">
    <p class='ocr_par' dir='ltr' id='par_1_66' title="bbox 1282 3216 2352 3303">
     <span class='ocr_line' id='line_1_165' title="bbox 1282 3216 2352 3302; baseline -0.009 -42"><span class='ocrx_word' id='word_1_1256' title='bbox 1282 3228 1331 3260; x_wconf 85' lang='lat' dir='ltr'>De</span> <span class='ocrx_word' id='word_1_1257' title='bbox 1352 3227 1464 3268; x_wconf 86' lang='lat' dir='ltr'>Nave,</span> <span class='ocrx_word' id='word_1_1258' title='bbox 1488 3223 1601 3270; x_wconf 80' lang='lat' dir='ltr'>duplici</span> <span class='ocrx_word' id='word_1_1259' title='bbox 1623 3221 2018 3302; x_wconf 45' lang='lat' dir='ltr'>Eskippizrgzentodmunitffi</span> <span class='ocrx_word' id='word_1_1260' title='bbox 2043 3216 2170 3253; x_wconf 86' lang='lat' dir='ltr'>Roberto</span> <span class='ocrx_word' id='word_1_1261' title='bbox 2187 3216 2224 3252; x_wconf 83' lang='lat' dir='ltr'>de</span> <span class='ocrx_word' id='word_1_1262' title='bbox 2240 3218 2352 3266; x_wconf 74' lang='lat' dir='ltr'>Arth</span> 
     </span>
     <span class='ocr_line' id='line_1_166' title="bbox 1748 3281 1905 3303; baseline 0 -1"><span class='ocrx_word' id='word_1_1263' title='bbox 1748 3283 1758 3302; x_wconf 78' lang='grc' dir='ltr'><em>ι</em></span> <span class='ocrx_word' id='word_1_1264' title='bbox 1780 3281 1852 3302; x_wconf 83' lang='lat' dir='ltr'>ercm</span> <span class='ocrx_word' id='word_1_1265' title='bbox 1873 3281 1905 3303; x_wconf 81' lang='lat' dir='ltr'>a.</span> 
     </span>
    </p>
   </div>
   <div class='ocr_carea' id='block_1_36' title="bbox 1280 3360 2507 3714">
    <p class='ocr_par' dir='ltr' id='par_1_67' title="bbox 1280 3360 2507 3483">
     <span class='ocr_line' id='line_1_167' title="bbox 1284 3360 2507 3426; baseline -0.007 -26"><span class='ocrx_word' id='word_1_1266' title='bbox 1284 3368 1423 3426; x_wconf 81' lang='lat' dir='ltr'>REX,</span> <span class='ocrx_word' id='word_1_1267' title='bbox 1445 3367 1567 3399; x_wconf 65' lang='lat' dir='ltr'>Dileeto</span> <span class='ocrx_word' id='word_1_1268' title='bbox 1589 3367 1624 3399; x_wconf 84' lang='lat'>&amp;</span> <span class='ocrx_word' id='word_1_1269' title='bbox 1646 3365 1736 3396; x_wconf 90' lang='lat' dir='ltr'>Fideli</span> <span class='ocrx_word' id='word_1_1270' title='bbox 1756 3366 1824 3405; x_wconf 90' lang='lat' dir='ltr'>suo,</span> <span class='ocrx_word' id='word_1_1271' title='bbox 1849 3365 2011 3396; x_wconf 91' lang='lat' dir='ltr'>Willielmo</span> <span class='ocrx_word' id='word_1_1272' title='bbox 2033 3363 2166 3402; x_wconf 82' lang='lat' dir='ltr'>Truffel,</span> <span class='ocrx_word' id='word_1_1273' title='bbox 2191 3360 2350 3393; x_wconf 90' lang='lat' dir='ltr'>Admirallo</span> <span class='ocrx_word' id='word_1_1274' title='bbox 2369 3364 2447 3396; x_wconf 77' lang='lat' dir='ltr'>Ann,</span> <span class='ocrx_word' id='word_1_1275' title='bbox 2465 3365 2507 3397; x_wconf 71' lang='lat' dir='ltr'>D,</span> 
     </span>
     <span class='ocr_line' id='line_1_168' title="bbox 1361 3399 2477 3444; baseline -0.008 -6"><span class='ocrx_word' id='word_1_1276' title='bbox 1361 3407 1452 3438; x_wconf 81' lang='lat' dir='ltr'>Florae</span> <span class='ocrx_word' id='word_1_1277' title='bbox 1475 3406 1623 3444; x_wconf 88' lang='lat' dir='ltr'>Navium,</span> <span class='ocrx_word' id='word_1_1278' title='bbox 1638 3406 1675 3436; x_wconf 90' lang='lat' dir='ltr'>ab</span> <span class='ocrx_word' id='word_1_1279' title='bbox 1694 3404 1757 3435; x_wconf 89' lang='lat' dir='ltr'>Ore</span> <span class='ocrx_word' id='word_1_1280' title='bbox 1771 3404 1866 3444; x_wconf 87' lang='lat' dir='ltr'>Aquae</span> <span class='ocrx_word' id='word_1_1281' title='bbox 1881 3404 2054 3443; x_wconf 87' lang='lat' dir='ltr'>Thamifiae,</span> <span class='ocrx_word' id='word_1_1282' title='bbox 2070 3403 2164 3436; x_wconf 87' lang='lat' dir='ltr'>versus</span> <span class='ocrx_word' id='word_1_1283' title='bbox 2176 3409 2269 3440; x_wconf 86' lang='lat' dir='ltr'>partes</span> <span class='ocrx_word' id='word_1_1284' title='bbox 2285 3399 2350 3430; x_wconf 85' lang='lat' dir='ltr'>Oc·</span> <span class='ocrx_word' id='word_1_1285' title='bbox 2389 3413 2477 3444; x_wconf 83' lang='lat'>1339,</span> 
     </span>
     <span class='ocr_line' id='line_1_169' title="bbox 1280 3445 2485 3483; baseline -0.003 -7"><span class='ocrx_word' id='word_1_1286' title='bbox 1280 3445 1448 3483; x_wconf 80' lang='lat' dir='ltr'>cidentales,</span> <span class='ocrx_word' id='word_1_1287' title='bbox 1466 3445 1600 3476; x_wconf 84' lang='lat' dir='ltr'>Salutem.</span> <span class='ocrx_word' id='word_1_1288' title='bbox 2365 3446 2418 3471; x_wconf 83' lang='lat' dir='ltr'>An.</span> <span class='ocrx_word' id='word_1_1289' title='bbox 2441 3453 2485 3481; x_wconf 88' lang='lat'>¹3·</span> 
     </span>
    </p>

    <p class='ocr_par' dir='ltr' id='par_1_68' title="bbox 1281 3474 2503 3600">
     <span class='ocr_line' id='line_1_170' title="bbox 1320 3474 2446 3523; baseline -0.005 -8"><span class='ocrx_word' id='word_1_1290' title='bbox 1320 3485 1398 3523; x_wconf 83' lang='lat' dir='ltr'>Qia</span> <span class='ocrx_word' id='word_1_1291' title='bbox 1416 3484 1567 3522; x_wconf 84' lang='lat' dir='ltr'>volumus,</span> <span class='ocrx_word' id='word_1_1292' title='bbox 1585 3483 1667 3522; x_wconf 75' lang='lat' dir='ltr'>quod</span> <span class='ocrx_word' id='word_1_1293' title='bbox 1688 3492 1745 3513; x_wconf 90' lang='lat' dir='ltr'>una</span> <span class='ocrx_word' id='word_1_1294' title='bbox 1765 3481 1859 3513; x_wconf 87' lang='lat' dir='ltr'>Navis</span> <span class='ocrx_word' id='word_1_1295' title='bbox 1876 3480 1914 3512; x_wconf 91' lang='lat' dir='ltr'>de</span> <span class='ocrx_word' id='word_1_1296' title='bbox 1933 3481 2016 3513; x_wconf 69' lang='lat' dir='ltr'>Flota</span> <span class='ocrx_word' id='word_1_1297' title='bbox 2035 3478 2188 3520; x_wconf 65' lang='lat' dir='ltr'>praedieta,</span> <span class='ocrx_word' id='word_1_1298' title='bbox 2214 3477 2290 3508; x_wconf 87' lang='lat' dir='ltr'>bona</span> <span class='ocrx_word' id='word_1_1299' title='bbox 2311 3474 2346 3506; x_wconf 91' lang='lat'>&amp;</span> <span class='ocrx_word' id='word_1_1300' title='bbox 2366 3485 2397 3509; x_wconf 77' lang='grc' dir='ltr'>Ε.</span> <span class='ocrx_word' id='word_1_1301' title='bbox 2420 3491 2446 3519; x_wconf 87' lang='lat'>3.</span> 
     </span>
     <span class='ocr_line' id='line_1_171' title="bbox 1281 3513 2503 3561; baseline -0.005 -8"><span class='ocrx_word' id='word_1_1302' title='bbox 1281 3531 1449 3561; x_wconf 88' lang='lat' dir='ltr'>competens</span> <span class='ocrx_word' id='word_1_1303' title='bbox 1458 3547 1467 3561; x_wconf 85' lang='lat'>,</span> <span class='ocrx_word' id='word_1_1304' title='bbox 1480 3522 1600 3553; x_wconf 58' lang='lat' dir='ltr'>Dilecto</span> <span class='ocrx_word' id='word_1_1305' title='bbox 1615 3522 1649 3553; x_wconf 73' lang='grc' dir='ltr'>δε</span> <span class='ocrx_word' id='word_1_1306' title='bbox 1663 3521 1752 3552; x_wconf 86' lang='lat' dir='ltr'>Fideli</span> <span class='ocrx_word' id='word_1_1307' title='bbox 1764 3520 1866 3551; x_wconf 88' lang='lat' dir='ltr'>nostro</span> <span class='ocrx_word' id='word_1_1308' title='bbox 1874 3544 1885 3560; x_wconf 87' lang='lat'>,</span> <span class='ocrx_word' id='word_1_1309' title='bbox 1898 3519 2035 3551; x_wconf 85' lang='lat' dir='ltr'>Roberto</span> <span class='ocrx_word' id='word_1_1310' title='bbox 2047 3519 2084 3550; x_wconf 91' lang='lat' dir='ltr'>de</span> <span class='ocrx_word' id='word_1_1311' title='bbox 2097 3518 2202 3557; x_wconf 88' lang='lat' dir='ltr'>Artoys</span> <span class='ocrx_word' id='word_1_1312' title='bbox 2214 3525 2267 3553; x_wconf 85' lang='lat' dir='ltr'>pro</span> <span class='ocrx_word' id='word_1_1313' title='bbox 2281 3513 2347 3544; x_wconf 91' lang='lat' dir='ltr'>Ob-</span> <span class='ocrx_word' id='word_1_1314' title='bbox 2365 3519 2466 3557; x_wconf 63' lang='lat' dir='ltr'>Clausa</span> <span class='ocrx_word' id='word_1_1315' title='bbox 2475 3530 2503 3557; x_wconf 86' lang='lat'>3.</span> 
     </span>
     <span class='ocr_line' id='line_1_172' title="bbox 1281 3556 2499 3600; baseline -0.005 -7"><span class='ocrx_word' id='word_1_1316' title='bbox 1281 3562 1378 3600; x_wconf 88' lang='lat' dir='ltr'>sequio</span> <span class='ocrx_word' id='word_1_1317' title='bbox 1400 3561 1499 3593; x_wconf 89' lang='lat' dir='ltr'>nostro</span> <span class='ocrx_word' id='word_1_1318' title='bbox 1517 3561 1670 3599; x_wconf 86' lang='lat' dir='ltr'>liberetur,</span> <span class='ocrx_word' id='word_1_1319' title='bbox 1693 3561 1735 3592; x_wconf 92' lang='lat' dir='ltr'>ob</span> <span class='ocrx_word' id='word_1_1320' title='bbox 1755 3568 1844 3591; x_wconf 86' lang='lat' dir='ltr'>certas</span> <span class='ocrx_word' id='word_1_1321' title='bbox 1862 3559 1968 3598; x_wconf 85' lang='lat' dir='ltr'>causas,</span> <span class='ocrx_word' id='word_1_1322' title='bbox 1989 3558 2041 3589; x_wconf 88' lang='lat' dir='ltr'>fibi</span> <span class='ocrx_word' id='word_1_1323' title='bbox 2058 3556 2194 3595; x_wconf 75' lang='lat' dir='ltr'>expositas</span> <span class='ocrx_word' id='word_1_1324' title='bbox 2212 3562 2247 3584; x_wconf 76' lang='lat' dir='ltr'>ex</span> <span class='ocrx_word' id='word_1_1325' title='bbox 2269 3561 2348 3591; x_wconf 79' lang='lat' dir='ltr'>parte</span> <span class='ocrx_word' id='word_1_1326' title='bbox 2366 3563 2398 3585; x_wconf 78' lang='lat' dir='ltr'>E.</span> <span class='ocrx_word' id='word_1_1327' title='bbox 2410 3568 2435 3596; x_wconf 86' lang='lat'>3.</span> <span class='ocrx_word' id='word_1_1328' title='bbox 2444 3565 2499 3596; x_wconf 64' lang='grc' dir='ltr'>μς.</span> 
     </span>
    </p>

    <p class='ocr_par' dir='ltr' id='par_1_69' title="bbox 1366 3600 2467 3625">
     <span class='ocr_line' id='line_1_173' title="bbox 1366 3600 2467 3625; baseline -0.006 6"><span class='ocrx_word' id='word_1_1329' title='bbox 1366 3600 1376 3609; x_wconf 68' lang='grc'><em>“</em></span> <span class='ocrx_word' id='word_1_1330' title='bbox 2367 3606 2405 3625; x_wconf 85' lang='lat' dir='ltr'>m.</span> <span class='ocrx_word' id='word_1_1331' title='bbox 2421 3607 2435 3625; x_wconf 88' lang='lat'>2</span> <span class='ocrx_word' id='word_1_1332' title='bbox 2461 3618 2467 3624; x_wconf 95' lang='lat'>.</span> 
     </span>
    </p>

    <p class='ocr_par' dir='ltr' id='par_1_70' title="bbox 1281 3600 2457 3714">
     <span class='ocr_line' id='line_1_174' title="bbox 1281 3600 2457 3698; baseline -0.009 -28"><span class='ocrx_word' id='word_1_1333' title='bbox 1281 3600 1408 3670; x_wconf 47' lang='grc' dir='ltr'>ῃοῖίῖὶὲἷῖε</span> <span class='ocrx_word' id='word_1_1334' title='bbox 1429 3636 1594 3669; x_wconf 73' lang='lat' dir='ltr'>rrmdamus</span> <span class='ocrx_word' id='word_1_1335' title='bbox 1615 3636 1696 3676; x_wconf 78' lang='lat' dir='ltr'>quod</span> <span class='ocrx_word' id='word_1_1336' title='bbox 1719 3636 1840 3667; x_wconf 89' lang='lat' dir='ltr'>Navem</span> <span class='ocrx_word' id='word_1_1337' title='bbox 1858 3636 2042 3681; x_wconf 54' lang='lat' dir='ltr'>praedirfiiam,</span> <span class='ocrx_word' id='word_1_1338' title='bbox 2059 3631 2198 3677; x_wconf 79' lang='lat' dir='ltr'>Dupplici</span> <span class='ocrx_word' id='word_1_1339' title='bbox 2211 3629 2349 3698; x_wconf 44' lang='lat' dir='ltr'>qudlsspa‘</span> <span class='ocrx_word' id='word_1_1340' title='bbox 2439 3607 2457 3632; x_wconf 73' lang='lat'>4</span> 
     </span>
     <span class='ocr_line' id='line_1_175' title="bbox 1281 3672 2350 3714; baseline -0.011 -5"><span class='ocrx_word' id='word_1_1341' title='bbox 1281 3686 1380 3709; x_wconf 87' lang='lat' dir='ltr'>mento</span> <span class='ocrx_word' id='word_1_1342' title='bbox 1396 3678 1538 3708; x_wconf 87' lang='lat' dir='ltr'>munitam</span> <span class='ocrx_word' id='word_1_1343' title='bbox 1575 3676 1694 3714; x_wconf 75' lang='lat' dir='ltr'>praesato</span> <span class='ocrx_word' id='word_1_1344' title='bbox 1708 3674 1860 3714; x_wconf 91' lang='lat' dir='ltr'>Roberto,</span> <span class='ocrx_word' id='word_1_1345' title='bbox 1877 3676 1935 3706; x_wconf 90' lang='lat' dir='ltr'>fine</span> <span class='ocrx_word' id='word_1_1346' title='bbox 1947 3675 2096 3711; x_wconf 77' lang='lat' dir='ltr'>dilatione,</span> <span class='ocrx_word' id='word_1_1347' title='bbox 2110 3672 2232 3702; x_wconf 78' lang='lat' dir='ltr'>liberetis</span> <span class='ocrx_word' id='word_1_1348' title='bbox 2243 3677 2274 3698; x_wconf 89' lang='lat' dir='ltr'>m</span> <span class='ocrx_word' id='word_1_1349' title='bbox 2299 3677 2350 3698; x_wconf 91' lang='lat' dir='ltr'>or-</span> 
     </span>
    </p>
   </div>
   <div class='ocr_carea' id='block_1_37' title="bbox 1281 3701 2312 3794">
    <p class='ocr_par' dir='ltr' id='par_1_71' title="bbox 1281 3701 2312 3794">
     <span class='ocr_line' id='line_1_176' title="bbox 1281 3701 2289 3755; baseline -0.007 -9"><span class='ocrx_word' id='word_1_1350' title='bbox 1281 3716 1331 3746; x_wconf 65' lang='lat' dir='ltr'>ma</span> <span class='ocrx_word' id='word_1_1351' title='bbox 1344 3715 1517 3754; x_wconf 60' lang='lat' dir='ltr'>srmradieta,</span> <span class='ocrx_word' id='word_1_1352' title='bbox 1535 3701 1573 3745; x_wconf 73' lang='grc' dir='ltr'>ἐι</span> <span class='ocrx_word' id='word_1_1353' title='bbox 1588 3715 1648 3745; x_wconf 78' lang='lat' dir='ltr'>hoc</span> <span class='ocrx_word' id='word_1_1354' title='bbox 1665 3714 1819 3745; x_wconf 73' lang='lat' dir='ltr'>nuliatenus</span> <span class='ocrx_word' id='word_1_1355' title='bbox 1830 3714 1972 3745; x_wconf 59' lang='lat' dir='ltr'>omittatis.</span> <span class='ocrx_word' id='word_1_1356' title='bbox 2085 3749 2090 3755; x_wconf 30' lang='lat'><em>¹</em></span> <span class='ocrx_word' id='word_1_1357' title='bbox 2284 3744 2289 3750; x_wconf 52' lang='lat'>‚</span> 
     </span>
     <span class='ocr_line' id='line_1_177' title="bbox 1320 3744 2312 3794; baseline -0.014 -7"><span class='ocrx_word' id='word_1_1358' title='bbox 1320 3753 1411 3786; x_wconf 68' lang='lat' dir='ltr'>Teste</span> <span class='ocrx_word' id='word_1_1359' title='bbox 1426 3753 1557 3792; x_wconf 73' lang='lat' dir='ltr'>Custode</span> <span class='ocrx_word' id='word_1_1360' title='bbox 1568 3752 1683 3794; x_wconf 79' lang='lat' dir='ltr'>Angliae</span> <span class='ocrx_word' id='word_1_1361' title='bbox 1696 3753 1771 3793; x_wconf 83' lang='lat' dir='ltr'>apud</span> <span class='ocrx_word' id='word_1_1362' title='bbox 1783 3752 1925 3792; x_wconf 85' lang='lat' dir='ltr'>Langele,</span> <span class='ocrx_word' id='word_1_1363' title='bbox 1941 3749 2048 3784; x_wconf 66' lang='lat' dir='ltr'>octavo</span> <span class='ocrx_word' id='word_1_1364' title='bbox 2063 3747 2109 3779; x_wconf 83' lang='lat' dir='ltr'>die</span> <span class='ocrx_word' id='word_1_1365' title='bbox 2121 3744 2312 3778; x_wconf 78' lang='lat' dir='ltr'>Novembris,</span> 
     </span>
    </p>
   </div>
   <div class='ocr_carea' id='block_1_38' title="bbox 2020 3819 2243 3856">
    <p class='ocr_par' dir='ltr' id='par_1_72' title="bbox 2020 3819 2243 3856">
     <span class='ocr_line' id='line_1_178' title="bbox 2020 3819 2243 3856; baseline -0.022 -1"><span class='ocrx_word' id='word_1_1366' title='bbox 2020 3828 2075 3856; x_wconf 79' lang='lat' dir='ltr'>Per</span> <span class='ocrx_word' id='word_1_1367' title='bbox 2090 3819 2243 3855; x_wconf 66' lang='lat' dir='ltr'>concilium.</span> 
     </span>
    </p>
   </div>
  </div>
 </body>
</html>
