2562 4279
770 211 881 253 ET
962 209 1220 252 ACTA
1300 210 1775 255 PUBLICA.

42 301 167 338 AnnD.
179 298 282 341 nostri,
301 299 453 341 prcesertim
471 298 708 342 Archiepiscopali
727 296 830 330 Titulo
847 298 1001 335 decoratis,
1019 294 1233 341 Pastoresprae-

62 351 144 383 1333.
182 342 311 372 ficiuntur
328 340 439 379 idonei,
458 342 505 379 qui
526 340 625 371 Nobis
646 343 696 368 iint
720 338 753 369 ὃς
768 339 796 367 iii
811 337 954 368 Fidelitate
967 335 1091 374 stabiles,
1108 336 1141 367 &
1155 346 1182 365 in
1196 335 1243 364 Oa

39 384 105 412 Ἐάν.
126 391 152 420 3.
183 381 296 419 peribus
310 380 448 410 efficaces.

223 418 351 450 Vacante
364 417 501 456 siquidem
515 426 603 455 nuper
618 414 741 447 Ecclesizl
758 412 1024 451 Cantuarienfi,per
1039 421 1163 456 mortem
1173 412 1244 458 ,bo-

187 467 234 489 nae
248 455 396 488 memoriae
431 456 554 486 Simonis
569 456 661 485 ultimi
675 454 754 491 ipsius
766 452 993 489 Arcliiepiscopi,
1012 450 1093 480 Prior
1109 452 1141 481 &c
1157 450 1244 487 Lapi-

187 497 282 528 tulum
296 495 377 533 ipsius
391 479 523 525 sscclefiae
541 494 652 532 (peritii,
670 493 738 523 sicut
752 493 836 521 moris
851 490 909 527 est,
929 490 962 520 δε
977 488 1109 527 optenta,
1127 489 1162 519 de
1174 488 1244 518 No-

189 536 231 565 bis
246 534 375 574 Eligendi
389 532 529 569 Licentifi)
546 532 579 562 ad
595 532 679 562 futuri
692 531 874 568 procedentes
888 528 1069 558 Elefflonem
1083 528 1246 565 Archiprae-

2259 230 2349 275 1<>3‡

1306 298 1422 326 Domino
1440 298 1475 341 2P.
1500 300 1555 327 Dei
1572 290 1667 335 gratis}
1683 322 1692 338 ,
1721 298 1796 328 tituli
1817 298 1913 329 sancii
1933 297 2064 338 Stephani
2083 302 2113 331 in
2131 296 2211 332 Coelio
2231 306 2329 336 Monte
2349 305 2424 338 Ann.
2441 309 2472 340 D

1351 334 1502 364 Presbztero
1516 336 1665 366 Cardinali.
2379 356 2463 389 1333,
2475 334 2484 343 ⁶

1314 375 1554 451 Dospgngtgdisselii
1560 375 1655 411 gratia
1664 398 1674 413 ,
1692 375 1799 406 Alban.
1818 375 1958 417 Eptfiopo,
1977 378 2084 408 Sanaae
2096 381 2224 411 Romanae
2237 381 2332 412 Eccle-
2351 387 2417 415 Edv.
2439 399 2464 425 3.

1315 453 1431 479 Domino
1447 452 1481 478 G.
1500 454 1555 480 Dei
1565 450 1679 490 gratini,
1698 451 1820 491 Epifiopo
1836 454 1989 495 Porticenfi,
2007 456 2114 488 Sanaae
2128 460 2258 489 Romana
2276 461 2331 490 Ec-

1354 487 1435 526 clefiae
1449 489 1597 519 cardinali.

1316 529 1431 556 Domino
1445 529 1483 556 L.
1502 530 1556 557 Dei
1568 528 1665 565 ιςνιιῑὶιί
1674 552 1683 568 ,
1701 530 1810 559 δαηὲἶα.)
1823 533 1927 561 Maria·
1941 535 1970 562 in
1982 535 2039 562 Via
2051 531 2113 563 lata
2129 537 2249 566 Diacono
2263 539 2333 567 Cara

191 574 267 612 sulis,
286 575 315 603 in
325 596 334 611 ,
352 571 537 602 reverendum
553 571 683 607 Patrem,
696 569 860 611 Johannem
874 567 1115 611 Wyntoniensem
1126 566 1247 603 Episco-
1353 564 1448 594 dinali.

191 622 277 650 pum,
296 611 505 642 Cancellarium
517 605 754 651 nostrum,gratia
768 606 862 636 Sancti
875 604 993 642 Spiritus
1002 614 1050 649 ,tut
1063 605 1247 642 confidimus,
1315 606 1430 649 Domino
1443 606 1478 632 B.
1498 607 1551 634 Dei
1562 605 1658 642 gratia}
1666 628 1676 644 ,
1694 607 1801 636 Sanllae
1816 610 1920 638 Maria»
1933 611 1962 638 in
1972 612 2081 650 Aquiro
2100 614 2221 643 Diacono
2240 614 2337 644 Cardia

188 649 325 689 inspirati,
343 649 503 679 direxerunt
524 648 694 678 unanimiter
716 644 790 674 Vota
809 644 872 682 sua,
891 643 984 682 Ipsum
1008 653 1035 673 in
1057 644 1136 674 suum
1150 643 1248 681 postu·
1352 641 1420 671 nali.
2348 652 2351 654 -

192 689 278 719 lantes
292 687 550 725 Archiepiscopum
564 686 597 716 ὅ(
610 683 765 727 Pastorem.
1006 722 1010 726 Ι
1159 721 1164 726 1
1181 721 1185 726 ¹

229 727 287 757 Cui
305 725 510 763 Postulationi,
529 733 593 762 quae
614 723 696 752 nobis
718 722 822 752 merito
844 729 918 761 grata
939 721 1096 759 plurimum
1111 719 1248 751 extitit&

188 772 323 803 accepta,
338 764 465 803 Regium
480 761 626 793 Affensum
644 761 815 798 praebuimus
831 761 864 791 &
879 760 1028 790 Favorem.

230 803 315 834 Circa
342 804 419 841 cujus
444 800 579 831 Postuiau
600 798 894 830 Commendationem
923 798 1054 829 Personae
1075 797 1249 836 supervacuis

193 842 263 872 esset
284 840 431 879 impendiis
450 839 591 875 laborare,
610 838 678 868 cum
699 838 750 868 sint
773 847 859 875 nota,
876 838 944 868 licut
959 837 1116 874 credimus,
1135 836 1246 867 δεηᾶί-

193 882 243 911 tati
256 879 355 911 vestrae
368 877 519 908 Probitatis
532 877 585 907 suae
602 876 722 914 Merita,
741 886 822 915 quae,
839 876 925 914 longe
946 876 1058 914 lateque
1080 874 1193 912 diffusa,
1212 875 1252 905 sa-

195 920 231 949 tis
245 918 324 948 faffls
337 915 517 947 laudabilibus
531 917 557 945 se
573 915 740 952 ostendunt,
759 925 822 953 quae
837 915 919 945 nobis
933 915 1017 945 etiam
1030 915 1064 945 &
1080 915 1133 944 toti
1144 913 1251 952 Regno

194 956 296 987 nostro
307 955 438 986 sensimus
450 954 796 992 efficaciterprofuiffe,&
812 954 909 985 sentire
920 953 1060 984 credimus
1074 953 1253 991 peramplius,

193 996 264 1026 cum
277 995 305 1023 in
317 993 509 1023 Eminentiam
523 993 683 1023 sublimatus
696 993 780 1022 fuerit
793 1001 877 1023 tantae
893 991 979 1022 Sedis.

230 1031 379 1063 Pensantes
400 1032 493 1069 itaque
514 1031 726 1062 Desolationem
746 1039 829 1061 tantae
846 1030 1036 1068 Metropolis,
1055 1031 1089 1062 &
1104 1030 1190 1067 quam
1205 1039 1255 1059 ne-

193 1070 324 1102 cessarius
339 1070 408 1100 effet
432 1070 481 1100 sibi
502 1069 599 1100 diebus
619 1069 674 1100 istis
696 1069 755 1100 talis
775 1069 914 1107 Sponsus,
933 1071 1000 1108 qui,
1020 1069 1089 1100 Deo
1103 1068 1255 1105 Devotus,

191 1109 302 1139 Peritus
323 1109 357 1139 ὃς
380 1107 517 1146 Expertus
529 1131 538 1146 ,
566 1108 734 1139 Laboriosus
749 1131 759 1146 ,
783 1107 925 1138 Constans
937 1131 947 1146 ,
966 1108 1170 1145 Magnanimus
1191 1106 1253 1136 fore

194 1147 319 1178 noscitur
332 1147 366 1178 &
381 1147 481 1177 Fidelis
490 1171 499 1185 ,
519 1148 629 1177 dietum
644 1146 820 1177 Postulatuni
829 1148 1024 1185 ,ignorantem
1033 1146 1143 1183 penitus
1155 1145 1256 1176 Preces

192 1185 303 1216 nostras
313 1209 321 1223 ‚
339 1185 440 1215 vestra:
452 1185 622 1216 Clementiae
637 1185 780 1224 specialius
795 1186 828 1216 δί
844 1184 996 1223 humilius,
1013 1187 1073 1222 quo
1096 1183 1257 1222 possumu8‚

194 1224 447 1262 commendamus,

233 1262 277 1292 Ex
292 1262 385 1293 cordis
400 1263 507 1293 intimis
520 1262 705 1301 supplicantes
718 1262 863 1300 quatinus,
869 1262 945 1300 juxta
959 1259 1047 1291 nostri
1061 1260 1259 1299 Desiderium,

1319 683 1434 748 Delia-:tino
1448 684 1492 750 lg.
1511 684 1566 748 ξεί
1576 681 1670 748 [gratid
1679 707 1688 720 ,
1706 682 1781 713 tituli
1794 685 1952 715 Sana-‘orum
1965 685 2104 724 Johannis
2115 687 2154 724 ὠ»
2167 689 2250 720 Pauli
2258 692 2338 722 Pres-

1374 731 1383 749 ι
1398 729 1441 749 ero
1477 730 1509 749 ar
1529 731 1574 749 ma
1586 731 1603 749 1.

1284 867 1343 898 Pro
1364 866 1477 898 Comite
1492 861 1765 946 Richemundiaep&
1784 867 1897 946 {sarbia
1918 865 1953 899 de
1971 868 2076 900 Sanffo
2087 870 2180 902 Paulo
2192 869 2341 916 Comitiffit

1739 926 1784 946 em
1806 925 1853 947 roc
1878 927 1920 947 tae.

1285 997 1409 1060 REX
1425 998 1576 1036 omnibus,
1594 998 1629 1028 ad
1645 1007 1734 1036 quOS,
1752 999 1813 1029 &c.
1829 998 1963 1030 Salutem.
2367 1004 2445 1036 Arm,
2456 1002 2501 1035 D.

1387 1036 1558 1076 inspeximus
1582 1036 1727 1074 quoddam
1748 1036 1964 1068 SCRIPTUM
1988 1038 2283 1071 INDENTATUM
2307 1042 2350 1071 in-
2390 1052 2474 1083 1333.

1286 1081 1346 1113 ter,
1366 1074 1518 1106 Dileemm
1537 1074 1788 1114 Consanguineum
1811 1077 1843 1106 ὅτ,
1870 1076 1997 1107 Fidelem
2021 1078 2170 1117 nostrum,
2185 1078 2349 1116 Johannem
2367 1087 2419 1111 An.
2437 1093 2464 1120 7.

1287 1112 1324 1142 de
1343 1112 1501 1152 Britannia,
1518 1112 1670 1143 Comitem
1693 1113 1928 1153 Richemundiae,
1949 1125 1983 1145 ex
1996 1125 2074 1154 parte
2089 1116 2162 1155 una,
2181 1117 2230 1154 &‚
2250 1117 2352 1148 Nobi-
2369 1127 2397 1149 E.
2420 1131 2446 1158 3.

1286 1150 1345 1181 lem
1368 1151 1542 1189 Mulierem,
1559 1151 1686 1182 Mariam
1705 1152 1741 1183 de
1762 1152 1867 1182 Sancto
1889 1152 1993 1192 Paulo,
2012 1154 2196 1187 Comitiffam
2211 1155 2356 1187 Pembro-v
2369 1165 2427 1188 Pat.
2443 1170 2470 1196 7.

1289 1190 1380 1228 chiae,
1399 1190 1547 1228 exaltera,
1566 1190 1878 1221 CoNFEcTUMin
1892 1191 1955 1222 haec
1969 1194 2072 1233 verba,
2369 1203 2396 1226 Ε.
2420 1208 2445 1235 3.

1326 1266 1413 1298 Hoc
1431 1267 1671 1299 SCRIPTIUM
1685 1267 1786 1298 INDE
1798 1276 1881 1298 NTA
1891 1276 1981 1298 TUM
1995 1268 2067 1300 inter
2081 1270 2223 1301 Nobilem
2236 1271 2353 1310 Virum,
2368 1244 2433 1303 lio2
2449 1244 2475 1264 m

52 2019 181 2052 Ann.D.

79 2068 165 2100 1333·

78 2110 104 2127 a.
120 2109 146 2134 7.

50 2157 128 2206 πίω]

58 2751 75 2768 ⁸
101 2751 156 2779 lv.

56 2788 132 2857 'iiiii
151 2824 191 2855 D.

59 2850 174 2939 mliii}

59 2952 164 3009 thiaii'n.

193 1299 400 1339 Postulationi,
420 1312 472 1339 pro
493 1302 615 1331 evidenti
639 1301 770 1338 utilitate,
789 1301 822 1330 &
846 1308 964 1337 urgente
979 1299 1156 1338 necessitate,
1176 1300 1259 1330 saetae

193 1341 379 1370 concorditer
398 1340 434 1369 de
455 1340 574 1377 eodem,
593 1340 612 1369 si
632 1339 739 1377 placet,
758 1338 959 1376 Apostolicum
975 1339 1099 1376 praebere
1116 1339 1204 1368 velitis
1217 1348 1260 1368 as-

194 1378 322 1416 sensum,
340 1377 447 1416 ipsum,
465 1378 499 1408 ad
521 1377 695 1408 subeundum
715 1377 799 1407 Onus
820 1378 854 1408 &
876 1377 1030 1407 Honorem
1050 1384 1134 1406 tantae
1157 1376 1259 1406 Praela—

195 1425 284 1454 turae,
302 1417 459 1447 salutaribus
482 1415 605 1447 Monitis
626 1416 807 1454 inducentes,
824 1416 857 1445 &
880 1416 895 1445 a
911 1417 1026 1446 nexibus
1041 1414 1257 1454 Wyntonienfis

194 1453 331 1486 Ecclesiae
343 1454 520 1493 absolutum,
537 1465 552 1484 a
585 1455 692 1485 dieram
709 1454 940 1484 Cantuariensem
953 1453 1128 1491 Eccleliam,
1146 1454 1182 1484 de
1198 1453 1259 1483 Po-

194 1493 296 1524 testatis
316 1493 490 1531 Apostolicae
509 1493 555 1532 ple
576 1493 683 1524 itudine
699 1516 709 1532 ,
733 1492 949 1523 misericorditer
969 1492 1184 1530 transferentes,
1209 1501 1258 1530 per

195 1531 276 1571 quod
289 1531 351 1572 plus
365 1533 540 1568 consuletur,
558 1541 589 1562 ut
603 1532 726 1562 creditur
735 1556 744 1570 ,
763 1531 915 1570 Ecclesiae,
931 1532 1017 1569 quam
1031 1530 1173 1560 Personae.

232 1569 333 1608 Nam,
352 1580 401 1611 per
418 1571 499 1608 ipsius
520 1570 712 1601 Providentiae
733 1570 957 1609 magnitudinem
976 1570 1009 1600 ὃς
1032 1567 1151 1598 Consilii
1171 1570 1263 1607 gravi-

196 1616 302 1647 tatem,
318 1609 453 1647 ducetur,
468 1609 552 1640 dante
574 1609 725 1646 Domino,
745 1618 794 1646 per
814 1609 871 1638 vias
893 1608 981 1639 reetas
993 1607 1074 1638 Grex
1088 1607 1264 1637 Dominicus

197 1647 233 1678 ad
254 1646 365 1678 laudem
390 1647 466 1686 Dei,
484 1649 518 1679 &
536 1648 613 1678 Fidei
631 1646 792 1678 Catholicae
812 1645 1041 1683 firmamentum,
1059 1646 1092 1676 &
1105 1645 1265 1675 Commiffa

199 1685 250 1716 fibi
272 1685 476 1717 Cantuarienfis
489 1686 632 1723 Ecclesia,
650 1686 708 1716 tam
723 1686 753 1715 in
768 1685 973 1723 Spiritualibus,
991 1685 1078 1722 quam
1091 1685 1120 1714 in
1133 1684 1267 1723 Tempo-

197 1724 301 1755 ralibus
310 1749 320 1762 ,
339 1733 414 1764 grata
427 1725 553 1763 suscipiet
567 1725 751 1755 incrementa.

223 1762 413 1801 ‘Conserver,
431 1764 492 1794 &c.

275 1800 342 1832 Dat.
354 1801 427 1839 apud
441 1800 624 1840 Clarendon,
641 1799 755 1831 decimo
768 1798 875 1831 odtavo
890 1798 936 1830 die
951 1798 1144 1831 Novembris.

386 1927 447 1962 Ad
462 1931 600 1975 Papam,
619 1927 709 1974 fizper
729 1925 824 1959 Pallio
843 1924 1084 1971 transmittendo.

255 2012 281 2043 A
289 2010 359 2044 PAE
377 2011 444 2043 Rex
461 2007 522 2046 &a
545 2019 577 2041 ut
590 2010 677 2051 ficpra
696 2008 776 2051 usque
797 2009 836 2040 ibi
848 2018 923 2051 grata
937 2010 1063 2048 suscipiet
1074 2009 1268 2046 incrementa,

199 2010 248 2074 P
269 2059 333 2081 tunc
347 2051 399 2089 fic,

240 2086 407 2127 Caeterum,
426 2086 497 2119 cum
511 2089 539 2118 in
553 2087 823 2126 circumspetftione,
841 2087 875 2117 ὅ(
890 2086 977 2117 fidelis
991 2097 1024 2118 ac
1041 2085 1153 2124 providi
1173 2085 1267 2116 solidi-

201 2133 258 2157 tate
272 2127 395 2165 confilii,
410 2126 480 2157 dieti
495 2126 585 2157 nostri
598 2126 783 2163 Cancellarii,
801 2127 830 2155 in
844 2125 992 2164 dirigendis
1008 2124 1108 2155 nostris
1124 2125 1158 2155 &
1172 2124 1269 2163 Regni

203 2165 294 2196 nostri
309 2165 462 2204 Negotiis,
481 2165 577 2196 nostra
591 2165 694 2195 fiducia
710 2163 852 2202 potissime
869 2164 1020 2201 requiescat
1041 2164 1131 2201 (cujus
1152 2163 1270 2202 praesen-

201 2203 259 2241 tia,
276 2213 391 2242 propter
414 2202 545 2242 quaedam
564 2203 657 2240 ardua,
671 2203 821 2241 Negotia,
839 2201 908 2232 Nos
922 2202 955 2233 ὃς
969 2202 1107 2242 Regnum
1121 2201 1270 2241 nostrum,

201 2242 305 2273 intime
319 2243 520 2274 concernentia
555 2242 805 2279 impraesentiarum
818 2250 914 2272 carere
927 2251 986 2271 non
1006 2240 1148 2277 valemus)
1171 2240 1272 2279 digne—

203 2288 267 2319 tur,
285 2281 459 2319 quaesumus,
477 2291 514 2311 ve
541 2291 568 2311 ra
583 2280 759 2320 Benignitas,
775 2288 810 2309 ex
822 2279 945 2309 uberiori
969 2278 1063 2310 Dono
1080 2279 1191 2318 gratiae,
1209 2279 1272 2309 Pal-

200 2319 273 2350 lium
292 2320 328 2350 ad
349 2328 439 2357 partes
462 2319 570 2350 nostras
581 2320 681 2358 jubere
697 2318 746 2348 sibi
760 2317 962 2355 transmittere,
980 2316 1015 2347 ad
1029 2317 1155 2347 Nomen
1172 2319 1205 2349 ὃς
1219 2317 1270 2348 U-

200 2357 262 2388 sum
281 2358 404 2397 ejusdem
425 2357 578 2396 Ecclefiae,
597 2359 631 2390 &
652 2357 811 2396 pleniorem
835 2355 1008 2387 Pontificius
1022 2355 1125 2386 Officii
1140 2355 1269 2387 Potesta-

205 2404 280 2426 tem·

241 2420 333 2473 (Q'uod
348 2434 450 2466 vestrae
471 2435 598 2475 largitatis
617 2433 827 2471 munificentia,
845 2442 930 2471 quam
950 2442 1013 2473 erga
1027 2432 1097 2463 Nos
1110 2433 1143 2464 &
1159 2433 1273 2464 nostros

202 2471 366 2503 invenimus
383 2474 488 2510 gratius
503 2472 691 2512 habundaffe‚
709 2473 793 2512 velit,
811 2472 831 2502 ii
845 2472 952 2511 placet,
971 2482 1007 2502 eo
1020 2473 1172 2510 benignius
1197 2482 1272 2502 con-

202 2510 323 2549 cedere,
340 2521 400 2548 quo
421 2513 532 2543 morosa
553 2512 705 2544 subtractio
725 2511 764 2543 sui
788 2510 897 2542 consilii
912 2510 1009 2542 Nobis
1024 2510 1093 2543 effer
1107 2510 1223 2542 taedium
1238 2510 1272 2542 &

201 2548 360 2586 dampnum
375 2558 436 2580 non
451 2551 601 2582 modicum
614 2551 735 2582 allatura.

242 2586 421 2627 Conservet,
440 2589 502 2620 &c.

279 2625 349 2657 Dat.
362 2635 393 2658 ut
405 2628 492 2668 supra.

339 2748 369 2775 *²-
385 2749 444 2784 Ad
460 2750 656 2793 Cardinales,
673 2753 765 2798 fhper
781 2749 978 2795 postulatione
989 2749 1142 2798 praediffa.

273 2833 414 2867 Enerabili
430 2835 460 2864 in
476 2833 595 2866 Christo
608 2835 702 2874 Patri,
720 2835 856 2866 Domino
869 2835 903 2866 P.
923 2835 981 2866 Dei
1003 2835 1110 2874 gratis,
1129 2835 1274 2873 Episcopo

290 2874 475 2916 Penestrino,
493 2874 607 2904 Sandiae
627 2874 772 2904 Romanae
791 2874 926 2904 Ecclesiae
948 2873 1206 2911 Vicecancellario,
1234 2874 1277 2904 A·

149 2923 156 2930 ·
206 2913 288 2957 mico
285 2913 355 2982 Hsugt
364 2911 505 2943 carissimo
515 2936 526 2951 ,
542 2911 713 2951 Edwaxdus,
729 2913 792 2944 &c.
809 2912 936 2944 Salutem
946 2935 957 2951 ,
975 2912 1132 2944 &sincerae
1146 2911 1278 2942 dileffio-

207 2959 250 2981 nis
268 2962 283 2981 a
309 2961 324 2981 e
357 2960 415 2982 um.

247 2990 369 3025 Quanto
391 2989 427 3020 de
450 2988 622 3019 Dilectionis
637 2990 671 3020 ὃς
687 2998 810 3027 expertae
819 2988 1024 3019 Benivolentiae
1038 2988 1140 3020 vestrae
1151 2988 1278 3019 dulcedi-

207 3037 246 3058 ne
265 3028 399 3059 fiduciam
420 3028 544 3065 gerimus
565 3028 751 3066 ampliorem,
769 3030 848 3058 tanto
870 3027 1060 3058 confidentius
1083 3030 1112 3058 in
1126 3029 1193 3065 hiis,
1213 3037 1279 3066 quae

209 3066 583 3136 ‹sikesideranteg-appetimus,
601 3065 724 3098 vestram
735 3066 904 3097 iolicitamus
917 3066 1082 3096 Amicitiam
1097 3076 1216 3107 precum
1235 3068 1278 3096 in-

237 3114 312 3136 antia
326 3116 378 3136 cor
400 3115 453 3135 iai.

248 3142 376 3175 Vacante
390 3143 527 3182 siquidem
539 3153 627 3182 nuper
641 3142 768 3174 Ecclesia
780 3142 989 3180 Cantuariensi,
1006 3141 1066 3178 &c.
1079 3149 1161 3181 prout
1173 3143 1214 3173 ad
1220 3145 1278 3172 Pa-

204 3188 272 3220 pam
285 3180 364 3222 usque
378 3181 434 3211 haec
449 3182 556 3217 verba7·
576 3186 640 3212 viz.

246 3218 384 3263 Domino
398 3220 521 3251 Summo
535 3220 670 3251 Pontifici
684 3221 837 3252 Personam
852 3220 930 3250 suam
942 3219 1138 3257 affectuosius,
1150 3229 1209 3257 quo
1225 3230 1279 3258 po-

210 3265 332 3295 tuimus,
347 3259 405 3296 jam
426 3259 741 3297 recommendavimus,
759 3259 940 3299 supplicantes
962 3260 1107 3297 quatinus,
1122 3260 1199 3297 juxta
1223 3269 1279 3289 no-

210 3295 260 3326 stri
275 3295 460 3334 desiderium,
477 3295 681 3336 Postulationi,
699 3297 781 3328 faeiae
793 3297 829 3328 de
842 3297 1136 3335 eodem,Gratiosum
1152 3299 1280 3334 praebere

209 3334 342 3373 dignetur
363 3334 514 3364 Affensum
529 3358 539 3374 ,
562 3336 651 3372 ipsum
670 3335 706 3365 ad
726 3336 833 3366 diffitam
855 3335 1086 3367 Cantuariensem
1106 3335 1278 3375 Eccleiiam,

209 3372 248 3402 de
263 3372 435 3412 benignitate
448 3372 526 3403 Sedis
542 3372 736 3412 Apostolicae,
753 3375 967 3405 misericorditer
985 3375 1188 3405 transferendo.

250 3411 455 3451 Quamobrem
468 3412 578 3442 didium
592 3410 725 3449 Patrem,
742 3421 795 3449 pro
807 3423 882 3451 quo,
899 3413 957 3443 hoc
981 3414 1092 3450 penitus
1113 3414 1275 3452 ignorante,

210 3446 303 3480 Vobis
316 3449 460 3480 scribimus
475 3458 510 3479 ex
522 3449 629 3479 affeetu
639 3472 648 3488 ,
666 3450 701 3481 &
715 3449 824 3479 dietum
838 3451 1041 3481 Transsationis
1056 3451 1110 3481 suae
1126 3454 1275 3488 negotium

211 3487 317 3519 habere
330 3488 420 3519 velitis
433 3488 572 3525 petimus,
590 3496 709 3526 optentu
723 3487 831 3526 nostri,
849 3488 999 3526 specialiter
1020 3491 1255 3521 commendatum
1266 3514 1276 3529 ,

195 3528 288 3558 ‘circa
301 3528 379 3564 cujus
392 3526 613 3556 Promotionem
629 3527 736 3565 negotii
751 3526 789 3557 fic
805 3535 868 3565 erga
881 3526 994 3557 dietum
1010 3527 1176 3559 Dominum
1191 3529 1276 3560 Sum-

212 3574 296 3596 mum
319 3564 509 3602 Pontificem,
527 3573 597 3594 cum
620 3566 722 3604 omni,
741 3565 760 3595 fi
781 3565 891 3603 placet,
915 3563 1042 3595 efficacia
1060 3566 1204 3605 laboretis,
1230 3576 1275 3606 ut,

209 3612 313 3672 ἔτρεπεν
333 3603 362 3634 id
382 3602 462 3641 quod
485 3602 711 3633 recommendati
727 3603 846 3634 debetur
865 3604 988 3641 meritis,
1014 3604 1048 3634 &
1070 3604 1277 3636 neceffitatibus

238 3642 348 3674 cclefiae
362 3641 509 3679 Viduatae,
528 3639 733 3671 Interceffionis
746 3641 851 3673 nostrae
862 3640 1034 3681 Suffragium
1047 3642 1080 3672 ad
1101 3643 1224 3674 celerem
1241 3645 1275 3674 &

210 3681 358 3751 {iatiOssm
381 3680 591 3719 expeditionem
615 3678 828 3717 praemifforum
853 3680 977 3712 videatur
999 3680 1109 3711 adicere
1133 3691 1183 3719 per
1204 3681 1275 3713 effe-

247 3730 305 3750 um.

250 3755 434 3790 confidimus
446 3757 553 3789 etenim
565 3755 663 3795 quod,
683 3754 790 3787 Divinzi
801 3757 912 3788 favente
925 3756 1102 3795 Clementia,
1114 3757 1189 3789 dic‘ta
1196 3758 1274 3790 Can-

214 3798 354 3827 tuarienfis
373 3796 514 3835 Ecclesia,
538 3794 726 3833 Subditusque
746 3796 797 3826 sibi
817 3796 918 3827 Clerus
938 3796 972 3826 δε
991 3795 1131 3835 Populus,
1155 3798 1205 3828 sub
1224 3799 1274 3830 suo

211 3836 447 3875 prosperabuntur
469 3835 602 3866 Discreto
624 3834 776 3873 Regimine
822 3836 856 3866 &
872 3859 882 3872 ,
907 3835 966 3865 tam
997 3835 1028 3864 in
1053 3834 1246 3872 spiritualibus
1263 3861 1273 3876 ,

212 3872 300 3941 ςυίῐῐ]
315 3876 344 3905 in
358 3874 596 3943 ‘Ii-emporalibuS,
613 3871 734 3904 salutaria
746 3857 893 3911 susitipient
904 3874 1087 3904 incrementa.

283 3920 317 3943 at.
333 3921 364 3944 ut
389 3923 465 3952 upra.

341 3974 456 4006 Eodem
469 3975 561 4007 modo
576 3971 739 4005 mandatum
752 3973 793 4004 est
806 3972 978 4012 subscriptis,
989 3972 1140 4014 videlicet,

249 4043 364 4073 Domino
386 4047 420 4074 G.
438 4038 493 4076 Dei
509 4046 623 4087 gratid,
640 4045 766 4077 Sabinen.
784 4044 923 4086 Episcopo,
941 4046 1049 4075 Sanc‘lae
1073 4047 1202 4078 Romanae
1217 4048 1274 4077 Ec-

291 4079 369 4120 clefiae
383 4085 533 4117 cardinali.

248 4121 620 4190 Dzffrigtocffdilgaezgratid,
637 4123 713 4157 tituli
728 4124 822 4156 Sanffi
838 4126 986 4157 Laurentii
996 4125 1027 4157 in
1040 4125 1148 4156 Lucina
1163 4123 1273 4157 Presbi-

1289 1304 1455 1337 Dominum
1471 1306 1635 1345 Johannem
1658 1305 1695 1337 de
1711 1305 1869 1345 Britannis,
1887 1306 2037 1338 Comitem
2056 1307 2298 1349 Richemundiae,
2319 1320 2353 1341 ex

1289 1345 1344 1375 unii
1357 1352 1450 1383 parte,
1467 1347 1519 1383 ὃς,
1537 1345 1682 1376 Nobilem
1697 1344 1868 1383 Mulierem,
1884 1344 2045 1376 Dominam
2060 1345 2183 1376 Mariam
2199 1347 2234 1377 de
2249 1348 2356 1380 SanCffi

1290 1382 1397 1423 Paulo,
1416 1383 1600 1415 Comitissam
1612 1382 1831 1422 Pembrochiae,
1845 1383 1980 1422 Neptem
1995 1385 2065 1415 dieti
2081 1384 2208 1415 Domini
2221 1385 2360 1426 Comitis,

1292 1431 1326 1452 ex
1341 1421 1441 1460 alters,
1460 1421 1731 1452 CONFECTUM
1750 1422 2009 1462 TESTATUR,

1332 1460 1427 1499 Quod
1440 1460 1516 1491 idem
1534 1460 1681 1491 Dominus
1693 1460 1820 1498 Comes,
1838 1460 1874 1491 de
1887 1461 1995 1499 speciali
2010 1460 2161 1500 Licentia,
2179 1460 2361 1493 Excellentis-

1293 1498 1356 1529 fimi
1373 1492 1510 1537 Principis
1527 1500 1559 1530 &
1575 1499 1698 1530 Domini
1714 1499 1770 1538 sui,
1787 1499 1917 1530 carissimi
1933 1500 2020 1530 Patris
2040 1499 2143 1538 nostri,
2164 1498 2293 1530 Domini
2304 1500 2363 1531 Ed-

1294 1536 1397 1575 wardi,
1416 1537 1473 1567 Dei
1495 1537 1598 1576 gratifi,
1617 1537 1704 1577 Regis
1730 1537 1842 1576 Angliae
1856 1537 1986 1577 Illustris,
2004 1538 2139 1576 DEDrr,
2157 1537 2364 1578 Concessrr,

1295 1577 1347 1613 &,
1366 1576 1425 1606 hoc
1448 1576 1575 1612 praesenti
1594 1575 1738 1606 Sempro
1758 1575 1983 1615 INDENTATO,
2001 1576 2275 1615 CONFmMAvrr,
2293 1588 2365 1615 prae-

1297 1614 1361 1644 fatae
1375 1614 1516 1644 Dominae
1531 1613 1633 1644 Mariae
1648 1613 1764 1651 Castra,
1788 1614 1931 1652 Maneria,
1950 1617 1983 1646 δε
2001 1615 2087 1645 Villas
2101 1615 2137 1645 de
2151 1614 2367 1646 Richemondisz

1298 1652 1332 1682 &
1351 1651 1388 1681 de
1410 1652 1512 1683 Bowes
1530 1653 1558 1682 in
1572 1651 1721 1684 Comitatu
1736 1652 1887 1691 Eborum,
1904 1654 1938 1684 &
1953 1653 2061 1684 Omnia
2075 1654 2126 1683 alia
2140 1653 2288 1692 Maneria,
2306 1654 2368 1685 Vil—

1297 1690 1354 1729 las,
1373 1690 1495 1729 Terras,
1510 1691 1544 1722 &
1566 1690 1762 1729 Tenementa,
1781 1701 1845 1729 quae
1866 1693 1927 1723 sunt
1951 1692 1987 1722 de
2000 1691 2149 1723 Comitatu
2167 1692 2369 1724 Richemoun-

1298 1730 1369 1768 diae,
1386 1729 1432 1760 vel
1455 1729 1489 1760 ad
1511 1730 1635 1760 eundem
1657 1729 1836 1760 Comitatum
1859 1730 2101 1769 qualitercumque
2123 1732 2279 1770 pertinent,
2298 1741 2368 1762 cum

1299 1769 1435 1798 omnibus
1448 1769 1621 1808 pertinentiis
1634 1769 1685 1799 suis
1693 1794 1702 1807 ,

1339 1807 1358 1826 ²*
1379 1807 1418 1837 Et
1432 1808 1517 1837 etiam
1532 1806 1639 1837 Omnia
1651 1807 1700 1837 alia
1717 1806 1864 1845 Maneria,
1878 1806 1980 1844 Villas,
1992 1806 2095 1838 Terras
2104 1831 2114 1845 ,
2131 1808 2165 1839 &
2177 1806 2368 1848 Tenementa,
2386 1808 2473 1872 ‘8132

2390 1856 2403 1881 5
2427 1855 2442 1882 5
2449 1868 2453 1873 ¹

1299 1854 1366 1883 quae
1380 1845 1457 1875 idern
1474 1844 1621 1876 Dominus
1635 1844 1746 1876 Comes
1761 1846 1845 1876 habet
1862 1847 1892 1875 in
1908 1846 2028 1884 Anglii,

1301 1883 1505 1952 VHABENDA
1525 1892 1570 1914 ET
1590 1884 1761 1914 TENENDA
1782 1884 1903 1922 praefatae
1919 1884 2058 1914 Dominae
2071 1884 2176 1915 Mariae
2191 1884 2226 1915 ad
2239 1885 2371 1917 ToTAM

1333 1930 1421 1952 1TAM
1441 1930 1532 1952 SUAM

1339 1960 1419 1991 Cum
1434 1946 1703 1998 Feodis’Militum‚
1723 1960 1831 1998 Parcis,
1848 1959 2017 1997 Warennis,
2036 1960 2176 2000 Chaceis,
2193 1961 2374 2002 Hundredis,

1300 1998 1414 2030 Visibus
1433 1999 1534 2030 Franci
1558 1999 1665 2039 Plegii,
1681 2000 1784 2036 Feriis,
1804 1998 1955 2037 Mercatis,
1976 1998 2172 2039 Molendinis,
2188 2001 2222 2031 &
2237 2002 2374 2033 omnibus

1300 2037 1358 2067 aliis
1379 2037 1569 2068 Libertatibus
1582 2062 1592 2076 ,
1622 2038 1655 2068 &
1679 2038 1789 2067 Liberis
1811 2036 2083 2075 Consuetudinibus,
2107 2048 2141 2069 ac
2159 2039 2296 2069 omnibus
2317 2041 2374 2071 aliis

1301 2076 1475 2113 pertinentiis
1491 2076 1735 2115 quibuscumque,
1753 2075 1788 2106 ad
1800 2075 1972 2114 praedidtum
1985 2075 2181 2114 Comitatum,
2203 2078 2237 2108 ὃς
2259 2078 2293 2108 ad
2315 2078 2376 2109 Ca-

1303 2114 1375 2153 stra,
1392 2114 1538 2159 Maneria,
1556 2115 1658 2159 Villas,
1677 2114 1798 2152 Terras,
1817 2116 1851 2145 &
1873 2113 2054 2145 Tenementa
2073 2114 2226 2154 praedicta,
2244 2116 2377 2154 qualiter·

1305 2163 1433 2236 cugngqgibe
1445 2152 1957 2230 Εῗεῑῐῑιιὲῗιίῗιῖἓέτζὲξρῗξεὶιῖῗῑιζῗὲέωε
1980 2190 2128 2222 Dominus
2149 2191 2260 2223 Comes
2279 2203 2312 2224 ea
2333 2202 2375 2225 te-

1304 2239 1367 2261 nuit
1389 2231 1524 2270 (exceptis
1545 2229 1750 2268 Nemoribus,
1775 2230 1809 2260 &
1830 2228 2027 2274 Patronatibus
2040 2254 2050 2268 ,
2073 2232 2106 2262 &
2127 2231 2377 2264 Advocationibus

1304 2268 1494 2300 Ecclefiarum
1510 2292 1520 2308 ,
1544 2267 1588 2299 Ca
1609 2268 1724 2299 ellarum
1739 2291 1749 2306 ,
1775 2268 1961 2299 Abbatiarum
1975 2292 1986 2308 ,
2012 2268 2214 2308 Prioratuum,
2239 2270 2376 2309 Hospita-

1305 2308 1392 2352 lium,
1410 2309 1444 2339 &
1457 2308 1572 2338 aliarum
1620 2316 1756 2351 omorum
1769 2306 1975 2351 Religiosarum
1991 2318 2255 2348 quarumcumque,
2274 2319 2307 2340 ac
2320 2320 2379 2341 no-

1305 2356 1385 2377 mine
1404 2348 1438 2377 ὃς
1457 2346 1583 2377 Honore
1603 2345 1747 2384 Comitis3
1765 2355 1830 2384 quae
1850 2345 1927 2376 idem
1952 2344 2098 2378 Dominus
2124 2346 2233 2377 Comes
2256 2347 2324 2386 sibi,
2343 2350 2378 2380 &

1306 2385 1477 2416 Haeredibus
1497 2385 1548 2416 suis
1562 2409 1572 2423 ,
1597 2384 1750 2422 specialiter
1772 2385 1884 2415 retinuit
1899 2407 1910 2424 ,
1937 2384 1971 2415 ὃς
1994 2386 2095 2416 retinet
2130 2386 2165 2416 δε
2185 2386 2304 2417 reservat
2338 2386 2381 2418 fa-

1307 2424 1429 2463 ciendo,
1454 2433 1508 2461 pro
1529 2424 1611 2455 dicio
1631 2422 1768 2454 Domino
1786 2422 1923 2460 Comite,
1946 2423 1981 2453 δε
2003 2409 2175 2454 Haeredibus
2195 2423 2266 2462 suis,
2320 2427 2381 2462 api-

1306 2462 1407 2531 }alibus
1422 2462 1559 2493 Dominis
1573 2462 1597 2493 F
1598 2461 1739 2493 eodorum
1754 2461 1886 2499 illorum,
1902 2461 2020 2493 Servitia
2034 2462 2101 2493 inde
2114 2461 2222 2493 Debita
2243 2463 2279 2493 &
2299 2462 2383 2494 Con-

1338 2511 1353 2531 e
2351 2507 2354 2510 .

1319 2511 1335 2532 u
1345 2510 1400 2578 Iglat}
1415 2549 1469 2577 pro
1484 2538 1568 2571 Mille
1582 2540 1616 2570 &
1630 2538 1813 2578 octingentis
1828 2537 1924 2569 Libris
1936 2538 2162 2578 sterlingorum,
2178 2539 2298 2577 praefato
2315 2539 2383 2571 Do—

1309 2580 1391 2609 mino
1406 2578 1536 2618 Comiti,
1554 2578 1588 2610 ad
1602 2578 1733 2608 ToTAM
1752 2577 1872 2607 VITAM
1892 2585 2000 2615 SUAM,
2021 2587 2070 2615 per
2085 2578 2252 2616 praedieiam
2269 2578 2379 2608 Domi-

1307 2627 1375 2648 nam
1398 2616 1522 2648 Mariam
1545 2618 1701 2648 Annuatim
1727 2615 1883 2654 solvendis,
1900 2615 1935 2646 ad
1960 2616 2093 2654 Qatuor
2114 2617 2191 2647 Anni
2206 2617 2379 2656 Terminos‚

1307 2666 1358 2694 per
1373 2656 1490 2694 aequales
1506 2655 1673 2692 Portiones,
1691 2655 1838 2692 videlicet,

1309 2694 1391 2764 Lssn·
1403 2694 1561 2734 Qindena
1580 2694 1694 2726 Natalis
1714 2693 1840 2724 Domini
1865 2692 2087 2732 Qadringentis
2108 2692 2142 2724 ὃς
2165 2693 2380 2733 Qinquaginta

1339 2745 1347 2763 i
1371 2743 1405 2764 ris

1348 2773 1381 2803 In
1397 2756 1552 2811 Qindenfi
1566 2771 1682 2802 Paschae
1699 2769 1918 2809 Qadringentis
1932 2770 1966 2801 &
1985 2769 2198 2808 Qinquaginta
2214 2769 2326 2809 Libris,

1348 2811 1381 2841 In
1397 2810 1551 2849 Qindenfi
1565 2810 1730 2841 Nativitatis
1743 2809 1841 2840 Sancti
1851 2808 1989 2848 Johannis
2003 2808 2135 2846 Baptistae
2155 2808 2381 2847 Qadringentis

1309 2850 1343 2881 &
1360 2850 1573 2888 Qinquaginta
1587 2848 1699 2886 Libris,
1725 2846 1733 2854 '
1992 2885 1997 2890 Ι

1347 2888 1429 2956 {tgr
1441 2886 1597 2926 Qindenfi
1612 2886 1708 2917 Sandti
1724 2884 1874 2917 Michaelis
1885 2884 2111 2924 Qadrmgentis
2125 2885 2158 2916 &
2176 2885 2378 2926 Qinquagin-

1310 2934 1337 2957 ta
1379 2937 1387 2956 i
1408 2935 1443 2955 ris

1350 2965 1388 2996 Et
1405 2950 1500 2994 sic'de
1522 2963 1610 2994 Anno
1624 2965 1653 2994 in
1668 2962 1804 3000 Annum,
1821 2961 1855 2993 ad
1868 2962 2041 2993 Terminum
2058 2961 2136 2993 Vitae
2149 2961 2274 2993 Comitis
2288 2962 2379 3001 supra-

1311 3004 1397 3042 dicti,
1417 3002 1503 3032 Mille
1516 3003 1549 3033 &
1562 3002 1744 3039 Offingentis
1759 3001 1852 3031 Libris
1868 3000 1969 3031 Sterlin
1989 3011 2093 3040 orum,

1350 3043 1396 3073 Ad
1409 3051 1494 3080 quam
1507 3041 1623 3079 quidem
1638 3041 1834 3078 Solutionem,
1848 3039 1964 3077 praefato
2013 3041 2114 3070 omino
2131 3038 2243 3069 Comiti
2258 3038 2376 3070 Annua-

1313 3077 2378 3157 {cmiii{3513}ssrssffisstips¹i¹3⁵ei¹12⁰s<⁰³i¹ieiissTiissiiefferr‘nnmssssffiTffff'

1313 3159 1390 3188 mina
1405 3156 1498 3187 Maria
1514 3157 1583 3188 Obli
1604 3166 1631 3188 at
1644 3142 1698 3195 Se',
1717 3158 1750 3188 &
1765 3156 1873 3186 Omnia
1888 3155 1967 3186 Bona
1982 3155 2039 3185 sua:
2137 3138 2146 3154 ²

1349 3196 1388 3228 Et
1403 3195 1505 3226 Vuvr
1522 3197 1556 3227 &
1601 3204 1750 3227 oNcEDn·
1763 3195 1897 3232 praedieta
1912 3193 2043 3223 Domina
2058 3192 2150 3223 Maria
2162 3191 2260 3231 quod,
2279 3191 2298 3222 fi
2320 3192 2376 3230 ipsz'i

1311 3236 1343 3265 in
1363 3235 1513 3266 Solutione
1533 3234 1684 3274 praediffiffi,
1703 3236 1731 3264 in
1744 3234 1841 3272 aliquo
1855 3233 2065 3263 Termiiiorum
2080 3230 2304 3274 praedictorum,
2323 3232 2374 3261 de-

1312 3274 1428 3313 fecerit,
1447 3273 1526 3312 quod
1541 3274 1624 3312 absit,
1644 3275 1673 3303 in
1687 3274 1786 3309 Toto,
1804 3271 1850 3302 vel
1862 3272 1891 3300 in
1906 3270 2004 3309 Parte,
2020 3278 2089 3299 tunc
2103 3269 2186 3313 liceat
2204 3269 2288 3313 'didio
2308 3268 2376 3299 Do-

1313 3314 1394 3344 mino
1415 3312 1544 3351 Comiti,
1561 3323 1611 3351 per
1629 3312 1679 3349 Se,
1699 3311 1744 3342 vel
1764 3311 1853 3347 Suos,
1872 3308 1987 3346 Castra,
2007 3308 2153 3346 Manena,
2171 3307 2273 3344 Villas,
2298 3307 2375 3337 Ter-

1311 3363 1372 3389 raS,
1389 3351 1585 3389 Tenementa,
1602 3352 1635 3382 ὃς
1655 3350 1750 3380 Feoda
1772 3348 1921 3386 praedicia,
1945 3357 2013 3377 cum
2034 3345 2374 3390 pertinentiisffilngredi,

1312 3392 1346 3421 &
1362 3390 1405 3420 illa
1419 3390 1566 3420 TENERE
1576 3413 1585 3428 ,
1601 3398 1669 3420 cum
1683 3387 1828 3418 Omnibus
1843 3385 1929 3416 Bonis
1943 3386 1977 3416 ὃς
1992 3384 2122 3422 Catallis,
2140 3385 2169 3426 in
2191 3384 2294 3413 eiidem
2315 3385 2374 3414 exi-

1312 3429 1463 3466 stentibus,
1481 3429 1514 3459 &
1530 3428 1553 3457 F
1555 3428 1650 3458 rudius
1663 3425 1832 3457 eorumdem
1844 3425 2002 3462 percipere,
2015 3424 2048 3454 ὃ(
2060 3424 2095 3452 de
2105 3423 2210 3466 ¹eiidem
2224 3421 2374 3460 disponere

1311 3478 1364 3505 pro
1381 3467 1480 3498 Libito
1495 3467 1561 3504 suo,
1579 3465 1725 3504 quousque
1738 3463 1855 3502 praefato
1871 3462 2005 3492 Domino
2021 3461 2133 3491 Comiti
2153 3459 2188 3489 de
2208 3459 2255 3490 Eo
2289 3460 2372 3499 quod

1310 3506 1347 3536 Ei
1361 3506 1398 3537 fic
1410 3516 1425 3535 a
1438 3514 1514 3536 retro
1526 3505 1624 3542 fuerit,
1640 3503 1762 3541 plenarie
1776 3502 1856 3532 fuerit
1870 3500 2054 3545 satisfactum,
2075 3497 2155 3528 simul
2169 3508 2239 3529 cum
2253 3485 2370 3538 Damp-

1309 3546 1351 3575 nis
1365 3546 1397 3575 ὅ(
1410 3543 1560 3581 Expensis‚
1578 3542 1613 3573 eii
1624 3542 1775 3572 occalione
1788 3539 1922 3570 sustentis.
2027 3576 2033 3581 .

1348 3583 1385 3614 Et
1408 3582 1509 3613 VULT
1529 3582 1562 3612 &
1583 3580 1761 3611 Concssom·
1780 3577 1929 3616 praedistus
1941 3575 2086 3606 Dominus
2100 3574 2226 3613 Comes,
2241 3585 2296 3613 pro
2313 3575 2372 3614 Se,

1309 3623 1343 3654 &
1358 3620 1528 3652 Haeredibus
1543 3620 1610 3657 suis,
1633 3618 1730 3657 quod,
1749 3617 1769 3647 si
1782 3616 1841 3656 Ipsa
1854 3615 1984 3645 Domina
1999 3613 2090 3644 Maria
2103 3613 2196 3651 Ipsum
2210 3615 2368 3652 supervixe-

1307 3662 1359 3730 ΞΡ
1377 3669 1480 3728 eXtL¹¹¹T⁰
1495 3654 1954 3730 eademtpogiffeffiffioaeffffi
1965 3651 2063 3721 00²3ss
2072 3651 2369 3728 ὀἕέἷὲῗὲἲῼζὲἓὲῗί

1340 3709 1410 3729 erras
1475 3707 1595 3727 enemen
2358 3710 2371 3715 ..

1307 3739 1350 3769 tiis
1364 3721 1430 3774 suis:
1449 3735 1481 3766 H
1490 3746 1508 3766 A
1518 3745 1536 3765 B
1545 3745 1562 3765 E
1574 3745 1592 3764 A
1603 3719 1674 3764 T'&
1687 3732 1718 3762 T
1728 3740 1745 3761 E
1757 3739 1779 3761 N
1790 3739 1808 3760 i:
1818 3740 1837 3760 A
1846 3738 1869 3760 Τ
1884 3730 1917 3760 ad
1930 3713 2020 3760 roiam
2035 3730 2121 3759 vitam
2134 3729 2209 3759 suani
2223 3730 2311 3760 libere
2333 3731 2367 3761 &

1307 3766 2279 3844 3⁹sffflsssiii⁶cffaffiisffffligmfisszasssis¹³ffflssssffiz>§Imm
2287 3778 2369 3837 ΡἙΞΖ

1307 3825 1477 3888 trbnatibus,
1496 3850 1529 3880 &
1544 3847 1787 3878 Advocationibus
1801 3845 1951 3884 praediciis)
1966 3843 2098 3888 faciendo
2112 3844 2220 3883 semper
2232 3830 2368 3883 Capitali-

1307 3892 1359 3921 bus
1373 3889 1508 3920 Dominis
1522 3887 1545 3917 F
1547 3887 1688 3917 eodorum
1700 3885 1815 3916 illorum
1830 3884 1961 3921 Servitia,
1977 3882 2046 3914 inde
2060 3881 2167 3914 Debita
2181 3884 2215 3915 &
2237 3883 2366 3915 Consue-

1308 3937 1352 3968 ta,
1368 3938 1398 3959 ut
1415 3926 1582 3966 predictum
1596 3925 1647 3955 est.
2107 3960 2114 3966 ι

1346 3967 1373 3999 V
1380 3976 1403 3997 υ
1412 3975 1433 3996 L
1443 3974 1465 3996 T
1480 3966 1562 3995 etiam
1574 3965 1608 3994 &
1622 3962 1651 3993 C
1659 3973 1679 3993 o
1689 3970 1713 3993 N
1722 3972 1739 3994 c
1748 3971 1766 3992 E
1775 3970 1815 3992 DI
1823 3969 1847 3991 τ
1859 3959 2010 4000 praedictus
2022 3959 2167 3992 Dominus
2178 3960 2289 3992 Comes
2296 3984 2304 3999 ,
2311 3969 2366 3998 pro

1308 4007 1362 4044 Se,
1379 4007 1413 4037 &
1433 4002 1604 4035 Haeredibus
1623 4001 1692 4040 suis,
1709 4001 1788 4040 quod
1808 3999 1942 4038 praedicta
1962 3998 2093 4030 Domina
2115 3999 2222 4038 Maria,
2239 4009 2289 4037 per
2310 3999 2365 4034 Se,

1309 4047 1343 4077 &
1364 4045 1451 4082 Suos,
1478 4043 1597 4073 nomine
1618 4040 1741 4080 ejusdem
1760 4038 1862 4069 Mariae
1881 4037 2026 4069 HABEAT
2045 4038 2079 4070 &
2097 4035 2364 4079 Pmcmmltota

1308 4083 1377 4114 Vita
1397 4081 1443 4113 sua
1461 4082 1490 4111 in
1512 4079 1694 4111 Nemoribus
1714 4077 1852 4117 praedietis
1873 4076 2068 4108 ESTovER
2079 4087 2090 4107 1
2101 4087 2121 4107 A
2136 4078 2198 4114 sua,
2216 4074 2364 4112 videlicet,

1309 4122 1494 4155 Housnom
1517 4121 1551 4152 &
1570 4118 1753 4156 Herum-13,
1771 4125 1907 4157 quantum
1929 4115 2040 4148 neceffi:
2060 4115 2142 4157 fuerit
2154 4123 2208 4153 pro
2222 4112 2368 4181 Sustffirra}
