2562 4279
161 101 215 142 86

11 271 87 303 Arm·
103 268 144 300 D·
162 276 210 308 De
223 277 337 323 gratiis
350 300 360 317 ‚
389 268 574 307 venientibus
589 276 692 300 contra
707 267 803 298 Scotos
830 266 861 296 in
880 262 1049 310 obsequium
1068 261 1154 305 Regis
1167 283 1176 299 ‚
1201 258 1232 288 in

15 316 124 375 *¹13¹5·
543 314 696 350 Hibernia
712 310 850 356 concffs.

11 362 48 376 ui
59 359 87 374 v.
99 357 124 374 2.

11 390 64 414 An.
74 395 102 420 9.

11 428 42 453 F..
64 433 89 450 2.

82 462 100 490 d
166 407 293 464 REX
313 407 462 442 omnibus,
478 402 512 433 ad
531 411 618 439 quos,
634 400 696 431 &c.
711 399 831 431 salutem.

43 463 81 491 Ibi
101 482 108 490 .

257 446 355 477 Sciatis
368 443 464 483 quod,
482 441 553 471 cum
573 439 670 477 Scoti,
685 438 803 469 Inimici
821 437 855 468 &
873 434 1001 466 Rebelles
1016 430 1103 462 nostri
1115 469 1119 472 γ
1133 437 1231 460 terram

167 484 288 517 nostram
304 482 466 518 Hiberniae,
482 489 569 509 manu
582 477 675 508 hostili
697 477 759 508 sunt
773 474 904 514 ingressi,
927 472 987 509 &c.
1000 477 1081 510 prout
1110 476 1175 507 upra
1191 464 1233 505 uJI

167 536 216 565 que
229 523 286 552 haec
299 521 402 558 verba,
415 522 476 548 viz.
1117 546 1121 551 ἰ
1204 544 1209 549 .

206 562 224 581 ²*
245 560 327 590 Dum
345 568 438 589 tamen
456 556 515 594 illi,
532 555 631 594 quibus
649 553 806 593 hujusmodi
832 552 928 590 gratiae
952 550 1036 580 faetae
1055 547 1178 580 fuerint,
1202 552 1232 572 in

167 600 331 638 obsequium
348 595 599 633 nostrum‚contra
618 593 710 624 dictos
725 592 861 624 Inimicos
875 583 1232 626 nostros,proficiscantur,

167 640 201 670 ὅ(
219 640 248 668 in
268 636 369 667 eodem
386 634 522 672 obsequio
540 641 684 663 morentur
700 655 709 670 ,
733 638 814 670 prout
832 627 960 667 praedicti
979 649 989 664 ,
1020 620 1184 664 Edmundus
1199 619 1232 650 δεῖ

162 677 319 716 johannes,
335 682 369 704 ex
388 681 462 710 parte
481 671 571 703 nostra
587 671 715 702 duxerint
733 667 935 700 ordinandum:
948 665 1038 696 eidem
1053 661 1177 702 Johanm
1192 666 1234 688 te-

167 724 235 747 nore
254 712 431 750 praesentium
450 710 562 749 plenam
577 710 783 741 committimus
800 705 981 745 potestatem,

200 752 305 782 Rarum
314 774 325 789 ,
344 748 405 785 &c.
423 757 454 779 ut
467 749 565 790 sicpra.

200 790 235 821 In
255 790 352 828 cujus,
371 789 432 820 &c.

38 569 54 586 ὅ
73 570 127 596 111.

48 617 115 644 533·

199 866 288 899 Teste
304 875 334 897 ut
349 864 437 904 supra,

805 901 858 929 Per
875 896 956 938 ipfiaem
974 898 1078 932 Regem.

226 1035 276 1067 De
299 1029 454 1075 Ministris
471 1033 502 1063 in
523 1027 673 1063 Hibernia
684 1053 694 1069 ,
712 1029 811 1059 minus
829 1023 937 1057 idoneis
950 1048 960 1064 ‚
989 1015 1172 1053 amovendis.

12 1129 87 1160 Ann.
105 1127 146 1159 D.

32 1175 118 1208 1315.

12 1212 66 1235 An.
89 1215 116 1244 9.

12 1250 42 1274 Ε.
60 1255 87 1272 2.

48 1283 114 1312 Ibid.

170 1117 299 1174 REX
324 1117 474 1155 omnibus,
487 1115 519 1146 ad
534 1125 621 1153 quos,
637 1114 698 1144 &c.
716 1111 836 1143 salutem.
1113 1143 1118 1147 Ι

264 1156 362 1187 Sciatis
379 1155 476 1194 quod,
493 1155 563 1184 curn
581 1162 633 1191 pro
651 1151 761 1181 divertis
780 1149 870 1179 arduis
889 1147 923 1177 ὅ(
941 1142 1132 1184 urgentissimis
1147 1149 1237 1175 nego-

170 1199 232 1234 tiis,
247 1205 297 1225 nos
315 1195 349 1225 &
367 1193 467 1224 statum
484 1201 562 1223 terrae
578 1190 681 1221 nostrae
700 1188 847 1220 Hiberniae
864 1185 1059 1221 tangentibus,
1074 1182 1102 1211 in
1121 1179 1239 1217 piaesen-

169 1238 208 1274 ti,
229 1233 367 1263 dileetum
386 1231 535 1262 Clericum
553 1229 681 1260 nostrum
697 1227 857 1266 johannem
874 1224 910 1254 de
926 1222 1075 1257 Hothum,
1099 1219 1133 1249 ad
1151 1225 1240 1256 partes

167 1273 315 1305 Hiberniae
333 1270 517 1302 destinemus:

206 1312 293 1349 Nos,
310 1309 477 1340 attendentes
495 1306 592 1346 quod,
606 1315 654 1343 per
670 1303 803 1343 quosdam
823 1299 971 1332 Ministros
989 1296 1099 1328 nostros
1116 1295 1237 1333 partium

170 1351 280 1382 illarum
289 1372 299 1387 ,
315 1349 427 1388 negotia
440 1346 533 1377 nostra
547 1345 654 1375 ibidem
666 1353 743 1382 ,non
760 1342 815 1372 line
829 1340 910 1378 gravi
923 1339 1051 1375 dampno
1064 1334 1179 1372 nostro,
1190 1333 1239 1363 de·

169 1396 285 1430 pereunt
299 1388 350 1418 hiis
361 1386 476 1423 diebus,

211 1427 254 1457 Ac
269 1427 305 1457 de
326 1424 455 1455 fidelitate
468 1424 501 1455 &
517 1420 773 1458 circumspee'tione
788 1415 906 1456 providfi
917 1414 1023 1454 praefati
1033 1412 1167 1453 Johannis
1181 1411 1240 1448 spe—

168 1466 275 1498 cialiter
284 1463 455 1495 confidentes
462 1485 472 1500 ,

210 1504 257 1536 Ad
271 1501 465 1534 amovendum
475 1523 484 1538 ,
496 1499 531 1529 de
547 1496 693 1535 Consilio,
707 1495 805 1526 dilecti
827 1494 860 1525 &
873 1492 959 1523 fidelis
974 1490 1080 1527 nostri,
1094 1486 1241 1519 Edmundi

169 1544 196 1575 le
217 1539 510 1579 Botiller,Justiciarii
527 1536 615 1567 nostri
630 1544 714 1566 terrae
728 1533 891 1571 praediehe,
914 1532 947 1562 ὃς
968 1530 1090 1561 aliorum
1107 1526 1143 1557 de
1160 1525 1240 1556 Con—

171 1582 238 1613 cilio
254 1580 352 1611 nostro
369 1578 475 1608 ibidem
484 1600 494 1615 ,
506 1586 576 1614 quos
591 1574 682 1605 dietus
692 1573 835 1611 Johannes
849 1570 955 1600 duxerit
967 1566 1129 1599 evocandos
1144 1588 1154 1603 ,
1178 1563 1239 1594 Mi-

171 1620 272 1652 nistros
285 1617 394 1648 nostros
415 1617 443 1647 in
467 1624 536 1646 terra
551 1613 684 1652 praedicta
701 1612 792 1642 minus
814 1609 950 1646 idoneos,

210 1658 245 1690 Et
263 1657 298 1688 ad
316 1656 400 1694 alios,
419 1655 509 1692 magis
523 1652 658 1689 idoneos,
678 1650 746 1680 loco
765 1647 1015 1683 amovendorum,
1033 1640 1241 1679 subrogandos,

172 1696 291 1736 praefato
301 1695 444 1734 Johanni,
458 1701 554 1724 tenore
572 1689 763 1729 praesentium,
775 1687 887 1726 plenam
899 1685 1110 1717 committimus
1123 1679 1242 1719 potesta-

170 1745 236 1767 tem.

207 1774 242 1805 Iri
260 1773 356 1811 cujus,
370 1771 430 1802 &c.

208 1848 297 1882 Teste
316 1855 346 1880 ut
362 1848 449 1885 supra.

808 1883 860 1912 Per
879 1879 961 1921 ipfiaem
979 1880 1084 1916 Regem.

219 2024 269 2055 De
295 2022 490 2054 Bannimemo
516 2016 743 2060 Flandrenfium
763 2010 932 2060 secundum
948 2009 1089 2055 formam
1113 2008 1198 2053 pacis

631 2067 775 2100 Franciae.

173 2158 252 2216 LE
269 2157 330 2189 Roi
352 2165 381 2187 as
399 2154 569 2187 Viscountes
587 2153 623 2185 de
642 2151 787 2191 Londres,
801 2149 882 2183 filuz.

265 2197 322 2228 Pur
336 2205 390 2226 ceo
412 2204 484 2234 que,
499 2204 535 2224 en
550 2193 588 2222 les
600 2192 759 2223 Alliaunces
794 2191 871 2221 faites
885 2196 962 2219 entre
975 2187 1036 2217 Sire
1050 2181 1104 2215 Ph.
1116 2181 1243 2220 nadgue-

175 2249 216 2270 tes
237 2236 298 2267 Roi
315 2235 351 2265 de
371 2233 496 2270 France,
515 2242 531 2262 e
550 2230 645 2261 nostre
659 2229 746 2260 Chier
765 2214 865 2268 fiere,
884 2237 938 2266 que
951 2225 1040 2256 Dieus
1054 2222 1178 2259 affoille,
1191 2230 1243 2258 pur

176 2287 240 2314 eus,
254 2285 270 2305 e
285 2284 335 2312 pur
350 2272 408 2301 leur
424 2270 527 2307 Heia,
542 2270 575 2300 &
590 2269 647 2299 leur
661 2268 839 2298 Successours
854 2265 909 2304 (les
922 2264 1013 2302 queles
1027 2263 1186 2292 Alliaunces
1199 2259 1244 2288 fu-

175 2323 235 2346 rent
245 2337 254 2351 ‚
267 2323 283 2343 e
296 2312 358 2341 sont
370 2307 500 2339 affermes
511 2307 596 2338 d’une
610 2315 670 2344 part
684 2306 718 2336 &
732 2303 852 2342 d’autre)
869 2303 909 2333 est
929 2310 1055 2332 contenti
1070 2309 1124 2337 que
1137 2299 1193 2328 l'un
1207 2307 1242 2327 ne

176 2360 302 2389 receptra
330 2358 366 2378 ne
378 2346 535 2384 sustendra,
548 2355 584 2375 ne
600 2343 743 2374 confortra
759 2367 768 2382 ,
792 2353 828 2373 ne
853 2342 911 2372 fera
935 2339 1054 2371 confort
1077 2348 1113 2367 ne
1133 2336 1194 2366 aide
1215 2345 1242 2365 as

175 2391 280 2422 enemis
315 2398 330 2417 e
342 2387 437 2416 l'autre
450 2407 459 2423 ‚
483 2394 519 2414 ne
539 2382 640 2413 seoffra
661 2383 699 2420 qil
722 2384 797 2412 eient
819 2380 958 2416 comfort,
974 2378 1101 2414 socours,
1115 2385 1151 2405 ne
1165 2373 1243 2411 eide,

174 2431 222 2461 seit
244 2429 279 2459 de
296 2426 396 2456 Gentz.
409 2424 556 2460 d’Armes,
577 2431 616 2451 ou
632 2420 667 2450 de
685 2420 817 2457 viraines,
829 2429 868 2449 ou
883 2418 999 2448 d'autres
1014 2414 1128 2451 choses,
1151 2412 1243 2451 queles

175 2469 257 2510 q'eles
273 2466 377 2501 soient,
393 2462 428 2492 de
442 2461 479 2491 ses
494 2470 591 2498 terreS,
605 2470 640 2489 ne
663 2459 699 2488 de
718 2458 767 2488 son
782 2458 871 2496 Poer,

217 2506 282 2537 Mes
296 2501 429 2534 defendra
439 2523 448 2538 ,
462 2499 503 2529 sur
521 2501 602 2537 peine
616 2498 652 2527 de
666 2496 801 2527 forfeture
819 2496 854 2526 de
876 2505 956 2532 cors,
969 2504 985 2523 e
998 2492 1034 2523 de
1048 2492 1127 2522 avoir
1136 2500 1168 2528 ,e
1183 2498 1244 2519 em-

176 2545 307 2584 peschera
320 2553 336 2571 a
348 2548 411 2570 tout
425 2540 473 2569 son
490 2538 561 2567 Poer
576 2537 726 2573 liaument,
744 2546 779 2565 en
802 2535 877 2564 bone
892 2533 952 2570 foi,
976 2542 1029 2569 que
1050 2530 1087 2560 les
1101 2529 1162 2559 ditz
1177 2538 1245 2558 ene-

178 2585 233 2614 ruis
250 2593 286 2612 ne
303 2580 376 2610 soint
395 2585 541 2617 receptez,
556 2585 591 2605 ne
607 2574 758 2605 confortez
773 2583 800 2603 es
821 2582 903 2603 terres
922 2571 959 2600 de
973 2571 998 2600 sa
1020 2569 1184 2605 Seignurie‚
1207 2576 1243 2596 ne

176 2623 211 2652 de
225 2621 275 2651 son
289 2619 382 2655 Poer,
405 2626 441 2646 ne
455 2615 527 2653 qu’el
549 2613 650 2643 n‘aient
670 2611 787 2642 confort
801 2634 811 2649 ,
833 2611 946 2641 socours
959 2632 968 2646 ,
993 2618 1028 2638 ne
1050 2607 1129 2645 aide,
1149 2606 1195 2635 seit
1209 2605 1245 2634 de

173 2661 273 2690 Gentz
290 2657 434 2693 d’Armcs,
445 2654 492 2684 des
506 2652 649 2689 Chivaux‚
664 2650 832 2688 d’Armure,
849 2649 896 2679 des
911 2647 1025 2679 vitailles
1039 2669 1048 2684 ,
1072 2655 1109 2675 ou
1131 2644 1246 2675 d’autres

177 2698 290 2735 choses,
305 2694 397 2734 queles
417 2692 499 2731 q'eles
510 2691 614 2721 soient:

214 2736 251 2767 Et
272 2745 326 2774 que
338 2733 395 2763 l'un
409 2742 444 2761 ne
463 2739 588 2767 receptra
606 2728 644 2758 les
663 2729 779 2757 banniri.
799 2726 837 2757 du
853 2725 996 2756 Roiaume
1012 2723 1123 2760 l'autre,
1147 2732 1184 2751 ne
1207 2721 1246 2751 les

177 2773 276 2807 seoffra
291 2785 306 2804 a
323 2779 447 2808 receptet
461 2779 496 2799 en
513 2768 550 2798 ses
564 2776 658 2804 terres,
671 2776 707 2796 ne
721 2776 756 2796 en
769 2766 818 2796 son
834 2764 906 2795 Poer
924 2776 933 2803 3
948 2765 1014 2794 einz
1036 2762 1074 2792 les
1092 2762 1132 2791 fra
1145 2759 1244 2791 vuider

178 2813 289 2845 dedenz
311 2816 437 2848 qaraunte
448 2808 538 2846 jours:

215 2851 252 2882 Et
270 2847 405 2881 tresnoble
420 2846 540 2883 Prince,
557 2855 573 2875 e
595 2843 688 2886 nostre
709 2842 827 2874 tresclier
840 2841 930 2879 frere,
945 2840 1004 2870 Sire
1025 2839 1145 2878 Lowys,
1164 2847 1179 2867 a
1195 2845 1246 2867 ore

178 2890 238 2922 Roi
252 2889 288 2920 de
302 2888 505 2923 France‚nous
520 2885 557 2914 ait
572 2882 680 2918 sigm'he
696 2892 749 2919 que
764 2881 801 2912 les
815 2880 904 2912 Genz
923 2879 958 2910 de
980 2876 1107 2908 Flaundr.
1130 2877 1192 2907 sont
1209 2874 1247 2905 ses

179 2929 304 2965 enemis,
316 2937 332 2957 e
347 2924 452 2955 banniz
467 2922 501 2952 de
519 2921 569 2952 son
584 2920 739 2951 Roiaume:

216 2966 316 3003 Nous,
334 2963 468 2994 voillaunt
483 2960 552 2990 faire
567 2983 577 2997 ,
599 2970 634 2990 en
657 2958 732 2989 ceste
752 2959 835 2996 partie
850 2980 860 2996 ,
883 2966 937 2987 ceo
966 2965 1019 2994 que
1041 2953 1109 2984 faire
1128 2953 1248 2983 devoms

178 3006 269 3038 solom
284 3005 309 3034 la
323 3003 417 3033 forme
432 3001 479 3031 des
491 2999 649 3028 Alliaunces
664 2996 848 3033 avauntditeS,
860 3005 930 3025 vous
944 2993 1130 3029 maundoms,
1144 2991 1248 3021 ferme-

183 3052 262 3075 mcnt
277 3042 458 3080 enjoignantz
475 3061 484 3076 ,
510 3047 564 3075 que
586 3046 657 3066 vous
677 3035 767 3065 facetz
789 3036 860 3065 crier
875 3044 891 3063 e
906 3032 1015 3071 publier
1028 3041 1065 3061 en
1080 3029 1175 3060 nostre
1188 3029 1247 3060 dite

182 3082 250 3112 Cite
267 3081 302 3112 de
324 3078 484 3115 Loundres,
499 3086 552 3114 que
568 3083 646 3105 toutl.
663 3073 831 3112 Fleniengs,
846 3072 970 3109 cnemis,
985 3071 1017 3101 &
1031 3070 1136 3099 banniz
1149 3067 1192 3098 del
1207 3068 1247 3098 dit

182 3120 245 3151 Roi
265 3119 300 3150 de
324 3119 430 3148 France
443 3139 452 3154 ,
483 3114 525 3145 sur
549 3113 664 3143 forferur
688 3111 723 3142 de
745 3122 824 3150 cors,
844 3121 860 3140 e
875 3110 990 3147 davoir,
1018 3107 1134 3138 vuident
1155 3106 1248 3136 nostre

177 3154 325 3190 'Roiaume
344 3156 466 3186 dedentz
481 3160 592 3192 qarante
603 3152 661 3189 jors
680 3160 758 3188 apres
780 3150 804 3180 la
828 3148 908 3179 Feste
930 3147 975 3178 del
996 3146 1150 3177 exaltacion
1168 3145 1204 3176 de
1222 3144 1248 3174 la

182 3197 262 3228 Seint
280 3195 382 3226 Croitz
401 3193 544 3224 Procliein
564 3191 674 3220 avenir:

220 3234 247 3265 E
262 3244 316 3272 que
335 3232 382 3263 nul
399 3231 435 3261 de
453 3229 545 3260 nostre
563 3228 720 3266 Roiaume,
735 3237 772 3258 ne
788 3227 824 3257 de
840 3224 934 3256 nostre
952 3223 1091 3261 Poer,sur
1109 3222 1133 3252 la
1149 3221 1248 3252 forfei-

183 3282 243 3304 ture
262 3270 438 3308 avauntdite,
456 3269 517 3299 face
533 3278 548 3297 a
565 3267 590 3297 le
608 3266 897 3304 Flemings,enemis,
915 3273 931 3293 e
951 3263 1048 3292 bannis
1064 3260 1109 3291 del
1126 3260 1167 3290 dit
1187 3259 1249 3290 Roi

185 3313 221 3343 de
239 3312 261 3342 F
263 3320 364 3348 rance,
385 3307 517 3345 confort,
533 3305 662 3343 socours,
677 3315 712 3335 ne
728 3304 800 3334 Aide
822 3303 857 3333 de
882 3301 981 3332 Gentz
999 3300 1128 3329 d'Armes
1140 3322 1149 3337 ,
1176 3297 1250 3327 Chi-

188 3360 274 3388 vaux,
289 3357 414 3386 armure,
426 3345 546 3381 vitailes,
561 3354 596 3374 ne
611 3344 726 3373 d'autres
739 3341 852 3380 choses,
863 3339 954 3379 queles
967 3338 1047 3377 q'eles
1062 3337 1165 3375 soient,
1180 3346 1251 3367 con-

186 3396 226 3418 tre
241 3389 265 3419 la
280 3387 373 3418 forme
385 3386 433 3416 des
448 3383 586 3414 Alliances
605 3382 769 3411 avantdites:

227 3425 263 3456 Et
285 3436 339 3456 ceo
355 3435 390 3455 ne
409 3422 494 3454 lessez
506 3431 541 3452 en
556 3420 620 3451 mile
635 3429 758 3450 manere:

230 3463 265 3493 Et
287 3463 355 3493 n'est
378 3464 435 3493 mie
449 3460 541 3492 nostre
562 3459 713 3489 entencion
734 3467 788 3495 que
810 3455 896 3486 cestes
924 3452 1020 3484 choses
1043 3452 1206 3484 s’estendent
1227 3461 1255 3482 as

193 3500 482 3539 Flemeng8,maries,
496 3510 511 3530 e
525 3499 691 3529 demorantz
706 3506 741 3526 en
757 3495 848 3526 nostre
865 3493 1015 3523 Roiaume.

19 2166 95 2198 Ann.
111 2165 151 2196 D.

39 2213 123 2245 1315.

18 2247 72 2272 An.
87 2254 114 2278 9.

18 2287 51 2310 E.
68 2292 93 2310 2.

20 2321 106 2358 Claus.
126 2330 154 2356 9.

18 2364 50 2387 f..
68 2369 94 2387 2.
114 2369 151 2387 m.

21 2398 101 2434 ²5.d.

228 3576 310 3608 Don.
329 3587 344 3606 a
361 3576 484 3615 Nicole,
499 3576 525 3607 le
540 3584 648 3614 premet
661 3574 724 3612 jour
736 3568 738 3571 ’
749 3572 785 3602 de
803 3570 976 3608 Septembre.

231 3614 352 3646 Autieles
366 3615 472 3646 Lettres
486 3615 546 3646 sont
562 3614 680 3645 enveiez
695 3623 709 3640 :i
730 3610 868 3642 chescune
885 3607 1038 3639 Viscounte
1057 3604 1258 3643 d’Engleterre.

41 3708 58 3724 '¹'
77 3706 131 3734 111.

43 3753 111 3780 534·

42 3779 171 3813 Amul).
238 3752 265 3778 δὲ
293 3752 350 3786 Ad
369 3754 542 3786 Cardimiles
563 3751 782 3798 deprecatorie,
805 3761 859 3796 pro
875 3760 950 3780 novo
968 3749 1050 3792 Papa
1068 3742 1208 3791 eligendo.

250 3837 390 3882 Enerabili
407 3838 435 3867 in
454 3837 569 3868 Christo
594 3836 667 3867 Patri
683 3858 693 3873 ,
718 3834 852 3865 Domino

45 3902 76 3926 E·
98 3907 123 3924 ,υ
269 3876 359 3906 stienn
375 3876 407 3905 &
423 3875 574 3918 Veletrenfi
590 3874 747 3917 Episcopo,
760 3874 864 3916 'amico
881 3872 928 3901 suo
943 3868 1088 3900 cariffimo
1103 3889 1114 3906 ,

131 3933 165 3968 &-
193 3916 265 3984 dua
275 3913 525 3984 {sinistris
542 3908 1001 3980 tiisssrsflsissenssi0ifftstsit
1020 3954 1043 3976 ff
1087 3943 1111 3974 P
1129 3943 1201 3974 a..
1226 3942 1259 3973 ἃ

46 3978 130 4040 fr'm9'
138 3977 183 4040 ξ’
199 3964 337 4027 Antoenius
352 3989 497 4028 Peffaigne
513 3973 547 4019 <ie
557 3988 643 4027 Janua
653 3990 733 4027 (quos
746 3959 856 4020 nosstros
868 3957 995 4024 speciales
1003 3954 1142 4016 eNgIsmgs
1154 3981 1187 4014 ad
1202 3965 1261 4018 v'0s‚

974 3831 1031 3861 Dei
1051 3828 1187 3897 gradirssd
1195 3826 1259 3858 Ho-

1189 3875 1259 3896 war-

549 72 1976 139 CONVENTIONE83L1TERAE3

1277 165 1311 196 &
1320 165 1463 209 *quosdam
1477 165 1545 197 alios
1560 163 1637 195 Sacri
1653 163 1780 202 Coilegii
1795 161 1955 193 Cardinales
1973 154 2175 192 destinavimus
2198 166 2268 192 eum
2281 161 2343 194 Lit-
2358 151 2435 184 Ann.
2448 153 2490 187 D.

1276 213 1338 234 teris
1351 204 1450 246 nostris
1465 204 1500 235 de
1508 203 1659 234 Credentia
1670 203 1750 241 super
1765 202 1908 232 creatione
1922 199 2008 240 Papae
2021 198 2117 236 futuri,
2124 207 2259 237 quantum
2274 211 2343 232 cum
2381 201 2465 233 13¹5·

1276 242 1344 273 Deo
1357 244 1446 281 posset
1459 242 1537 281 fieri,
1551 242 1584 272 &
1599 250 1681 279 prout
1697 243 1726 271 in
1740 248 1810 271 voto
1825 241 1966 277 gerimus,
1980 236 2153 275 festinanda)
2171 239 2255 269 nobis
2274 239 2343 271 viva
2362 233 2429 261 Edv.
2447 241 2474 262 2·

1275 291 1350 325 voce
1362 281 1485 312 seriosius
1501 280 1666 319 retulerunt,
1680 278 1759 319 quod
1775 278 1864 317 ipsos,
1879 279 1913 309 &
1931 276 2059 307 nostrum
2073 276 2246 315 Nuncium,
2262 278 2344 309 vobis

1275 330 1325 357 per
1342 320 1413 357 ipsos
1430 318 1586 357 expofitum
1595 319 1803 357 ,consolatione
1817 316 1910 348 vultsis
1924 315 2024 346 hillaris
2037 314 2242 353 adinisrstis‚&
2255 325 2343 354 expo-

1275 366 1387 402 nentes,
1399 368 1432 388 ac
1448 357 1569 395 exposita
1585 358 1725 395 gratiosius
1738 355 1879 387 audivistis
1890 367 1893 369 ·
1903 354 2052 385 adicientes
2067 353 2160 392 quod,
2179 354 2257 384 circa
2270 364 2342 392 prae-

1275 395 1353 426 miffa
1362 420 1372 435 ,
1383 406 1434 440 pro
1448 396 1557 440 honore
1573 395 1649 435 Dei,
1662 396 1695 427 &
1711 395 1873 425 exaltatione
1881 378 2014 424 Ecclesiae
2029 392 2196 430 Militantis,
2209 403 2242 423 ac
2255 403 2340 424 com-

1275 435 1366 465 tnodo
1381 443 1466 465 totius
1479 433 1543 464 fidei
1558 432 1905 471 ortliodoxae,secundum
1918 433 2036 469 gratiam
2049 431 2085 461 de
2100 431 2220 469 superius
2235 432 2341 471 datam,

1274 482 1393 516 omnem
1409 472 1584 516 diligentiam
1605 472 1777 511 apponeretis
1792 471 1825 501 &
1839 480 1958 508 operam
1971 469 2135 500 efficacem:
2156 469 2248 510 unde,
2269 480 2340 502 con-

1275 518 1379 541 tinuata
1392 511 1552 555 hujusmodi
1567 511 1708 542 voluntate
1726 508 1913 547 sandiificata,
1934 519 1949 539 a
1970 507 2038 538 Deo
2052 509 2232 547 condignum
2251 512 2337 541 meri-

1273 557 1335 593 tum
1350 548 1496 619 affeffiglni
1511 549 1610 581 vestrae
1629 550 1746 580 retribui
1762 547 1936 586 quaesumuS,
1956 547 1989 578 &
2002 547 2085 578 vobis
2098 548 2133 579 ad
2149 557 2240 587 grates
2251 548 2337 580 affur-

1271 597 1363 627 gimus
1387 596 1450 625 peci
1477 598 1514 619 es.

1311 626 1423 657 Verum
1442 628 1505 665 quia
1520 635 1554 656 ex
1568 626 1660 664 tanta,
1670 627 1703 657 &
1718 626 1775 656 tam
1792 623 1927 662 longaeva
1941 625 2090 655 vacatione
2105 625 2217 657 Sanitae
2231 626 2345 659 Roma-

1276 675 1321 695 nae
1334 664 1484 709 Ecclesiae,
1501 664 1601 695 Matris
1614 664 1730 703 nostrae,
1752 663 1840 694 Terra
1861 663 1976 702 Sancta,
1995 662 2149 694 Haereditas
2170 665 2264 696 nostra
2310 672 2344 696 ex

1276 712 1416 733 creatione
1438 703 1523 734 futuri
1540 703 1654 746 Summi
1673 701 1834 739 pontificis,
1848 702 2024 740 expectando
2036 702 2206 741 adjutorium
2222 714 2264 735 mt
2281 714 2344 736 tum

1276 741 1369 783 dolet,
1384 742 1513 786 membra
1533 743 1615 779 ipsius
1636 741 1785 779 Eccleiiae,
1800 740 1871 770 dieti
1892 739 2011 771 Pastoris
2031 740 2145 771 Summi
2165 741 2260 773 solatio
2283 753 2345 774 non

1275 780 1384 810 suffulta
1394 803 1403 819 ,
1416 781 1533 823 titubare
1545 780 1706 817 contingit,
1721 780 1771 817 &,
1787 779 1864 817 quod
1879 778 2034 810 dolendum
2050 779 2108 818 est,
2128 780 2246 818 populus
2268 783 2297 812 in
2319 782 2347 813 se

1278 827 1436 862 mur-murat>
1450 820 1483 849 ὅ(
1500 818 1626 855 divulgat
1639 820 1733 856 quod,
1749 817 1842 847 Mater
1854 817 1948 847 nostra
1955 817 2150 855 ,Sacrosanrsta
2167 818 2301 850 Romana
2311 821 2346 852 &

1278 856 1450 901 Universalis
1463 856 1602 895 Ecclesia,
1617 867 1664 895 per
1680 866 1780 894 quam,
1794 854 1908 886 Pastore
1920 856 2015 886 eidem
2031 855 2216 896 Praesidente,
2238 858 2269 888 in
2290 857 2347 890 fide

1278 895 1531 939 dirigihsperarn-us,
1543 904 1577 925 ex
1590 896 1648 925 tam
1666 893 1819 932 dampnosa
1834 895 1984 926 vacatione
2004 895 2126 933 ejusdem
2142 895 2264 927 Pastoris
2277 896 2346 928 sola-

1276 942 1318 964 tio
1336 933 1525 964 miserabiliter
1536 933 1681 964 desolatur.

1316 971 1510 1003 paternitatem
1527 971 1646 1003 vestram
1664 970 1822 1002 affeetuofis
1846 971 1975 1008 precibus
1999 972 2028 1001 in
2050 971 2187 1004 Domino
2214 973 2348 1012 depreca-

1278 1021 1359 1048 mur,
1375 1012 1501 1054 quatinus
1517 1010 1551 1041 ad
1571 1010 1670 1041 Deum
1688 1009 1918 1046 omnipotentem
1975 1010 2053 1047 cujus
2081 1010 2176 1049 sponsa
2223 1012 2348 1044 Ecclesia

1277 1049 1398 1093 Sanita,
1412 1059 1443 1079 in
1467 1050 1544 1080 terris
1561 1048 1694 1087 fluetuat,
1713 1048 1747 1078 &
1765 1046 1800 1077 ad
1818 1047 1897 1084 ipsius
1916 1031 2050 1077 Ecclesiae
2062 1035 2230 1081 Pastoralem
2245 1051 2347 1082 conso-

1279 1087 1413 1132 lationem
1433 1089 1567 1119 intuitum
1585 1087 1749 1125 dirigentes,
1761 1085 1854 1115 eidem
1870 1085 1956 1116 Matri
1977 1085 2082 1117 nostrae
2096 1087 2133 1117 de
2147 1088 2195 1118 tali
2214 1088 2331 1122 Pastore

1281 1137 1329 1171 qni
1347 1127 1519 1170 affurnptum
1537 1126 1635 1156 Terrae
1657 1125 1769 1156 Sanctae
1782 1123 1928 1168 praedioae
1943 1126 2094 1161 negotium
2111 1135 2277 1164 promovere
2314 1114 2348 1161 ὃῖ

1280 1173 1352 1196 inter
1368 1164 1557 1207 ChristiaiiOS,
1567 1166 1671 1202 guerris
1687 1165 1721 1195 ὃς
1739 1163 1917 1193 seditionibus
1933 1163 2093 1203 subdudtis,
2103 1175 2202 1202 pacem
2219 1167 2252 1197 &
2265 1152 2348 1199 ut’iio-

1279 1213 1346 1234 nem
1358 1207 1520 1248 'contovere
1535 1203 1684 1241 desideret,
1702 1212 1771 1233 cum
1792 1201 1930 1232 celeritate
1944 1201 2090 1233 desiderata
2106 1203 2232 1234 studeatis
2262 1216 2351 1244 quan-

1280 1251 1340 1285 tum
1356 1253 1384 1272 in
1407 1243 1489 1273 vobis
1509 1242 1549 1272 est
1562 1265 1570 1280 ,
1602 1241 1767 1280 providere,
1785 1241 1818 1272 ὃς
1836 1238 1996 1270 Confratres
2014 1240 2134 1280 vestros,
2153 1242 2172 1272 si
2191 1227 2257 1282 qui’,
2273 1245 2351 1282 quod

1279 1282 1361 1319 abiit,
1375 1291 1434 1324 non
1454 1280 1611 1311 concordes
1628 1280 1747 1318 fuerint,
1765 1279 1799 1310 ad
1819 1279 1955 1309 unionem
1974 1280 2145 1310 caritativam
2162 1280 2270 1312 allicere
2315 1283 2350 1314 &

1278 1319 1313 1349 ad
1333 1320 1492 1358 praemissa,
1505 1320 1539 1350 ad
1557 1320 1695 1349 honorem
1713 1318 1771 1348 Dei
1788 1318 1821 1348 &
1840 1316 1972 1348 Ecclesiae
1989 1317 2044 1349 suae
2061 1305 2350 1357 Sanc'taeffestinzinda

1278 1359 1311 1389 &
1329 1357 1498 1396 complenda
1513 1367 1564 1399 pro
1581 1358 1686 1388 viribus
1703 1365 1859 1395 procurare.

1317 1439 1385 1471 Dat.
1398 1438 1471 1477 apud
1487 1438 1643 1479 Ramesey,
1676 1438 1724 1468 26.
1735 1436 1781 1467 die
1796 1436 1977 1475 Septembris.

1282 1516 1395 1547 Eodem
1415 1516 1506 1547 modo
1524 1515 1648 1546 scribitur
1665 1514 1778 1552 singulis
1797 1512 1991 1545 Cardinalibus
2003 1513 2182 1554 subscriptis,
2202 1516 2347 1557 videlicet=

1282 1597 1398 1639 Domino
1408 1596 1562 1639 Berengar.
1580 1590 1719 1637 Tustularq.
1984 1592 2006 1638 ἶ

1282 1636 1399 1678 Domino
1419 1631 1571 1661 Gmllzelmo
1588 1629 1733 1676 Pepestrin.
2001 1639 2008 1666 Ῑ
2025 1645 2171 1687 Episcopis

1283 1668 1697 1740 sszzzzzzszzziizffis..
2000 1669 2230 1721 teardmnbus-

1362 1751 1366 1755 Δ
1701 1731 1707 1736 “
2003 1724 2011 1751 l

1284 1752 1400 1778 Dommo
1414 1747 1521 1787 Jacobo
1535 1749 1664 1776 Portuen.
1990 1753 2011 1782 J

1281 1828 1402 1857 Domina
1420 1825 1553 1855 Nicholao
1570 1823 1648 1854 tituli
1662 1823 1761 1856 ,Sanni
1779 1820 1907 1862 Eufibii,
2024 1829 2043 1860 Ἰ

1283 1869 1401 1933 Βιὶηιὲηο
1418 1863 1503 1894 Vitali
1521 1863 1599 1893 tituli
1617 1863 1712 1893 Sancli
1730 1864 1855 1892 Martini
1868 1864 1897 1890 in
1917 1861 2026 1891 Monti-

1288 1916 1405 2010 Βιὲἴηίἶιο
1424 1940 1557 1972 Michaeli
1573 1939 1650 1971 tituli
1670 1940 1766 1970 Sanc‘li
1791 1938 1922 1977 Stephani
1934 1941 1963 1968 in
1976 1941 2026 1969 Ce-
2334 1941 2337 1948 '

1284 1985 1571 2066 ὒοζὶφῖοέἰῖὲηςαν.
1593 2017 1671 2049 tituli
1695 2017 1856 2048 Sanctorum
1877 2017 1965 2045 Nerei
1987 2013 2026 2051 ὠ·
2066 1990 2261 2064 gffisdlffiffis

1323 2058 1453 2097 Achilet,
2263 2052 2270 2061 ¹

1285 2100 1402 2128 Domino
1417 2100 1451 2126 G.
1473 2096 1551 2137 Testa
1559 2120 1570 2135 ,
1582 2095 1659 2126 tituli
1671 2095 1766 2126 sandi
1778 2096 1877 2124 Ciriact'
1884 2115 1894 2132 ,

1285 2139 1402 2166 Domino
1414 2135 1566 2166 Guillielmo
1581 2137 1675 2174 Petri,
1689 2132 1766 2164 tituli
1782 2133 1890 2162 Sanc‘lae
1903 2130 2007 2163 Ceciliae
2016 2154 2026 2170 ,

1284 2178 1401 2205 Domino
1420 2175 1552 2204 Arnaldo
1561 2198 1570 2212 ,
1589 2172 1665 2203 tituli
1679 2172 1786 2202 SanHae
1799 2169 1896 2209 Prtstae
1905 2192 1916 2208 ‚

1288 2217 1400 2244 Domino
1417 2217 1452 2244 R.
1471 2213 1549 2244 tituli
1563 2213 1672 2243 Sanerae
1692 2212 1890 2243 Potentiam„

1284 2337 1400 2363 Domino
1413 2334 1447 2363 G.
1482 2334 1558 2362 αηέῖι·
1578 2330 1709 2362 Nicholai
1728 2333 1757 2359 in
1773 2333 1886 2359 Carcere
1907 2326 2026 2358 Tullian.

1284 2375 1402 2402 Domino
1415 2371 1521 2410 Jacobs
1532 2394 1541 2410 ,
1567 2371 1662 2401 Sancii
1681 2371 1787 2405 Georgii
1807 2369 1848 2398 ad
1857 2366 1948 2397 Velum
1962 2368 2029 2395 Au-

1286 2421 1556 2486 DZZZZJ'Francisco
1565 2470 1575 2486 ,
1590 2448 1698 2477 Sanaft'ae
1716 2448 1820 2474 Mariae
1835 2448 1864 2474 in
1878 2441 2031 2483 Cosinedin,
2045 2405 2054 2488 Ι
2105 2477 2110 2484 ·

1284 2490 1401 2517 Domino
1417 2487 1454 2526 J
1496 2502 1501 2519 ς
1514 2490 1559 2516 Do
1572 2485 1707 2524 Columpn.
1723 2485 1830 2514 Sanclae
1837 2485 1966 2512 Romame
1974 2483 2030 2511 Ec—
2042 2476 2211 2632 fDlaconis

2031 2632 2055 2749 l

1283 2297 1400 2325 Domino
1418 2294 1554 2363 Negpoleo
1566 2293 1661 2323 Sanffi
1670 2292 1813 2330 Adriani,
2033 2285 2054 2403 ἶ

1285 2529 1402 2555 Domino
1423 2528 1456 2555 P.
1487 2520 1505 2548 ἶ
1514 2524 1595 2563 clefiae
1604 2547 1614 2562 ,
2069 2515 2272 2547 Cardinalibus»

1286 2567 1402 2594 Domino
1419 2567 1452 2594 R.
1466 2563 1594 2593 Arnola'o
1609 2585 1620 2601 ,
1643 2562 1750 2591 Sancite
1766 2563 1871 2590 Mariae
1891 2563 1920 2589 in
1934 2560 2028 2588 Porti-

1284 2614 1400 2671 1)έέιίιο
1418 2642 1452 2672 R,
1473 2641 1581 2670 Samffae
1601 2641 1705 2668 Mariae
1733 2639 1845 2675 Novae,

1286 2683 1402 2709 Domino
1420 2680 1562 2708 Bernara'o
1578 2678 1685 2707 Sam‘lae
1705 2675 1844 2713 Agathae,

1285 2722 1402 2749 Domino
1414 2720 1498 2748 Lucae
1507 2741 1517 2757 ,
1532 2717 1641 2747 Sant‘Zae
1655 2717 1758 2745 Maria:
1771 2718 1803 2744 in
1817 2716 1872 2744 Via
1887 2712 1957 2742 lata.

2392 2824 2478 2854 *HL

1287 2845 1314 2872 ὃ*
1340 2843 1398 2878 Ad
1420 2842 1612 2878 Ludovicum
1627 2843 1758 2874 Franciae
1776 2842 1812 2878 ὠ
1833 2839 1986 2871 Navarra
2004 2838 2134 2882 Regem,
2163 2833 2353 2880 excufhtoria
2409 2873 2468 2901 535

1459 2891 1496 2925 de
1511 2893 1648 2937 Navigio
1675 2899 1778 2922 contra
1798 2885 1992 2931 flandrenses
2007 2882 2156 2932 parando.

1290 2977 1344 3034 A
1361 2977 1568 3010 Tresexceuent
1594 2975 1718 3013 Prince,
1741 2984 1757 3005 e
1774 2973 1824 3004 son
1844 2972 1973 3004 treschier
1991 2971 2080 3008 frere,
2099 2968 2158 2999 Sire
2176 2966 2290 3005 Lowis,
2308 2976 2356 3005 par
2376 2967 2453 2999 Ann.
2468 2968 2510 3001 D,

1365 3019 1390 3049 la
1408 3027 1491 3055 grace
1509 3015 1544 3045 de
1560 3014 1652 3052 Dieu,
1670 3013 1730 3043 Roi
1747 3013 1783 3043 de
1803 3012 1909 3043 France
1927 3021 1943 3041 e
1960 3010 1996 3040 de
2014 3008 2142 3044 Navarr,
2158 3004 2277 3037 Edward
2308 3015 2356 3043 par
2399 3016 2484 3048 ¹315·

1289 3059 1351 3090 cele
1370 3056 1474 3087 mesme
1493 3064 1594 3092 grace,
1612 3053 1670 3083 Roi
1686 3051 1879 3088 d’Engleterre
1911 3049 2033 3085 Seignur
2051 3041 2171 3088 d’Irland
2186 3067 2196 3082 ,
2222 3044 2255 3074 &
2326 3053 2357 3074 cs
2376 3050 2430 3074 An.
2446 3057 2476 3084 9.

1288 3096 1487 3142 d'Aquitaine,
1504 3092 1589 3123 salutz
1603 3115 1613 3131 ,
1636 3101 1690 3123 oue
1715 3100 1810 3120 encres
1828 3089 1864 3119 de
1883 3073 1993 3123 fioriur,
2007 3094 2024 3114 e
2041 3083 2162 3114 vietoire
2179 3083 2214 3113 de
2233 3082 2271 3113 ses
2289 3092 2356 3114 ene-
2376 3089 2409 3113 Ε.
2427 3094 2454 3113 2.

1288 3147 1350 3167 mis.
2372 3127 2445 3153 Rom.

1325 3173 1474 3204 Treschier
1493 3170 1563 3201 frere
1577 3191 1587 3207 ‚
1610 3177 1678 3198 nous
1696 3166 1851 3207 resceurnes
1867 3162 2036 3200 nadguerres
2054 3170 2105 3191 vos
2127 3159 2234 3190 Lettres
2256 3159 2293 3190 de
2310 3169 2353 3190 re·
2373 3165 2415 3190 Fr.
2431 3124 2492 3199 μό.

1288 3212 1403 3252 queste,
1420 3220 1473 3248 que
1490 3218 1560 3238 nous
1578 3216 1648 3237 vous
1664 3204 1794 3236 aidissons
1812 3202 1848 3233 de
1865 3200 1959 3232 nostre
1975 3199 2072 3230 Navie
2094 3207 2193 3230 contre
2217 3208 2269 3230 vos
2288 3207 2354 3230 ene·
2375 3204 2407 3228 Ε.
2424 3211 2452 3231 2.
2469 3210 2509 3231 m.

1289 3253 1342 3282 mis
1359 3251 1394 3280 de
1412 3247 1534 3279 Flandre.
2374 3247 2402 3274 9,

1326 3289 1379 3319 Sur
1397 3288 1480 3325 quoi,
1499 3285 1557 3322 Sir,
1575 3293 1644 3315 vous
1661 3281 1762 3312 fesoms
1778 3279 1884 3316 savoir,
1908 3287 1962 3316 que
1979 3287 2050 3308 nous
2067 3285 2168 3307 avoms
2187 3281 2269 3313 grant
2285 3274 2355 3308 desix

1291 3339 1307 3359 e
1323 3327 1438 3359 volunte
1454 3325 1489 3354 de
1508 3323 1633 3360 faire,en
1651 3329 1721 3351 totes
1739 3319 1914 3355 choses,ceo
1934 3326 1988 3354 que
2004 3325 2083 3353 purra
2101 3324 2198 3346 torner
2212 3325 2228 3345 a
2245 3314 2356 3351 honur,

1291 3378 1307 3397 e
1325 3364 1408 3404 profit
1423 3363 1458 3394 de
1476 3371 1563 3399 vouS,
1579 3371 1594 3391 e
1613 3371 1628 3391 a
1643 3360 1703 3390 bon
1719 3357 1814 3396 esploit
1831 3357 1867 3387 de
1884 3364 1935 3387 vos
1952 3354 2100 3392 busoignes
2115 3361 2212 3385 contre
2231 3361 2282 3383 vos
2294 3350 2355 3382 ditz

1290 3413 1406 3436 cnemis.

1332 3441 1398 3473 Mes
1408 3441 1503 3479 ,chier
1518 3438 1681 3476 frere,vous
1698 3435 1778 3466 savez
1795 3435 1991 3471 ben,coment
2008 3441 2078 3463 nous
2096 3438 2194 3462 avoms
2207 3427 2357 3467 este‚eniz

1294 3491 1340 3512 ces
1357 3481 1453 3510 heures
1463 3503 1472 3517 ,
1490 3475 1598 3516 preffez
1615 3485 1662 3514 par
1678 3483 1729 3504 nos
1746 3474 1855 3504 enemis
1871 3471 2030 3508 d'Escoce,
2052 3480 2069 3501 e
2089 3470 2147 3508 puis
2161 3467 2225 3497 sont
2243 3466 2262 3496 il
2280 3474 2358 3498 entre

1294 3519 1388 3551 nostre
1406 3527 1475 3549 terre
1490 3514 1608 3546 d'Irland
1619 3537 1628 3552 ,
1644 3523 1660 3543 e
1677 3512 1709 3543 ils
1724 3520 1775 3542 ont
1792 3510 1884 3542 arsons
1897 3533 1907 3549 ,
1931 3510 2052 3540 roberies
2065 3531 2077 3548 ,
2096 3517 2113 3538 e
2132 3513 2200 3536 touz
2216 3504 2254 3535 les
2270 3513 2359 3537 autres

1297 3568 1374 3589 maus
1391 3557 1426 3587 de
1442 3564 1557 3593 guerre,
1571 3552 1617 3591 q’il
1633 3559 1703 3589 pout
1715 3549 1884 3587 commises,

1332 3595 1382 3626 Par
1402 3595 1469 3632 quoi
1484 3602 1553 3623 nous
1567 3589 1739 3621 ordenasmes
1758 3588 1919 3625 n'adgueres
1928 3609 1937 3625 ,
1953 3595 2000 3624 par
2015 3580 2108 3615 nostre
2123 3581 2228 3612 conseil
2240 3603 2252 3621 ,
2274 3588 2358 3613 avant

1297 3644 1352 3673 que
1368 3634 1458 3664 vestre
1470 3640 1567 3671 guerre
1579 3629 1615 3659 de
1631 3627 1738 3658 flandr.
1757 3627 1784 3657 se
1804 3635 1962 3664 comenca,
1981 3623 2109 3653 d'enveer
2125 3628 2183 3651 tote
2203 3619 2230 3650 la
2244 3619 2361 3659 Navie,

1298 3683 1352 3711 que
1364 3682 1435 3701 nous
1450 3671 1576 3708 purrions
1589 3675 1710 3703 extrere,
1725 3675 1786 3696 vers
1797 3665 1835 3696 les
1851 3665 1947 3703 parties
1959 3658 2097 3697 d'Irland,
2119 3669 2135 3689 e
2153 3658 2243 3689 ausint
2262 3658 2360 3690 devers

1296 3712 1322 3742 le
1344 3709 1410 3747 Est,
1424 3719 1493 3747 pour
1509 3717 1607 3746 grever
1621 3715 1672 3735 nos
1687 3706 1791 3734 enemis
1801 3702 1960 3739 avantditz‚
1974 3709 1990 3729 e
2001 3697 2170 3741 l'envaifines
2192 3696 2337 3734 depiezca.

1334 3748 1424 3778 D'ont
1439 3757 1508 3777 nous
1529 3755 1598 3776 vous
1621 3745 1746 3782 prioms,
1765 3753 1818 3781 que
1839 3751 1911 3772 vous
1927 3746 1998 3770 nous
2018 3744 2134 3774 teignez
2147 3745 2164 3765 a
2187 3734 2305 3765 excusez
2325 3733 2364 3765 de

1298 3796 1371 3824 ceo,
1387 3796 1441 3826 que
1456 3795 1525 3815 nous
1538 3794 1574 3814 ne
1592 3791 1696 3821 pooms
1715 3781 1802 3812 furnir
1820 3779 1909 3811 vestre
1925 3773 2050 3813 requeste
2065 3797 2075 3813 ,
2099 3785 2115 3804 a
2130 3783 2197 3811 ore,
2218 3772 2238 3802 si
2257 3772 2363 3810 pleine-

1298 3833 1395 3894 znent,
1409 3834 1493 3854 corne
1511 3832 1582 3853 nous
1599 3821 1750 3859 desirions,
1764 3830 1811 3858 par
1826 3819 1865 3849 les
1884 3816 1952 3846 dites
1971 3811 2064 3843 resons
2076 3835 2087 3851 ,
2114 3821 2170 3850 que
2193 3820 2265 3841 nous
2288 3809 2366 3849 poise

1311 3871 1430 3894 orment.

1337 3901 1386 3932 Ne
1402 3910 1471 3939 pour
1496 3906 1581 3938 quant
1597 3907 1668 3928 nous
1688 3906 1787 3927 avonis
1807 3892 1909 3926 mande
1926 3901 1942 3922 a
1960 3899 2033 3920 nous
2059 3888 2191 3919 Amirails
2212 3886 2249 3917 de
2269 3887 2365 3919 nostre

1301 3941 1357 3971 dite
1369 3939 1480 3977 Navie,
1492 3939 1576 3969 d’une
1595 3944 1671 3975 part,
1685 3946 1702 3966 e
1714 3936 1832 3972 d’autre‚
1846 3931 1893 3970 q’il
1907 3928 2079 3968 purchacent
2093 3937 2110 3960 a
2122 3936 2174 3961 vos
2185 3926 2246 3959 ditz
2258 3927 2370 3960 eneruis

1302 3987 1363 4011 tout
1377 3978 1403 4010 le
1417 3977 1554 4016 dani-ige,
1571 3977 1609 4015 qil
1621 3975 1767 4012 faverent,
1779 3982 1795 4004 e
1812 3976 1937 4010 purront.
2336 4001 2372 4034 Et
