2562 4279
150 129 210 171 94

4 200 82 231 'Alm-
96 196 140 229 D·
187 200 319 244 Commifit
333 201 415 231 eidem
431 201 513 236 Magi
536 208 564 228 ro
580 197 710 236 Johanni
723 195 875 235 custodiam
889 193 1048 225 Rotulorum
1062 193 1221 231 eorumdem,

26 245 113 276 1341.
153 239 193 278 ὦ·
206 245 321 272 omnium
333 240 374 269 ad
384 239 452 269 idem
466 241 491 266 Ο
523 241 590 266 cium
599 238 814 274 pertinentium,

5 276 74 306 537³·
94 285 122 313 3·
192 283 234 310 Et
242 281 367 318 praecepit
383 277 452 306 disto
465 274 632 305 Camellario
640 273 692 312 sico
705 273 737 302 de
752 271 847 311 eifilem
860 270 966 302 Rutulis
981 269 1020 306 &
1040 270 1103 300 aliis
1122 269 1222 309 praedi-

152 322 220 357 elis,
235 315 355 356 praefato
375 313 522 353 Johanni,
539 317 569 343 in
592 312 716 342 adventu
729 311 779 349 suo
800 311 876 349 apud
893 310 1018 341 London.
1038 309 1152 340 liberari
1165 308 1220 347 fa-

172 362 178 367 ⁴
229 360 251 385 is

153 358 233 425 “eiii
254 378 336 422 biam
347 398 398 430 per
418 392 512 420 Breve
532 390 564 420 de
580 391 700 419 Privato
713 383 805 425 Sigillo
820 387 968 417 mandavit
982 390 1098 417 Domino
1113 385 1221 416 Thomae

155 434 188 465 de
202 429 336 467 Evelham
345 454 354 466 ,
372 432 419 470 qui
430 436 495 458 tunc
509 427 661 468 Custodiam
675 426 833 457 Rotulorum
842 427 1035 466 praedic‘lorum
1053 425 1151 456 habuit
1160 449 1170 463 ,
1188 424 1221 454 de

154 465 368 513 eisdem'Rotulis
397 466 496 507 raefato
508 467 638 506 Johanni
651 462 799 496 liberandis
808 487 818 503 ‚

193 509 254 548 Q?
265 507 371 547 quidem
405 506 512 544 homar,
530 505 634 544 recepte}
651 503 753 535 Litera¹
763 502 917 543 praediciti,
935 503 980 533 die
992 505 1126 533 Mercurii
1127 525 1143 546 ³
1156 509 1221 540 praa

153 547 227 579 ximo
235 545 378 586 sequenti,
395 548 456 574 viz.
473 544 594 584 vicesimo
610 545 708 574 oslava
722 544 764 573 die
778 542 940 580 Februarii,
958 540 1039 572 Hora*
1059 552 1113 581 qua
1125 552 1134 569 ι
1157 543 1222 570 Me-

153 586 284 621 ridiana,
301 584 376 623 apud
388 583 512 614 London.
530 581 655 621 Rotulos,
671 586 701 612 in
720 581 853 621 Qatuor
873 582 970 618 Nigris
990 582 1075 617 Bagis
1135 581 1220 617 corio,

156 623 196 660 ὠ
209 627 238 654 V
237 626 317 662 iginti
330 622 454 652 Pokettis
465 622 497 651 de
513 620 692 660 canevaced,
708 632 740 650 ac
751 620 884 660 quoddam
899 621 1089 657 Hanaperium
1110 617 1220 655 album,

155 663 186 693 in
207 674 259 704 quo
274 660 364 700 plures
386 661 538 691 indenturae
551 659 657 700 inclufie
670 663 838 697 extiterant,
856 669 956 688 necnon
970 655 1132 694 Bundellos,
1151 659 1223 685 Bre-

154 705 223 740 via,
241 701 423 731 Memoranda
432 722 442 738 ,
459 698 497 733 ἐν
511 699 612 729 claves
627 702 658 729 Ci
683 709 779 737 arum,
796 701 826 727 in
839 700 922 727 Turri
935 697 1084 727 Londoniae
1106 694 1223 734 existen-

156 743 243 777 tium,
257 748 306 778 pro
322 737 445 778 Custodia
459 737 616 767 Rutulorum
638 737 804 775 eorumdem,
823 736 1029 772 ordinatarum,
1047 738 1077 764 in
1101 733 1223 772 Hospitio

156 777 274 818 Epfiopi
300 779 434 816 Exom'ae,
454 776 500 806 ubi
522 778 608 807 didius
627 776 770 815 Johannes
791 782 855 804 tunc
876 785 978 803 moram
992 776 1104 811 traxit,
1121 775 1151 801 in
1166 774 1222 801 Ca-

155 826 230 846 mera
241 816 296 855 sisa
316 815 414 846 ibidem
432 815 581 855 liberavit,
599 813 638 851 ὠ
661 816 794 845 Dominus
804 812 949 853 Johanner
962 823 995 842 ea
1010 811 1108 841 ibidem
1120 822 1138 839 a
1147 818 1223 848 prae-

152 855 216 896 fato
229 855 330 885 Thomu
344 857 449 893 recepit.

193 997 243 1030 De
259 991 346 1043 Jure
365 997 478 1027 Corona
488 1004 544 1042 per
560 994 705 1039 Cctfitras
721 990 936 1036 Ecclefiasticas
952 1004 1008 1024 non
1026 989 1179 1025 violando,

2 1092 81 1126 Auri.
91 1087 134 1121 D.
159 1088 296 1147 REX,
315 1087 474 1120 Venerabili
496 1088 525 1117 in
547 1086 666 1119 Christo
689 1088 780 1128 Pati-i,
794 1087 823 1128 J.
842 1086 944 1118 eadem
957 1086 1060 1127 gratia,
1078 1086 1225 1127 Episcopo

30 1139 118 1172 1341-
237 1127 408 1165 Exonienli,
427 1126 560 1157 Salutem.
997 1165 1002 1170 ¹

2 1175 57 1200 Aa.
77 1179 120 1206 ¹5·
193 1166 262 1198 Satis
282 1167 323 1197 est
344 1165 454 1197 mundo
475 1166 645 1210 cognitum,
662 1175 717 1196 nec
738 1175 791 1196 vos
811 1165 909 1203 lateat,
930 1164 1065 1203 quahter,
1082 1164 1119 1195 de
1142 1175 1226 1196 com-

2 1216 34 1240 Ε.
53 1220 79 1247 3.
157 1207 239 1236 muni
260 1205 389 1236 Consilio
411 1204 445 1235 &
468 1204 586 1235 Aflensu
610 1204 816 1242 Praelatorum,
833 1205 867 1235 ὃ(
884 1203 1063 1242 Procerum,
1080 1214 1113 1235 ac
1128 1203 1227 1242 Popu-

2 1249 91 1287 olaus.
98 1255 140 1284 15.
157 1244 255 1314 llarsium
272 1244 368 1284 Regni
382 1242 471 1274 nostri
487 1243 616 1283 Angliae,
632 1251 731 1275 contra
743 1242 910 1274 Dominum
924 1242 1090 1281 Philippum
1109 1242 1146 1274 de
1167 1242 1226 1275 Va—

1 1291 35 1365 }
47 1297 120 1354 ἐφη.
169 1293 185 1314 e
197 1293 261 1362 &ii
273 1320 410 1360 Regnum
427 1320 569 1359 Franciae,
587 1320 670 1352 nobis
681 1320 750 1359 Jure
763 1319 955 1351 Haereditario
967 1319 1098 1352 debitum
1120 1321 1155 1353 &
1176 1320 1228 1352 de-

2 1365 90 1402 40.d.
159 1358 248 1392 tatum
285 1369 352 1391 tunc
374 1358 478 1397 injuste
501 1359 634 1397 detinuit,
652 1360 686 1391 &
707 1359 798 1389 adhuc
820 1359 928 1390 detinet
949 1368 1145 1399 occupatum,
1164 1361 1228 1398 qui-

156 1410 215 1438 que
229 1383 265 1430 ad
279 1398 498 1430 Subverfionem
514 1397 658 1436 nostram,
677 1396 710 1428 &
727 1397 822 1437 Regni
835 1397 924 1428 nostri
943 1397 1056 1437 Angliae
1074 1399 1140 1431 totis
1158 1399 1226 1431 viri-

156 1438 210 1470 bus
222 1437 382 1475 laborabat,
400 1435 516 1466 Oblatas
531 1436 581 1466 fibi
597 1436 663 1466 Vias
677 1436 807 1474 pacificas
818 1438 942 1467 omnino
954 1436 1098 1477 recusans,

194 1476 338 1508 Guerram
351 1474 548 1512 assumpsimus
562 1474 724 1506 necessitate
737 1475 893 1515 compulsi,

194 1515 234 1547 Et
247 1515 363 1554 qualiter
373 1513 479 1544 diversa
494 1513 636 1552 Subsidia,
650 1523 700 1552 per
716 1513 837 1545 Clerum
848 1514 882 1545 &
899 1513 1046 1554 Populum
1060 1515 1132 1547 dieti
1146 1515 1228 1557 Reg-

156 1555 188 1585 ni
200 1553 287 1586 nostri
302 1553 385 1583 nobis
397 1552 531 1583 concessa
544 1552 653 1584 fiierant
664 1561 698 1583 ex
712 1552 765 1584 hac
780 1552 879 1591 causa,
898 1563 963 1592 quae
995 1555 1016 1585 si
1031 1555 1144 1587 fuissent
1157 1555 1227 1586 fide-

156 1593 219 1624 liter
238 1593 271 1624 &
290 1591 365 1622 bene
387 1589 536 1629 Collecta,
555 1602 588 1622 ac
609 1591 731 1630 provide
754 1591 934 1631 Dispensat-a,
957 1578 1036 1626 finita
1057 1593 1152 1626 fuiffet
1174 1604 1226 1634 per

156 1631 216 1663 Dei
228 1631 344 1671 gratiam
358 1629 435 1660 dicta
446 1629 569 1660 Guerra.

194 1669 233 1702 Et
245 1668 388 1700 Officiarii
402 1669 437 1700 ὃς
451 1667 581 1712 Ministri
594 1668 701 1708 nostri,
719 1678 875 1708 quaerentes
889 1671 918 1701 in
933 1670 1025 1702 nostri
1039 1672 1074 1704 &
1089 1671 1226 1703 Subdito-

156 1717 221 1739 rum
236 1708 401 1739 nostrorum
415 1706 474 1737 Dis
488 1707 573 1738 endio
588 1707 715 1740 Lucrum
728 1708 827 1747 suurn,
845 1710 997 1749 speratam,
1012 1710 1049 1741 de
1064 1710 1226 1742 (116ὶί58111)-

155 1747 244 1787 sidiis,
261 1747 295 1778 ὃς
315 1746 444 1784 aliunde,
487 1748 617 1777 ecuniam
637 1745 736 1784 nobis,
755 1756 786 1778 ut
807 1749 980 1787 debuerant,
996 1759 1056 1779 non
1072 1749 1226 1788 miserunt;

153 1785 192 1817 de
211 1795 336 1824 quorum
358 1783 394 1816 N
431 1784 559 1824 figentia,
584 1786 623 1815 ne
639 1785 767 1816 dicamus
789 1785 934 1826 Falfitate,
960 1787 1129 1826 obloquitur
1151 1798 1226 1827 quo-

155 1822 317 1855 dammodo
331 1831 406 1854 totus
460 1823 558 1854 undus.

192 1862 231 1894 Et
245 1872 313 1894 cum
324 1863 383 1901 jam
393 1861 438 1892 Bis
452 1861 589 1899 grandem
605 1862 771 1893 Exercitum
786 1863 816 1893 in
829 1863 859 1894 R
897 1873 967 1894 num
980 1863 1108 1896 Franciae
1133 1865 1227 1896 duxis-

156 1900 264 1940 semus,
283 1904 317 1933 &
330 1899 447 1937 utraque
462 1901 542 1939 vice,
560 1901 675 1939 quando
688 1902 872 1940 Triumphan
896 1905 900 1909 '
915 1902 995 1941 super
1010 1902 1150 1935 Inimicos
1171 1914 1226 1935 no-

160 1939 247 1978 stros,
266 1939 286 1970 fi
300 1938 488 1970 habuifl'emus
500 1938 655 1970 Pecuniam
692 1940 810 1971 arriserat
821 1941 891 1979 Spes
912 1944 1089 1982 propinqua,
1109 1951 1226 1981 propter

155 1978 320 2010 Carentiam
341 1977 515 2015 Sumptuum
538 1963 676 2016 compulsi
701 1979 806 2010 fuimus
823 1981 939 2011 retroire
958 2004 968 2019 ,
989 1981 1024 2012 ad
1045 1981 1227 2013 Retardatio-

155 2018 366 2086 ngmrsnimiam
386 2015 509 2047 Guerrae
529 2016 652 2057 nostrae,
670 2017 705 2049 ὃς
725 2027 864 2057 magnam
885 2017 1122 2052 Consolationem
1143 2021 1226 2060 partis

156 2065 172 2087 a
194 2066 227 2087 ve
252 2066 296 2095 ae,

194 2094 283 2134 Super
300 2104 360 2134 quo
380 2094 496 2132 Alligati
524 2094 613 2126 nostri
627 2105 696 2135 nOS,
715 2096 745 2127 in
758 2095 869 2129 Reditu
882 2097 982 2129 nostro
1017 2098 1138 2138 asperius
1152 2110 1226 2132 con-

155 2142 311 2178 venerunt,
336 2133 526 2179 Protestantes
547 2136 672 2175 expresse
693 2136 792 2175 quod,
817 2136 868 2167 nisi
889 2146 958 2168 cum
978 2122 1062 2169 citetis
1084 2139 1227 2171 Ministris

155 2173 263 2203 cautius
275 2172 308 2204 &
323 2172 438 2212 rigidius
452 2181 614 2212 ageremus,
632 2173 659 2204 se
675 2175 784 2212 prorsus
799 2176 835 2206 ab
851 2175 1003 2215 Obsequiis
1015 2177 1118 2208 nostris
1141 2187 1227 2210 retra-

157 2211 223 2242 here
238 2221 290 2250 pro
312 2211 451 2250 onebant,
470 2212 568 2250 quod,
587 2212 606 2243 si
620 2212 746 2245 facerent
752 2237 763 2252 ,
781 2215 865 2244 nimis
879 2214 950 2246 effer
962 2216 1054 2255 (quod
1065 2217 1145 2254 absit)
1169 2227 1226 2249 no-

158 2249 249 2280 strum
305 2251 433 2289 egotium
455 2249 627 2288 desperatum
641 2274 652 2290 ,
684 2253 780 2283 immo
805 2261 901 2284 totum
923 2253 1063 2294 Regnum
1091 2255 1226 2287 nostrum

157 2287 284 2358 ῗὲἓὲὲξυ
297 2289 372 2320 foret
389 2288 465 2328 quasi
485 2297 620 2321 extremae
642 2290 838 2322 Subversionis
859 2293 987 2331 periculo
1008 2294 1168 2333 expositum
1189 2295 1224 2328 &

171 2337 188 2358 u
285 2337 325 2358 m.

222 2376 256 2397 ro
276 2375 317 2397 ter
337 2365 430 2405 quod,
447 2366 593 2399 redeuntes
615 2369 644 2398 in
674 2367 825 2409 Angliam,
844 2370 981 2409 quosdam
997 2367 1149 2404 Ministros
1169 2383 1224 2405 no-

158 2403 231 2435 stros
264 2415 334 2444 quos
354 2414 387 2436 ex
407 2405 492 2435 causis
511 2406 688 2438 evidentibus
701 2409 838 2446 suspectos
853 2410 1004 2442 habuimus
1016 2412 1046 2441 in
1061 2413 1115 2443 hac
1131 2413 1222 2451 parte)

157 2445 222 2481 capi
235 2443 372 2488 fecimus,
389 2444 423 2474 δε
435 2443 485 2473 sub
500 2444 560 2475 tuta
572 2444 710 2476 Custodia
724 2447 900 2486 conservari,
918 2458 950 2480 ut
962 2449 1041 2487 super
1055 2450 1152 2482 Gestis
1174 2462 1225 2490 per

159 2491 210 2512 eos
224 2482 332 2512 facilius
344 2481 487 2520 possemus
499 2492 595 2513 eruere
610 2485 771 2515 veritatem:
793 2485 826 2516 &
841 2483 1037 2525 affignavimus
1070 2489 1224 2521 usticiarios

157 2519 289 2559 nostros,
307 2521 336 2550 in
349 2519 460 2550 diversis
472 2520 544 2551 locis
561 2521 594 2551 &
618 2521 830 2562 Comitatibus,
847 2524 882 2555 ad
903 2527 1033 2565 inquiren
1056 2538 1105 2559 um
1125 2529 1225 2560 celeri-

159 2566 220 2627 lter,
237 2567 321 2597 prout
334 2568 375 2590 res
389 2560 485 2599 exigit,
502 2559 539 2590 de
559 2559 649 2591 Factis
672 2561 875 2594 Ministrorum
899 2565 1122 2607 praedictorum,
1141 2568 1175 2599 &
1195 2577 1225 2599 a-

126 2607 133 2615 ·
170 2607 272 2628 iorum.

195 2635 250 2681 Et,
268 2637 333 2681 licet
353 2637 515 2669 intentionis
537 2638 641 2670 nostrae
661 2649 720 2670 non
742 2639 838 2671 existat
865 2640 1038 2675 Libertatem
1052 2643 1225 2676 Ecclesiasti-

156 2683 223 2719 cam
238 2676 406 2715 infringere,
425 2677 469 2708 vel
482 2677 604 2715 aliquem
619 2678 743 2709 indebite
758 2689 950 2720 praegravare,
969 2693 1023 2713 vos
1041 2691 1156 2720 tamen,
1175 2694 1225 2714 ne-

158 2713 259 2744 scimus
273 2725 332 2752 quo
348 2714 470 2753 Spiritu,
485 2715 524 2746 set
536 2717 570 2746 ad
584 2715 805 2748 Diffamandum
819 2717 906 2756 Nos,
923 2721 958 2752 δε
972 2720 1117 2759 Nostros,
1136 2723 1170 2753 &
1190 2722 1225 2752 ad

157 2750 375 2789 Impediendum
398 2753 616 2792 Expeditionem
640 2756 784 2795 nostram,
803 2765 833 2787 ut
855 2757 984 2798 videtur,
1003 2760 1036 2790 &
1055 2759 1090 2790 ad
1113 2759 1226 2790 Conci-

159 2791 277 2835 tandum
293 2800 391 2823 contra
405 2791 473 2823 Nos
486 2791 605 2824 Clerum
619 2794 653 2825 &
669 2794 812 2833 Populum
847 2796 973 2835 misistis,
993 2796 1114 2828 Dileeiis
1130 2800 1164 2830 ὃς
1178 2799 1226 2829 Fi-

159 2828 270 2874 delibus
292 2830 409 2875 nostris,
427 2831 546 2871 Hugoni
564 2833 600 2863 de
620 2832 786 2874 Courtney,
804 2818 916 2866 domiti
938 2835 1104 2874 Devoniae,
1120 2838 1153 2868 δε
1171 2837 1226 2868 So-

162 2877 212 2898 ciis
233 2867 284 2898 suis
299 2868 462 2906 justiciariis
483 2870 517 2900 ad
538 2872 738 2908 inquirendum
760 2873 796 2903 de
812 2872 901 2904 Factis
915 2873 1062 2906 di&orum
1076 2875 1227 2907 Ministro-

163 2916 227 2938 rum
243 2907 409 2938 nostrorum
423 2909 451 2938 in
465 2910 547 2939 certis
562 2909 753 2952 Comitatibus
766 2911 919 2952 assignatis,
933 2913 1040 2944 Literas
1054 2914 1157 2946 vestras
1172 2915 1226 2945 Pa-

137 2978 143 2983 ·
161 2952 266 2984 tentes,
285 2946 416 2984 quasdam
439 2946 683 2978 Denunciationes
702 2951 736 2981 ὃς
761 2950 970 2983 publicationes
982 2954 1001 2972 *Ε
1016 2953 1226 2985 Sententiarum

161 2983 522 3024 Excommunicationum,
540 2997 573 3017 ac
597 2987 775 3019 Monitiones
796 2990 952 3029 injuriosas,
970 3001 1003 3022 ac
1021 2991 1084 3030 Juri
1095 2991 1225 3024 Coronae

162 3023 197 3055 &
212 3021 312 3062 Regiae
328 3023 479 3063 Dignitatis
494 3025 600 3055 nostrae
616 3026 741 3056 multum
758 3027 970 3068 praejudiciales,

194 3060 279 3104 *Cum
295 3072 342 3100 per
355 3072 398 3107 eas
413 3064 440 3092 in
455 3063 549 3107 multis
563 3064 695 3094 Articulis
707 3074 722 3095 a
737 3066 820 3096 nobis
832 3067 940 3098 auferre
962 3069 1090 3100 nitamini
1107 3069 1225 3109 Jurisdi-

160 3099 289 3130 &ionem
301 3102 383 3131 nobis
396 3103 510 3132 notorie
524 3111 737 3140 competentem
746 3127 755 3142 ,
773 3106 866 3143 cujus,
880 3106 948 3136 cum
962 3108 1047 3138 simus
1062 3107 1127 3138 Rex
1142 3111 1225 3139 inun-

159 3137 238 3182 ἂμε,
251 3138 375 3182 Capaces
389 3141 446 3170 esse
457 3140 647 3179 dinoscimur,
662 3142 695 3172 &
711 3142 766 3181 qua
784 3144 851 3173 Nos
865 3145 897 3175 δε
912 3145 1111 3185 Progenitores
1125 3147 1225 3186 nostri,

161 3176 310 3207 scientibus
334 3179 367 3209 &
390 3179 573 3210 tolerantibus
593 3180 710 3210 summis
731 3181 917 3213 Pontificibus
931 3208 940 3222 ,
964 3195 997 3215 ac
1018 3184 1142 3217 Praelatis
1155 3209 1166 3226 ,
1190 3187 1225 3218 &

161 3214 251 3246 Clero
267 3215 362 3255 Regni
375 3217 483 3256 nostri,
500 3218 539 3248 usi
550 3218 642 3249 sumus
657 3219 776 3257 pacifice
790 3221 825 3250 ab
836 3222 961 3259 antiquo.

200 3252 254 3298 Et,
273 3254 339 3285 licet
359 3265 473 3293 propter
493 3257 709 3288 accelerandum
731 3257 969 3297 Praeparationem
989 3261 1047 3292 Pro
1067 3262 1157 3293 ressus
1170 3274 1225 3295 no-

162 3291 211 3337 stri
223 3294 296 3337 ultra
308 3293 404 3332 Mare,
425 3305 511 3333 quem
526 3295 559 3324 ad
573 3296 736 3327 evitandum
748 3297 940 3329 inaestimabile
951 3299 1031 3337 hujus
1047 3271 1149 3340 {Zegni
1169 3313 1225 3333 no-

162 3329 212 3363 stri
234 3330 396 3363 Periculum
419 3333 510 3377 facere
529 3343 581 3364 nos
600 3344 730 3378 oportet,
749 3336 891 3375 expediat,
910 3338 1005 3369 immo
1029 3340 1121 3370 verius
1135 3350 1225 3379 opor-

162 3375 234 3412 teat,
250 3371 330 3414 quod
344 3371 508 3411 Inquilitio,
527 3381 628 3404 contra
641 3373 732 3404 dieios
747 3374 896 3406 Ministros
909 3376 1035 3407 facienda
1045 3401 1054 3416 ,
1072 3388 1141 3408 cum
1157 3389 1223 3409 om-

162 3417 194 3437 ni
208 3409 347 3441 celeritate
366 3410 501 3448 procedat
516 3433 525 3449 ,
544 3410 605 3441 Vos
616 3421 727 3450 tamen,
745 3412 822 3444 dieta
834 3413 1042 3446 Necessitatem
1056 3417 1088 3447 &
1106 3417 1224 3448 Pericu-

160 3445 231 3490 lum⁷
243 3449 334 3478 minus
354 3449 449 3479 debite
471 3449 672 3488 ponderantes,
690 3452 773 3481 nimis
793 3452 951 3484 voluntarie
971 3454 1128 3485 inhibuistis
1141 3455 1224 3486 dietis

158 3481 335 3527 Justiciariis,
355 3489 391 3517 ne
408 3489 435 3517 in
451 3487 562 3518 instanti
579 3488 797 3528 Qadragelimfi
810 3491 917 3529 aliquos
937 3493 1028 3530 jurare
1046 3493 1171 3525 facerent
1189 3494 1223 3525 ad

161 3521 315 3568 dicendum
337 3524 494 3556 Veritatem
517 3528 545 3556 in
560 3527 724 3566 praemiffis,
743 3537 810 3558 curn
833 3539 868 3559 ex
887 3530 964 3561 tanta
981 3530 1095 3576 Causa,
1113 3533 1147 3563 &
1169 3543 1224 3574 pro

162 3566 242 3590 tanto
261 3563 375 3594 vrrando
398 3563 546 3602 Periculo,
563 3567 645 3595 omni
666 3574 799 3603 tempore
821 3567 1005 3599 Meritorium
1025 3569 1058 3601 sit
1081 3580 1172 3609 jurare
1188 3572 1223 3602 &

163 3597 256 3640 dicere
270 3599 443 3646 Vei-itatem,
463 3603 613 3640 praesertim
626 3603 696 3635 cum
711 3614 746 3635 ex
761 3605 896 3637 dilatione
908 3606 1004 3638 forent
1022 3607 1169 3647 Inquisitio
1190 3609 1223 3641 &

163 3643 219 3672 ejus
233 3637 369 3670 Executio
387 3650 523 3678 periturae.

201 3673 269 3704 Nos
286 3677 384 3715 igitur,

164 3710 333 3779 obyglreentes
346 3715 493 3756 Periculis,
513 3728 577 3756 quae
593 3728 627 3749 ex
642 3718 698 3751 hoc
711 3722 863 3759 provenire
877 3730 1028 3762 poterunt,
1044 3733 1099 3763 pro
1117 3725 1224 3756 viribus

288 3774 297 3788 >

204 3785 294 3829 V.0b¹³
314 3801 342 3819 in
366 3791 433 3835 Fide
454 3795 488 3824 &
509 3793 693 3833 Dilectione,
712 3796 814 3835 quibus
832 3799 915 3829 nobis
936 3801 1092 3839 tenemini,
1116 3802 1151 3833 δε
1171 3801 1222 3832 sub

163 3824 295 3855 Periculo
318 3829 393 3869 quod
414 3833 570 3874 incumbit,
588 3833 705 3865 firmiter
726 3836 918 3876 injungendo,
937 3839 1103 3870 mandamus
1125 3839 1223 3878 quod,

162 3862 339 3906 consideratis
364 3867 504 3909 Qialitate
524 3870 736 3903 Modernorum
757 3874 943 3913 Temporum
961 3877 994 3908 &
1010 3877 1159 3916 Periculo,
1175 3880 1223 3908 cui

158 3910 218 3939 Jam
234 3900 370 3945 Regnum
385 3904 455 3935 istud
471 3909 660 3951 multipliciter
673 3911 714 3941 est
727 3913 899 3951 subditum,
915 3914 1141 3954 Publicationes,
1159 3916 1223 3946 De-

162 3947 374 3982 nuncrationes,
391 3943 618 3985 &tMonitiones
634 3949 762 3987 hujusmo
783 3952 810 3989 i,
829 3951 965 3983 indebitas
978 3954 1012 3984 ὃς
1024 3956 1108 3985 nobis
1122 3955 1224 3992 praeju-

161 3977 289 4022 diciales,
309 3979 342 4009 &
363 3979 412 4009 alia
425 3990 484 4023 'jaim
494 3993 547 4049 lper
560 3995 612 4028 vos
625 3986 715 4025 faeta,
731 3998 781 4026 per
818 4000 860 4019 uae
875 3989 1041 4030 Progreflus
1054 3992 1151 4023 noster
1162 3993 1224 4024 tam

159 4016 339 4057 necessarius,
354 4017 388 4048 ὅ(
403 4017 479 4050 dieta
507 4023 655 4063 nquisitio,
673 4026 719 4056 seu
733 4028 790 4065 ejus
832 4030 1099 4068 xecutio,impediri
1113 4031 1223 4067 valeant

614 105 1424 157 CONVENTIONES,

1257 192 1305 224 vel
1319 190 1445 229 differri,
1464 190 1510 221 vel
1527 190 1636 220 Fideles
1648 189 1738 221 nostri
1751 197 1853 220 contra
1868 196 1922 219 nos
1935 187 2041 226 poffint
2060 188 2212 228 aliqualiter
2232 192 2335 223 c‘onci-
2350 186 2427 219 Ann.
2439 188 2482 221 Da

1479 100 1874 151 LITERAE,

1264 232 1333 270 tari,
1352 231 1478 261 celeriter
1493 230 1652 266 revocetis3
1668 238 1685 259 a
1700 228 1855 266 similibus,
1873 227 1909 258 de
1924 236 2029 258 caetero
2043 236 2144 259 contra
2158 238 2211 259 nos
2231 230 2336 261 facien·
2378 236 2466 268 134¹.

1264 269 1323 307 dis,
1342 269 1455 308 penitus
1476 267 1660 305 abstinentes,
2350 267 2419 295 Ζάν.
2439 277 2466 305 3,

1305 307 1399 347 Qiod
1413 307 1433 338 si
1448 307 1541 337 facere
1554 316 1615 336 non
1631 304 1808 342 curaveritis,
1827 303 1861 334 ad
1883 313 1953 341 vos,
1972 311 2107 342 tanquam
2126 302 2282 336 Inimicum
2302 307 2337 338 ὃς

1266 345 1420 377 Rebellem
1432 345 1564 376 nostrum
1577 345 1610 376 ὅ(
1624 343 1706 375 Pacis
1719 343 1819 380 Regni
1834 341 1924 373 nostri
1938 341 2189 381 Perturbatorem,
2198 353 2337 382 quantum

1266 385 1303 415 de
1313 386 1376 422 jure
1389 385 1562 423 poterimus,
1580 384 1733 421 capiemus.
1830 419 1835 425 ¹
2037 419 2043 425 .

1304 422 1396 453 Teste
1411 421 1495 460 Rege
1508 422 1582 460 apud
1598 418 1888 453 Westmonasterlum
1897 438 1907 458 ,
1924 418 2002 450 sexto
2015 418 2062 450 die
2075 418 2187 451 Martii.

1398 558 1448 590 De
1466 558 1631 590 Intentione
1647 559 1735 603 Regis
1743 555 1835 603 sizper
1851 558 1981 589 Statutis
1998 551 2203 599 obftrvandis.

1269 642 1326 697 R
1336 639 1361 672 E
1370 640 1402 672 X
1431 640 1609 672 Vicecomiti
1623 641 1758 680 Kantiae,
1776 641 1913 673 Salutem.
2008 680 2012 684 Ι
2350 638 2428 671 Ann.
2444 641 2486 674 D,

1347 680 1447 719 ,Qia
1470 680 1658 711 intelleximus
1681 681 1762 718 quod
1785 680 1899 719 quidam
1940 677 2075 710 Malivoli
2090 680 2124 711 ὃς
2139 681 2222 712 nobis
2232 682 2335 721 Suspe÷
2373 688 2459 719 ¹34¹-

1265 715 1320 757 (ΞΗ,
1341 717 1441 749 Corda
1460 718 1632 758 Magnarum
1653 719 1687 750 &
1705 718 1827 749 aliorum
1845 703 2032 762 Subditorum
2047 743 2057 757 ,
2075 718 2109 749 &
2125 718 2266 752 Fidelium
2280 732 2335 754 rio-
2352 721 2406 746 An.
2426 730 2435 747 r
2441 729 2470 756 5.

1266 754 1410 796 strorum,
1428 766 1528 788 contra
1550 757 1618 787 Nos
1640 766 1758 787 movere
1770 758 1905 795 nitentes,
1925 767 1954 787 in
1970 757 2083 788 diversis
2122 756 2225 790 artibus
2237 757 2332 800 Regni
2355 761 2383 783 Ε·
2405 767 2430 794 3-

1265 796 1355 827 nostri
1371 796 1484 835 Angliae
1504 794 1649 835 divulgare
1670 795 1777 825 faciunt
1792 796 1873 832 quod
1888 795 1958 827 Nos
1971 795 2076 826 Conce
2100 805 2198 836 iones,
2215 808 2282 837 quas
2294 800 2336 830 fe-
2351 795 2488 833 daus-15.

1265 836 1358 865 cimus
1370 834 1473 864 eisdem
1490 833 1672 874 Magnatibus
1686 857 1696 871 ,
1715 834 1748 865 &
1764 833 1821 864 aliis
1835 833 2012 866 Hominibus
2025 834 2094 866 dieii
2113 834 2162 865 Re
2202 836 2210 865 i
2224 837 2334 878 nostri,
2353 838 2383 861 Ε.
2395 843 2482 872 3.ρ.ι.

1265 873 1303 904 de
1323 872 1580 903 Pardonationibus
1593 872 1769 903 Debitorum
1784 895 1794 910 ,
1812 872 1846 903 &
1859 872 1916 902 aliis
1931 871 2085 914 Privilegiis
2098 874 2131 905 &
2183 875 2335 916 uietantiis,
2353 882 2389 899 ²⁷¹-
2408 884 2454 910 39.

1203 925 1208 927 ⁴
1266 913 1295 942 in
1309 912 1442 951 Statutis,
1459 913 1490 942 in
1502 911 1616 943 diversis
1628 908 1824 941 Parliamentis
1838 909 1940 941 nostris
1954 910 2035 942 editis
2049 935 2060 951 ,
2077 915 2235 953 contentis,
2252 925 2336 948 revo-
2351 911 2406 939 dor.

1267 960 1352 1035 cffrEet'
1358 989 1562 1021 nichilominus
1574 988 1698 1020 Nonam
1714 987 1880 1019 Garbaruin
1892 987 2048 1026 Agnorum
2065 989 2252 1035 &UVellerum
2262 1017 2272 1032 ,
2282 1004 2338 1025 no-

1267 1029 1311 1059 bis
1332 1039 1421 1068 nuper
1441 1039 1489 1067 per
1512 1028 1647 1060 Praelatos
1662 1051 1672 1067 ,
1691 1027 1842 1067 Magnates
1858 1050 1869 1067 ,
1894 1027 1928 1060 &
1943 1025 2192 1061 Communimtem
2213 1033 2338 1071 ejusdem

1267 1067 1365 1105 Regni
1377 1066 1483 1107 nostri,
1501 1066 1707 1098 concessorum
1719 1066 1755 1097 ab
1770 1066 1832 1104 ipsis
1840 1089 1850 1105 ,

1306 1107 1344 1139 Et
1358 1107 1444 1138 etiam
1459 1106 1587 1137 Nonam
1599 1105 1678 1136 illam
1691 1115 1725 1136 ac
1742 1104 1899 1136 Decimam
1913 1103 2078 1136 Biennalem
2087 1128 2097 1144 ,
2115 1107 2197 1138 nobis
2212 1110 2339 1147 percle.

1267 1155 1333 1177 rum
1354 1145 1386 1176 R
1444 1146 1452 1175 i
1474 1144 1565 1176 nostri
1587 1145 1692 1176 ultimo
1710 1143 1858 1175 conceffas
1872 1168 1882 1181 ,
1906 1142 1943 1174 de
1966 1143 2146 1182 Abbatibus,
2172 1145 2337 1188 PrioribuS,

1268 1184 1391 1216 Praeben
1412 1185 1491 1224 ariis,
1506 1185 1540 1215 &
1554 1184 1662 1215 caeteris
1675 1182 1804 1213 Personis
1818 1181 2023 1213 Ecclefiasticis
2038 1205 2049 1221 ,
2066 1185 2117 1222 qui
2131 1183 2286 1217 Decimam
2301 1188 2337 1219 de

1269 1223 1462 1263 Spiritualibus
1481 1224 1515 1255 &
1534 1221 1756 1261 Temporalibus
1771 1246 1782 1261 ,
1806 1221 1999 1260 Spiritualibus
2020 1221 2073 1252 illis
2094 1224 2207 1254 annexis
2220 1249 2231 1263 ,
2253 1225 2339 1257 levari

1268 1262 1361 1294 facere
1372 1261 1558 1301 deberemus,
1576 1269 1677 1292 contra
1687 1260 1814 1291 formam
1828 1259 2059 1292 Conceffiorium
2074 1260 2111 1292 de
2124 1260 2220 1295 Noni
2234 1263 2340 1296 &De-

1270 1301 1349 1371 cinlilzfi
1364 1300 1523 1340 praedietis,
1542 1301 1626 1332 nobis
1639 1299 1796 1339 factarum,

1343 1350 1376 1371 os

1303 1365 1498 1411 Inten'tionem
1509 1378 1637 1411 nostram
1655 1380 1687 1410 in
1700 1378 1756 1411 hac
1770 1385 1850 1418 parte
1863 1377 1989 1418 Singulis
2009 1377 2047 1410 de
2066 1377 2148 1411 disto
2165 1378 2273 1420 Regno
2287 1390 2344 1413 vo-

1268 1417 1357 1450 lentes
1370 1419 1461 1457 palam
1475 1419 1625 1458 declarari,

1304 1457 1377 1489 Tibi
1392 1458 1574 1496 praecipimus
1589 1457 1707 1488 firmiter
1722 1457 1781 1495 inju
1821 1465 1899 1488 entes
1913 1454 1996 1500 quod
2009 1454 2104 1487 statim
2114 1479 2125 1496 ,
2143 1457 2207 1489 visis
2222 1458 2345 1496 praesen-

1268 1496 1360 1535 tibus,
1377 1498 1406 1527 in
1430 1496 1503 1528 locis
1546 1498 1575 1527 in
1590 1496 1694 1528 Bauiva
1706 1495 1772 1535 tua,
1789 1504 1806 1526 t·
1818 1502 1849 1526 tn
1864 1495 1935 1526 infra
1949 1494 2125 1534 Libertatis,
2163 1497 2230 1527 uam
2247 1506 2342 1536 extra,

1268 1535 1318 1566 ubi
1333 1534 1466 1574 expedire
1478 1519 1599 1575 videris,
1617 1535 1735 1574 publice
1750 1534 1922 1579 proclamari
1934 1533 2034 1579 faciaS,
2052 1534 2135 1579 quod
2169 1544 2256 1567 tatuta
2267 1545 2342 1574 prae-

1267 1574 1362 1613 dieta,
1380 1576 1414 1606 &
1434 1574 1533 1605 omnia
1554 1582 1690 1606 contenta
1710 1575 1741 1604 in
1760 1572 1885 1612 eisdem,
1904 1572 2023 1603 firmiter
2044 1581 2136 1604 teneri
2149 1573 2184 1606 δε
2197 1574 2342 1605 observari

1267 1613 1418 1651 volumus,
1436 1614 1470 1644 &
1486 1613 1568 1652 quod
1583 1613 1690 1644 Statuta
1702 1612 1748 1643 illa
1761 1613 1791 1642 in
1804 1612 1901 1651 aliquo
1913 1611 2084 1651 infringere,
2103 1611 2150 1643 seu
2163 1611 2270 1645 dictam
2278 1612 2344 1644 De-

1267 1653 1375 1682 cimam
1398 1652 1564 1683 Biennalem
1583 1652 1619 1683 de
1638 1652 1709 1690 illis,
1728 1652 1777 1690 qui
1791 1650 1917 1682 Nonam
1929 1650 2097 1689 praedi&am
2111 1649 2148 1681 de
2159 1650 2343 1690 Temporali-

1267 1691 1321 1722 bus
1342 1691 1395 1722 suis
1409 1715 1419 1731 ,
1443 1690 1514 1721 infra
1528 1691 1643 1722 Taxam
1656 1690 1793 1721 Decimae
1815 1690 1958 1721 contentis
1973 1713 1984 1728 ,
2000 1689 2051 1720 ubi
2066 1688 2159 1720 Nona
2173 1689 2218 1721 illa
2231 1691 2342 1722 dietam

1267 1728 1425 1760 Decimam
1447 1730 1561 1761 excedit
1576 1753 1586 1769 ,
1613 1729 1660 1760 seu
1681 1728 1789 1759 dietam
1812 1727 1938 1758 Nonam
1956 1727 1993 1758 de
2011 1728 2238 1766 Temporalibus
2249 1753 2261 1769 ,
2276 1739 2345 1768 quae

1267 1767 1330 1799 sunt
1346 1768 1382 1798 de
1396 1768 1524 1799 Dotibus
1536 1768 1728 1800 Ecclesiarum
1744 1790 1754 1806 ,
1778 1776 1795 1797 a
1814 1774 1944 1805 tempore
1958 1766 1982 1796 F
1983 1766 2145 1798 undationis
2158 1768 2344 1808 earumdem,

1266 1807 1301 1838 &
1325 1817 1391 1846 quae
1412 1817 1462 1845 per
1484 1806 1584 1838 Brevia
1605 1807 1642 1837 de
1663 1806 1779 1838 Utrum
1800 1804 1820 1835 si
1836 1804 1958 1836 Persona
1971 1804 2163 1837 Ecclesiamm
2176 1807 2344 1839 earumdem

1266 1844 1303 1876 de
1323 1845 1427 1877 eisdem
1447 1845 1576 1876 Dotibus
1595 1844 1686 1876 effent
1704 1844 1866 1876 Deforciati
1879 1843 2096 1884 placitarentur,
2113 1844 2207 1876 levare
2220 1855 2283 1877 non
2297 1847 2342 1877 in-

1268 1883 1412 1916 tendimus
1425 1894 1547 1923 quoquo
1559 1883 1669 1922 modo,

1303 1922 1384 1955 Scire
1403 1923 1511 1955 faciens
1531 1923 1669 1954 omnibus
1690 1922 1726 1953 &
1746 1920 1862 1959 singulis
1876 1920 2040 1953 Comitatus
2052 1922 2110 1961 tui,
2128 1922 2189 1953 tam
2203 1922 2275 1954 infra
2289 1921 2342 1953 Li-

1266 1962 1387 1994 bertates
1399 1986 1409 2000 ,
1426 1963 1516 2001 quam
1537 1970 1628 2000 extra,
1646 1960 1744 2000 quod,
1762 1960 1783 1990 si
1802 1960 1852 1998 qui
1873 1961 1903 1990 in
1917 1960 2012 1998 aliquo
2027 1961 2239 1998 praemissorum
2251 1961 2340 1991 sense-

1265 2002 1323 2032 rint
1342 2001 1370 2032 se
1385 2000 1530 2032 Gravatos
1542 2025 1553 2040 ‚
1574 2001 1610 2031 ad
1625 2001 1644 2020 ¹*
1661 1998 1872 2030 cancellariam
1886 1997 2014 2029 nostram
2026 2000 2161 2037 veniant,
2178 2000 2212 2030 &
2227 1999 2341 2030 Grava-
2359 2008 2374 2025 o
2387 2009 2490 2046 V·²3⁶·

1265 2040 1345 2071 mina
1363 2040 1408 2070 sua
1429 2039 1538 2071 ibidem
1559 2038 1713 2070 ostendant
1727 2061 1738 2078 ,
1754 2037 1790 2069 &
1804 2047 1857 2068 nos
1869 2037 1909 2068 eis
1924 2037 1992 2069 inde
2005 2036 2139 2069 debitum
2154 2038 2188 2069 &
2203 2037 2340 2069 festinum

1265 2077 1445 2110 Remedium
1458 2078 1519 2109 fieri
1533 2078 1679 2110 faciemus.

1303 2118 1342 2149 Et
1356 2118 1434 2156 hoc,
1452 2117 1503 2148 sub
1517 2117 1647 2156 periculo
1683 2114 1741 2147 uod
1752 2115 1913 2155 incumbit,
1930 2114 2088 2147 nullatenus
2101 2116 2225 2148 omittas.

1303 2156 1396 2189 Teste
1409 2156 1496 2196 Rege
1509 2157 1584 2196 apud
1596 2156 1658 2189 We
1685 2153 1891 2187 monasterium
1900 2179 1910 2194 ,
1927 2154 2005 2186 sexto
2019 2154 2067 2186 die
2080 2154 2191 2186 Martii.

2010 2233 2065 2263 Per
2078 2231 2234 2263 Concilium.

1323 2373 1375 2406 De
1392 2373 1539 2406 Denariis
1549 2368 1705 2416 fiilvendis
1716 2397 1726 2413 ,
1745 2380 1802 2416 pro
1817 2370 2032 2402 Procuratione
2051 2365 2277 2402 Cardinalium.

1262 2457 1393 2516 REX
1407 2482 1417 2496 ,
1444 2456 1567 2488 Dileaesto
1589 2455 1709 2487 Clerico
1729 2455 1781 2487 suo
1794 2479 1804 2494 ,
1825 2454 1952 2493 Johanni
1966 2453 2003 2484 de
2016 2452 2155 2492 Ellirker,
2174 2451 2335 2495 Receptori
2350 2443 2427 2475 Ann.
2444 2444 2484 2478 D„

1333 2496 1470 2527 Decimae
1486 2495 1644 2534 Biennalis,
1662 2495 1745 2525 nobis
1756 2504 1848 2533 nuper
1860 2503 1911 2532 per
1925 2491 2047 2524 Clerum
2060 2491 2193 2522 Eborum
2210 2489 2334 2520 Provin-
2379 2494 2467 2524 1341-

1263 2535 1316 2565 ciae
1332 2535 1493 2573 conceffae,
1511 2534 1647 2566 Salutem.
2352 2527 2405 2552 An.
2424 2533 2469 2559 ¹5·

1300 2571 1384 2605 Cum
1406 2584 1519 2612 nuper,
1545 2575 1577 2603 in
1590 2573 1737 2604 Auxilium
1749 2570 1947 2611 Expeditioni's
1968 2566 2161 2606 quorumdam
2175 2566 2330 2611 arduorum
2351 2567 2381 2590 E.
2403 2572 2428 2599 3-

1262 2611 1465 2651 Negotiorum
1486 2611 1653 2642 nostrorum
1668 2634 1677 2648 ,
1697 2621 1751 2650 pro
1766 2609 1959 2644 Defensione,
1974 2608 2034 2636 tam
2049 2606 2163 2637 Sanctae
2175 2605 2330 2644 Ecclesiae,
2345 2601 2486 2638 Claufii5,

1263 2651 1350 2687 quam
1374 2650 1471 2690 Regni
1491 2649 1580 2680 nostri
1601 2649 1714 2688 Angliae
1728 2671 1739 2686 ,
1765 2648 1964 2685 Qingentas,
1982 2644 2123 2684 Qatervi
2144 2645 2210 2682 inti,
2227 2645 2262 2675 &
2275 2644 2331 2675 Sex
2349 2644 2447 2677 E·3-P-
2459 2651 2484 2671 ι.

1265 2688 1382 2727 Libras,
1400 2690 1430 2719 in
1452 2688 1588 2719 Dioecese
1608 2686 1741 2717 Eborum
1756 2709 1767 2724 ,
1781 2688 1818 2715 de
1832 2683 2103 2722 Procurationibus,
2147 2683 2333 2713 enerabilium
2347 2688 2384 2707 ''¹-
2405 2680 2448 2715 3⁶-

1263 2726 1382 2757 Patrum
1397 2750 1407 2765 ,
1434 2726 1510 2758 Petri
1529 2725 1626 2756 Tituli
1649 2724 1763 2755 Sanetae
1783 2723 1916 2754 Praxedis
1936 2721 2111 2760 Presbiteri,
2136 2722 2170 2753 &
2186 2721 2334 2752 Bertrandi

1264 2765 1378 2796 Sanctae
1400 2765 1506 2796 Masiae
1527 2765 1556 2794 in
1575 2763 1688 2801 Aquiro
1708 2762 1837 2793 Diaconi
1851 2786 1861 2800 ,
1894 2760 2009 2791 Sanctae
2030 2759 2174 2790 Romanae
2198 2759 2337 2790 Ecclesiae

1264 2802 1459 2835 Cardinalium
1475 2827 1486 2844 ,
1510 2809 1614 2834 mutuo
1636 2802 1796 2841 recepimus
1809 2823 1819 2840 ,
1843 2801 1880 2832 de
1896 2800 1999 2839 quibus
2011 2800 2051 2830 eis
2064 2800 2201 2838 prompte
2214 2798 2337 2830 satisfieri

1263 2843 1463 2881 promisimus,

1302 2882 1390 2920 Nos,

1302 2920 1528 2951 Promiffionem
1542 2919 1667 2951 nostram
1682 2918 1848 2958 praedistam
1864 2916 2018 2954 adimplere
2031 2915 2177 2955 volentes,

1300 2959 1394 2990 Vobis
1416 2959 1585 2990 mandamus
1605 2958 1687 2998 quod
1700 2957 1916 2989 Colleetoribus
1931 2956 2174 2987 Procurationum
2267 2954 2338 2984 iel-a-

1264 3007 1330 3028 rum
1350 2998 1439 3029 distas
1455 2999 1653 3038 Qiingentas,
1674 2996 1903 3036 Qaterviginti,
1923 2996 1957 3027 &
1978 2994 2033 3025 Sex
2048 2993 2177 3038 Libms’.
2203 3003 2219 3036 e
2234 2992 2335 3023 Dena-

1264 3036 1380 3106 ἒῗῗάἒὲῗ
1393 3033 2087 3107 832ᾋῖἕὶἜὶῗῗιέἑένῗέἐξ“ἓᾶῗὲῗιέἑο”ίέἓῗὲ
2102 3031 2342 3100 ἓὲἓέἳξῗῗηῖῗ

1267 3115 1394 3152 riorum,
1414 3124 1487 3153 quos
1507 3116 1546 3145 eis
1568 3113 1607 3145 fic
1628 3113 1827 3151 liberaveritis,
1845 3095 2061 3154 Testifica'ntee,
2105 3116 2181 3139 tnos
2194 3109 2279 3152 vobis
2294 3110 2338 3139 in-

1263 3153 1320 3190 de,
1339 3154 1370 3183 in
1383 3152 1536 3191 Compoto
1551 3152 1664 3190 vestr0,
1682 3152 1808 3183 debitam
1824 3149 2035 3193 Allocationem
2049 3147 2152 3191 habere
2169 3146 2315 3178 faciemus.

1301 3191 1391 3224 Teste
1406 3191 1490 3232 Rege
1502 3190 1579 3231 apud
1593 3190 1738 3231 Langele,
1757 3189 1915 3221 undecimo
1929 3187 1974 3217 die
1989 3184 2098 3217 Martii.

1772 3267 1826 3295 Per
1840 3267 1935 3294 Breve
1951 3264 1983 3294 de
1997 3265 2118 3294 Privato
2132 3261 2232 3301 sigillo.

1362 3412 1411 3445 De
1429 3408 1596 3444 Mandatis
1606 3406 1668 3455 βψ
1686 3411 1804 3443 Secreto
1818 3407 1923 3455 Sigillo
1942 3416 2048 3440 vocato
2068 3405 2223 3451 Grtffimn.

1265 3496 1321 3551 R
1332 3493 1358 3525 E
1368 3494 1399 3526 X
1423 3494 1629 3533 Thesaurario,
1647 3495 1682 3527 ὃς
1697 3493 1852 3526 Baronibus
1865 3493 1918 3523 suis
1932 3492 1968 3523 de
1983 3491 2134 3524 Scaccario
2166 3490 2300 3522 Salutem.
2347 3490 2424 3522 Ann.
2440 3491 2480 3525 D.

1303 3572 1308 3576 ι
1361 3535 1441 3573 Qiia
1453 3534 1587 3565 volumus
1601 3533 1684 3572 quod
1697 3532 1848 3564 Senescalli
1863 3555 1872 3570 ‚
1890 3532 2083 3569 Receptores,
2101 3514 2216 3567 Baliivi,
2236 3527 2330 3558 Mini-
2372 3540 2459 3571 1341.

1263 3569 1325 3609 stri,
1343 3581 1378 3603 ac
1399 3571 1542 3603 Custodes
1564 3572 1767 3603 Maneriorum
1778 3596 1789 3610 ,
1813 3571 1971 3602 Terrarum
1986 3592 1997 3608 ,
2016 3569 2050 3600 &
2061 3567 2330 3611 Tenementorjurn,
2343 3572 2397 3597 An.
2421 3580 2465 3605 15,

1262 3608 1298 3639 ad
1314 3608 1469 3642 Cameram
1483 3610 1610 3642 nostram
1625 3611 1830 3642 reservatorum
1839 3634 1848 3647 ,
1867 3619 1916 3648 per
1932 3608 2040 3639 Literas
2053 3606 2091 3638 de
2103 3603 2330 3651 Secreto-sigillo
2345 3611 2377 3635 Ε.
2400 3618 2425 3644 3,
2457 3629 2460 3635 .

1264 3648 1384 3688 nostr0,
1401 3657 1508 3681 vocato
1533 3648 1698 3680 Giurro
1708 3657 1730 3679 u
1742 3656 1765 3679 N
1780 3673 1790 3687 ,
1816 3648 1853 3679 de
1884 3646 2111 3686 quibuscumque
2120 3643 2330 3686 liberationibus
2348 3646 2457 3675 [bidem.

1263 3687 1297 3716 ὅ(
1319 3687 1522 3726 solutionibus,
1540 3697 1590 3725 per
1611 3687 1684 3725 ipsos
1704 3688 1809 3718 virtute
1831 3687 1993 3717 Literarum
2014 3683 2179 3715 earumdem
2191 3679 2332 3724 fadhshvel

1263 3724 1398 3757 faciendis
1412 3750 1422 3766 ,
1443 3727 1597 3765 plenariam
1619 3726 1725 3757 habent
1742 3725 1956 3756 Allocationem
1968 3746 1979 3762 ,
1993 3723 2071 3762 juxta
2085 3729 2233 3757 tenorem,
2250 3729 2311 3766 vnn
2321 3742 2332 3758 ,

1262 3763 1297 3793 &
1317 3764 1458 3795 effectum
1474 3789 1484 3804 ,
1509 3774 1542 3795 ac
1563 3765 1771 3795 continentiam
1793 3764 1951 3794 Literarum
1972 3760 2187 3799 praedistarum,
2205 3758 2238 3788 &
2250 3759 2331 3795 quod

1263 3801 1374 3833 eaedem
1391 3803 1496 3834 Literae
1509 3813 1563 3841 pro
1574 3802 1775 3834 sufficientibus
1788 3801 1934 3833 Warantis
1943 3800 2022 3839 super
2035 3799 2094 3830 hoc
2109 3798 2263 3839 habeantur
2271 3819 2287 3840 ,-

1300 3840 1393 3871 Vobis
1414 3841 1581 3873 mandamus
1598 3841 1682 3880 quod
1695 3865 1705 3879 ‚
1730 3841 1802 3872 cum
1822 3838 1983 3879 hujusmodi
2006 3837 2111 3869 Literae
2125 3857 2136 3873 ‚
2162 3834 2212 3879 sub
2232 3834 2261 3864 Si
2282 3835 2332 3880 illo

1263 3879 1422 3919 praedicto,
1440 3891 1490 3918 per
1505 3880 1631 3917 aliquem
1646 3879 1854 3917 Senescallum,
1873 3878 2086 3915 Receptorem,
2103 3872 2260 3912 Ballivum,
2294 3873 2333 3904 11-

1262 3917 1383 3948 nistrum
1400 3942 1411 3957 ,
1437 3919 1483 3950 seu
1499 3918 1663 3950 Custodem
1683 3918 1905 3954 Maneriorum,
1923 3915 2096 3949 Terrarum,
2113 3911 2148 3942 &
2163 3911 2331 3942 Tenemen-

1264 3962 1363 3986 torum
1377 3956 1543 3987 nostrorum
1558 3957 1783 3995 praedictorum,
1799 3955 1834 3986 ad
1849 3953 2002 3995 Cameratn
2015 3948 2143 3994 nostram
2157 3950 2195 3995 fic
2212 3950 2333 3982 reserva-

1265 3999 1381 4032 torum,
1399 4004 1452 4033 pro
1477 3995 1705 4027 Allocationibus
1725 3995 1806 4032 super
1829 3992 1933 4023 eisdem
1949 3989 2050 4020 Litens
2063 3988 2213 4027 habendis,
2232 3998 2335 4019 coram

1264 4032 1349 4063 vobis
1368 4032 1404 4064 ad
1430 4033 1612 4068 Scaccarium
1631 4033 1801 4073 praedictum
1822 4030 1922 4064 delatae
1943 4027 1990 4059 seu
2014 4027 2184 4067 praesentatae
2205 4027 2335 4097 fzisrcissttg
