2562 4279
203 189 278 229 142
648 162 1896 219 CONVENTIONES,L1TERAE,

235 257 410 295 Suscepimus
431 256 501 294 ipsos
515 281 524 294 ,
547 255 723 294 Episcopum
737 279 747 295 ,
772 250 916 289 Abbatem
931 280 941 296 ,
966 257 1133 298 Thomam,
1146 256 1255 294 johan·-
1292 253 1396 292 absque
1416 252 1628 292 impedimento
1648 251 1744 289 aliquo
1757 275 1767 288 ,
1791 252 1903 281 munire
1916 250 2041 289 valeant,
2062 250 2192 290 quotiens
2205 258 2277 290 opus
2292 252 2354 282 fue·
2367 245 2440 278 Arm.
2460 247 2501 280 D.

52 260 180 292 Ann‘D'
1292 294 1345 329 rit,
1364 293 1397 323 &
1412 292 1461 322 fibi
1477 291 1597 323 viderint
1611 290 1755 328 expedire:
2394 288 2481 326 1336-

80 303 163 340 1336,
198 306 280 333 nem,
298 297 332 326 ὃς
350 296 513 334 johannem
526 318 536 331 ,
560 296 592 325 ἃ
612 305 711 325 eorum
725 297 898 334 quemlibet,
916 307 948 326 ac
961 295 1120 335 Homines,
1138 297 1172 326 &
1186 295 1252 325 Ser*

49 825 66 841 ⁹
86 824 139 850 IV.

48 862 114 896 685.

47 965 178 998 Ann.D.

67 1007 151 1046 133⁶·

46 1049 99 1073 An.
122 1055 163 1072 ιο.

45 1088 76 1111 E.
99 1093 124 1120 3.

45 1127 113 1150 Scor.
136 1132 178 1151 ιο.

45 1164 78 1188 Ε.
93 1170 117 1196 3.
134 1171 170 1190 m.

35 1201 92 1235 9⁶-

46 2410 122 2443 Ann.

73 2451 159 2489 1336.

45 2491 99 2516 An.
119 2499 160 2516 10.

46 2531 76 2554 E.
99 2536 124 2563 3.

45 2564 149 2594 Ibidem.

57 3791 72 3807 ⁸
95 3790 149 3816 w.

58 3827 125 3856 ⁶86.

49 341 116 369 Edv.
137 351 163 378 3.
197 336 303 365 vientes
315 334 394 371 suos,
411 335 438 362 in
455 332 603 363 Comitiva
619 333 664 363 sua.
677 334 824 365 existentes
839 360 848 373 ,
866 336 895 365 in
911 334 1037 365 Proteffl
1057 345 1124 365 nem
1140 335 1173 364 ὃς
1189 333 1252 363 De-

196 372 352 403 fenfionem
374 371 496 401 nostram
510 393 518 407 ,
544 381 656 401 necnon
679 373 707 401 in
729 372 834 403 salvum
857 374 890 404 ὃς
912 374 1008 404 securu
1063 372 1252 404 Condutff³mm

196 410 342 447 nostrum,
361 410 455 439 eundo
471 409 563 438 versus
577 409 662 440 ditftas
676 418 766 448 partes
780 412 903 449 Scotiae,
921 412 1028 442 ibidem
1043 410 1202 448 morandO,
1219 411 1253 440 δε

196 447 298 478 exinde
312 449 344 477 ad
360 448 451 478 dictos
464 447 599 477 Nuncios
612 448 765 480 redeundo.

233 485 271 516 Et
291 485 357 516 ideo
373 487 456 516 vobis
472 486 650 525 mandamus,
670 485 730 522 &a
743 495 825 526 prout
839 491 868 517 in
884 487 1054 527 consimilibus
1069 488 1100 518 de
1115 487 1252 518 ConduHu

197 527 308 554 Literis.

235 561 268 604 In
283 562 360 600 cujus
370 584 379 599 ,
399 563 459 592 δῖε.
479 562 564 600 usque
575 563 608 593 ad
622 563 734 594 Festum
750 564 956 596 purificationis
969 564 1061 597 Beatae
1074 565 1176 596 Mariae
1185 562 1253 594 Vir-

198 601 267 639 ginis
281 601 414 637 proximo
428 601 555 631 futurum
569 602 717 632 duraturas.

235 638 323 668 Teste
338 639 418 678 Rege
431 639 505 678 apud
523 640 698 672 Berewicum
711 641 788 680 super
802 641 963 681 Twedam,
981 641 1116 672 vicefimo
1129 639 1253 672 secundo

197 677 243 707 die
253 677 384 715 januarii.

884 721 937 749 Per
953 718 1033 757 ipficm
1044 721 1148 755 Regem.

394 777 426 788 ,ς

199 839 225 866 ³5<
251 839 308 873 Pro
336 837 516 885 quibufiiam
542 840 673 886 Pcrflmis
698 852 717 873 a
744 840 856 874 David
876 840 911 873 de
931 844 1041 882 Brute,
1069 843 1099 872 in
1117 837 1256 887 partilms

327 891 457 921 Famem
472 887 608 931 existente
619 916 629 932 ,
653 889 698 922 ad
714 889 900 922 Londoniam
915 887 1111 922 venientibus.

201 970 325 1031 REX
350 973 481 1004 universis
503 975 536 1005 &
559 974 669 1013 fingulis
684 974 912 1005 Vicecomitibus
927 999 936 1012 ,
956 974 1079 1012 Ballivis,
1098 972 1254 1009 Ministris,

273 1015 307 1044 &
330 1013 386 1042 aliis
410 1013 546 1043 Fidelibus
568 1013 619 1043 suis
633 1037 642 1051 ,
663 1013 723 1044 tam
736 1013 807 1044 infra
820 1013 990 1051 Libertates,
1011 1015 1097 1052 quam
1111 1021 1203 1050 extra,
1221 1011 1255 1041 ad

200 1059 290 1088 quos,
308 1052 370 1081 δῖε-
389 1051 523 1081 Salutem.

237 1089 334 1120 Sciatis
350 1089 445 1127 quod,

237 1127 283 1157 Ad
307 1128 457 1157 instantem
480 1127 705 1166 Requisrtionem
721 1153 730 1166 ,
754 1128 945 1167 solempnium
958 1128 1147 1160 Nunciorum
1182 1127 1255 1158 San-

197 1164 312 1196 &immi
334 1166 419 1195 Patris
434 1188 443 1203 ,
462 1165 585 1197 Domini
601 1166 632 1196 B.
650 1167 764 1197 Summi
783 1167 947 1205 Pontii-icis,
965 1169 998 1198 ὃς
1018 1167 1133 1197 Domni
1149 1151 1254 1206 Philip-

197 1205 241 1242 pi,
261 1203 348 1240 Regis
372 1204 497 1234 Franciae
520 1204 644 1244 illustriS,
663 1205 872 1243 Consanguinei
885 1207 972 1236 nostri
985 1205 1133 1244 cariffimi,
1147 1207 1206 1244 jam
1219 1205 1254 1235 ad

196 1250 286 1280 partes
309 1236 408 1279 Regni
429 1242 536 1281 nostri,
555 1254 607 1282 pro
624 1245 741 1283 negotiis
755 1244 876 1283 Scotiae,
893 1245 926 1276 &
942 1245 998 1274 aliis
1012 1243 1048 1274 de
1068 1244 1172 1282 caulis,
1194 1243 1254 1282 spe-

194 1281 301 1312 cialiter
313 1281 534 1312 transmissorum
543 1305 552 1319 ,

234 1319 412 1357 Suscepimus
433 1320 487 1350 Sex
509 1319 657 1359 Personas,
676 1322 819 1352 venientes
832 1320 868 1351 de
883 1320 980 1352 David
995 1320 1031 1351 de
1045 1320 1129 1359 Brus,
1148 1321 1177 1350 in
1192 1330 1254 1359 par-

195 1357 272 1388 tibus
287 1357 412 1388 Franciae
426 1357 573 1396 existente,
592 1359 663 1389 iufra
679 1359 814 1399 Regnum
836 1360 966 1390 nostrum
981 1359 1054 1398 apud
1069 1359 1253 1390 Londoniam

198 1395 413 1434 (cujuscumque
441 1396 532 1426 Status
557 1397 602 1426 seu
624 1396 806 1428 Conditionis
827 1398 941 1435 fuerint)
965 1407 1034 1429 cum
1058 1397 1252 1437 Qadraginta

196 1433 374 1464 Hominibus
394 1434 542 1472 Equitibus
563 1435 598 1465 de
613 1435 761 1466 Comitivci
774 1436 820 1467 vel
833 1435 998 1467 Retinentia
1010 1436 1074 1475 sua,
1091 1446 1161 1467 cum
1180 1447 1253 1474 prae-

197 1472 260 1502 fatis
277 1472 400 1502 Nunciis
419 1474 498 1510 super
519 1473 672 1513 aliquibus,
691 1475 781 1512 ipsum
804 1474 918 1514 David,
937 1476 971 1506 δε
986 1475 1121 1513 quosdam
1135 1475 1201 1506 alios
1216 1475 1252 1506 de

197 1510 295 1541 Scotia
343 1512 518 1547 tangentibus
530 1534 540 1550 ,
565 1513 741 1551 t1·a&aturas,
759 1513 866 1544 ibidem
883 1514 1038 1552 morando,
1056 1514 1089 1544 ὃς
1104 1514 1205 1544 exinde
1219 1514 1253 1545 ad

196 1557 284 1587 partes
303 1534 429 1579 f'ranciae
446 1548 591 1580 redeundo
605 1574 614 1589 ,
635 1552 663 1581 in
682 1551 900 1582 protectionem
922 1553 954 1583 δε
978 1551 1187 1582 Defensionem
1201 1563 1255 1584 no-

198 1587 300 1624 stram,
319 1597 372 1618 nec
384 1597 443 1618 non
458 1589 488 1617 in
502 1588 607 1619 salvum
620 1591 653 1621 ὃς
669 1590 798 1620 securum
812 1590 1000 1621 Conductum
1016 1590 1160 1621 nostrum:

235 1625 272 1693 Ect
284 1625 464 1693 idaeoHvobis,
481 1626 515 1658 δε
529 1626 659 1658 vestrum
673 1629 803 1667 cuilibet,
823 1627 883 1664 &aa
897 1636 982 1668 prout
998 1632 1026 1659 in
1039 1631 1143 1659 Literis
1155 1631 1187 1660 de
1195 1628 1257 1669 sal—

198 1674 235 1694 UD
273 1675 305 1693 071
324 1675 341 1693 u
369 1676 395 1694 u.

197 1741 217 1771 d
236 1701 270 1732 ln
287 1703 382 1742 cujus,
400 1704 460 1734 &c.
479 1703 565 1742 usque
585 1704 618 1734 ad
635 1705 821 1744 Qindenam
837 1705 950 1737 Paschae
965 1707 1099 1745 proximo
1115 1707 1257 1746 futuram,

219 1750 348 1771 uraturas.

198 1817 226 1848 d·
238 1779 328 1856 Tleste
350 1779 431 1823 Rege
451 1779 523 1818 apud
544 1780 722 1813 Berewicum
740 1782 819 1820 super
840 1782 983 1813 Twedam
999 1806 1008 1821 ,
1025 1783 1163 1814 vicesimo
1178 1784 1256 1816 sexto

219 1827 245 1848 ie
275 1827 385 1848 anuarii.

885 1861 937 1889 Per
951 1859 1033 1898 ipfttm
1046 1862 1151 1898 Regem.

236 1935 277 1964 Et
282 1933 350 1973 fimt
365 1933 527 1972 Duplicatae.

256 2010 285 2040 T
311 2010 473 2041 mandatum
493 2011 534 2041 est
559 2012 717 2043 willielmo
738 2012 774 2043 de
798 2012 945 2053 Clynton,
962 2014 1181 2045 Constabulario
1197 2013 1256 2045 Ca-

274 2048 321 2078 stri
342 2049 380 2078 sui
402 2048 558 2080 Dovorriae
575 2074 584 2089 ,
609 2052 642 2082 ὃ(
664 2050 784 2081 Custodi
809 2052 948 2090 Qinque
965 2053 1107 2083 Portuum
1122 2055 1255 2092 suorum,

196 2086 242 2118 vel
261 2087 318 2125 ejus
341 2087 454 2118 Locum
475 2092 583 2120 tenenti
606 2091 636 2119 in
660 2089 750 2121 Portu
765 2089 919 2121 Dovorriae
936 2114 945 2129 ,
964 2091 1059 2130 quod,
1079 2093 1150 2122 cum
1165 2091 1199 2122 ad
1213 2092 1256 2123 di-

194 2126 278 2156 (stum
300 2125 421 2155 Portum
442 2126 597 2165 redierint,
622 2127 714 2159 versus
732 2138 821 2167 partes
843 2130 970 2161 Francia&
982 2154 992 2169 ,
1018 2130 1121 2169 absque
1135 2130 1256 2169 impffli-

195 2173 296 2194 mento
305 2188 314 2201 ,
332 2164 441 2194 transire
453 2167 624 2203 permittant.

232 2202 320 2233 Teste
333 2210 363 2232 ut
378 2204 466 2241 supra.

258 2329 308 2361 De
328 2331 536 2376 Prorogatione
552 2332 672 2378 Tretaegae
687 2330 870 2365 Hominibus
888 2332 923 2366 de
943 2337 1042 2367 Scotia
1059 2334 1190 2380 conccffe.

196 2411 319 2470 REX
347 2413 511 2457 Omnibus,
529 2415 562 2445 ad
574 2426 665 2458 quos,
685 2418 746 2448 Sec.
764 2417 899 2448 Salutem.

289 2451 435 2482 Novcrmt
450 2453 585 2483 Univerii
601 2454 698 2493 qubd,

238 2487 320 2519 Cum
332 2489 400 2519 Nos
418 2500 523 2530 nuper,

235 2527 288 2557 Ob
308 2527 510 2570 Reverentiarn
534 2529 657 2561 Domini
673 2530 785 2562 Summi
806 2531 970 2572 Pontificis,
989 2535 1022 2566 ὃς
1035 2534 1069 2564 ad
1083 2535 1256 2572 Requisitio-

198 2565 530 2609 nem,.Excellentissimi
543 2568 698 2607 Principis,
715 2569 841 2600 Domini
856 2571 977 2610 Philippi
994 2598 1003 2612 ,
1023 2572 1111 2612 Regis
1129 2574 1255 2605 Franciae

198 2601 332 2642 illustris,
357 2604 565 2644 Consanguinei
588 2608 673 2637 nostri
696 2608 842 2646 carislimi,
861 2619 893 2639 ac
908 2612 992 2640 etiam
1006 2611 1039 2640 ad
1055 2612 1192 2642 solicitam
1207 2613 1256 2643 In-

198 2642 331 2673 stantiam
344 2642 378 2672 N
381 2645 533 2674 unciorum
549 2644 673 2682 ipsorum
688 2645 889 2677 Domitiorum
899 2671 908 2686 ,
927 2648 1041 2678 Summi
1060 2649 1206 2680 Pontificis
1221 2652 1255 2681 &

198 2680 287 2724 Regis
300 2705 310 2719 ,
334 2681 369 2711 ad
413 2690 480 2712 artes
498 2682 591 2722 Regni
614 2684 726 2723 nostri,
751 2695 804 2722 pio
826 2687 945 2723 negotiis
960 2686 1084 2726 Scotiae,
1099 2689 1132 2719 &
1147 2689 1204 2719 aliis
1219 2689 1256 2719 de

198 2723 301 2758 caulis,
320 2728 378 2750 tran
393 2721 556 2759 mifforurn,

235 2756 476 2801 Conceffiffemus
498 2759 674 2791 Hominibus
693 2761 729 2792 de
750 2761 845 2792 Scotia
861 2786 870 2800 ,
895 2764 953 2793 tam
974 2763 1150 2803 Majoribus,
1169 2765 1255 2803 quam

199 2794 385 2838 Minoribus,
403 2797 436 2826 ad
451 2796 556 2828 Pacem
571 2800 604 2830 ὃς
619 2799 717 2837 fidem
731 2800 856 2830 nostram
878 2811 937 2831 non
951 2802 1145 2841 existentibus,
1161 2804 1256 2834 Treu-

200 2843 284 2873 gam,
302 2836 358 2865 live
372 2834 586 2878 Sufferentiani,
604 2838 619 2867 a
634 2839 770 2868 vicesimo
786 2840 869 2869 tertio
885 2839 931 2870 die
945 2841 1142 2880 Novembris,
1160 2845 1256 2882 proxi-

202 2882 254 2902 mo
271 2880 414 2909 praeterito
428 2897 438 2911 ,
462 2874 548 2912 usque
569 2875 602 2906 ad
627 2876 744 2906 Festum
758 2877 869 2908 Natalis
884 2877 1024 2918 Domini,
1040 2888 1107 2910 tunc
1122 2883 1255 2918 proximo

201 2910 334 2948 sequens,
352 2911 525 2951 duraturam,

235 2949 278 2993 'Et
299 2948 489 2993 postmodum
505 2974 514 2988 ,
532 2950 566 2980 ad
581 2951 782 2983 Reverentiam
796 2954 919 2992 ipsorum
936 2955 1153 2995 Dominorum,
1171 2958 1256 2988 Sum-

201 2996 241 3017 mi
257 2987 403 3031 Pontificis
416 2989 449 3019 &
465 2988 569 3028 Regis,
587 2990 621 3020 δε
634 2991 668 3021 ad
685 2993 808 3022 iteratam
824 2993 1049 3031 Requisitionem
1065 2995 1099 3024 N
1103 2998 1255 3027 unciorum

200 3025 401 3094 grandidiorum
415 3050 425 3065 ,
452 3029 568 3058 eandem
590 3028 736 3068 Treugam
752 3055 761 3067 ,
788 3030 844 3060 sive
863 3031 1080 3072 Sufferentiam,
1098 3035 1133 3064 ab
1149 3035 1253 3066 eodem

226 3063 301 3101 esto,
319 3064 405 3102 usque
423 3064 458 3095 ad
471 3065 553 3109 ¹diem
569 3065 666 3105 Jovis,
686 3069 714 3097 in
734 3068 817 3099 Festo
833 3068 1035 3102 Converfionis
1050 3072 1143 3103 Sanc'ti
1159 3073 1256 3112 Pauli,

201 3102 251 3139 δε,
269 3104 304 3132 ab
328 3102 430 3133 eodem
448 3103 494 3134 die
544 3105 631 3142 usque
650 3106 686 3147 ad
708 3106 786 3137 diem
808 3108 969 3148 Mercurii,
988 3118 1056 3140 tunc
1073 3113 1202 3148 proximo
1216 3113 1256 3142 se-

202 3150 340 3184 quentem
361 3141 477 3177 (eodem
497 3127 543 3172 die
565 3144 683 3180 incluso)
706 3144 956 3183 Prorogaverimus
970 3172 979 3185 ,
1006 3158 1090 3186 prout
1104 3151 1131 3179 in
1145 3150 1257 3181 diveriis

202 3177 314 3246 L¹Kie¹⁴¹⁵
328 3179 427 3246 rffistris
441 3180 618 3220 Parentibus,
636 3183 702 3213 inde
715 3185 870 3222 confectis,
888 3185 992 3223 plenius
1007 3188 1183 3227 continetur,

276 3227 308 3247 os
321 3227 335 3246 a
365 3228 428 3256 iuc,

238 3254 290 3284 Ob
305 3256 504 3286 Reverentiam
520 3258 689 3288 eorumdem
704 3258 900 3291 Dominorum
910 3284 919 3299 ,
937 3261 1049 3292 Summi
1062 3263 1210 3294 Pontificis
1224 3266 1257 3296 &

202 3292 308 3332 Regis,
325 3292 537 3338 Coiispiigtiiiiei
558 3297 663 3335 nostri,
683 3299 716 3328 ὃς
730 3297 764 3328 ad
779 3299 900 3336 ipsorum
917 3299 1105 3331 Nunciorum
1121 3303 1258 3340 multipli-

202 3341 295 3361 catam
311 3332 536 3370 Requilitionem
546 3359 555 3371 ,

229 3370 386 3413 'Treugam
401 3372 563 3408 praediciam
573 3397 583 3410 ,
601 3373 657 3403 five
667 3373 868 3405 Sufferentiam
882 3399 891 3413 ,
908 3376 943 3406 ab
957 3376 1060 3406 eodem
1075 3377 1121 3407 die
1140 3378 1259 3409 Mercu—

203 3409 259 3445 rii,
286 3412 370 3446 usque
390 3409 424 3439 ad
441 3409 516 3439 diem
539 3410 725 3442 Dominicam
750 3414 777 3442 in
803 3413 958 3452 Qiindena
972 3414 1102 3454 Paschae,
1123 3419 1256 3454 proximo

202 3445 295 3489 futura
318 3446 428 3484 (eadem
440 3447 486 3478 die
501 3448 659 3480 Dominica
672 3451 788 3488 inclusa)
809 3453 928 3490 praefatis
940 3453 1117 3484 Hominibus
1137 3455 1173 3485 de
1186 3455 1258 3485 Sco-

203 3492 256 3520 t1a‚
275 3495 477 3522 prorogamus:

216 3560 221 3566 .
240 3522 385 3554 Omnibus
399 3525 432 3555 ὅ(
450 3525 559 3563 singulis
572 3525 672 3556 nostris
687 3526 827 3558 Fidelibus
840 3528 874 3558 ὃς
889 3529 1012 3560 Subditis
1022 3552 1030 3568 ,
1048 3540 1080 3560 ac
1098 3530 1257 3561 Adhaeren-

201 3560 274 3590 t‘ibus
294 3562 391 3599 nobis,
407 3564 466 3593 tam
485 3564 514 3592 in
536 3563 648 3601 Scotia,
667 3565 755 3602 quam
769 3567 797 3595 in
813 3566 934 3606 Anglii,
951 3568 1002 3597 sub
1016 3569 1189 3599 forisfactura
1206 3570 1257 3599 Vi-

202 3605 241 3628 tae
262 3600 294 3629 ὃς
317 3599 545 3639 Membrorum,
570 3603 603 3632 ὃς
624 3603 769 3633 Omnium
792 3604 911 3635 aliorum
928 3616 990 3643 quae
1005 3607 1086 3636 nobis
1098 3607 1256 3639 forisfacere

201 3644 351 3675 poterunt,
369 3638 485 3669 firmiter
506 3640 684 3679 inhibentes,
710 3643 748 3671 ne
769 3643 887 3680 praefatis
902 3643 1079 3674 Hominibus
1093 3644 1129 3674 de
1144 3646 1257 3685 Scotia,

203 3673 250 3715 seu
272 3684 374 3705 eorum
393 3677 489 3715 alicui,
507 3678 536 3707 in
557 3678 702 3717 Personis,
718 3679 833 3719 Terris,
851 3681 1071 3713 Posseffionibus
1090 3692 1136 3713 aut
1160 3683 1258 3714 Rebus

206 3710 274 3748 suiS,
292 3723 341 3749 per
359 3714 503 3758 Terram,
526 3715 571 3746 seu
591 3726 639 3756 per
652 3717 750 3755 Mare,
769 3718 958 3758 Dampnum,
976 3720 1125 3759 Injuriam,
1144 3721 1256 3753 Grava-

208 3755 293 3782 men,
310 3750 354 3780 vel
372 3752 551 3796 Molestiam,
570 3755 707 3793 inferant,
722 3756 767 3786 seu
781 3757 881 3789 faciant
897 3761 999 3797 quovis
1012 3760 1118 3790 modo:

244 3785 263 3803 ³*
282 3785 337 3829 Ita,
355 3789 484 3823 videlicet
495 3814 506 3830 ,
524 3792 604 3829 quod
626 3793 769 3824 Homines
791 3795 827 3825 de
848 3796 945 3827 Scotia
966 3798 1092 3835 praedicti
1113 3798 1259 3829 Obseffio-

207 3831 365 3865 nes=ss11ca
382 3827 480 3859 Castra
501 3829 539 3873 de
557 3830 673 3869 Coupre
688 3833 716 3861 in
731 3832 754 3861 F
755 3833 788 3871 yf
797 3834 831 3864 &
846 3834 882 3864 de
895 3836 1129 3872 Logherindorm
1144 3837 1260 3876 positas,

207 3869 330 3891 omnino
344 3863 376 3892 ὃς
390 3865 491 3903 absque
504 3867 635 3899 dilatione
650 3870 742 3908 aliqua
755 3881 924 3912 amoveant,
941 3875 975 3905 δε
988 3875 1088 3905 faciant
1098 3877 1239 3905 amoveri:

228 3896 285 3941 ’Et
305 3899 385 3941 (10οῤ
405 3902 543 3935 Custodes
562 3905 731 3938 Castrorum
755 3911 924 3941 eorumdem
966 3913 1000 3943 δε
1015 3913 1059 3943 alii
1073 3912 1217 3943 Homines
1231 3914 1261 3942 in

208 3935 317 3979 eisdem·
327 3936 485 3982 existentes,
501 3942 575 3973 dieta
590 3944 688 3975 Castra
704 3947 796 3984 exire,
814 3949 847 3978 ὃς
862 3951 922 3980 tam
937 3936 1008 3988 ipfi,
1027 3952 1113 3988 quam
1135 3950 1210 3989 Alii,
1227 3951 1261 3981 ad

209 3983 243 4003 ea
258 3973 375 4010 pacifice
391 3976 478 4007 redire
493 3980 525 4009 ὅ(
540 3983 653 4020 venire,
670 3978 704 4013 ὅς
720 3984 764 4014 illa
779 3986 909 4024 ingredi,
928 3990 962 4020 ὃς
977 3988 1135 4028 victualia,
1151 3998 1185 4019 ac
1199 3989 1262 4019 alias

211 4011 272 4042 Res
287 4011 388 4041 Emere
407 4014 440 4043 ὃς
461 4014 606 4055 Vendere,
621 4021 654 4050 &
667 4020 767 4052 Castra
779 4023 824 4052 illa
836 4023 873 4054 de
889 4025 1061 4057 victualibus
1077 4028 1110 4058 &
1125 4027 1181 4057 aliis
1196 4026 1264 4058 Ne-

212 4048 332 4081 ceffariis
346 4074 357 4088 ²
382 4049 497 4083 durante
518 4053 637 4094 Treuga
656 4059 714 4096 ipsa
730 4084 740 4098 ,
760 4061 794 4092 &
815 4071 868 4099 pro
890 4071 1020 4102 tempore
1041 4065 1112 4096 illius
1123 4066 1154 4097 T
1155 4074 1266 4105 reugae‚

1326 330 1371 360 Ac
1391 331 1476 360 etiam
1499 330 1579 368 quod
1599 328 1743 360 Custodes
1764 328 1896 358 omnium
1918 327 2037 358 aliorum
2058 326 2224 358 Castrorum
2239 352 2249 366 ,
2266 327 2353 359 Pelo-
2368 327 2434 354 Ἐάν·
2456 336 2480 363 3³

1287 378 1368 407 rum,
1386 370 1420 400 &
1431 369 1640 399 Fortalitiorum
1649 392 1658 405 ‚
1676 368 1706 397 in
1719 366 1796 397 dicta
1807 366 1899 396 Terra
1916 366 2038 405 Scotiae,
2057 367 2090 396 &
2103 366 2148 396 alii
2163 368 2191 396 in
2204 367 2242 396 eis
2254 367 2289 397 ad
2306 367 2352 397 Fi-

1287 406 1356 437 dem
1378 407 1502 437 nostram
1523 414 1736 438 commorantes
1750 429 1760 443 ,
1786 404 1886 435 eadem
1909 404 2025 442 Castra,
2045 404 2128 443 Pela,
2144 405 2177 435 &
2193 404 2352 444 Fortalitia,

1287 445 1392 484 libere,
1410 446 1443 476 &
1457 446 1559 484 absque
1573 445 1788 477 Perturbatione
1803 443 1926 481 qualibet
1941 467 1951 481 ,
1978 444 2071 480 exire,
2089 444 2122 474 &
2137 453 2196 481 quo
2209 443 2352 475 voluerint

1288 484 1330 513 ire
1345 506 1355 521 ,
1380 492 1413 514 ac
1434 483 1572 514 Vi&ualia
1591 484 1625 514 &
1645 483 1709 513 alias
1731 492 1773 512 res
1797 482 2000 520 Qaecumque
2019 481 2125 511 Emere
2146 482 2179 513 δε
2200 481 2346 521 Vendere,

1287 521 1476 559 Negotiaque
1491 522 1535 552 sua
1555 522 1664 560 ubique
1678 520 1815 560 inTerra
1828 520 1885 558 ipsa
1899 529 2064 557 excercere,
2082 519 2209 558 Ipsique,
2229 521 2263 551 &
2277 521 2350 560 Alii,

1288 559 1324 589 de
1339 570 1439 590 eorum
1457 560 1659 599 Adhaerentia,
1677 560 1712 590 ad
1731 559 1831 589 eadem
1846 558 1962 597 Castra,
1982 557 2066 596 Pela,
2084 559 2118 589 ὅ(
2133 558 2291 597 Fortalitia,
2306 569 2352 589 re-

1286 597 1345 628 dire
1363 599 1396 628 ὃς
1416 600 1512 629 venire
1527 621 1538 637 ,
1561 608 1595 628 ac
1619 608 1649 628 ea
1666 598 1794 638 ingredi,
1814 607 1847 628 ac
1863 595 2038 628 victualibus
2053 598 2086 627 &
2100 597 2158 627 aliis
2173 596 2349 629 Necessariis

1289 638 1400 667 munire
1419 637 1542 675 valeant,
1561 637 1813 675 quotienscumque
1833 637 1866 667 ὃ(
1888 635 2146 675 quandocumque,
2163 636 2198 667 &
2210 646 2295 674 prout
2305 637 2350 675 ip-

1288 675 1401 712 sorum,
1422 675 1457 706 &
1470 684 1573 705 eorum
1586 674 1747 713 cujussibet,
1765 675 1899 715 placuerit
1913 675 2071 711 voluntati,

1327 713 1363 744 Et
1376 713 1456 752 quod
1467 713 1612 743 Homines
1625 712 1661 742 de
1673 713 1772 745 Scotia
1786 713 1915 751 praedicti
1929 713 2052 751 aliquos,
2071 713 2121 751 qui
2135 713 2189 752 eis,
2209 722 2274 744 ante
2280 713 2352 744 Tri-

1291 752 1431 782 cefimum
1454 751 1533 782 diem
1554 750 1725 782 Decembris
1740 776 1750 790 ,
1774 752 1907 789 proximo
1926 753 2101 790 praeteritum
2116 776 2125 790 ,
2151 762 2212 782 non
2225 752 2350 783 adhaere-

1289 791 1374 828 bant,
1389 790 1424 820 ad
1441 788 1637 821 obediendum
1657 789 1703 819 seu
1725 789 1925 820 adhaerendum
1948 790 2009 828 ipsis
2030 790 2099 821 Arte
2111 814 2121 829 ,
2146 790 2192 821 vel
2206 789 2348 829 Ingenio,

1289 828 1335 859 seu
1356 830 1457 867 quovis
1480 829 1535 859 alio
1548 827 1656 864 m0d0,
1674 837 1735 857 non
1751 829 1940 867 compellant,
1958 839 2011 859 nec
2025 829 2096 866 ipsos
2109 829 2142 860 ea
2155 829 2307 860 occasione
2320 830 2349 859 in

1290 866 1419 897 Personis
1433 892 1441 905 ,
1467 867 1512 898 seu
1534 865 1757 896 Poss'effionibus
1772 890 1783 903 ,
1807 867 1841 898 ὃς
1856 867 1955 898 Rebus
1968 868 2038 906 suis,
2056 867 2224 906 molestent,
2240 869 2349 906 inquie-

1290 913 1362 943 tent,
1384 916 1477 944 neque
1491 913 1616 945 gravent.

1368 943 1400 974 In
1416 945 1510 982 cujus,
1531 944 1591 974 δίε.

1329 982 1419 1013 Teste
1438 984 1523 1020 Rege
1543 980 1618 1019 apud
1642 978 1819 1024 Berewicum
1841 980 1920 1023 super
1939 982 2081 1016 Twedam
2096 1008 2106 1023 ,
2122 984 2261 1016 vicesimo
2276 984 2352 1015 sexto

1292 1021 1338 1052 die
1349 1022 1491 1061 Januarii,
1510 1021 1616 1058 Anno,
1635 1019 1696 1050 &c-
1716 1019 1853 1050 Decrmo.

1980 1061 2034 1090 Per
2047 1060 2127 1099 ipsi'aem
2140 1065 2245 1100 Regem.

1489 1186 1548 1217 Pro
1567 1181 1723 1216 Edwardo
1741 1185 1819 1230 Rege
1834 1185 1934 1216 Scotiae
1951 1181 1987 1215 de
2007 1184 2155 1229 Expeqlis.

1362 1267 1426 1298 EX
1449 1267 1650 1306 Thesaurario,
1668 1269 1702 1300 δε
1713 1267 1880 1299 Camerariis
1894 1268 1961 1307 suis,
1977 1267 2112 1300 Salutem.
2368 1256 2442 1287 Ann-
2457 1257 2499 1309 D

1392 1307 1524 1337 Liberate
1539 1331 1548 1345 ,
1578 1307 1614 1337 de
1636 1307 1785 1338 Thesauro
1811 1306 1936 1345 nostro,
1966 1306 2107 1338 Edwardo
2129 1306 2203 1351 Regi
2220 1306 2329 1338 Scotiae
2342 1331 2351 1346 ,
2389 1298 2489 1337 1336:

1292 1342 1511 1384 consanguineo
1531 1345 1631 1375 nostro
1653 1346 1793 1376 carissimo
1808 1368 1818 1383 ,
1845 1346 1986 1384 Qinque
2008 1345 2122 1377 Marcas
2135 1369 2145 1385 ,
2169 1346 2279 1385 singulis
2292 1345 2351 1377 die-
2364 1339 2416 1363 An.
2441 1347 2485 1365 ¹⁰·

1291 1382 1342 1412 bus
1355 1407 1364 1421 ,
1390 1394 1406 1414 a
1428 1384 1566 1414 vicesimo
1589 1384 1664 1414 sexto
1687 1384 1733 1414 die
1749 1384 1871 1422 Januarii
1908 1386 2039 1422 proximo
2053 1386 2212 1423 praeterito,
2231 1385 2260 1414 in
2274 1384 2348 1415 Sur»
2362 1378 2394 1419 E..
2414 1384 2440 1410 3·

1290 1423 1458 1452 ventionem
1478 1421 1670 1460 Expensarum
1689 1422 1800 1454 suarum
1818 1422 1854 1452 de
1876 1407 1970 1453 Dono
1984 1423 2099 1462 nostro,
2118 1424 2264 1462 quousque
2278 1423 2349 1454 aliud
2364 1412 2479 1440 lefr'n·

1291 1459 1357 1490 inde
1371 1460 1532 1491 duxerimus
1551 1461 1778 1491 demandandum
1792 1473 1802 1498 ι,
1821 1460 1999 1499 Recipientes
2012 1471 2027 1491 a
2041 1461 2160 1500 praefato
2175 1462 2256 1501 Rege
2272 1462 2351 1492 Lite·
2373 1461 2413 1478 ¹0·
2432 1456 2460 1480 E.
2476 1460 2501 1487 3*

1293 1508 1334 1527 ras
1362 1499 1419 1529 suas
1441 1499 1593 1538 Parentes,
1619 1499 1831 1537 Receptionem
1855 1500 1965 1530 illarum
1986 1500 2121 1532 Pecuniae
2142 1501 2328 1532 Summarum
2343 1524 2354 1540 ,
2370 1499 2405 1516 '⁷¹‘
2422 1490 2449 1517 S·

1292 1546 1359 1574 quas
1374 1539 1399 1567 ei
1413 1538 1450 1568 lic
1467 1538 1665 1577 liberaveritis,
1683 1537 1890 1568 Testificantes.

1331 1575 1420 1606 Teste
1434 1576 1516 1616 Rege
1529 1577 1602 1615 apud
1617 1576 1793 1609 Berewicum
1809 1576 1889 1615 super
1905 1577 2049 1609 Twedam
2058 1601 2069 1618 ,
2081 1578 2220 1610 vicesimo
2235 1578 2355 1617 septimo

1294 1613 1340 1644 die
1351 1614 1481 1653 Januaiii.

1987 1657 2040 1685 Per
2054 1656 2136 1697 ipfitm
2148 1658 2252 1694 Regem.

1409 1782 1457 1814 De
1477 1780 1667 1815 Vist'ualibus
1686 1781 1835 1828 Comittffe
1852 1781 1888 1815 de
1903 1780 2061 1815 Meneteth
2081 1779 2254 1816 liberandis.

1296 1864 1428 1923 REX
1442 1890 1452 1903 ,
1477 1865 1597 1898 Dilecto
1618 1865 1734 1898 Clerico
1759 1867 1809 1898 suo
1822 1891 1832 1905 ,
1859 1866 1992 1899 Roberto
2014 1867 2050 1898 de
2070 1866 2181 1905 Tong,
2198 1867 2356 1906 Receptnri
2372 1861 2447 1894 Ann-
2462 1861 2504 1895 D-

1292 1942 1302 1972 l
1376 1904 1552 1936 Vistualium
1565 1905 1731 1937 nostrorum
1746 1905 1819 1944 apud
1834 1905 2011 1938 Berewicum
2028 1907 2108 1944 super
2122 1906 2284 1945 Twedam,
2304 1906 2354 1938 Sa·
2366 1903 2478 1968 A1336·
2548 1905 2551 1911 ’

1304 1951 1391 1973 utem,
2396 1952 2420 1968 Ἰ.
2443 1951 2487 1969 10·

1333 1980 1550 2021 compatientes
1562 1980 1643 2013 statui
1663 1982 1761 2013 Aliciae
1774 1981 1937 2013 Comitiffae
1951 1982 1987 2013 de
2002 1981 2151 2014 Meneteth
2160 2006 2170 2022 ,
2369 1984 2399 2006 E·
2422 1989 2448 2015 3-

1334 2020 1430 2059 Qae,
1451 2031 1504 2059 pro
1520 2031 1555 2051 eo
1572 2020 1653 2059 quod
1670 2020 1784 2052 serenet
1799 2021 1833 2051 ad
1850 2021 1951 2050 Fidem
1964 2021 2089 2051 nostram
2104 2044 2114 2059 ,
2133 2020 2294 2058 proficuum
2306 2021 2355 2051 ali-
2369 2020 2435 2047 Scor.
2460 2027 2502 2044 ¹0·

1292 2060 1372 2097 quod
1386 2058 1422 2089 de
1436 2059 1534 2090 Terris
1549 2060 1582 2091 &
1598 2059 1698 2090 Rebus
1711 2059 1762 2089 suis
1777 2060 1804 2089 in
1819 2058 1917 2089 Scotia
1935 2060 2077 2097 percipere
2093 2069 2152 2089 non
2167 2061 2334 2096 permittitur
2344 2084 2353 2098 ,
2371 2060 2398 2082 Ε·
2415 2066 2484 2091 3·⁷'³·

1331 2096 1533 2128 Conceffimus
1553 2098 1647 2128 eidem
1661 2097 1824 2128 Comitiffae
1847 2097 1998 2136 Vic'tualia,
2017 2098 2052 2128 ad
2068 2097 2226 2128 Valentiam
2241 2098 2354 2128 Decem
2373 2103 2416 2130 3¹-

1292 2134 1459 2167 Marcarum
1474 2162 1484 2176 ,
1509 2137 1545 2167 de
1560 2136 1654 2167 Dono
1666 2135 1784 2174 nostro,
1803 2137 1832 2166 in
1847 2135 1992 2167 Auxilium
2007 2136 2217 2168 Sustentationis
2230 2137 2302 2175 suae,
2321 2138 2356 2168 &

1291 2184 1345 2211 pro
1359 2175 1474 2206 Debitis
1489 2175 1542 2206 suis
1555 2174 1760 2214 acquietandis:

1327 2213 1366 2245 Et
1387 2214 1453 2245 ideo
1476 2213 1566 2244 Vobis
1588 2213 1755 2244 mandamus
1776 2213 1857 2252 quod
1888 2213 2012 2251 praefatae
2034 2213 2194 2244 Comitissae
2217 2213 2355 2245 Vic'tualIa

1291 2252 1428 2289 praedieta
1438 2277 1447 2291 ,
1463 2253 1499 2283 de
1514 2253 1689 2283 Vidiualibus
1703 2252 1822 2290 nostris,
1840 2253 1870 2282 in
1885 2252 2024 2283 Custodia
2044 2253 2138 2283 vestra
2154 2253 2333 2283 existentibus
2343 2278 2353 2290 ‚

1290 2300 1340 2327 per
1361 2291 1525 2322 rationabile
1543 2291 1688 2329 Pretium,
1706 2291 1860 2321 secundum
1874 2291 2000 2322 valorem
2015 2291 2201 2330 eorumdem,
2218 2292 2355 2330 liberetis,

1290 2328 1471 2367 Recipientes
1485 2331 1499 2359 ὲ
1516 2330 1628 2367 praefata
1645 2329 1796 2360 Comitissa
1815 2329 1933 2360 Litteras
1947 2330 2019 2368 suas,
2036 2329 2246 2368 Receptionem
2262 2330 2355 2360 (116ῐο-

1291 2377 1356 2397 rum
1374 2368 1563 2407 Victualium,
1581 2370 1614 2399 ὅτ
1638 2369 1715 2407 Qiae
1749 2369 1783 2399 δε
1798 2367 1965 2405 Cujusmodi
1979 2393 1988 2406 ,
2007 2370 2125 2407 fuerint,
2143 2368 2353 2399 Testificanres:

1330 2405 1368 2436 Et
1384 2406 1454 2437 Nos
1469 2408 1550 2437 vobis
1564 2407 1646 2446 inde,
1664 2409 1693 2436 in
1707 2392 1860 2444 Compoto
1875 2407 1990 2445 vestro,
2007 2407 2131 2437 debitam
2146 2407 2355 2437 Allocationem

1291 2444 1394 2474 habere
1406 2445 1551 2476 faciemus.

1329 2483 1418 2514 Teste
1432 2483 1519 2522 Rege
1530 2484 1604 2523 apud
1617 2483 1796 2515 Berewicum
1806 2507 1817 2523 ,
1834 2484 1972 2515 vicesimo
1988 2483 2109 2522 septimo
2124 2482 2170 2512 die
2181 2482 2314 2520 Januarii.

1406 2607 1434 2634 ²¹?
1458 2611 1517 2641 Pro
1536 2608 1630 2642 Paula
1650 2607 1686 2641 de
1704 2609 1815 2640 Monte
1828 2607 1971 2649 Florum,
1995 2605 2031 2639 de
2047 2606 2131 2638 Dorio
2146 2608 2244 2652 Regis.
2368 2614 2456 2675 *qun

2368 2653 2397 2677 6.
2406 2662 2419 2685 7

1293 2692 1425 2751 REX
1450 2693 1654 2730 Thesaurario,
1671 2691 1705 2722 &
1720 2690 1889 2722 Camerariis
1901 2692 1968 2730 suis,
1989 2692 2122 2722 Salutem.
2367 2689 2443 2719 Ann.
2460 2688 2501 2719 D.

1389 2731 1572 2762 Attendentes
1588 2739 1665 2769 grata
1678 2732 1712 2762 &
1726 2730 1801 2761 utilia
1817 2730 1976 2769 Obsequia,
1989 2741 2069 2769 quse,
2079 2729 2207 2760 Dilectus
2221 2729 2350 2760 Clericus
2389 2729 2474 2768 1336.

1290 2769 1547 2809 noster,Magister
1556 2769 1658 2800 Paulus
1674 2769 1710 2799 de
1728 2768 1836 2800 Monte
1844 2769 1976 2807 Florum,
1993 2770 2092 2806 nobis,
2111 2769 2170 2798 tam
2185 2769 2215 2798 in
2230 2769 2352 2806 partibus
2368 2771 2418 2794 Aa.
2442 2777 2484 2794 ιθ.

1290 2808 1508 2846 Transmarinis,
1527 2809 1613 2847 quam
1627 2807 1806 2843 cismarinis,
1825 2807 2015 2845 multipliciter
2032 2806 2169 2845 impendit
2182 2831 2191 2845 ,
2210 2816 2270 2837 non
2285 2817 2350 2837 mo·
2369 2809 2398 2849 E.
2421 2815 2446 2841 3-

1290 2847 1365 2878 dicas
1389 2846 1524 2877 Pecuniae
1545 2848 1675 2877 Summas
1689 2869 1698 2884 ,
1723 2848 1751 2875 in
1771 2845 1920 2883 Obsequiis
1941 2846 2042 2877 nostris
2053 2845 2233 2883 hujusmodi,
2251 2846 2287 2875 de
2303 2845 2352 2876 suo
2369 2843 2482 2871 Liberat.

1289 2885 1427 2923 Proprio,
1445 2886 1548 2923 absque
1562 2885 1804 2915 Remuneratione
1817 2885 1926 2922 aliqua,
1944 2884 2145 2923 expendendo,
2373 2892 2415 2910 ιο.
2432 2886 2461 2909 Ε.
2474 2891 2502 2918 5»

1329 2923 1519 2962 Volentesque
1539 2923 1635 2962 Ipsum
1648 2948 1657 2961 ,
1682 2933 1718 2953 eo
1734 2932 1888 2960 praetextu,
1906 2934 1960 2953 nec
1975 2934 2036 2954 non
2051 2924 2152 2954 intuitu
2167 2923 2238 2952 boni
2253 2922 2348 2953 Servi·
2367 2930 2402 2948 m-
2422 2919 2450 2947 8-

1290 2964 1337 3001 tii,
1356 2963 1434 3001 quod
1450 2963 1532 2992 nobis
1544 2963 1636 2993 adhuc
1649 2961 1736 2992 indies
1750 2962 1904 3000 impendit,
1923 2961 2079 2999 prospicere
2093 2962 2229 2999 gratiose,

1329 3000 1530 3032 Concessimus
1550 3002 1574 3031 ei
1596 3001 1742 3032 Ducentas
1764 3000 1862 3030 Libras
1877 3023 1887 3039 ,
1911 3001 1946 3031 de
1969 3000 2062 3030 Dono
2082 2998 2195 3042 nostro,
2213 2998 2283 3028 ultra
2296 2998 2354 3028 illas

1293 3040 1469 3079 Qingentas
1495 3039 1590 3070 Libras
1604 3064 1614 3078 ,
1640 3049 1705 3078 quas
1728 3038 1777 3068 sibi
1792 3049 1842 3076 per
1855 3049 1926 3076 vos,
1944 3048 2032 3075 nuper
2049 3047 2098 3075 per
2110 3036 2183 3080 aliud
2195 3036 2286 3082 l3reve
2299 3047 2354 3068 no·

1292 3079 1381 3109 strum
1396 3078 1432 3108 de
1447 3078 1596 3116 Liberate,
1614 3078 1684 3109 solvi
1701 3077 1895 3107 mandavimus
1908 3086 1943 3106 ex
1958 3075 2039 3106 causa
2051 3074 2224 3113 supradicta,
2334 3114 2339 3118 Ι

1328 3117 1366 3148 Et
1380 3116 1446 3147 ideo
1461 3118 1542 3147 vobis
1556 3117 1723 3147 mandamus
1738 3115 1818 3153 quod
1831 3115 1923 3145 eidem
1937 3113 2027 3145 Paulo
2042 3113 2129 3144 dictas
2145 3112 2291 3145 Ducentas
2304 3113 2354 3143 Li-

1292 3156 1353 3186 bras
1362 3179 1371 3193 ,
1388 3155 1424 3185 de
1438 3155 1586 3186 Thesauro
1599 3155 1699 3185 nostro
1712 3154 1841 3183 liberetis.
1977 3191 1981 3195 .

1329 3193 1419 3224 Teste
1434 3193 1516 3233 Rege
1531 3193 1603 3232 apud
1620 3191 1841 3230 Knaresburgh,
1858 3190 1935 3221 sexto
1953 3190 1999 3221 die
2013 3190 2166 3221 Februarii.

1411 3335 1458 3365 De
1477 3336 1609 3366 Rumore
1627 3332 1807 3376 Invafionis,
1833 3335 1869 3370 (ῥ’
1886 3330 1923 3366 de
1942 3332 2049 3379 Populo
2063 3329 2233 3364 muniendo.

1293 3418 1406 3475 REX
1425 3417 1600 3449 Vicecomiri
1614 3417 1744 3448 Eborum
1762 3416 1896 3448 Salutem.
2335 3450 2340 3456 ,
2368 3427 2444 3458 Am,-
2457 3427 2500 3458 D¹

1387 3457 1480 3496 Qiia,
1499 3466 1533 3486 ex
1547 3456 1602 3487 fide
1621 3457 1710 3496 dignis
1731 3456 1936 3487 nonnullorum
1961 3455 2110 3494 relatibus,
2123 3455 2234 3485 auribus
2251 3449 2353 3495 nostris
2396 3468 2481 3507 1336·

1293 3495 1333 3525 est
1349 3496 1526 3532 intimatum,
1547 3495 1627 3533 quod
1643 3494 1759 3533 quidam
1773 3494 1905 3525 homines
1918 3494 1953 3525 de
1969 3494 2069 3525 scotia
2091 3492 2221 3536 quasdam
2244 3488 2349 3526 Alliga-
2367 3509 2418 3534 Aae.
2440 3516 2482 3534 10·

1292 3535 1383 3564 tiones
1399 3534 1431 3564 &
1446 3532 1713 3565 Confoederationes
1725 3533 1754 3562 in
1768 3533 1889 3570 partibus
1904 3533 2097 3571 exteris,cum
2111 3527 2351 3575 qiiibusdamHo-
2368 3548 2398 3571 E.
2442 3565 2447 3570 ·

1292 3573 1415 3602 minibus
1435 3574 1557 3609 partium
1578 3571 1757 3608 earumdem,
1777 3571 1898 3609 faciunt,
1914 3572 1947 3603 &
1968 3570 2002 3601 ea
2021 3569 2057 3600 de
2077 3566 2224 3612 causaAIpfi
2240 3566 2348 3609 i-lomi-
2363 3582 2502 3611 claustro,

1291 3620 1340 3640 nes
1353 3610 1528 3647 Alienigenae
1542 3609 1576 3640 ad
1593 3610 1682 3640 Arma
1696 3609 1722 3639 se
1733 3619 1846 3648 parant,
1864 3610 1898 3641 ὃς
1910 3610 2009 3640 Naves
2020 3609 2051 3637 in
2066 3603 2348 3649 magna-copiositate
2365 3625 2392 3646 E.
2405 3611 2434 3647 ‚j
2447 3630 2483 3648 m·

1291 3649 1368 3685 supra
1387 3647 1472 3678 Mare
1491 3657 1662 3687 congregare
1682 3649 1824 3687 nituntur,
1840 3649 1874 3679 &
1896 3648 1932 3678 de
1952 3643 2065 3678 Guerra
2083 3653 2203 3680 muniri,
2220 3641 2254 3672 ad
2269 3652 2347 3672 inva-
2360 3641 2451 3693 411³&

1290 3686 1417 3716 dendurn
1433 3686 1569 3716 hostiliter
1581 3687 1717 3726 Regnum
1730 3686 1878 3725 nostrum,
1897 3688 1931 3717 ὃς
1943 3685 2028 3722 Nos,
2044 3682 2078 3712 &
2093 3681 2203 3712 Gentes
2225 3679 2346 3718 nostras,

1293 3725 1510 3764 expugnandum
1525 3725 1559 3755 &
1573 3724 1762 3764 gravandum,
1781 3726 1814 3755 δε
1829 3725 1863 3754 ad
1880 3724 1931 3753 alia
1944 3721 2111 3764 Mala,quae
2126 3726 2347 3762 poterunt,per-

1293 3763 1478 3801 petrandum,
1496 3763 1545 3792 nili
1559 3763 1684 3802 ipsomm
1702 3762 1839 3800 Malitiae,
1856 3763 1968 3792 favente
1984 3759 2117 3803 Domino
2151 3756 2300 3801 obvietur:
2332 3797 2337 3801 Ι

1331 3800 1417 3839 Nos,
1435 3801 1587 3831 Salvationi
1602 3802 1636 3832 δε
1652 3800 1820 3832 Defensioni
1838 3800 1937 3836 Regni
1951 3796 2059 3840 nostri,
2077 3796 2110 3826 ὃ(
2151 3804 2171 3823 0
2194 3794 2231 3824 uh
2253 3795 2352 3832 praedi-

1294 3838 1408 3906 l&orum
1417 3862 1436 3906 ἰ)
1446 3839 1612 3883 providere,
1629 3850 1662 3870 ac
1677 3839 1798 3870 Malitiae
1811 3838 1955 3869 &diorum
1968 3833 2108 3865 Hostium
2122 3842 2161 3863 no
2189 3842 2284 3863 rorum
2299 3844 2354 3865 vo-

1307 3885 1382 3906 entes
1396 3888 1415 3907 o
1438 3888 1512 3908 vrare
2132 3909 2138 3915 ἢ
2227 3910 2232 3916 ¹

1335 3913 1406 3944 Tibi
1421 3902 1601 3954 praecip'imus
1636 3915 1753 3946 firmiter
1767 3915 1960 3952 injungentes,
1978 3908 2057 3953 quod
2079 3908 2187 3953 statim,
2204 3909 2267 3940 vifis
2285 3919 2357 3954 praa-

1296 3952 1416 3983 sentibus
1428 3955 1458 3983 in
1472 3954 1581 3993 singulis
1597 3940 1768 3984 Civitatibus
1782 3954 1816 3984 &
1831 3951 1945 3993 Burgis,
1957 3948 2052 3995 ΑΡεειίΛΙΒ
2061 3947 2158 3993 ‚Villis
2166 3947 2361 3992 Mercatorus,

1298 3989 1437 4022 Portubus
1457 3992 1564 4030 Maris,
1580 3993 1615 4023 ὃς
1634 3992 1690 4021 aliis
1708 3991 1796 4028 locis,
1813 3990 1844 4019 in
1867 3988 1972 4018 Balliva
1992 3994 2058 4029 tua,
2075 3994 2135 4016 tam
2147 3985 2218 4016 infra
2233 3986 2362 4029 Liberta7

1299 4037 1355 4066 tec,
1374 4031 1461 4067 quam
1483 4039 1574 4068 extra,
1592 4030 1641 4059 ubi
1662 4027 1796 4065 expedire
1812 4025 1935 4063 videris,
1953 4024 2070 4062 publice
2090 4023 2172 4055 facias
2194 4024 2364 4067 proclamari

1299 4075 1333 4098 ex
1347 4077 1424 4106 parte
1435 4067 1548 4106 nostra,
1566 4065 1647 4106 quod
1664 4075 1765 4098 omnes
1786 4062 1953 4101 Homines,
1971 4061 2007 4093 de
2020 4062 2123 4094 eodem
2138 4062 2306 4099 Comitatu,
2319 4071 2364 4130 ιῐῐςιι-Γ
