2562 4279
93 1103 171 1134 Ann.
184 1099 226 1130 D.

151 1148 200 1178 42.

92 1222 123 1245 E.
142 1200 170 1254 '3.

95 1259 136 1283 Ex
150 1259 176 1282 A
196 1269 210 1276 -

92 1302 158 1330 logr-

103 2298 239 2334 PV.352.

88 3257 94 3261 .
109 3219 189 3250 Ann.
205 3215 246 3248 D.

134 3266 220 3296 1342.

111 3300 165 3325 An.
189 3297 231 3323 16.

110 3356 193 3400 Dim.-
207 3375 250 3406 16,

111 3415 142 3439 Σ.
160 3420 184 3447 3.
203 3420 239 3445 m,

824 181 928 226 ET
1007 183 1268 229 ACTA

82 266 158 296 Ann.
170 261 212 292 D.
270 263 315 294 Ad
332 264 522 296 Retinentiarn
536 275 635 296 eorum
652 277 735 305 penes
751 278 818 306 nos,

102 310 187 341 1342.

83 344 149 370 Eil‘v.
166 349 192 375 3·

326 304 332 311 x

270 304 370 372 5³35?le
386 315 455 335 cum
471 304 583 334 diversis
600 305 823 345 Mercatoribus,

332 341 508 373 Clievancias
521 342 732 383 Denariorum,
751 346 781 375 iri
797 346 919 382 partibus
934 346 1153 386 Transmarinis,
1177 348 1212 379 ad
1234 359 1304 387 opus

235 380 361 410 nostrum
376 381 545 411 Faciendum
555 405 564 419 ,

274 419 319 448 Ac
335 419 369 449 ad
385 419 525 449 Denarios
541 420 602 449 illos
615 419 823 458 Recipiendum
832 445 842 460 ,

275 456 311 487 Et
326 457 360 487 ad
375 457 491 487 diversas
516 458 708 489 Liberationes
722 460 754 490 &
775 460 949 498 solutiones,
966 460 1002 490 de
1024 459 1153 492 Denariis
1173 463 1239 502 iilis,
1255 464 1305 494 eis-

236 495 304 525 dem
328 495 513 532 Magnatibus
535 498 568 538 &-
590 497 663 535 aliis,
682 507 764 535 prout
786 507 835 537 per
855 497 1021 528 Concilium
1043 499 1173 531 nostrum
1195 502 1303 533 ibidem

238 534 327 563 extitit
342 535 501 564 ordinatum
510 557 519 571 ,
538 535 698 566 iaciendum
707 558 716 573 ,

276 571 324 601 De
340 571 473 609 Receptis
488 573 521 603 &
535 572 725 604 Solutionibus
738 573 912 611 hujusmodi,
932 584 979 611 per
994 575 1086 613 ipsum
1100 575 1196 617 faffls,
1212 579 1306 610 eidem

239 609 450 640 Bartholomaeo
465 620 566 641 omnes
584 610 772 642 Liberationes
787 613 820 642 ὃ(
836 611 992 642 Solutiones
1006 614 1170 651 supradictas
1180 640 1189 654 ,
1205 628 1251 655 per
1259 618 1307 648 Sa-

241 656 438 686 cramentum,
458 648 666 679 dileetiClerici
681 649 785 686 nostri,
804 648 880 679 Petri
895 650 931 680 de
939 650 1309 693 Gildesburgh,quiCom-

242 695 342 725 potum
358 696 409 724 pro
426 687 542 724 praefato
565 687 774 717 Bartliolomaeo
794 687 829 717 de
849 690 992 725 praemissis
1013 691 1127 722 reddere
1150 693 1309 732 assumpsit,

242 724 382 765 allocetis,
402 725 435 755 &
451 725 579 763 ulterius,
597 725 674 765 quod
687 725 720 754 ad
737 724 851 756 finalem
867 728 972 758 exitum
987 727 1131 767 Compoti
1145 731 1215 762 illius
1228 732 1309 763 fuerit

243 762 422 801 iaciendum,
440 764 530 794 modis
546 764 680 793 omnibus
694 763 804 793 faciatis.

281 800 368 832 Teste
383 801 511 832 Custode
526 801 640 839 Angliae
654 801 724 839 apud
741 801 933 843 Kenyngton,
951 806 1050 843 quinto
1070 805 1116 837 die
1132 806 1311 839 Decembris.

679 880 731 908 Per
748 878 831 920 ipstcm
848 879 983 920 Custodem
1000 881 1038 917 όν
1057 883 1205 916 Concilium.

394 1009 434 1042 A
452 1010 534 1054 Papa
557 1011 667 1042 iterata
690 1012 791 1043 Preces
807 1011 899 1057 shper
921 1011 1046 1059 Negotia
1069 1015 1167 1047 Pacis.

246 1093 433 1165 CLEegnens
447 1093 618 1138 Episcopus,
635 1094 790 1138 Servorum
807 1095 883 1140 Dei,
902 1096 1044 1127 carissimo
1059 1099 1088 1128 in
1102 1098 1219 1142 Christo
1239 1099 1312 1129 Filio

373 1132 484 1172 wardo,
502 1132 581 1171 Regi
596 1133 709 1171 Angliae
723 1133 839 1172 illustri,
857 1134 980 1165 Salutem
995 1137 1028 1167 δε
1051 1136 1246 1176 Apostolicam
1261 1137 1314 1168 Be-

205 1198 212 1204 .
249 1171 451 1203 nedietionem.

288 1210 330 1240 Ex
342 1208 494 1240 affeetione
507 1209 611 1240 sincerii
619 1233 628 1248 ,

286 1250 385 1287 Qiam
410 1249 445 1278 ad
470 1248 578 1279 Pacem
610 1250 680 1279 inter
705 1256 733 1279 te
752 1249 900 1286 (carimssie
925 1250 991 1286 Fili)
1014 1251 1065 1289 &,
1090 1251 1262 1282 carissimum
1286 1254 1316 1282 in

249 1287 366 1318 Christo
388 1286 492 1317 Filium
513 1287 640 1318 nostrum
655 1310 665 1325 ,
688 1286 763 1319 Phili
784 1298 854 1325 pum
878 1288 991 1328 Regem
1016 1289 1140 1320 Franciae
1162 1290 1316 1328 Illustrem,

249 1328 375 1357 invicem
387 1325 596 1356 reformandam
609 1348 618 1363 ,
633 1334 750 1362 urgente
790 1335 890 1357 aternae
911 1328 1038 1358 Caritatis
1052 1328 1173 1367 affe&u,
1194 1339 1250 1366 quo
1270 1330 1318 1359 Te

248 1365 414 1404 di&umque
445 1363 561 1401 Regem
586 1363 739 1401 specialiter
761 1365 976 1404 prosequimur,
1003 1366 1150 1396 habuimus
1174 1367 1206 1397 ὅτ.
1232 1368 1318 1398 habe-

249 1414 311 1433 mus

286 1426 463 1472 Venerabiles
478 1441 582 1471 Fratres
596 1439 722 1480 nostrOS,
737 1439 854 1472 Petrum
869 1441 1061 1473 Penestrinum
1071 1465 1080 1480 ,
1098 1443 1131 1473 &
1147 1443 1319 1474 Ambaldum

248 1480 440 1512 Tusculanum
449 1502 460 1518 ,
478 1479 648 1517 Episcopos,
668 1479 781 1510 Sanitae
796 1479 936 1511 Romanae
949 1480 1080 1511 Eccleiice
1094 1481 1253 1512 Cardinales
1263 1505 1273 1520 ,

286 1519 440 1556 Tanquam
456 1518 538 1548 Viros
553 1517 739 1558 profunditate
753 1518 885 1549 Scientiae
900 1529 932 1549 ac
947 1519 1216 1557 circumspectionis
1230 1528 1321 1551 matu-

248 1559 329 1589 ritate
347 1556 498 1595 pollentes,
517 1555 612 1594 Pacis,
630 1557 758 1588 Veritatis
771 1556 933 1595 &Justitiae
948 1558 1069 1588 fervidos
1089 1558 1240 1596 zelatores,
1257 1569 1322 1588 om-

250 1598 335 1635 nique
350 1595 527 1634 partialitate,
545 1595 615 1625 sicut
631 1594 818 1633 credidimus,
835 1596 867 1629 δε
889 1596 1028 1627 credimus
1050 1596 1254 1634 indubitanter,
1274 1607 1324 1627 ca-

249 1643 340 1665 rentes

289 1657 379 1704 Ad’te
397 1672 460 1709 (Fili
477 1671 847 1710 Dile&iffime)di8tumque
861 1672 974 1710 Regem
995 1672 1120 1710 proterea
1135 1673 1320 1711 providimus,

250 1711 358 1742 matura
371 1711 570 1742 deliberatione
587 1710 707 1740 Consilii
723 1710 849 1748 Prcevizi,
866 1707 1052 1741 destinandos.

287 1750 324 1780 Et
337 1750 420 1788 licet,
439 1749 517 1788 super
531 1748 745 1779 Reformatione
758 1748 835 1779 Pacis
851 1749 988 1786 ejusdem,
1006 1749 1039 1779 &
1061 1748 1188 1779 ineundis
1201 1749 1324 1786 Treugis

251 1789 367 1826 (quibus
379 1788 539 1819 durantibus
553 1787 642 1825 polset
656 1786 691 1817 ad
706 1787 796 1824 ipsam
811 1786 915 1816 Pacem
930 1789 1032 1823 attingi
1047 1788 1159 1824 melius)
1180 1796 1210 1818 ut
1230 1789 1263 1818 ad
1279 1798 1323 1818 eas

252 1827 380 1864 Regium
395 1827 541 1856 inclinares
560 1827 687 1856 animum
696 1847 706 1862 ,
724 1825 840 1855 Litteras
854 1824 957 1855 nostras
969 1826 1173 1856 Exhonatorias
1187 1835 1241 1856 tuve
1255 1826 1324 1856 Cei-

252 1866 363 1896 situdini
378 1864 476 1903 Regiae
489 1863 560 1901 saepe
571 1863 733 1898 duxerimus
740 1862 910 1901 dirigendas,
920 1865 980 1902 quia
997 1873 1089 1894 tamen
1099 1886 1108 1902 ,
1121 1874 1232 1901 propter
1244 1874 1323 1894 tuum

255 1905 289 1935 {sc
304 1903 427 1940 ejusdem
450 1901 538 1940 Regis
552 1912 586 1932 ac
608 1901 745 1947 utriusque
767 1901 951 1932 Subditorum
972 1912 1126 1933 commune
1148 1903 1274 1940 bonum,
1291 1914 1325 1934 ac

255 1942 341 1972 totius
355 1940 567 1972 Christianitatis
581 1950 642 1972 non
655 1939 748 1973 solum
766 1940 926 1981 utilitatem,
943 1941 988 1971 sed
1002 1940 1164 1974 evidentem
1180 1941 1326 1972 necessira-

256 1988 316 2011 tem

294 2003 452 2048 P13aeseitim
472 2028 540 2048 cum
558 2017 663 2048 Hostes
684 2016 841 2048 Catholicae
862 2018 962 2057 Fidei,
986 2017 1178 2050 Persecutores
1200 2019 1233 2050 &
1254 2018 1327 2053 Blas-

254 2058 353 2094 phemi
368 2058 494 2087 nominis
508 2056 680 2095 Christiani,
695 2065 729 2086 ex
744 2058 796 2086 tuis
818 2057 851 2087 ὃς
866 2057 988 2094 ejusdem
1010 2057 1103 2094 Regis
1126 2057 1243 2088 Guerris
1257 2068 1328 2087 con-

255 2095 421 2132 templantes
438 2094 678 2125 Cliristianitatem
698 2095 857 2134 turbatam,
871 2096 904 2125 ad
919 2096 1142 2133 extinguendum
1164 2095 1266 2126 Fidem
1281 2097 1324 2133 ip-

253 2134 328 2171 sam,
348 2133 381 2163 ὃ(
396 2131 567 2163 Professores
582 2133 662 2171 ipsius
677 2132 878 2172 Christicolas,
897 2133 934 2164 de
948 2134 1150 2165 Transmarinis
1161 2135 1195 2165 δεῖ
1209 2135 1266 2165 aliis
1284 2135 1329 2164 di-

257 2174 340 2203 verlis
355 2172 494 2210 partibus,
511 2171 627 2202 totaliter
643 2171 832 2210 extirpandos,
853 2172 984 2205 audacius
997 2173 1030 2204 δε
1046 2173 1288 2211 praesumptuosius
1301 2172 1328 2203 se

257 2211 342 2240 nimis
356 2210 502 2241 crudeliter
517 2210 693 2249 disposuerit,
713 2211 746 2241 &
759 2210 920 2249 disponant,

294 2248 402 2279 Eadem
424 2248 606 2279 Reformatio
620 2249 771 2279 ferventius
784 2249 878 2280 insidet
891 2249 970 2281 cordi
984 2249 1094 2288 nostro,
1111 2250 1204 2281 adhuc
1219 2249 1330 2282 Exhor-

259 2289 376 2318 tationes
391 2288 409 2306 ³¹⁵
424 2287 457 2318 &
474 2286 572 2317 Preces
584 2287 741 2326 hujusmodi
754 2286 932 2318 affectuosius
944 2289 1092 2326 iteramus,

296 2327 394 2357 Tuam
416 2325 664 2363 Magnificentiam
682 2325 808 2362 Regiam
829 2327 1018 2365 exhortantes,
1037 2335 1184 2358 monentes
1199 2327 1329 2358 attentius

258 2365 292 2396 δε
307 2373 448 2404 rogantes,
465 2374 498 2394 ac
520 2374 569 2402 per
584 2364 687 2395 viscera
708 2364 906 2396 misericordiae
920 2364 977 2394 Dei
993 2365 1079 2396 nostri
1099 2367 1231 2396 obnixius
1250 2366 1331 2396 obse-

258 2412 381 2442 crantes,
402 2404 527 2441 quatinus
567 2411 638 2441 quot
653 2403 685 2433 &
708 2411 808 2441 quanta
829 2403 908 2434 Mala
929 2404 1113 2441 irreparabilia
1135 2413 1168 2433 ex
1189 2404 1330 2441 praediCtis

259 2442 391 2480 Guerris,
408 2442 507 2480 quibus
523 2425 602 2472 Deus
616 2441 698 2472 Pacis
713 2442 833 2479 graviter
847 2441 1015 2479 offenditur,
1041 2443 1220 2479 provenerint
1235 2443 1331 2473 basse-

260 2491 329 2519 nuS,
346 2481 379 2512 &
394 2480 557 2518 proveniant
568 2479 749 2518 inceffanter‚
767 2489 800 2510 ac
816 2489 883 2518 quot
902 2481 937 2511 ὃ(
949 2488 1050 2519 quanta
1069 2480 1164 2519 Bona,
1183 2480 1251 2511 Deo
1272 2482 1330 2518 pla-

260 2519 378 2558 cabilia,
396 2520 430 2550 ὃς
446 2527 577 2556 accepta,
594 2528 628 2548 ex
642 2517 816 2549 Concordia
832 2519 929 2549 mutua
946 2519 977 2557 (si
991 2519 1066 2550 daret
1084 2530 1146 2550 eam
1168 2518 1327 2556 Dominus)

260 2557 458 2595 succederent,
474 2557 605 2593 cogitans
619 2558 690 2587 intra
704 2556 858 2594 praecordia
877 2556 970 2594 Regia
988 2557 1021 2587 &
1037 2559 1196 2594 recogitans
1211 2558 1331 2595 diligen-

261 2605 318 2634 ter,
337 2595 371 2626 ad
390 2596 469 2625 viam
491 2595 572 2624 Pacis
594 2595 770 2633 hujusmodi,
787 2595 839 2633 &,
856 2604 970 2633 propter
994 2606 1057 2627 eam
1073 2596 1170 2626 melius
1189 2596 1332 2634 assequen-

261 2634 350 2672 dam,
373 2633 523 2671 Treugas,
541 2633 624 2670 usque
647 2633 681 2664 ad
702 2634 783 2670 longi
804 2636 940 2672 temporis
961 2633 1082 2671 spatium
1105 2634 1253 2673 ineundas,
1271 2643 1332 2664 tan-

262 2682 348 2713 quam
364 2671 428 2702 Rex
449 2670 584 2709 pacificus
600 2671 634 2701 &
654 2672 819 2710 benivolus,
836 2680 863 2703 te
885 2680 1037 2712 coaptans·⁷
1056 2673 1238 2713 praefatorum
1261 2671 1332 2704 Car-

261 2710 397 2741 dinalium
419 2711 497 2747 (qui,
517 2710 585 2740 sicut
605 2716 732 2740 tenemus
752 2710 886 2747 indubie,
903 2711 943 2741 tui
962 2710 1023 2741 sunt
1043 2711 1168 2741 Honoris
1187 2712 1220 2742 &
1236 2710 1334 2742 Com-

265 2749 347 2779 modi
360 2748 502 2783 zelatores)
523 2746 660 2784 Monitis,
678 2747 939 2787 Exlionationibus‚
955 2748 1217 2782 &Persuasionibus
1235 2751 1264 2780 in
1281 2750 1332 2780 hac

265 2794 342 2825 parte
354 2786 502 2816 salubribus
515 2783 697 2816 effeetualiter
708 2787 872 2823 acquiescas.

302 2824 399 2854 Nobis
413 2823 491 2860 super
504 2823 557 2852 hiis
569 2832 624 2853 tuae
638 2823 787 2854 voluntatis
801 2824 834 2853 &
848 2824 1010 2854 intentionis
1022 2826 1192 2863 propositum
1214 2825 1334 2864 (quaesu-

266 2863 340 2899 mus)
362 2862 547 2899 rescripturus.

265 2939 289 2970 P
305 2901 370 2931 Dat.
390 2900 527 2934 Avi'nion.
541 2898 665 2931 secundo
677 2898 718 2930 Id.
736 2898 922 2939 Decembris,
942 2898 1127 2932 Pontificatfis
1142 2900 1231 2932 nostri
1247 2901 1334 2933 Anno

291 2949 373 2970 rimo.

267 3067 326 3100 Pro
348 3062 530 3099 Hominibus
555 3063 600 3097 ad
620 3066 725 3098 Arma
740 3068 787 3146 ἑῇ
812 3067 989 3112 Sagittariis
1006 3090 1017 3107 ‚
1051 3063 1088 3096 de
1103 3062 1272 3108 festinando
1293 3065 1339 3098 ad

770 3126 861 3161 egl’m·

267 3202 347 3265 LE
364 3201 423 3234 Roi
437 3214 471 3241 a,
488 3202 584 3234 nostre
605 3203 681 3233 chier
701 3203 733 3234 &
752 3202 837 3242 foial,
856 3201 1002 3234 Monfieur
1014 3202 1106 3242 johan
1127 3203 1163 3234 de
1185 3201 1337 3244 Gareyne,

341 3241 436 3272 Conte
450 3243 486 3272 de
500 3242 593 3272 Surrei
603 3265 613 3280 ,
631 3241 733 3272 Salutz.

304 3279 361 3310 Por
376 3290 410 3310 ce
425 3290 479 3317 que
494 3290 563 3310 nous
576 3281 704 3317 esperons
724 3280 789 3317 (oue
803 3279 884 3311 l'cide
897 3279 933 3310 de
948 3279 1036 3314 Dieu)
1057 3280 1091 3310 de
1107 3279 1173 3310 faire
1186 3281 1264 3318 bon,
1282 3280 1336 3310 ho-

267 3318 416 3356 nourable,
433 3319 466 3349 &
488 3317 552 3348 final
568 3318 690 3356 Esploit‚
709 3318 750 3349 sur
774 3318 866 3349 nostre
890 3317 1001 3349 Guerre
1022 3319 1057 3349 de
1081 3319 1206 3357 France,
1226 3319 1245 3348 fi
1267 3328 1336 3349 nous

267 3356 358 3387 soions
372 3357 438 3387 bien
452 3354 598 3386 Afforciez
613 3356 648 3385 de
664 3366 722 3386 noz
736 3356 835 3387 Gentz.
849 3367 963 3395 proprcs
976 3357 1182 3395 d’Engleterre,

307 3395 344 3425 Et
365 3394 409 3426 sur
428 3404 462 3425 ce
483 3394 654 3424 mandasmes
676 3405 728 3424 nos
751 3395 857 3425 Lettres
875 3395 1035 3434 especiales,
1053 3399 1120 3425 iouz
1140 3395 1233 3425 nostre
1256 3403 1336 3431 grant

268 3433 347 3471 Seal,
365 3444 379 3464 a
395 3443 481 3470 vouS,
498 3433 531 3462 &
544 3440 632 3463 autres
645 3431 772 3471 Grantz,
789 3433 956 3464 demorantz
970 3444 1005 3463 en
1022 3433 1116 3463 nostre
1138 3433 1180 3463 dit
1201 3432 1334 3464 Roialme

267 3471 472 3510 d'Engleterre,
495 3470 530 3500 de
555 3472 634 3501 venir
659 3481 675 3500 a
699 3481 767 3501 nous
793 3470 1002 3502 Afforciement
1027 3473 1060 3503 &
1085 3472 1271 3511 hastiement,
1294 3472 1333 3502 od

268 3510 367 3542 Gentz
380 3509 514 3540 d'Armes
526 3509 559 3540 δε
576 3509 715 3546 Arcliers,

303 3547 340 3578 Et
355 3558 424 3578 vous
439 3545 610 3578 mandasmes
625 3547 703 3585 auxi,
724 3557 772 3585 par
793 3546 872 3577 Brief
882 3547 920 3577 du
936 3546 976 3577 dit
996 3546 1076 3586 Seal,
1095 3547 1197 3578 d'estre
1217 3558 1232 3578 a
1253 3547 1333 3578 Lon-

264 3587 342 3625 dres,
368 3586 533 3624 lendemayn
553 3585 588 3615 de
607 3585 686 3615 Seint
704 3585 793 3615 Lucie
818 3585 934 3616 d'arrein
958 3585 1048 3624 passe,
1073 3595 1124 3623 pur
1147 3585 1224 3615 avoir
1243 3586 1332 3616 vestre

266 3624 383 3656 Conseil
398 3626 430 3655 &
449 3623 612 3654 Avisement
627 3623 670 3653 sur
684 3623 771 3654 cestes
791 3623 904 3662 choses,
921 3624 954 3654 &
973 3632 1061 3654 autres
1081 3624 1241 3654 tocheantes
1262 3634 1332 3655 nous

264 3665 298 3696 δε
314 3663 398 3693 l’estat
413 3663 448 3693 de
460 3671 518 3692 noz
532 3661 694 3699 busoignes,

303 3702 349 3732 Au
364 3711 435 3740 queu
451 3701 513 3736 jour
530 3701 564 3731 &
577 3700 631 3730 lieu
644 3699 682 3729 les
695 3698 802 3730 Contes
822 3699 984 3730 d'Atundell
1005 3701 1038 3731 &
1060 3700 1097 3730 de
1111 3699 1333 3740 Huntyngdon,

265 3741 300 3772 ἃ
321 3749 408 3771 autres
429 3738 557 3777 Grantz,
576 3746 733 3775 granterent
754 3739 909 3768 bonement
935 3739 1008 3776 (lour
1029 3738 1141 3776 mercis)
1160 3738 1196 3768 de
1215 3739 1294 3770 venir
1316 3750 1333 3770 a

264 3789 335 3810 nous
351 3778 422 3809 molt
437 3776 662 3814 Afforciement,

300 3817 337 3848 Et
353 3817 372 3847 si
386 3815 425 3846 est
438 3816 542 3846 acorde
555 3825 609 3856 que
621 3815 647 3844 le
662 3813 776 3853 passage
789 3813 816 3844 se
830 3814 908 3853 face,
926 3814 952 3845 le
973 3815 1079 3853 primer
1099 3814 1165 3852 J'our
1178 3814 1214 3845 de
1229 3813 1331 3854 Marz,

263 3856 407 3894 preschein
421 3865 436 3884 a
453 3856 530 3885 venir
540 3877 549 3892 ,
566 3865 581 3883 a
596 3852 773 3883 Portesmuth
783 3875 793 3890 ,

303 3893 335 3922 Si
350 3904 418 3924 vous
434 3894 527 3931 prions
539 3891 733 3929 especialrnent
742 3913 751 3928 ,
766 3901 801 3920 en
817 3890 917 3920 l'amur
930 3901 984 3931 que
992 3901 1061 3921 vous
1074 3900 1145 3921 nous
1159 3891 1257 3928 deuez,
1266 3901 1331 3930 que,

265 3931 448 3962 considereez
460 3931 552 3963 nostre
568 3929 698 3960 necessite
719 3930 752 3960 &
773 3928 874 3958 l'Onur
897 3929 930 3959 ὃ(
952 3929 1039 3959 Profit
1059 3930 1122 3966 q’en
1144 3929 1263 3960 avendra
1283 3930 1332 3967 (od

265 3968 349 3999 l’eide
363 3969 398 3999 de
413 3969 500 4007 Dieu)
519 3979 588 3999 nous
602 3968 685 3998 volez
699 3968 814 3997 envoier
829 3977 863 3996 au
877 3966 918 3996 dit
939 3967 1057 4003 Passage
1072 3968 1216 4006 Qarante
1230 3967 1332 3998 Hom-

266 4016 327 4037 mes
341 4006 487 4047 d'Arrnes,
505 4010 538 4038 &
553 4007 628 4038 Ceut
644 4005 781 4044 Archers,
800 4006 871 4034 bons
886 4006 918 4034 ὃς
930 4006 994 4035 bien
1009 4006 1202 4044 Apparaillez,

266 4082 276 4114 1
303 4043 355 4083 Et,
372 4044 392 4075 fi
407 4055 477 4076 vous
491 4048 616 4086 viegnez
629 4055 664 4077 en
679 4054 780 4084 propre
795 4042 932 4084 Parsone,
950 4044 970 4074 si
985 4053 1022 4075 en
1042 4043 1160 4075 ierrions
1180 4044 1252 4076 molt
1272 4044 1332 4084 plus

278 4091 344 4120 eez,
386 4096 387 4100 =

244 4138 247 4142 ·
284 4124 357 4154 Tam,
373 4123 408 4153 ΙΙ
425 4122 460 4154 Ρ.
474 4123 525 4160 JV.

1349 183 1821 237 PUBLICA.
2323 216 2399 262 139

1375 275 1411 306 Et
1427 277 1446 306 si
1461 278 1596 309 vodrions
1612 291 1665 318 que
1681 292 1749 313 vous
1762 284 1902 323 venissez‚
1918 296 1956 317 ou
1971 288 2130 320 envoiassez
2152 290 2234 321 ascun
2249 283 2285 322 de
2308 293 2396 325 vestre
2415 295 2487 328 Arm.
2505 290 2543 329 D

1342 311 1473 353 Conseil,
1490 327 1503 346 a
1521 317 1664 357 Londres,
1681 331 1696 350 a
1711 321 1749 351 les
1762 322 1869 353 Utaves
1888 324 1924 354 de
1939 326 2016 357 Seint
2030 327 2139 367 Hiller,
2158 340 2173 359 a
2186 329 2245 367 plus
2259 338 2327 369 tart,
2344 336 2396 369 pur
2440 343 2525 375 1342„
2539 329 2547 335 ⁶

1341 358 1423 382 tretei·
1442 355 1619 403 &jacorder,
1634 358 1673 388 od
1687 359 1781 389 nostre
1794 361 1908 392 Conseil
1920 363 2067 403 illoeques,
2084 366 2125 397 sur
2139 367 2175 397 les
2183 367 2340 405 Coustages
2348 380 2398 400 vos
2412 373 2479 402 etv.
2498 384 2524 412 ς,

1343 389 1441 436 Genti,
1457 392 1475 421 d
1488 392 1586 423 Armes
1607 396 1639 425 &
1660 394 1780 427 Archers
1800 401 1948 439 avantdiz,
1967 413 2022 440 que
2043 414 2113 434 nous
2132 405 2238 436 ferrons
2260 407 2400 438 volunters

1342 427 1438 473 devers
1453 440 1538 468 vous,
1555 441 1639 462 come
1654 444 1725 464 nous
1739 435 1828 467 fesons
1840 449 1867 468 as
1883 447 1968 470 autres
1981 440 2092 472 Grantz
2107 453 2143 472 en
2158 454 2211 474 ceo
2226 454 2279 474 cas

1381 467 1419 511 Et
1432 469 1518 518 cestes
1534 470 1628 500 choses
1641 472 1721 502 faccz
1741 484 1756 503 a
1779 476 1851 506 ceste
1872 477 1960 516 foitz;
1980 479 2133 510 monstrant
2150 492 2185 510 en
2209 483 2303 513 nostre
2325 486 2407 521 grani:-

1343 505 1478 543 bus01gne
1493 507 1607 547 lamur,
1624 519 1679 548 que
1694 522 1762 541 vous
1777 523 1845 543 nous
1859 514 1963 555 deaei,
1980 518 2012 547 ὃ(
2026 528 2094 548 nous
2110 529 2145 548 en
2162 530 2276 551 averons
2289 523 2346 552 ticu
2359 532 2405 552 re-

1346 543 1414 581 gard
1424 567 1433 582 ,
1452 555 1505 582 que
1518 556 1587 576 vous
1602 557 1672 577 vous
1685 559 1798 586 agrerez
1812 562 1859 588 par
1872 553 1959 583 reson.

1383 581 1463 612 Don.
1476 583 1543 613 souz
1556 585 1648 616 nostre
1664 585 1756 617 Grant
1770 588 1830 619 Seal
1847 601 1862 620 a
1878 592 2000 622 Westm.
2016 593 2040 623 le
2056 604 2092 624 20
2103 595 2167 633 jour
2182 595 2218 626 de
2233 596 2405 630 Decembre.

1347 657 1468 689 Autieux
1482 659 1568 690 Briefs
1584 660 1646 691 sont
1660 663 1780 693 mandez
1794 675 1808 694 a
1822 665 1859 696 les
1875 666 2007 704 Seignurs
2027 669 2212 709 souzescriptz
2221 695 2230 710 ,
2250 684 2301 711 pur
2315 683 2407 706 trouer

1383 697 1408 726 le
1424 699 1563 728 noumbrc
1584 699 1619 729 de
1635 697 1734 749 Gf'ntz
1753 703 1884 734 d'Armes
1906 706 1939 736 &
1960 706 2110 738 d'Archers
2130 709 2295 752 souzescript
2307 735 2318 750 ,
2340 714 2408 744 souz

1386 735 1493 765 mesine
1507 736 1533 766 la
1543 736 1621 776 date,
1639 748 1656 768 c
1665 738 1825 779 estaffirver,

1350 812 1527 879 Αάῌοηβκν
1544 812 1673 881 Ηιιῖῗνοί
1689 815 1720 844 de
1738 816 1834 847 Bohun
1851 822 1933 848 Conte
1949 820 1982 849 de
2000 820 2138 862 Hercford
2145 832 2199 863 pur
2223 834 2263 864 40
2280 828 2408 858 Hammex

1416 853 1517 880 Armes
1536 853 1574 881 60
1625 853 1720 882 rchers.

1350 891 1385 917 A
1389 891 1472 956 cllylgro?
1483 900 1529 919 eur
1545 891 1645 929 Johan
1663 892 1694 921 de
1712 892 1845 934 Moubray
1865 903 1918 933 pur
1937 906 1975 935 40
1993 896 2117 927 Homines
2135 901 2268 931 d'Armes
2289 912 2330 942 40
2349 899 2411 933 Ar·

1350 968 1386 994 A
1402 966 1529 1003 lllonfhur
1549 967 1673 997 William
1688 970 1720 998 de
1734 973 1788 999 Ros
1796 979 1848 1009 pur
1864 980 1902 1000 20
1916 974 2042 1002 Hommff
2058 975 2187 1005 d'Armes
2201 987 2240 1007 20
2255 976 2388 1008 Archers.

1351 1006 1387 1031 A
1405 1003 1495 1042 Mons]
1513 1004 1611 1042 Johan
1628 1007 1659 1036 de
1678 1011 1794 1044 Segrave
1807 1018 1858 1054 μιν
1875 1019 1914 1048 40
1934 1013 2059 1040 Hommer
2075 1014 2208 1043 d'Armes
2229 1026 2269 1055 40
2285 1017 2414 1048 Archerr.

1351 1043 1492 1109 ACZZZJ.
1510 1043 1622 1073 Thomas
1641 1046 1727 1076 Wke
1745 1047 1776 1075 de
1790 1046 1883 1077 deell
1894 1057 1949 1086 pur
1966 1057 2003 1087 30
2017 1051 2143 1080 Hommes
2156 1051 2287 1083 d'Armes
2307 1065 2343 1095 30
2352 1059 2415 1085 Ar-

1354 1119 1498 1185 Acglgtfi
1513 1118 1613 1157 Johan
1631 1120 1662 1149 de
1688 1121 1833 1163 Hsjlughby
1853 1133 1906 1163 pur
1932 1134 1970 1155 20
1995 1128 2119 1156 Hammes
2141 1127 2274 1158 d'Arni-es
2298 1141 2338 1161 20
2355 1135 2419 1168 Ar:

1354 1197 1389 1222 A
1406 1192 1499 1233 Jllons
1513 1195 1612 1225 Robert
1630 1196 1661 1226 de
1676 1197 1765 1227 Scalex
1777 1207 1830 1236 pur
1851 1209 1886 1230 10
1903 1202 2027 1231 Hommes
2045 1202 2176 1233 d'Armes
2198 1215 2233 1235 10
2254 1206 2386 1237 Archerr.

1354 1233 1497 1301 Asfflffs
1515 1236 1557 1263 W
1555 1233 1644 1264 illiam
1661 1235 1693 1265 de
1709 1237 1857 1277 Kerdeston
1869 1246 1922 1276 pur
1943 1248 1979 1270 10
1996 1243 2119 1271 Hommes
2144 1243 2278 1274 d'Armer
2297 1255 2332 1276 10
2350 1249 2412 1276 Ar-

1356 1311 1392 1338 A
1408 1310 1599 1349 MonJJHenri
1615 1312 1647 1341 de
1665 1316 1735 1352 Grey
1749 1322 1801 1352 pur
1819 1323 1857 1345 20
1875 1316 1999 1345 Hommes
2015 1316 2144 1347 d'Armes
2159 1329 2197 1348 20
2217 1318 2348 1352 Archerf.

1357 1349 1375 1366 *⁴
1396 1352 1430 1378 A
1449 1348 1539 1388 Illons
1554 1353 1639 1387 Rogm-
1652 1351 1684 1380 de
1702 1354 1771 1391 Grey
1786 1361 1838 1391 pur
1857 1363 1895 1383 20
1913 1356 2038 1383 Hommes
2057 1355 2186 1386 d'Armes
2203 1368 2241 1387 20
2262 1361 2392 1397 Archers,
2435 1364 2562 1399 *V.3531

1357 1387 1502 1455 Acgedffozffi
1517 1387 1614 1426 Johan
1631 1390 1663 1419 de
1688 1390 1829 1422 Cherleton
1851 1401 1904 1430 pur
1932 1401 1969 1431 30
1987 1395 2112 1423 Hommes
2140 1395 2272 1426 d’Armes
2298 1408 2338 1437 40
2355 1403 2418 1430 Ar·
2547 1421 2549 1423 -

1359 1467 1395 1494 A
1411 1450 1539 1504 Morisbur
1557 1467 1641 1502 Roger
1660 1467 1827 1507 Lestraunge
1842 1476 1892 1505 pur
1914 1478 1948 1498 10
1957 1471 2081 1500 Hommes
2099 1470 2231 1501 d'Armes
2239 1483 2278 1502 20
2291 1473 2422 1504 Archers.

1359 1506 1395 1532 A
1399 1504 1540 1572 2225?
1555 1504 1656 1534 Robert
1674 1506 1705 1535 de
1723 1507 1820 1545 Lffard
1834 1506 1858 1537 le
1872 1510 1938 1537 Fitz
1957 1517 2011 1546 pur
2028 1519 2067 1538 20
2085 1511 2212 1540 Hommcs
2233 1511 2365 1542 d'Armes
2383 1523 2423 1544 20

1361 1583 1396 1608 A
1416 1579 1506 1619 Mons
1522 1565 1618 1610 Adam
1637 1582 1668 1611 de
1689 1581 1772 1612 W'elle
1786 1591 1839 1620 pur
1862 1593 1895 1613 [ο
1913 1586 2038 1615 Hommes
2058 1584 2086 1616 αἶ’
2086 1588 2189 1616 Armes
2208 1597 2244 1618 10
2261 1588 2393 1619 Archers.

1362 1621 1396 1646 A
1413 1617 1541 1656 Monfi’ur
1560 1620 1649 1665 Herm
1668 1620 1699 1649 de
1716 1624 1825 1650 Ferrers
1859 1632 1891 1650 ur
1910 1632 1944 1662 30
1960 1626 2083 1653 Hommes
2100 1625 2237 1663 d'Armesr
2251 1635 2287 1666 30
2296 1628 2427 1659 Archers.

1362 1655 1511 1724 Adgmgst.)
1524 1656 1653 1724 121ngss
1665 1658 1693 1688 la
1709 1659 1802 1689 Zouch
1838 1672 1851 1689 e
1864 1661 2071 1700 Haryngworth
2082 1671 2136 1701 pur
2151 1673 2191 1694 20
2205 1665 2429 1697 Hommesd'Ar-

1364 1735 1400 1762 A
1414 1733 1546 1800 lMonseur
1570 1732 1669 1772 Johan
1693 1734 1725 1764 de
1742 1733 1770 1764 Ia
1788 1737 1871 1765 Ware
1882 1744 1936 1775 pur
1952 1746 1990 1766 20
2008 1738 2135 1769 Hommes
2158 1736 2292 1771 d’Armes
2309 1752 2348 1773 20
2365 1746 2429 1773 Ar·

1365 1783 1412 1839 Ac
1418 1782 1509 1852 ffsozif
1526 1810 1626 1848 Jamer
1641 1810 1779 1856 d’Audde
1790 1820 1844 1850 pur
1862 1821 1901 1842 20
1919 1815 2044 1844 Hommes
2062 1814 2195 1845 d‘Armes
2211 1826 2250 1846 20
2267 1817 2408 1858 Archerr,

1364 1851 1401 1878 A
1417 1850 1507 1891 Illons2
1524 1849 1623 1878 Robert
1641 1853 1707 1879 Fttz
1725 1853 1801 1890 Payn
1821 1859 1875 1888 pur
1898 1860 1933 1880 10
1950 1854 2074 1881 Hommes
2092 1854 2226 1884 d’Arme5
2248 1865 2283 1884 10
2300 1857 2432 1888 Archers.

1364 1889 1401 1915 A
1403 1889 1514 1955 ἐζωὲὸ
1524 1887 1805 1957 Zfzyzrffstraunge
1820 1889 1851 1918 de
1865 1889 2080 1931 Blankmonstier
2087 1900 2140 1932 pur
2154 1903 2193 1923 20
2201 1895 2326 1923 Hommes
2340 1894 2434 1924 d’Ar-

1365 1967 1399 1993 A
1417 1963 1507 2032 MOZJ
1555 1963 1625 1994 ohan
1642 1963 1674 1993 de
1700 1966 1770 2002 Grey
1794 1965 1826 1994 de
1842 1964 2005 2006 Retherfild
2017 1976 2071 2006 pur
2089 1977 2129 1999 20
2154 1971 2282 2000 Hommes
2306 1969 2439 2001 d'Armes

1403 2011 1441 2031 20
1493 2013 1518 2031 rc
1527 2013 1590 2033 αενς.

1366 2044 1400 2073 A
1419 2042 1508 2083 Mons.
1524 2039 1639 2071 Thomas
1655 2041 1688 2071 de
1705 2044 1774 2082 Grey
1788 2050 1841 2081 pur
1862 2044 1880 2073 6
1898 2045 2023 2073 Hommes
2042 2044 2175 2076 d'Armes
2193 2047 2212 2077 6
2230 2045 2360 2076 Archers.

1368 2204 1417 2237 De
1437 2199 1623 2246 I‘Wzllmfibtts
1645 2200 1690 2234 ad
1712 2204 1863 2245 Lancear,
1891 2201 1936 2235 ad
1949 2213 2051 2248 partes
2075 2206 2251 2247 Britanniae‚
2284 2209 2315 2238 in
2332 2206 2432 2250 fnlci-

1476 2262 1610 2284 mentum
1633 2255 1809 2286 Excercitus
1836 2255 1941 2297 Regis,
1961 2251 2105 2297 parandis
2128 2257 2163 2292 ῥ’
2187 2253 2336 2289 ducendis.

1369 2344 1508 2402 REX,
1527 2345 1644 2377 Dilecto
1659 2346 1692 2377 &
1714 2345 1803 2376 Fideli
1825 2345 1889 2384 suo,
1907 2345 2034 2377 Ricardo
2053 2346 2167 2378 Comiti
2191 2347 2367 2389 Arundffle,
2390 2349 2442 2390 Ju-
2460 2321 2562 2403 A1n3n431

1442 2385 1564 2415 sticiario
1578 2385 1625 2415 suo
1641 2384 1857 2428 Northwalliae,
1873 2384 1919 2414 vel
1932 2385 1989 2423 ejus
2004 2385 2118 2416 Locum
2129 2389 2254 2426 tenenti,
2270 2388 2405 2419 Salutem.
2458 2405 2511 2429 A„-
2526 2403 2557 2429 16

1406 2422 1487 2453 Cum
1503 2433 1590 2460 nuper
1602 2423 1684 2467 vobis
1699 2423 1938 2469 mandayerimusr,
1947 2423 2025 2467 quod
2039 2425 2197 2468 ccccxcviii
2207 2424 2348 2470 Homines
2355 2426 2440 2471 Wal-
2461 2445 2488 2467 E.
2501 2449 2526 2476 3⁴

1369 2459 1452 2491 lenses
1466 2460 1499 2491 ad
1516 2461 1655 2501 Lanceas,
1672 2471 1703 2491 in
1717 2461 1859 2492 Dominio
1875 2462 1908 2491 ὅτ.
1931 2462 2021 2491 ferris
2035 2462 2152 2501 nostris,
2170 2463 2368 2496 Northwalliae
2385 2466 2439 2504 (Vi-

1425 2501 1429 2505 .
1565 2500 1570 2505 .
1615 2501 1619 2505 .
1741 2501 1746 2505 .
2457 2482 2545 2506 Franc.

1374 2500 1478 2530 delicet
1498 2500 1591 2531 ccxlix
1614 2510 1642 2529 in
1659 2498 1805 2530 Comitatu
1820 2498 1855 2530 de
1870 2498 2071 2538 Kaernervan,

1420 2537 1505 2568 Clxvi
1520 2537 1703 2569 inComitatu
1717 2538 1754 2568 de
1770 2537 1941 2578 Angleseye,
2455 2518 2502 2582 ,¹„6‘
2512 2520 2552 2580 ἐξ

1408 2575 1444 2606 Et
1458 2576 1550 2607 lxxxiii
1571 2578 1600 2606 in
1616 2575 1762 2606 Comitatu
1777 2575 1978 2622 Menounyth,
2456 2575 2508 2620 do'r.

1410 2613 1446 2645 Et
1466 2615 1540 2652 qnod
1556 2625 1607 2644 vos
1632 2613 1756 2652 (praefate
1778 2612 1896 2651 Comes)
1920 2614 1949 2643 in
1972 2613 1995 2644 Γ
1997 2615 2060 2645 erris
2082 2615 2115 2646 &
2136 2613 2281 2646 Dominiis
2296 2617 2389 2648 vestris
2404 2618 2441 2649 de

1372 2651 1486 2691 Clone,
1506 2652 1596 2682 Chirk
1610 2653 1643 2683 &
1658 2651 1861 2690 Oswaldestre,
1881 2653 1971 2682 ccxlix
1984 2652 2122 2684 Homines
2143 2654 2292 2685 Wallenses
2311 2656 2345 2686 ad
2367 2656 2442 2687 Lan-

1373 2701 1458 2759 ceisfe
1482 2729 1643 2773 melioribus
1662 2729 1694 2760 &
1719 2729 1880 2774 fortioribus
1896 2728 2074 2773 ,Hominibus
2093 2729 2281 2775 wallensibus
2310 2730 2442 2765 Comita-

1374 2777 1456 2799 tuum
1470 2768 1669 2806 praedistorum
1706 2777 1765 2798 tam
1781 2767 1851 2797 infra
1867 2766 2036 2805 Libertates,
2053 2778 2139 2807 quam
2153 2777 2245 2807 extra,
2262 2771 2440 2808 eligeretis&

1374 2808 1539 2846 arraiaretis,
1556 2807 1589 2847 δε
1603 2815 1652 2836 eos
1666 2790 1784 2836 ssanceis
1796 2806 1829 2836 δε
1844 2805 1899 2835 aliis
1923 2805 2014 2835 Armis
2029 2808 2251 2844 competentibus
2266 2811 2389 2849 muniri,
2407 2811 2440 2841 &

1373 2845 1409 2875 de
1423 2845 1478 2875 uni
1493 2845 1577 2876 Seehi
1593 2844 1702 2883 vestiri,
1722 2845 1754 2874 &
1768 2843 1851 2882 usque
1859 2843 1993 2882 Portum,
2011 2853 2096 2883 quern
2109 2846 2189 2875 vobis
2203 2846 2364 2878 duxerimus
2379 2858 2441 2879 cer-

1374 2882 1556 2920 tificandum,
1572 2882 1606 2912 ad
1623 2881 1725 2912 Custus
1739 2881 1934 2912 Comitatuum
1949 2882 2103 2912 eorundem
2116 2882 2180 2913 duci
2196 2883 2334 2924 faceretis,

1409 2920 1449 2951 Ita
1465 2920 1542 2960 quod
1557 2921 1628 2951 dieti
1645 2921 1806 2951 ccccxcviii
1820 2919 1986 2958 wallenses,
2004 2921 2077 2951 bene
2091 2922 2193 2952 arraiati
2207 2922 2240 2952 &
2253 2925 2368 2961 muniti,
2387 2924 2438 2955 sint

1373 2959 1496 2996 ibidem,
1511 2959 1604 2996 primo
1619 2958 1664 2989 die
1680 2958 1793 2996 Martii,
1813 2959 1945 2996 proximo
1961 2958 2067 2996 futuro,
2084 2958 2118 2989 acl
2133 2959 2281 2999 ultimum,
2304 2964 2387 3000 parati
2406 2962 2441 2994 ad

1374 2998 1543 3029 veniendum
1564 2997 1597 3027 ad
1625 3007 1675 3027 nos
1698 2998 1725 3027 in
1744 2996 1930 3035 Britanniam,
1947 2996 1982 3027 ad
2007 2996 2097 3027 Vadia
2113 2998 2219 3036 nostra,

1411 3035 1457 3066 Ut
1472 3036 1538 3074 ipli,
1563 3034 1671 3065 ibidem
1688 3035 1834 3073 applicati,
1859 3034 1959 3065 abinde
1985 3036 2014 3064 in
2033 3035 2179 3066 Comitiva
2201 3035 2291 3067 vestra
2310 3035 2439 3075 (Praefate

1374 3074 1494 3112 Comes)
1514 3074 1565 3112 &,
1581 3073 1689 3104 Dileeti
1703 3074 1736 3104 &
1751 3073 1849 3103 Fidelis
1862 3072 1966 3111 nostri,
1983 3072 2133 3103 Willielmi
2148 3073 2269 3104 Comitis
2291 3075 2439 3115 Hunting⁴

1374 3114 1486 3152 doniae,
1505 3113 1538 3142 &
1556 3112 1674 3142 aliorum
1690 3112 1827 3142 Fidelium
1849 3110 2025 3148 nostrorum,
2044 3113 2090 3149 qui
2112 3111 2145 3142 ad
2169 3120 2219 3142 no>¹
2238 3116 2343 3144 venturi
2359 3115 2439 3155 estis,

1374 3152 1408 3220 :sid
1423 3161 1475 3181 nos
1487 3151 1592 3181 valeant
1607 3149 1763 3188 proficisci,
1780 3150 1930 3180 nobiscum
1943 3150 1974 3178 in
1983 3149 2188 3180 Fulcimentum
2205 3149 2368 3183 Excercitiis
2383 3164 2437 3184 no-

1401 3200 1423 3219 ri
1438 3197 1568 3220 moraturi

1414 3211 1644 3258 Mandaveri’mus
1658 3226 1760 3265 etiam,
1780 3225 1900 3256 Dileetls
1914 3226 1947 3256 Sc
1970 3223 2110 3256 Fidelibus
2132 3225 2248 3266 nostris,
2262 3228 2382 3266 Johanni
2402 3229 2438 3260 de

1373 3266 1518 3297 Warenna
1531 3265 1641 3295 Comiti
1657 3265 1774 3302 Surriae,
1793 3264 1870 3302 quod
1887 3263 1942 3301 ipse
1963 3265 2091 3293 cccxxxii
2114 3265 2141 3294 in
2157 3265 2297 3297 Dominio
2317 3268 2349 3298 &t
2363 3269 2437 3299 Ter-

1375 3306 1410 3336 ris
1424 3304 1474 3335 suis
1486 3304 1522 3335 de
1535 3303 1676 3335 Brumield
1687 3328 1694 3335 ,
1711 3302 1801 3340 Yale,
1821 3301 1972 3340 Maylork,
1992 3302 2024 3332 &
2039 3302 2189 3342 Kymeryk
2199 3326 2208 3341 ,
2361 3340 2363 3342 ι

1373 3381 1390 3412 s
1405 3342 1532 3411 ''og'a‘pni
1547 3342 1582 3372 de
1603 3340 1758 3372 Clierleton
1781 3340 1858 3380 quod
1872 3340 1927 3378 ipse
1948 3347 2058 3371 ccccxv
2080 3343 2110 3370 in
2130 3341 2272 3372 Dominio
2287 3342 2319 3373 δέ
2341 3341 2438 3376 Terris

1385 3391 1424 3412 uis
1459 3392 1474 3411 e
1513 3391 1560 3412 ow
1581 3391 1592 3410 s

1373 3419 1532 3489 Difkfpgerc}
1549 3391 1583 3450 <se
1597 3403 1681 3458 'Grey
1701 3416 1779 3455 quod
1799 3415 1854 3454 ipse
1872 3415 1948 3447 clxvi
1964 3417 1994 3446 in
2011 3415 2152 3447 Dominio
2167 3417 2199 3448 &
2213 3417 2306 3449 Terris
2325 3418 2377 3450 suis
2397 3420 2435 3452 de

1407 3469 1415 3488 i
1439 3468 1521 3488 erenc
1533 3467 1574 3488 oit

1410 3496 1531 3533 Rogero
1544 3479 1788 3526 de'Mortuomari
1805 3492 1840 3523 de
1861 3490 2044 3533 wygemore
2058 3492 2135 3530 quod
2147 3492 2202 3530 ipse
2217 3492 2310 3524 lxxxiii
2323 3495 2353 3525 in
2368 3495 2434 3527 D0⁴

1373 3535 1464 3565 minio
1478 3535 1510 3565 δε
1525 3533 1619 3564 Terris
1633 3532 1683 3562 suis
1698 3532 1734 3562 de
1750 3531 1926 3571 Wygemor,

1409 3572 1551 3640 Episcopo
1561 3570 1742 3640 sIJ-SIerefordiae
1759 3570 1836 3608 quod
1849 3569 1904 3607 ipse
1919 3568 1946 3598 xl
1961 3568 1997 3598 de
2008 3567 2151 3598 Dominio
2165 3568 2198 3600 &
2213 3569 2311 3600 Terris
2330 3568 2382 3602 suis
2397 3572 2434 3605 de

1371 3611 1455 3643 Bissio
1477 3621 1503 3641 es
1532 3609 1559 3640 *a
1585 3620 1600 3640 e

1407 3649 1449 3680 W
1451 3621 1565 3679 illielmo
1582 3631 1627 3678 de'
1642 3645 1748 3676 Monte
1764 3643 1860 3676 Acuto
1879 3642 1990 3674 Comiti
2005 3643 2104 3674 Sarum
2120 3645 2198 3683 quod
2214 3644 2268 3683 ipse
2283 3642 2312 3676 in
2327 3647 2433 3680 Domi,

1371 3689 1420 3719 nio
1434 3688 1467 3719 &
1482 3687 1578 3718 Terris
1591 3686 1643 3716 suis
1656 3685 1691 3715 de
1713 3684 1856 3724 Dynbe5h
1872 3691 1958 3714 ccxix
1981 3682 2121 3712 Homines
2138 3683 2286 3714 wallenses
2306 3686 2340 3716 ad
2357 3687 2433 3718 Lana

1371 3737 1449 3795 68ῗῖ
1465 3762 1607 3794 Edwardo
1622 3760 1700 3792 Duci
1713 3759 1869 3803 Cornubire
1893 3758 1925 3790 &
1941 3758 2051 3803 Comiti
2072 3757 2190 3804 Cestriae
2205 3782 2214 3798 ,
2240 3758 2314 3792 Filio
2335 3763 2432 3795 nostro

1371 3802 1529 3840 carissimo,
1545 3800 1622 3839 qnod
1638 3800 1693 3837 ipse
1714 3808 1842 3829 cccxxxii
1860 3807 1888 3827 in
1909 3796 2055 3827 Comitatu
2075 3797 2208 3836 Cestriae,
2227 3808 2260 3828 ac
2286 3799 2430 3832 Dominio

1370 3843 1404 3872 &
1419 3841 1516 3871 Terris
1529 3840 1579 3869 suis
1594 3839 1629 3868 de
1643 3837 1831 3875 Denglefeld,
1849 3834 1957 3873 Hoop,
1967 3835 2208 3878 'Marlorsessenek
2230 3837 2264 3867 &
2279 3838 2428 3877 Morhsut,

1369 3881 1404 3911 &
1419 3880 1502 3916 ccvi,
1519 3879 1577 3907 tam
1590 3876 1765 3914 sagittarios,
1783 3876 1867 3912 quam
1879 3873 2023 3904 Homines
2035 3873 2070 3904 ad
2083 3874 2220 3913 Lanceas,
2238 3876 2268 3905 in
2283 3875 2432 3907 Comitatu

1371 3919 1407 3949 de
1424 3917 1505 3956 Flynt
1523 3916 1555 3947 &
1570 3912 1726 3952 R0thelan‚
1743 3915 1771 3943 in
1784 3912 1971 3955 Northwallia
1980 3935 1990 3950 ,
2168 3951 2173 3956 Π

1406 3957 1450 3987 Ac
1467 3953 1598 3984 Gilberto
1611 3953 1720 3984 Talbot
1771 3951 1910 3981 usticiario
1925 3950 2020 3980 nostro
2030 3949 2201 3982 Suthwalliae
2236 3950 2280 3982 vel
2299 3952 2355 3988 eJ'us
2370 3950 2432 3981 L0‹

1370 4005 1439 4026 cuni
1454 3993 1576 4030 tenenti,
1593 3991 1671 4029 quod
1684 3974 1740 4028 ips}
1788 3988 1908 4020 cccxlvii
1921 3988 2065 4033 ¹Homines
2081 3975 2250 4032 Wallensss,
2268 3991 2325 4019 tarn
2334 3988 2427 4030 Sagit-

1371 4034 1467 4068 tarios,
1487 4030 1572 4068 quarn
1586 4031 1622 4062 ad
1637 4029 1776 4066 Lanceas,
1792 4029 1822 4059 in
1835 4026 1980 4058 Dominio
1992 4028 2132 4059 &Tema
2142 4025 2429 4064 iiostrisSuthwalliae‚

1370 4069 1515 4109 videlicet,

1868 4102 1887 4133 S
1903 4110 1924 4133 2
2312 4098 2433 4139 Ccccxv,
