2562 4279
746 163 855 205 ET
949 158 1217 202 ACTA

65 249 141 281 Ann.
154 247 197 278 D·
246 250 288 280 Sit
302 260 485 289 compertum
499 250 577 290 quod
589 249 716 290 praediffi
736 248 937 292 Malefae‘tores
951 245 1077 300 Nartes,
1097 254 1132 274 ac
1144 244 1195 273 alia
1206 242 1262 272 130-

88 288 171 326 1328·
208 293 244 318 'na
257 289 290 320 δε
306 289 428 328 Caralis,
446 291 667 332 praedictorum,
687 288 796 327 Rogeri
811 288 844 317 &
859 284 991 330 Ricard1‚
1008 285 1066 314 adi
1079 283 1187 313 alorem
1201 291 1262 311 non

68 329 132 355 Edv·
155 335 181 362 3·
207 328 374 367 modicum,
392 338 542 367 ceperunt,
560 329 593 358 &
610 328 794 357 Voluntatem
806 326 883 355 suam
895 323 960 354 inde
973 323 1116 367 fecerunt,
1153 360 1157 365 Ι

248 366 325 405 Quia
339 376 449 406 tamen,
467 376 582 408 propter
602 366 634 396 ali
658 374 704 395 uas
719 364 883 394 Dubietates
894 386 904 401 ,
923 372 988 399 quae
1001 371 1030 390 m
1045 360 1181 404 Negotio
1193 368 1263 386 oraz-

212 403 292 435 dieto
313 407 482 436 emerserunt
494 429 504 444 ,
529 405 607 435 idem
659 404 787 441 egotium
801 411 862 431 non
876 400 985 444 potest,
1000 398 1180 442 antean-stans
1221 406 1263 425 ar-

209 442 375 474 ]iamentum
395 444 524 474 nostrum
540 468 549 481 ,
574 442 674 473 discuti
691 443 724 472 &
745 441 909 476 terminari,
928 438 979 468 tibi
992 446 1171 480 praecrpimus
1184 433 1263 478 quod

212 480 291 511 Bona
310 484 344 513 ὃς
366 482 558 513 Mercimonia
577 480 721 510 dictorum
744 478 942 508 Mercatorum
957 499 967 514 ,
993 475 1029 505 de
1056 474 1137 504 ἀιέὶιε
1166 474 1263 515 Terris

212 519 338 551 Fi-anciae
379 521 586 557 Normanniae,
606 519 639 549 &
660 517 794 548 Pictaviae
808 540 817 553 ,
841 524 892 556 per
911 522 940 558 te
955 537 964 551 ,
982 521 1119 557 praetextu
1135 510 1264 559 Mapdatr

210 559 301 589 nostri
323 544 450 597 pr⁷aedi<fti
499 558 624 589 Arestata
640 579 650 594 ‚
667 556 741 586 salvo
755 555 788 584 &
800 554 902 591 abique
914 551 1095 582 distraCtione
1108 551 1200 588 aliqua
1212 560 1264 579 cu-

212 597 311 628 stodiri
345 583 577 628 necnon’omnia
595 595 674 626 Bona
687 594 721 624 δε
740 591 844 622 Catalla
865 590 1033 633 eorumdem
1047 589 1265 624 hlercatoruni,

208 635 246 666 de
261 621 343 666 dict'is
358 636 454 666 Terris
466 635 607 671 Franciae,
625 632 818 662 Normanniae
829 653 838 667 ,
857 630 890 659 ὃς
903 627 1056 671 Ρίέξᾱνικ,
1074 636 1264 670 ςυειεκηυιρς

211 673 283 704 infra
306 671 438 704 Ballivam
459 682 558 711 tuam,
587 673 642 702 sive
661 669 730 699 infra
750 668 906 698 Libertates
920 691 930 705 ,
954 670 1012 697 {ive
1035 675 1126 702 exrra,
1142 674 1263 708 inveniri

212 713 380 751 contigerit,
397 713 453 742 una
475 721 543 742 cum
561 709 674 741 Debitis
689 707 720 743 (si
744 716 807 743 quae
822 707 859 736 eis
872 705 1038 743 debeantur)
1053 714 1103 743 per
1115 703 1216 734 Visum
1229 703 1263 732 δε

210 750 440 788 Testimonium,
458 749 517 784 &c.
530 754 613 788 prout
619 745 703 784 fhpra
717 744 748 773 de
762 745 820 774 dat.
840 745 887 774 28.
905 744 978 783 Jun.

246 825 336 856 Teste
348 825 430 865 Rege
445 824 518 862 apud
533 822 746 862 Walsingham,
763 821 879 853 decimo
894 831 977 852 nono
990 821 1035 852 die
1050 818 1233 858 Septembris.

926 900 980 927 Per
1001 895 1154 927 Concilium.

298 1025 358 1061 Ad
372 1029 506 1072 Papam,
524 1025 615 1071 sitper
634 1021 847 1058 Vexationibm
865 1027 896 1055 in
918 1025 1013 1056 Curia
1032 1023 1180 1054 Romana.

63 1107 140 1141 Ann.
155 1111 196 1142 D.
266 1110 292 1141 A
302 1111 325 1141 P
334 1111 376 1142 AE
401 1110 467 1141 Rex
480 1110 584 1141 devota
598 1110 709 1141 Pedum
722 1110 816 1141 oscula
829 1111 986 1140 beatorum.
1110 1145 1115 1150 Ι

86 1151 168 1180 ΓΖΒ.
295 1149 354 1182 Etsi
368 1150 450 1180 nobis
464 1172 474 1187 ,
491 1150 707 1188 obsequentium
726 1150 823 1179 merita
843 1147 928 1192 tacita
951 1145 1175 1192 consideratione
1197 1151 1267 1187 pen-

61 1173 117 1216 Ani
133 1199 159 1216 2-
207 1189 327 1219 sanribus
341 1211 352 1227 ,
376 1188 552 1225 singulorum
571 1188 732 1218 utilitatibus
754 1187 834 1217 cordi
848 1189 880 1217 ht
893 1187 976 1216 nobis
988 1192 1064 1228 grata
1072 1181 1266 1228 ‚vicissitudine

61 1231 92 1254 E.
117 1237 141 1263 3.
207 1227 381 1265 providere,
407 1237 478 1265 quos
499 1235 593 1257 tamen
615 1225 715 1265 Regiis
735 1226 873 1264 obsequiis
892 1224 972 1254 labor
986 1232 1091 1269 attrivit
1114 1222 1265 1264 prolunor,

59 1268 131 1292 Rom.
143 1274 170 1292 2.
208 1265 242 1295 Sc
262 1265 373 1296 utiliora
394 1266 530 1296 novimus
552 1265 684 1303 obsequia
699 1263 871 1307 praestitisse,
889 1263 1079 1306 &hpraecipue
1091 1271 1164 1305 quos
1176 1268 1266 1290 Vlrtu-

60 1306 90 1329 13.
115 1312 141 1340 3·
156 1312 192 1331 m.
207 1300 269 1334 'tum
281 1304 357 1335 dona
368 1304 519 1341 praeferunt
534 1304 661 1342 potiora,
677 1304 822 1346 intimiore
835 1301 986 1331 dilefftione
1001 1300 1212 1345 prosequimur,
1231 1297 1265 1326 δί

60 1349 88 1367 ²2
205 1342 333 1380 ipsorum
346 1342 534 1381 inquietudini
546 1342 668 1374 tenerius
681 1338 931 1380 compatimur,&
946 1340 1071 1370 zelamur
1085 1339 1189 1370 avrdius
1196 1347 1265 1376 pro-

205 1381 335 1412 fectuum
352 1382 535 1412 incrementa.
849 1419 853 1423 .

244 1419 325 1450 Cum
346 1421 440 1458 itaque
459 1419 571 1450 dudum
593 1420 664 1449 inter
677 1442 687 1458 ‚
710 1417 914 1462 Venerabilem
933 1416 1045 1462 Patrem
1057 1442 1066 1456 ,
1092 1417 1243 1447 Thomam
1258 1439 1268 1455 ,

206 1468 286 1488 nunc
294 1457 535 1488 Herefordensem
551 1457 654 1496 Episco
676 1458 802 1495 um,&,
818 1455 1109 1503 dilerfimmClericum
1124 1454 1265 1498 nostrum,

206 1496 382 1527 Maoistrum
404 1496 567 1527 Henricum
587 1496 623 1526 de
672 1495 747 1535 lyff,
772 1496 851 1533 super
870 1494 1013 1525 Paebenda
1031 1495 1067 1539 de
1080 1495 1219 1539 Blebury,
1233 1504 1266 1539 *in

208 1520 336 1566 Ecc²³lesia
357 1535 451 1566 Beatae
464 1534 568 1565 Mariae
586 1535 686 1566 Sarum
701 1559 711 1573 ,
730 1543 827 1565 exorta
841 1534 933 1577 fuisset
948 1543 1062 1564 materia
1077 1532 1266 1572 Qaestionis:

246 1573 417 1612 Eodemque
435 1574 556 1612 nogotio
570 1597 579 1612 ‚
605 1584 654 1612 per
677 1573 905 1611 Appellationem
925 1572 1005 1609 ipsius
1024 1571 1171 1615 Thomae,
1190 1582 1268 1616 nunc

205 1607 361 1651 Episcopi,
386 1612 421 1643 ad
441 1612 545 1648 Sedem
564 1610 759 1650 Apostolicam
771 1634 781 1649 ,
799 1610 1091 1654 legitime'devoluto,
1109 1610 1143 1639 &
1161 1610 1268 1655 ibidem

206 1661 258 1689 per
271 1651 342 1682 octo
356 1651 473 1689 Annos,
492 1652 526 1682 &
539 1651 674 1689 amplius,
691 1660 789 1681 coram
801 1649 993 1693 Auditoribus,
1002 1648 1089 1680 vestri
1103 1649 1172 1693 sacri
1188 1649 1268 1679 Pala-

204 1691 236 1720 tii
252 1689 378 1721 discusso
398 1690 433 1720 δε
446 1691 565 1729 agitato,
585 1689 659 1720 Tres
674 1688 846 1719 Diffinitivae
868 1687 1021 1717 Sententiae
1040 1687 1194 1726 gradatim,
1214 1699 1268 1733 pro

64 1736 81 1752 ⁸·
102 1737 155 1763 IV.
206 1728 312 1759 eodem
324 1728 442 1759 Clerico
455 1729 570 1766 nostro,
588 1736 689 1759 contra
701 1727 850 1765 praefatum
862 1725 1013 1756 Thomam
1027 1749 1038 1765 ,
1057 1727 1075 1745 *ί
1099 1736 1177 1757 nunc
1199 1727 1268 1766 Epi-

63 1778 127 1809 3⁶70·
204 1766 342 1806 scopum,
360 1768 474 1798 fuerunt
488 1767 603 1804 promul
624 1774 691 1796 atae:
723 1805 727 1810 ⁵

245 1805 283 1836 Et
295 1806 372 1836 idern
386 1805 532 1843 Thomas,
548 1804 583 1834 ad
626 1803 819 1835 estitutionem
836 1810 1038 1842 perceptorum
1053 1803 1217 1849 frustuum,
1233 1806 1267 1836 δε

204 1844 388 1883 'expensarum
409 1844 479 1873 Litis
500 1842 689 1873 Refufionem
704 1866 714 1881 ,
739 1842 819 1872 dicio
841 1841 958 1872 Clerico
979 1842 1094 1881 nostro,
1112 1844 1269 1882 factendam,

207 1884 238 1913 in
251 1883 365 1920 fingulis
377 1881 511 1912 instantiis
523 1881 649 1921 legitime
661 1881 906 1920 condempnatus,
934 1919 943 1928 Α
1063 1921 1068 1926 .

245 1921 323 1960 Qae
337 1920 452 1959 quidem
466 1919 620 1951 Sententiae
634 1920 832 1958 subsequenter
853 1921 947 1951 vestra
960 1920 1126 1952 au&oritate
1139 1931 1270 1960 accepta-

206 1967 244 1990 tae
257 1950 295 1990 85
306 1958 481 1990 confirmatae
493 1958 624 1997 fuerunt,
641 1969 673 1989 ac
687 1957 857 1988 Executioni
871 1958 967 1988 debite
980 1959 1156 1990 demandatae
1173 1984 1183 1999 ,
1207 1971 1270 1992 cer-

206 1999 242 2028 tis
257 1997 464 2029 Executoribus
476 1997 556 2037 super
573 1997 633 2028 hoc
656 2007 706 2034 per
720 1997 823 2028 vestras
836 1995 1016 2035 Apostolicas
1032 1998 1139 2029 Literas
1153 1999 1270 2039 deputa-

207 2038 258 2068 tis:
857 2075 862 2080 ⁸
886 2075 891 2080 Ι

243 2074 369 2113 Jamque
385 2075 467 2105 nobis
491 2074 582 2112 (quod
604 2073 781 2112 displicenter
800 2073 968 2117 audivimus)
998 2075 1030 2105 sit
1054 2076 1171 2107 relatum
1191 2077 1270 2116 quod

209 2113 286 2143 dicta
307 2113 462 2148 Prscebenda
476 2130 486 2150 ,
511 2113 595 2143 tacita
617 2114 732 2143 veritate
754 2114 960 2150 praemistorum
973 2136 982 2151 ,
1009 2114 1173 2146 Venerabili
1194 2116 1270 2148 Patri

209 2165 297 2175 ———<
316 2149 529 2181 Altisiodorensi
537 2146 698 2189 Episcopo,
716 2151 807 2182 vestra
821 2151 1005 2195 auctoritate,
1019 2152 1061 2182 est
1074 2154 1191 2193 collata,
1210 2157 1270 2194 qui,

210 2199 248 2219 eo
267 2195 404 2226 praetexni
418 2213 428 2228 ,
456 2189 567 2220 didium
591 2188 740 2220 Clericum
762 2189 893 2220 nostrum
912 2200 994 2221 novrs
1008 2193 1145 2231 proponit
1160 2191 1269 2234 Litigiis

238 2236 256 2257 ti
277 2238 337 2257 are:

209 2229 236 2259 fa
268 2264 271 2265 ⁷
287 2265 343 2296 nde
363 2265 493 2297 admirari
511 2266 713 2304 compellimur
735 2266 918 2298 vehementer
931 2290 941 2306 ,
959 2268 992 2299 ὃς
1007 2278 1067 2299 non
1081 2271 1174 2308 potest
1187 2273 1270 2304 nobis

210 2306 242 2337 in
256 2306 427 2335 memoriam
446 2315 507 2335 non
528 2307 642 2343 venire,
661 2305 813 2343 praesertim
826 2307 896 2336 cum
910 2315 970 2335 non
983 2307 1082 2339 deceat
1097 2319 1176 2341 tanto
1187 2311 1270 2348 Judi-

209 2345 322 2373 ciorum
331 2368 340 2381 ,
357 2352 498 2382 tantaeque
511 2344 679 2374 auctoritatis
688 2366 698 2382 ,
716 2345 844 2374 examine
857 2344 978 2374 diffinita
991 2348 1020 2376 in
1033 2347 1164 2380 recidivae
1179 2350 1271 2390 Qlae-

212 2382 310 2411 stionis
323 2382 473 2421 scrupulo,
492 2382 612 2419 impulsu
627 2382 812 2422 suggestionis
827 2383 985 2426 malivolae,
1002 2388 1138 2417 revocari.

252 2420 333 2458 Qid
350 2422 428 2450 enim
444 2420 574 2450 securum
588 2421 621 2451 &
635 2420 758 2451 dilucide
771 2420 986 2465 determinatum
1003 2424 1060 2453 esse
1076 2427 1270 2467 poterit,s1ea‚

212 2462 280 2496 quae
297 2458 398 2489 ordine
416 2459 565 2495 judiciario
580 2484 590 2497 ,
614 2460 643 2489 in
658 2459 746 2490 Sacro
760 2459 893 2498 Pallatio,
912 2459 1030 2492 diffinita
1042 2464 1076 2493 ὃ(
1088 2463 1273 2498 determinata

212 2498 293 2535 sunt,
310 2506 372 2526 non
386 2496 544 2536 subsistant3
563 2498 601 2528 set
616 2507 650 2528 ex
667 2498 826 2529 Pravorum
839 2498 1086 2543 SuggestionibuS,
1105 2505 1153 2540 qui
1169 2514 1203 2534 ex
1219 2506 1272 2536 liti-

211 2536 264 2575 giis
278 2534 400 2572 praedam
416 2537 781 2574 quaerunt,irritentur,seu
794 2538 822 2566 in
836 2537 957 2567 dubium
967 2540 1072 2570 iterum
1086 2545 1271 2575 revocentur?

254 2573 323 2604 Nos
337 2575 444 2612 itaque,
461 2573 634 2604 attendentes
645 2575 744 2605 laboris
758 2575 956 2613 assiduitatem,
975 2587 1078 2617 quern,
1097 2590 1156 2610 nori
1170 2582 1272 2620 absque

213 2612 380 2650 sumptuosis
394 2612 552 2650 laboribus,
569 2613 699 2650 praefatus
715 2613 843 2644 Clericus
853 2614 948 2644 noster
958 2614 1073 2648 sustinet
1087 2618 1200 2655 (nostris
1215 2622 1272 2651 ob-

213 2651 312 2689 sequiis
331 2651 506 2689 inhaerendo)
528 2652 562 2682 &
574 2651 708 2689 obsequia
723 2652 877 2690 frustuosa,
897 2663 962 2691 quae
978 2655 1068 2692 ipsum
1085 2657 1186 2688 nostris
1199 2658 1272 2690 Pro-

213 2690 386 2728 genitoribus
399 2711 410 2727 ,
435 2690 469 2719 &
492 2691 545 2720 toti
558 2690 666 2729 Regno
679 2690 796 2729 nostro,
814 2692 947 2722 novimus
960 2692 1146 2734 impendiffe;
1165 2697 1272 2729 deside.

214 2727 358 2765 rantesque
372 2736 435 2757 toto
448 2727 534 2758 corde
548 2729 629 2766 ipsius
644 2730 768 2766 quietem
784 2729 817 2760 ὃς
831 2730 951 2760 honoris
963 2740 1147 2770 augmentum
1157 2759 1167 2773 ,

252 2765 362 2796 Vestrae
386 2765 551 2796 Beatitudini
581 2767 685 2805 quanta
703 2768 850 2808 possumus
877 2768 1031 2801 affectione
1061 2772 1247 2811 supplicamus
1262 2801 1271 2816 ,

213 2805 345 2842 quatinus
360 2803 520 2842 praemisfis,

253 2843 332 2880 Qae
351 2852 438 2879 penes
460 2841 589 2881 Registra
608 2842 700 2873 vestra
713 2843 774 2875 sunt
793 2848 919 2885 notoria,
938 2848 971 2878 &
983 2856 1118 2885 poterunt
1132 2853 1233 2892 etiarn,
1253 2854 1273 2884 fi

215 2881 301 2911 libeat
315 2903 325 2918 ,
351 2890 400 2917 per
421 2880 611 2911 Instrumenta
629 2881 741 2924 publica
756 2907 766 2921 ,
790 2884 824 2914 &
843 2885 945 2916 vestras
958 2886 1065 2918 Literas
1075 2889 1273 2931 Apostolicas,

214 2917 311 2950 lucide
327 2917 530 2957 demonstrari,
674 2925 682 2939 ν’

255 2955 399 2987 Clementi
410 2956 594 2988 meditatione
609 2959 739 2998 pensatis,
758 2970 787 2990 ea
802 2970 867 2998 quae
880 2962 908 2991 in
918 2963 1112 3001 praejudicium
1126 2967 1194 2999 dicti
1203 2969 1274 3000 Cle-

216 2996 270 3026 rici
282 2994 371 3025 nostri
388 2995 493 3033 (quoad
508 2995 698 3027 Praebendam
712 2998 892 3037 praedictam)
908 3010 1009 3032 contra
1022 3003 1154 3040 justitiam
1170 3007 1275 3040 fuerint

216 3040 378 3071 attemptata
386 3057 396 3073 ,
406 3034 506 3072 J‘ubere
520 3034 676 3074 dignemini
688 3038 830 3067 revocari:

255 3071 453 3110 Praecipientes
466 3095 476 3111 ,
499 3072 519 3102 si
540 3074 629 3111 placet
644 3098 654 3112 ,
671 3075 787 3112 praefato
803 3075 961 3116 Cardinali,
977 3087 1007 3108 ut
1021 3080 1110 3118 ipsum
1124 3082 1273 3116 Clericum

214 3109 365 3148 nostrum,
382 3112 461 3149 super
477 3111 555 3150 hoc,
570 3121 631 3142 non
645 3112 791 3152 molestet3
810 3115 867 3145 satis
881 3117 958 3146 enim
966 3116 1098 3149 habunde
1106 3121 1197 3152 eidem
1204 3123 1276 3153 Car-

217 3148 321 3186 dinali,
341 3149 360 3178 fi
373 3149 504 3179 nondum
517 3150 661 3188 provisum
677 3151 709 3181 sit
722 3176 731 3190 ,
750 3152 893 3190 provideri
908 3157 1011 3192 poterit
1026 3157 1156 3197 aliunde,
1175 3162 1208 3191 &
1224 3162 1243 3191 si
1260 3172 1276 3192 a

218 3187 300 3218 dicto
313 3185 430 3217 Clerico
443 3187 543 3219 nostro
556 3189 632 3219 suam
648 3189 826 3221 substantiam
841 3202 900 3222 non
913 3189 1032 3233 auferat,
1051 3206 1137 3234 quam
1151 3199 1226 3231 tanta
1234 3201 1276 3231 est

218 3225 374 3258 discutione
380 3224 507 3264 justitiae,
524 3228 660 3268 tantisque
670 3229 793 3270 expensis
806 3231 992 3265 &laboribus
1006 3234 1152 3267 assecutus.

259 3263 433 3302 Conservet,
451 3264 512 3296 &c.

258 3340 327 3371 Dar.
345 3340 419 3382 apud
432 3341 626 3384 Norwicum,
642 3346 778 3378 vicesimo
792 3348 917 3381 secundo
932 3350 977 3381 die
988 3350 1172 3390 Septembris.

500 3473 595 3518 Super
610 3472 823 3507 Vexationibus
837 3475 1003 3511 antedifbis.

73 3557 153 3590 'Ann
168 3559 210 3592 D.
224 3553 431 3618 VEnerabili
452 3558 482 3587 in
499 3556 620 3588 Christo
642 3557 718 3589 Patri
734 3581 743 3597 ,
762 3559 898 3591 Domino
916 3577 966 3606 ᾗ
986 3562 1194 3609 Altisiodorenfi
1214 3567 1282 3606 Epi-

98 3598 184 3638 1328,
241 3632 246 3638 .
305 3595 412 3634 scopo,
429 3596 541 3627 saneta»,
556 3595 698 3628 Romanae
709 3596 845 3629 Ecclesiae
857 3598 1018 3639 Cardinali,
1036 3603 1145 3648 Amico
1166 3606 1216 3649 suo
1234 3617 1281 3637 ca-

80 3642 133 3665 An.
147 3647 173 3665 2„
225 3631 356 3673 riffimo,
375 3633 528 3666 Edwardus
544 3658 553 3672 ,
583 3635 644 3665 δίε.
666 3634 790 3667 Salutem
803 3661 813 3675 ,
844 3638 878 3669 &·
899 3638 1013 3670 fincerae
1032 3641 1190 3673 diledhonis
1209 3645 1281 3676 affe-

76 3680 156 3743 {on}
172 3723 197 3740 2.
225 3669 333 3748 &flgitio
347 3711 447 3748 majori
459 3711 596 3742 defiderio
610 3711 695 3743 vestri
706 3711 822 3754 honoris
834 3714 976 3755 diligimus
996 3717 1223 3760 incrementum,
1240 3722 1282 3752 af-

79 3755 110 3779 Ε.
127 3761 151 3788 3.
172 3761 210 3780 m.
223 3745 353 3779 fectionis
371 3751 536 3788 puritatem,
555 3760 639 3788 quam
661 3760 724 3795 erga
743 3750 869 3782 Matrem
891 3753 1018 3798 nostram
1037 3757 1207 3801 cariffimam
1221 3782 1231 3799 ,
1246 3767 1280 3792 ac

82 3798 109 3816 ²·
223 3787 347 3855 ⁰⁰1⁸&ss
357 3787 631 3858 De‘znhiimissssnst‘tss‘?
645 3788 1280 3868 {33¹²vngsffioiaassuliffi‘iiecc‘Zgr‘i-'sffl'v‘ssiuffi'i12⁶2]

221 3831 373 3928 ἓῗιᾶίοξιειῖι
394 3838 531 3902 praecgnii
553 3850 693 3897 lauda'bilis
707 3866 792 3898 famae
806 3866 907 3898 vestrae
920 3869 1023 3900 inferre
1036 3858 1167 3911 possent,
1182 3876 1279 3914 utique

225 3908 255 4003 ξ
260 3909 345 3968 (Ξῖιιῐῐῐῃι
347 3911 461 3980 1itsaique,
477 3941 559 3981 super
566 3941 724 3975 Praebenda
736 3943 773 3974 de
786 3942 924 3984 Blebury,
943 3943 1003 3980 &a
1011 3954 1095 3985 prout
1101 3948 1188 3988 fhpra
1199 3951 1279 3993 usque

225 3986 236 4004 ⁷
254 3985 298 4043 tlilt
314 4016 460 4056 negotium
472 4017 556 4058 illud,
575 4030 624 4058 per
638 4021 865 4060 Appellationem
881 4021 963 4060 ipsius
977 4022 1122 4064 Thomae‚
1141 4036 1219 4059 nunc
1240 4028 1280 4060 Ε-

224 4051 526 4125 pissprpi‚13d1{ede}n
548 4058 764 4100 Apostolioem,
781 4059 875 4092 fuiffet
894 4061 1022 4101 legitime
1041 4062 1227 4105 devolutum,
1244 4068 1279 4099 δε

1299 156 1769 203 PUBLICA.
2326 172 2377 209 ¹9

1300 250 1350 278 pet
1363 241 1436 271 Tres
1452 242 1624 275 Diffinitivas
1639 246 1812 286 Sententias,
1830 257 1885 287 pro
1899 247 2001 277 eodem
2017 246 2134 278 Clerico
2149 241 2250 274 ssOstYO
2264 243 2356 281 Pl‘Ola·
2372 243 2449 273 Am·
2462 242 2506 275 D*

1300 288 1356 316 raS,
1373 288 1507 317 quatenus
1519 282 1553 311 ad
1567 283 1660 313 forum
1676 285 1808 316 Ecclesiae
1820 288 1953 324 pertinet,
1970 285 2139 317 diffinitum:

2393 282 2478 320 1328.

1339 318 1415 360 Qiae
1429 319 1543 356 quidem
1551 320 1705 352 Sententiae
1719 324 1912 362 subsequenter
1919 324 2092 356 confirmatae
2106 326 2298 357 &acceptatae
2305 330 2355 358 pel·
2373 320 2439 347 Edv.
2461 329 2489 355 3·

1299 354 1465 422 c{Dominjum
1481 356 1635 388 Summum
1645 358 1817 392 Pontificem
1831 366 1995 403 extit-erunt,
2013 366 2047 395 &
2070 360 2238 395 Executioni
2260 360 2356 389 debffl‘?

1320 403 1400 423 011]ssss
1422 402 1485 424 ‹Zitaess
2293 416 2296 418 ·

1338 432 1443 469 Sicque
1464 432 1540 463 idem
1564 433 1691 467 Clericus
1712 437 1806 468 noster
1826 439 2029 472 Posseffionem
2051 441 2174 480 ejusdem
2188 435 2355 480 Ρῖζέῑῑῧΐῗῑὶᾶ,2

1300 480 1349 507 per
1370 469 1563 510 Executores,
1589 474 1638 503 sibi
1659 475 1824 507 auctoritate
1845 479 2009 516 Apostolica
2028 481 2173 519 deputatos
2188 503 2198 519 ‚
2223 475 2356 513 mgsessus

1302 508 1351 546 sit,
1369 518 1401 538 ac
1416 518 1479 538 eam
1494 511 1611 547 pacifice
1626 513 1759 549 poffideat
1772 516 1801 544 in
1816 519 1958 556 praesenti3
1968 520 2046 550 sicuti
2063 530 2112 557 per
2126 513 2292 557 Proceffus,
2311 523 2356 542 in-

1301 546 1338 576 de
1354 546 1480 584 habitos,
1499 558 1596 579 coram
1614 550 1794 583 Auditoribus
1812 554 1888 585 Sacri
1908 556 2020 596 Palatii,
2039 558 2145 596 Primi,
2165 554 2304 589 Secundi,
2322 554 2356 582 &³

1301 584 1394 614 Tertii
1414 584 1543 615 Gradus:
1566 588 1671 618 Literas
1694 591 1887 631 Apostolica33
1905 605 2017 626 necnon
2038 596 2205 627 Proceffum
2222 598 2357 621 executo-

1301 623 1374 653 rium
1387 647 1396 660 ,
1417 623 1588 655 Venerabilis
1605 623 1708 665 Patris,
1725 628 1849 660 Domini
1863 633 2073 674 Archiepiscopi
2088 634 2310 673 Ebredunenus,
2321 629 2355 659 &

1302 661 1435 729 aiiomffd
1443 661 1680 694 Coexecutorum
1702 666 1815 698 suorum
1828 693 1838 706 ,
1855 672 1938 702 vobis
1960 675 1996 703 de
2013 674 2158 711 praemiffis
2175 674 2234 705 fierl
2253 676 2356 710 poterit

1300 709 1320 736 p
1332 710 1382 729 ena
1438 709 1482 729 es:

1341 737 1379 768 Et
1398 739 1457 776 jam
1477 739 1693 772 intellexerimus
1713 743 1792 780 quod
1810 744 1885 776 dieta
1897 744 2053 781 Praebenda
2065 751 2165 789 vobis,
2182 759 2234 790 per
2245 749 2358 781 disstum
2379 773 2387 784 .

1303 775 1458 819 Summum
1479 777 1669 817 Pontificem,
1689 781 1730 810 est
1752 782 1870 822 collata,
1890 787 1967 822 quod
1987 789 2082 827 utique
2092 790 2268 827 displicentes
2280 794 2360 824 audi-

1302 825 1413 853 vrmus,
1431 825 1484 846 nec
1495 817 1613 847 credere
1625 818 1770 855 possumus
1785 822 1862 858 quod
1877 824 1966 854 vestra
1979 825 2202 864 Circumspeffio
2216 827 2360 864 hujusmo-

1304 853 1333 882 di
1355 853 1549 898 Collationem
1569 856 1637 887 velit
1659 857 1854 902 prosequi,·ad
1873 861 2038 894 irritandum
2052 876 2099 904 ea,
2117 877 2181 904 (με
2194 867 2270 899 tanta
2281 872 2358 909 Juris

1303 891 1498 930 solempnitate
1510 893 1622 924 constat
1635 894 1716 925 fuiffe
1725 896 1853 928 diffinita.

1344 929 1382 961 Et
1396 932 1459 968 quia
1476 933 1582 968 praefati
1594 932 1702 964 Clerici
1716 933 1823 974 nestri,

1343 969 1362 987 *³
1383 968 1443 1008 Qii
1458 971 1556 1011 nobis⁷
1575 972 1608 1001 &
1625 973 1677 1002 toti
1694 972 1800 1012 Regno
1813 974 1932 1015 nostro,
1949 987 2009 1008 non
2024 979 2081 1010 sine
2095 981 2258 1022 sumptuosis
2279 986 2358 1017 labo-

1304 1007 1532 1076 ῐὶὺυὲἰρείετνίῑ
1555 1009 1744 1049 laudabiliter,
1762 1013 1795 1043 ὃς
1813 1012 1962 1047 deservivit
1983 1017 1999 1046 a
2018 1017 2108 1058 longis
2131 1024 2303 1060 temporibus
2316 1035 2359 1055 re—

1305 1053 1365 1076 troa
1398 1056 1418 1076 is

1341 1070 1496 1116 Hondrem
1511 1085 1544 1115 &
1557 1086 1775 1125 tranquilitatem
1791 1089 1949 1130 diligimus,
1969 1094 2002 1124 &
2021 1095 2146 1126 multum
2167 1097 2250 1128 nobis
2270 1099 2361 1138 displi-

1303 1131 1396 1162 cerer,
1416 1124 1435 1153 si
1449 1134 1502 1154 vos
1517 1125 1607 1162 ipsum
1621 1135 1721 1157 contra
1735 1137 1780 1165 ea,
1801 1138 1863 1166 quc
1882 1130 1916 1159 sic
1933 1134 2113 1165 determinata
2120 1135 2198 1174 sunt,
2217 1139 2299 1168 novis
2313 1140 2362 1170 ad-

1302 1162 1514 1192 inventionibus
1528 1164 1652 1194 faceretis
1666 1164 1818 1203 aliqualiter
1832 1167 1941 1203 fatigari
1953 1193 1961 1207 ‚

1340 1200 1538 1231 Paternitatem
1559 1202 1679 1232 vestram
1699 1213 1832 1243 rogamus
1855 1206 1890 1236 δε
1908 1209 2073 1246 requirimus
2099 1210 2253 1244 affectione
2266 1237 2276 1253 ,
2305 1215 2362 1255 qua

1302 1239 1448 1275 possumus
1460 1241 1573 1278 cariori,
1593 1242 1721 1278 quatinus
1736 1243 1898 1282 praemiffis,

1341 1276 1390 1308 De
1414 1279 1516 1316 quibus
1535 1280 1618 1309 vobis
1637 1280 1762 1311 dilucide
1786 1283 1915 1313 constare
1935 1286 2038 1324 poterit
2058 1296 2106 1326 per
2126 1287 2276 1321 Processus
2292 1302 2362 1329 prce-

1304 1316 1419 1355 missos,
1437 1318 1484 1355 qui
1498 1317 1616 1348 resident
1629 1328 1713 1355 penes
1729 1319 1864 1357 Registra
1872 1345 1883 1360 ,
1901 1330 1931 1352 ut
1944 1323 2282 1363 credimus,Auditorum
2291 1341 2362 1366 prae·

1303 1354 1465 1392 distorum,
1480 1356 1532 1394 &,
1552 1356 1571 1386 fi
1590 1366 1661 1394 opus
1683 1358 1783 1397 fuerit,
1800 1369 1849 1397 per
1872 1361 1959 1391 literas
1980 1362 2159 1400 Apostoricas
2174 1390 2183 1404 ,
2200 1367 2233 1396 8<
2258 1369 2361 1400 mitru-

1304 1402 1399 1461 ffienta
1412 1394 1541 1434 publica,
1559 1404 1592 1425 ex
1609 1404 1686 1433 parte
1701 1395 1770 1426 dicti
1787 1398 1895 1430 Clerici
1911 1399 2016 1439 nostri,
2036 1402 2084 1432 fiet
2099 1404 2180 1434 vobis
2194 1408 2260 1435 inde
2281 1408 2362 1444 plena

1344 1442 1371 1462 es

1342 1457 1453 1501 Debite
1474 1472 1633 1510 ponderatis
1646 1496 1656 1511 ‚
1675 1474 1797 1505 eundem
1820 1476 1967 1508 Clericum
1980 1503 1990 1516 ,
2012 1480 2162 1511 occasione
2181 1480 2367 1522 Collationis,

1306 1508 1351 1539 seu
1371 1509 1480 1540 Gratiae
1501 1511 1676 1550 hujusmodi,
1694 1523 1755 1543 non
1777 1514 1866 1545 sinatis
1879 1516 1972 1547 vestro
1987 1520 2105 1549 nomine
2117 1522 2273 1557 perturbari
2287 1524 2367 1553 inde-

1305 1548 1382 1585 bite,
1401 1548 1445 1578 seu
1469 1551 1576 1579 vexari:
1596 1559 1650 1579 nec
1668 1551 1738 1580 falsis
1759 1551 1990 1592 Suggestionibus
2009 1557 2140 1596 illorum,
2159 1561 2207 1597 qui
2222 1584 2232 1598 ‚
2252 1569 2286 1590 ex
2307 1571 2368 1591 ma-

1304 1585 1438 1622 lignitatis
1453 1586 1703 1626 fomite,quietem
1719 1589 1922 1622 Innocentium
1945 1595 2096 1632 inquietare
2109 1596 2252 1637 satagunt,
2271 1608 2302 1629 ut
2315 1600 2368 1630 suis

1306 1624 1412 1654 satisfiat
1425 1623 1563 1656 desideriis
1577 1627 1606 1655 in
1620 1628 1739 1663 peccatis
1749 1652 1758 1666 ,
1776 1628 1864 1659 fidem
1879 1632 2002 1667 praebeat
2014 1634 2105 1664 vestra
2118 1635 2366 1677 CircumspethQ

1306 1672 1343 1692 ne
1377 1664 1528 1703 uicquam,
1547 1665 1814 1706 contraJuffitiarn,
1832 1678 1962 1707 appetere
1984 1671 2154 1712 videamini,
2173 1685 2241 1706 cum
2257 1677 2367 1714 jactura

1305 1700 1355 1732 sub
1382 1703 1463 1732 antiae
1480 1703 1583 1733 alienae.

1343 1740 1412 1770 Nos
1435 1742 1513 1771 enim
1536 1743 1565 1771 in
1586 1743 1718 1782 caeteris,
1749 1754 1814 1782 quae
1836 1744 1938 1777 vestrae
1965 1748 2074 1780 utilitati
2097 1754 2273 1784 conveniunt
2287 1778 2297 1791 ,
2328 1757 2366 1785 eo

1306 1780 1498 1816 promptiores
1510 1781 1629 1811 inveniri
1643 1782 1792 1821 volumus,
1801 1786 1861 1822 quo
1874 1786 1963 1823 magis
1975 1787 2124 1820 benivolos
2135 1790 2164 1820 in
2180 1792 2254 1821 votis
2267 1792 2368 1823 nostris

1306 1827 1360 1848 vos
1374 1818 1565 1849 invenerimus
1578 1820 1607 1848 in
1619 1820 1673 1850 hac
1688 1830 1773 1858 parte.

1346 1856 1425 1894 Qid
1440 1865 1533 1886 autern
1548 1859 1577 1886 in
1590 1859 1734 1900 praemiffis
1749 1859 1880 1891 duxeritis
1894 1861 2074 1904 faciendum,
2092 1866 2210 1907 Nobis,
2229 1867 2248 1899 fi
2259 1868 2369 1907 placet,

1307 1894 1458 1925 rescribere
1471 1896 1562 1926 velitis
1574 1906 1622 1934 per
1637 1899 1815 1935 praesentium
1828 1899 2012 1932 Portitorem.

1344 1971 1412 2002 Dat.
1428 1972 1501 2010 apud
1512 1973 1706 2014 Norwicum,
1726 1976 1862 2008 vicesimo
1875 1977 1998 2010 secundo
2011 1979 2057 2011 die
2070 1980 2250 2020 Septembris.

1570 2108 1664 2154 Super
1681 2107 1896 2143 Wxationibus
1912 2115 2097 2147 memoratis.

1308 2190 1422 2248 REX
1439 2215 1449 2230 ,
1470 2191 1590 2223 discreto
1610 2194 1675 2224 viro
1689 2217 1700 2232 ,
1726 2194 1866 2234 Magistro
1888 2196 2030 2228 Bernardo
2055 2198 2210 2239 Stephani,
2242 2201 2367 2233 Domini

1381 2231 1496 2260 Summi
1510 2231 1656 2263 Pontificis
1669 2232 1813 2272 Notario,
1832 2235 1865 2265 &
1881 2234 2054 2276 Capeliano,
2071 2237 2197 2269 Salutem
2207 2264 2216 2278 ,
2229 2242 2262 2272 ὃς
2279 2241 2369 2273 fince-

1308 2276 1347 2296 rae
1360 2267 1518 2299 dilectionis
1528 2270 1674 2302 affec‘tum.

1346 2305 1465 2337 Dilec‘to
1486 2307 1603 2340 Clerico
1625 2309 1742 2349 nostro,
1761 2310 1902 2350 Magistro
1925 2312 2055 2344 Henrico
2075 2314 2110 2345 de
2132 2316 2198 2347 Clif
2206 2342 2216 2355 ‚
2233 2318 2370 2349 intellexi-

1311 2352 1391 2382 muS,
1412 2346 1565 2386 referente,
1583 2350 1654 2379 inter
1677 2348 1852 2386 Magistrum
1871 2351 2020 2382 Thomam
2041 2353 2076 2383 de
2097 2353 2271 2395 Cherleton,
2290 2368 2367 2388 nunc

1309 2381 1552 2416 Hetefordensem
1565 2386 1758 2426 Episcopum,
1776 2389 1809 2419 &
1823 2388 1931 2428 ipsum,
1950 2390 2028 2428 super
2042 2391 2201 2424 Praebenda
2217 2395 2252 2424 de
2268 2395 2370 2426 Blebu-

1309 2430 1358 2460 ry,
1377 2423 1405 2451 in
1420 2422 1545 2455 Ecclesia
1558 2426 1646 2456 beatae
1660 2425 1763 2456 Mariae
1776 2427 1895 2466 Sarum,
1915 2429 1983 2466 Lis,
2003 2440 2102 2460 coram
2114 2431 2301 2464 Auditoribus
2322 2435 2372 2465 Sa-

1309 2461 1351 2489 cri
1364 2459 1476 2500 Palatii,
1494 2462 1604 2494 dudum
1620 2473 1698 2494 mota
1714 2465 1820 2495 fuisset:

1347 2498 1402 2537 Et,
1421 2504 1550 2538 quamvis
1571 2502 1646 2533 Tres
1672 2501 1840 2534 Diffinitivae
1859 2504 2014 2536 Sententiae
2028 2530 2037 2544 ,
2056 2517 2109 2545 pro
2129 2509 2233 2541 eodem
2255 2510 2374 2544 Clerico

1311 2537 1428 2576 nostro,
1447 2550 1545 2570 coram
1567 2541 1649 2572 dictis
1670 2541 1871 2580 Auditoribus,
1891 2544 2029 2580 gradatim
2053 2547 2171 2583 prolatae
2189 2549 2320 2588 fuissent,
2339 2553 2374 2582 ὃς

1311 2576 1461 2612 postremo
1474 2580 1639 2610 auctoritate
1652 2580 1819 2618 Apostolica
1833 2582 2008 2613 confirmatae
2017 2608 2027 2622 ,
2045 2586 2079 2616 ὃς
2092 2585 2261 2618 Executioni
2276 2588 2373 2620 debite

1310 2614 1505 2655 demandatae,
1523 2618 1597 2648 dicta
1610 2626 1703 2649 tamen
1718 2618 1874 2650 Praebenda
1890 2620 2024 2652 Domino
2042 2639 2093 2644 ——
2112 2625 2372 2657 AltiliodoreniiE-

1311 2653 1429 2692 piscopo
1437 2657 1498 2694 jam
1510 2658 1639 2695 noviter,
1658 2666 1688 2688 ut
1701 2659 1880 2697 accepimus,
1899 2659 1940 2690 est
1954 2661 2071 2701 collata,
2090 2665 2138 2701 qui
2159 2666 2280 2695 eundem
2303 2665 2374 2696 Cle-

1310 2693 1404 2723 ricum
1418 2694 1567 2734 nostrum,
1585 2706 1621 2725 eo
1635 2704 1789 2735 praetextu,
1807 2699 1889 2728 novis
1903 2701 2040 2737 proponit
2059 2701 2169 2741 Litigiis
2190 2703 2318 2742 fatigare,
2334 2705 2372 2735 de

1310 2740 1388 2770 quO,
1407 2733 1427 2762 fi
1438 2734 1475 2763 ita
1488 2733 1536 2772 fir,
1554 2736 1648 2764 mirari
1662 2737 1793 2774 cogimur
1806 2736 1996 2767 vehementer.

1350 2770 1554 2808 Qamobrem
1577 2773 1763 2804 dilecstionem
1785 2774 1906 2805 vestram
1925 2777 2090 2816 requirimus
2103 2800 2112 2816 ‚
2130 2779 2163 2809 δε
2185 2789 2316 2820 rogamus
2336 2790 2371 2813 ex

1309 2807 1434 2848 affeetu,
1452 2813 1579 2849 quatinus
1592 2812 1680 2842 literas
1697 2812 1896 2850 nostraS,quas
1909 2813 1989 2844 dicto
2000 2815 2136 2847 Domino
2149 2817 2274 2849 Summo
2291 2819 2369 2851 Pon-

1311 2847 1397 2886 tifici,
1415 2849 1495 2917 supter
1510 2849 1591 2881 dieto
1605 2851 1738 2889 negotio,
1757 2851 1983 2891 transmittimus,
1999 2854 2025 2883 ei
2040 2855 2203 2892 praesentare
2225 2858 2316 2889 velitis
2335 2868 2370 2890 ex

1312 2896 1390 2923 parte
1404 2891 1456 2917 noi
1472 2887 1514 2917 ra:

1351 2924 1406 2963 Et,
1423 2935 1455 2956 ut
1470 2928 1558 2963 quieti
1571 2927 1692 2965 ejusdem
1707 2927 1814 2958 Clerici
1828 2929 1934 2969 nostri,

1351 2964 1413 3002 Qli
1426 2965 1526 2995 sanctae
1540 2965 1685 2997 Romanae
1697 2965 1832 2998 Ecclesiae
1864 2968 2018 3000 uffionibus
2031 2970 2140 3011 semper
2151 2972 2271 3005 devotus
2286 2975 2373 3005 extitit

1311 3010 1341 3032 ut
1356 3002 1476 3033 deservit
1486 3003 1591 3035 assidue
1605 3006 1705 3043 nobis,
1724 3006 1757 3036 δε
1771 3007 1823 3036 toti
1868 3016 1942 3046 egno
1956 3009 2071 3049 nostro,

1350 3040 1534 3073 Provideatur
1548 3042 1583 3073 de
1597 3042 1740 3074 Remedio
1753 3054 1914 3085 oportuno,
1931 3047 2082 3079 consilium
2098 3051 2132 3081 &
2147 3050 2278 3081 auxilium
2301 3050 2370 3080 veli-

1311 3079 1346 3109 tis
1357 3090 1499 3118 apponere
1512 3089 1672 3120 oportun23
1690 3082 1748 3121 Ita,
1767 3084 1787 3113 si
1804 3084 1913 3123 placet,
1924 3086 2005 3124 quod
2019 3088 2097 3118 idern
2113 3087 2237 3118 Clericus
2253 3087 2370 3119 nostera

1312 3117 1516 3150 Vexationibus
1535 3120 1664 3151 indebitis
1684 3121 1863 3159 praeservetur
1885 3125 2018 3154 immunis
2040 3125 2135 3156 vestro
2158 3126 2286 3163 praesidio
2306 3137 2370 3157 me-

1312 3155 1424 3195 diante,
1444 3158 1519 3188 unde
1533 3159 1633 3198 vobis,
1650 3159 1685 3190 ad
1699 3162 1848 3200 gratiarum
1861 3171 1994 3201 munera,
2011 3166 2098 3194 teneri
2119 3163 2272 3196 debeamus
2296 3174 2370 3197 tem-

1314 3196 1429 3232 poribus
1441 3199 1597 3235 oportunis.

1353 3273 1421 3305 Dat.
1431 3275 1506 3314 apud
1519 3276 1715 3317 Norwicum,
1732 3279 1868 3311 vicesimo
1882 3278 2006 3310 secundo
2019 3279 2064 3309 die
2076 3279 2258 3317 Septembris.

1317 3404 1367 3435 De
1388 3403 1589 3445 Armaturis,
1617 3416 1676 3450 quae
1694 3404 1823 3448 fuerunt
1848 3402 2053 3437 Bartholomaei
2076 3403 2112 3437 a'e
2138 3405 2343 3450 Badelcsmere
2355 3433 2367 3451 ‚

1510 3451 1652 3498 Johanni
1676 3453 1712 3486 de
1731 3456 1840 3486 Monte
1860 3454 1981 3485 Gomeri
2004 3451 2174 3488 liberandis.

1317 3529 1448 3592 REX,
1465 3537 1571 3568 dilecto
1592 3537 1708 3569 Clerico
1729 3538 1795 3577 suo,
1809 3537 1935 3576 Johanni
1954 3537 1990 3568 de
2010 3538 2105 3576 Flete,
2123 3537 2244 3570 Custodi
2259 3539 2370 3573 Garde-

1391 3577 1471 3606 robae
1485 3576 1554 3614 suae,
1572 3577 1601 3606 in
1616 3576 1703 3607 Turri
1718 3577 1896 3614 Londoniae,
1915 3576 2058 3615 Salutem.>

1355 3613 1527 3645 Mandamus
1548 3615 1649 3654 vobis,
1669 3616 1748 3654 quod
1771 3625 1872 3645 omnes
1892 3614 2070 3652 Armaturas,
2088 3615 2147 3645 tarn
2170 3615 2367 3657 Cotearmurs,

1317 3653 1412 3686 quam*
1424 3654 1488 3684 alias
1537 3664 1602 3692 quae
1621 3653 1734 3684 fuerunt
1754 3653 1953 3683 Bartholomaei
1973 3653 2008 3681 de
2031 3652 2203 3685 Badiesmere
2223 3655 2350 3688 defunCti

1316 3697 1380 3726 quae
1393 3693 1423 3727 in
1435 3677 1576 3723 Cust'odia
1590 3692 1683 3722 vestra
1696 3691 1956 3735 existuntadilejsto
1976 3690 2091 3736 Valetto
2110 3692 2226 3736 nostro,
2241 3694 2365 3732 Johanni

1316 3727 1353 3759 de
1373 3729 1482 3761 Monte
1503 3731 1626 3761 Gomeri
1660 3729 1695 3759 ad
1716 3740 1802 3767 opus,
1819 3729 1915 3773 dilecti
1927 3729 2024 3767 nobis,
2041 3729 2133 3774 Egidn
2145 3731 2181 3761 de
2195 3731 2368 3776 Badelesme-

1316 3774 1347 3797 re
1359 3791 1369 3806 ,
1393 3769 1455 3799 Filii
1478 3769 1605 3814 praediciti
1618 3753 1828 3812 bartholomaei
1842 3768 1851 3804 (
1861 3777 1907 3797 cui
1924 3767 2086 3798 Armaturas
2099 3768 2155 3799 illas
2167 3769 2308 3815 dedimus)
2322 3783 2371 3813 per

1316 3802 1517 3876 {zdenturam,
1535 3806 1601 3836 rnde
1616 3814 1688 3836 inter
1700 3816 1752 3837 vos
1766 3807 1799 3836 ὃς
1812 3805 1960 3843 praefatum
1968 3805 2134 3843 Johannem
2149 3809 2372 3851 conficiendam,

1328 3856 1336 3875 1
1358 3855 1446 3876 erens.

1315 3961 1336 3991 b
1351 3921 1442 3968 Teste
1455 3920 1538 3962 Rege
1550 3920 1624 3960 apud
1637 3919 1864 3960 Cantebrigiam,
1882 3920 2019 3953 vicesimo
2031 3920 2153 3959 septimo
2176 3923 2223 3955 die
2241 3925 2372 3965 Septem-

1337 3971 1380 3992 ris.

2000 4032 2055 4062 Per
2069 4031 2151 4070 ipsirm
2165 4035 2271 4073 Regemi

1819 4103 1850 4137 C
1866 4115 1886 4135 2
2332 4104 2378 4138 De

2379 999 2395 1015 *
2420 1000 2473 1027 w.

2381 1047 2441 1074 37¹-

2387 2205 2462 2236 Ann.
2477 2205 2518 2236 D.

2410 2247 2494 2285 1328.

2388 2288 2429 2313 Aa
2461 2294 2489 2311 2.

2387 2327 2417 2350 Ε.
2440 2333 2465 2359 3.

2389 2366 2459 2389 Rom.
2476 2372 2501 2389 2.

2389 2405 2419 2428 Ε.
2432 2410 2444 2437 3
2458 2410 2522 2428 7³22.

2388 3551 2465 3582 Ann.
2478 3552 2522 3591 D.

2409 3593 2497 3631 1328.

2390 3635 2431 3657 An
2458 3642 2484 3659 2.

2358 3673 2415 3702 ,²E-
2437 3679 2463 3708 3.

2388 3711 2475 3747 Cians.
2493 3718 2520 3739 2.

2389 3753 2418 3775 Ε.
2439 3759 2463 3786 3.
2484 3759 2520 3778 m.

2396 3798 2438 3823 ¹4-
