2562 4279
175 60 200 97 6

32 140 158 172 Ann.D.
174 153 233 181 τες,
251 142 452 182 cujuscumque
475 139 578 177 statiis,
596 138 768 169 conditionis
782 159 792 172 ,
811 133 995 178 Erceuentiae
1016 133 1062 163 vel
1084 132 1235 177 Dignitatis

55 189 139 219 1312.
175 183 332 220 extiterint,
350 182 434 211 etiam
457 179 477 209 si
500 177 674 214 Pontificali,
693 175 738 205 vel
758 173 916 216 Imperiali,
934 172 981 203 vel
1004 171 1106 211 Regali
1119 171 1232 210 praeful-

31 221 100 247 Eu'v-
120 229 145 246 2·
177 229 260 256 geant
277 219 439 256 Dignitate,
457 217 524 253 nili,
541 215 610 246 infra
624 217 702 244 unius
715 214 821 253 meniis<
834 211 967 254 spatium,
984 210 1134 255 postquam
1156 210 1234 247 super

178 259 237 288 hoc
253 268 303 295 per
315 258 405 288 distos
420 254 591 292 Magistrum
608 254 639 282 δε
657 251 761 292 Fratres
774 251 855 287 ipiius
869 248 1037 287 Hospitalis,
1052 248 1098 279 vel
1110 248 1235 291 ipsorum

178 296 336 334 quemlibet
347 319 355 330 ,
382 304 427 325 aut
451 294 668 323 Procuratorem
681 314 690 326 ,
709 293 753 318 ieu
774 287 974 318 Procuratores
991 297 1092 317 eorum
1106 310 1116 325 ,
1134 290 1237 316 suerint

178 335 301 372 requisiti
335 334 409 363 dieta
422 334 496 362 bona
513 328 679 363 dimiserint,
695 326 794 365 illaque
807 327 890 363 plene
904 327 937 357 &
959 326 1046 355 libere
1065 325 1235 355 restituerint

178 372 283 403 Ordini
303 359 382 410 ἔρως
402 369 553 407 Hospitalis
567 390 576 404 ,
602 367 634 396 &
657 365 752 395 eidem
773 364 912 403 Hospitali
926 388 936 402 ,
957 372 1010 406 aut
1027 363 1168 403 lesagistio
1190 363 1236 392 seu

179 411 339 447 Prioribus,
355 409 400 440 vel
425 404 647 442 preceptoribus
664 428 673 440 ,
691 413 738 435 aut
759 404 899 434 Fratribus
919 402 1071 442 Hospitalis
1092 402 1234 440 ejusdem,

179 450 209 479 iri
226 449 436 486 quibuscunque
452 445 570 482 partibus
583 443 616 473 &
633 442 792 473 Provinciis
815 441 986 472 constitutis:
1007 450 1166 478 eorumque
1184 440 1238 469 sin-

178 487 250 525 gulis
265 511 274 524 ,
299 487 345 516 vel
365 483 544 515 Procuratori
558 506 567 518 ,
585 481 630 511 seu
651 480 884 511 procuratoribus
903 478 1071 509 eorumdem
1087 502 1096 517 ,
1114 478 1236 516 ejusdem

179 524 296 555 Ordinis
318 524 397 563 ipsius
420 520 570 557 Hospitalis
592 520 725 557 nomina,
743 521 827 550 etiam
848 519 867 549 si
880 519 951 548 dieti
965 517 1092 554 Priores,
1107 517 1238 553 Praecep-

180 571 272 602 tores,
290 565 322 594 &
347 563 449 592 Fratres
470 560 479 588 i
501 559 552 588 lius
573 558 745 595 Hospitalis,
764 559 797 588 ὃς
820 557 1021 587 Procuratores
1044 556 1185 593 ipsorum,
1203 555 1237 585 &

178 612 279 631 eorum
295 601 427 638 quilibet,
445 609 460 628 a
471 569 550 628 dieto
566 596 707 634 Magistro
720 597 801 634 ipsius
815 595 967 632 Hospitalis
982 595 1145 624 mandatum
1158 593 1237 630 super

178 640 236 669 hoc
250 638 396 677 specialiter
419 646 479 666 non
499 636 650 673 haberent,
669 634 830 665 dummodo
853 633 1057 675 Procuratores¹
1074 631 1202 676 praeditfti
1222 642 1238 661 a

175 677 257 707 distis
278 676 438 712 PrioribuS,
453 677 486 706 δε
508 674 752 711 praeceptoribus,
770 673 816 703 vel
840 681 940 702 eorum
962 671 1089 709 lingulis,
1109 680 1138 699 in
1162 670 1236 700 Pro-

179 716 279 745 vinciis
297 715 330 745 &
348 714 486 754 partibus,
506 713 536 742 in
556 713 657 750 quibus
675 711 835 750 hujusmodi
855 710 967 740 Priores
988 710 1021 740 &
1044 708 1237 751 praeceptores

175 754 313 822 ‹sextiterlint
325 752 464 791 deputati,
484 751 646 782 mandatum
668 751 748 789 super
767 750 825 780 hoc
840 749 987 779 habuerint
1002 747 1048 778 vel
1061 747 1234 777 ostenderint

207 801 238 821 CC
242 802 266 820 111
276 802 299 821 C.

186 802 277 868 ini
298 839 400 859 omnes
423 829 456 859 &
479 828 604 865 singuli,
628 827 781 865 videlicet,
807 825 917 856 Priores
932 848 942 863 ,
968 824 1160 868 Praeceptores
1176 824 1234 867 2&

178 867 299 905 Fratres,
317 868 398 898 dieto
412 867 567 906 Magistro:
589 866 789 897 Procuratores
803 867 873 894 vero
890 862 1015 901 praedit‘h
1028 861 1131 892 eisdem
1153 862 1234 892 Prio-

176 907 251 936 ribus
273 907 307 937 &
328 906 555 946 Praecepmribus
572 928 580 942 ‚
601 915 757 942 eorumque
778 903 887 942 singulis
901 925 911 940 ,
928 912 943 932 a
967 901 1066 938 quibus
1085 901 1163 944 super
1183 900 1234 930 hiis

174 944 278 975 fuerint
292 944 431 985 deputati,
448 945 562 982 plenum
578 943 656 980 super
677 942 810 973 omnibus
831 940 928 980 gestis,
946 941 1030 976 aclis,
1048 948 1183 977 receptis,
1198 941 1232 969 &

174 984 328 1020 procuratis
352 993 401 1020 pei·
421 993 470 1013 eos
489 982 707 1020 quomodolibet
728 982 756 1010 in
778 980 831 1012 hac
845 987 938 1017 parte,
955 986 1128 1015 computum
1145 979 1178 1009 δε
1192 987 1235 1007 ra-

174 1022 282 1052 tionem
299 1032 404 1059 ponere
418 1023 451 1052 &
466 1020 580 1050 reddere
595 1029 747 1050 teneantur.

210 1059 245 1089 N
248 1066 342 1090 ecn‘on
356 1060 529 1097 oiniies,qui
545 1059 661 1089 scienter
674 1057 892 1095 occupatoribus
907 1057 940 1087 δε
953 1054 1147 1099 detentoribus
1160 1065 1232 1092 prae-

174 1097 265 1128 libatis
274 1122 283 1136 ,
300 1099 329 1128 in
343 1100 533 1136 occupatione
547 1097 593 1127 vel
604 1098 768 1127 detentione
782 1095 939 1134 hujusmodi
950 1094 1076 1124 dederint
1088 1094 1232 1132 auxilium,

173 1137 340 1174 consilium,
358 1137 403 1166 vel
419 1137 566 1173 favorem,
587 1136 706 1173 publicae
722 1134 767 1165 vel
782 1134 903 1164 occultae
915 1133 1228 1163 excommunicationis:

174 1174 304 1212 Capitula
327 1177 413 1213 vero,
432 1174 578 1211 Colieoia,
596 1174 642 1204 seu
663 1172 832 1203 Conventus
848 1172 1055 1209 Ecclesiarum,
1071 1172 1104 1202 ὃ(
1122 1170 1231 1201 Mona-

175 1213 323 1243 steriorum
338 1237 348 1251 ,
366 1223 480 1243 necnon
504 1199 708 1243 &niverfitates
727 1210 884 1241 Civitatum
899 1235 908 1248 ,
932 1208 1101 1239 Castrorum
1145 1208 1233 1239 Villa-

174 1261 255 1290 rum,
273 1253 307 1283 &
329 1253 449 1282 aliorum
471 1251 619 1288 locorum,
636 1251 670 1281 &
691 1250 758 1287 ipsas
771 1248 924 1287 Civitates,
943 1247 1059 1286 Castra,
1076 1233 1176 1284 Villas,
1195 1249 1229 1278 ὃς

172 1289 254 1328 loca,
273 1300 338 1328 quae
353 1292 382 1320 in
394 1290 445 1320 hiis
458 1289 602 1327 culpabilia
618 1289 770 1319 extiterint:
791 1298 823 1317 ac
839 1288 924 1317 etiam
939 1286 1074 1316 Civitates
1084 1309 1093 1324 ,
1112 1285 1229 1325 Castra,

171 1328 206 1359 &
221 1328 337 1366 loca,in
351 1329 452 1367 quibus
465 1328 623 1358 detentores
639 1328 671 1357 &
682 1334 866 1364 occupatores
879 1325 1037 1364 hujusmodi
1051 1324 1227 1356 Dominium

170 1368 344 1404 optinuerint
364 1367 520 1405 temporale
534 1389 543 1404 ‚
563 1366 581 1396 si
602 1365 762 1403 hujusmodi
785 1364 906 1395 Domini
927 1363 1094 1404 temporales
1109 1386 1119 1401 ,
1138 1365 1167 1394 in
1186 1364 1230 1394 di-

170 1405 312 1435 mittendo
326 1406 401 1435 bona
416 1404 565 1443 praediCta,
585 1404 618 1434 &
632 1402 801 1434 restituendo
816 1403 859 1432 illa
875 1401 1016 1432 Maoistro
1030 1404 1063 1433 ὃς
1086 1401 1229 1433 Fratribus

171 1443 290 1474 Ordinis
304 1444 336 1474 &
352 1443 502 1480 Hospitalis
515 1442 653 1480 ejusdem,
670 1443 789 1472 nomine
812 1426 963 1479 Hospitalis
983 1440 1080 1479 ipsius,
1097 1440 1231 1472 obstacu-

170 1481 231 1512 lum
245 1482 433 1520 adhibebunt,
452 1482 485 1512 δε
501 1481 572 1511 infra
584 1481 693 1511 dietum
708 1479 833 1510 mensem
847 1481 881 1509 ab
903 1479 1063 1517 hujusmodi
1082 1479 1229 1516 praemiffis

168 1530 229 1550 non
245 1520 415 1558 destiterint,
435 1519 585 1558 postquam
600 1519 680 1556 super
692 1520 749 1549 hoc
765 1529 795 1549 ut
808 1519 989 1556 praemittitur
1011 1517 1116 1548 fuerint
1137 1520 1230 1557 requi-

170 1558 213 1588 siti
250 1559 309 1598 ipso
325 1559 401 1589 fatto
417 1557 556 1588 interdicti
571 1558 710 1588 sententiis
722 1557 900 1587 decernimus
919 1557 1074 1594 subjacere,
1092 1566 1107 1586 a
1149 1558 1230 1587 uibus

169 1581 274 1628 abisslvi
288 1607 347 1627 non
362 1596 582 1635 poffint,d0nec
597 1596 675 1634 super
690 1597 740 1626 hiis
754 1596 866 1634 plenam
880 1596 913 1626 ὃς
927 1595 1054 1626 debitam
1069 1567 1231 1627 fatis‘flafflo-

172 1645 242 1665 nem
260 1637 418 1666 curaverint
433 1635 572 1667 exhibere.

208 1673 244 1704 Et
261 1674 462 1704 nichilominus
475 1682 661 1713 occupatores
676 1674 709 1704 &
725 1672 884 1704 detentores
902 1671 1078 1710 hujusmodi,
1096 1671 1143 1703 vel
1156 1681 1230 1709 prae-

171 1711 272 1742 stantes
286 1712 407 1750 eisdem,
423 1722 454 1743 ut
469 1713 667 1750 praemittitur,
684 1712 829 1749 auxilium,
852 1711 1003 1742 consilium
1016 1711 1062 1741 vel
1081 1710 1228 1749 favorem,

172 1750 229 1780 sive
251 1751 400 1788 singulares
422 1751 564 1788 personae,
584 1751 638 1781 sive
659 1750 806 1788 Capitula,
825 1750 970 1789 Collegia,
988 1748 1034 1780 seu
1058 1748 1228 1780 Conventus

169 1787 362 1820 Ecclesiarum
375 1812 385 1828 ,
407 1790 441 1820 &
463 1788 705 1819 Monasteriorum
721 1813 730 1825 ,
754 1798 801 1819 aut
822 1788 1027 1829 Uiiiveriitates
1050 1787 1225 1826 Civitatum,

171 1826 339 1858 Castrorum
352 1851 361 1866 ‚
379 1828 537 1857 Terrarum
552 1851 562 1864 ,
581 1827 625 1857 vel
650 1827 771 1857 aliorum
795 1827 928 1857 locorum
949 1827 1112 1864 extiterint,
1128 1835 1230 1864 praeter

170 1875 271 1903 poenas
288 1867 478 1904 praescriptas,
496 1866 645 1902 omnibus,
665 1876 728 1904 quae
749 1875 764 1895 a
790 1865 942 1902 Romana,
959 1864 1006 1895 vel
1025 1865 1082 1894 aliis
1096 1864 1229 1895 Ecclesiis

171 1905 384 1942 quibuscunque
396 1911 493 1934 tenent
506 1905 534 1934 iri
553 1904 668 1933 feudum
678 1926 688 1942 ,
705 1903 764 1940 ipso
775 1903 851 1934 faci-0
864 1904 1040 1934 decernimus
1054 1903 1116 1933 fore
1137 1904 1228 1941 priva-

170 1950 230 1980 tos,
249 1943 305 1972 sive
320 1944 441 1980 privata,
459 1943 496 1972 ita
508 1942 586 1979 quod
602 1942 635 1972 ad
648 1941 801 1980 Ecciefias,
815 1941 850 1972 ad
865 1952 931 1979 quas
944 1941 1068 1979 spectant
1079 1941 1140 1978 illa,
1159 1941 1229 1972 libe-

169 1982 201 2009 re
216 2004 225 2018 ‚
245 1980 302 2011 fine
319 1980 485 2011 conditione
504 1980 595 2017 aliqua
609 2004 618 2017 ,
637 1988 806 2010 revertantur
821 1992 831 2017 3
857 1989 1011 2017 earumque
1034 1979 1225 2010 Ecclefiarum

169 2017 280 2049 Praelati
295 2019 351 2049 sive
365 2018 503 2049 Rec‘tores
516 2017 552 2047 de
565 2018 643 2055 ipsis,
659 2028 712 2055 pro
729 2018 773 2048 sua
787 2018 950 2055 voluntate,
966 2016 1113 2055 disponant
1126 2039 1138 2056 ,
1155 2017 1226 2050 sicut

168 2057 278 2088 utilitati
290 2056 478 2087 Eccieiiarum
494 2055 614 2096 ipsarum
628 2055 747 2088 viderint
759 2056 897 2095 expedire.

206 2095 293 2127 Nulli
307 2105 395 2134 ergo,
414 2095 480 2126 &c..

181 2210 187 2215 .
205 2170 274 2203 Dat.
286 2171 427 2211 Viennae,
444 2171 521 2203 sexto
533 2170 638 2202 Nonas
653 2169 746 2209 Maii,
763 2169 951 2203 Pontificatfis
964 2169 1054 2202 nostri
1075 2180 1151 2203 anno
1170 2172 1230 2211 sep-

166 2218 250 2241 tuno.

19 2332 111 2360 ⁰111.
168 2340 196 2368 sk
221 2343 311 2375 Bulla
330 2345 402 2389 Regi
415 2342 551 2388 porrefla
563 2352 618 2387 pro
639 2339 853 2385 Hospitalariis
866 2366 875 2381 ‚
899 2338 935 2372 de
959 2341 1063 2373 Terris
1087 2342 1227 2387 Yi‘mpla-

21 2372 85 2408 3²6'
216 2394 353 2430 riorum,
377 2394 408 2422 in
431 2391 557 2423 Concih'o
591 2388 730 2422 Generali
754 2391 790 2422 V
787 2392 872 2421 iennae
889 2391 930 2421 eis
948 2389 1083 2432 collatis,
1107 2391 1172 2436 ipfis
1189 2390 1229 2422 li-

215 2437 369 2473 berandis.

19 2521 150 2557 [Ann.D.
171 2523 355 2587 CLernens
369 2523 541 2562 Episcopus,
554 2523 645 2568 servus
659 2522 803 2567 servorum
813 2521 893 2566 Dei,
909 2522 1050 2553 carissimo
1066 2524 1095 2553 in
1109 2522 1226 2568 Christo

15 2570 82 2629 Ari}
87 2570 135 2638 ἐκ
169 2563 331 2632 benedilelilb
332 2562 484 2632 1ljieclrizardo,
503 2562 578 2601 Regi
595 2562 707 2600 Angliae
724 2560 836 2599 illustri,
850 2561 965 2592 salutem
981 2562 1015 2592 ὃς
1030 2561 1228 2600 Apostolicam

18 2642 50 2666 E-
73 2647 99 2665 2-
205 2639 312 2678 Nuper
331 2641 360 2669 in
383 2639 517 2670 Generali
541 2638 680 2669 Concilio
695 2648 744 2682 per
757 2648 809 2682 nos
823 2637 961 2676 Viennae,
979 2638 1145 2677 disponente
1160 2639 1227 2671 Do-

17 2680 58 2704 Ex
76 2680 133 2704 Au·
167 2679 265 2717 mino,
282 2677 440 2715 celebrato,
459 2677 524 2715 post
535 2677 654 2714 longam
669 2677 899 2707 deliberationem
915 2678 1154 2717 praehabitam,&
1165 2688 1226 2709 ma-

16 2722 82 2752 logr·
166 2724 276 2755 turam,
293 2716 490 2754 acceptabilius
512 2715 573 2746 fore
595 2715 754 2753 Altiffimo,
773 2717 864 2752 magis
883 2716 1050 2746 honorabile
1070 2717 1148 2748 Fidei
1163 2717 1225 2748 Or-

167 2755 300 2786 tliodoxae
319 2755 493 2791 cultoribus,
508 2764 542 2784 ac
560 2754 736 2784 subventioni
759 2754 859 2784 Terrae
881 2754 994 2785 Sanctae
1016 2755 1127 2793 utilius,
1147 2756 1225 2788 bona

164 2794 311 2830 quondam
331 2792 449 2823 Domus
468 2793 501 2822 ὃς
526 2792 642 2822 Ordinis
663 2792 778 2823 Militiae
799 2793 934 2830 Templi,
950 2792 1053 2823 Ordini
1076 2794 1228 2833 Hospitalis

164 2832 263 2863 Sant‘h
281 2831 418 2869 Johannis
435 2830 653 2869 jerosolimitani
674 2830 849 2869 concedere,
870 2841 956 2869 quam
977 2831 1082 2862 Ordini
1097 2833 1133 2863 de
1147 2844 1227 2865 novo

164 2870 287 2939 ςῐεαᾳεὲφ
301 2871 379 2900 unire
393 2878 439 2900 aut
452 2870 537 2899 etiam
551 2869 707 2907 applicare,
725 2868 886 2901 Consilium
900 2869 1106 2902 deliberationis
1120 2872 1226 2903 nostrae

188 2919 250 2939 rovi
271 2916 299 2938 it.

167 2918 187 2947 p
203 2947 258 2978 Sed
282 2947 362 2985 quia,
380 2954 448 2977 tunc
469 2945 607 2983 aliquibus
628 2945 807 2976 asserentibus
829 2946 920 2977 utilius
935 2946 997 2977 fore
1011 2948 1086 2978 bona
1102 2949 1151 2989 ipsi
1165 2948 1225 2980 Or-

165 2985 248 3024 dini,
267 2985 380 3016 noviter
401 2983 525 3014 creando
539 3008 548 3022 ,
568 2983 699 3025 conferre
713 3008 722 3021 ,
749 2994 833 3022 quarn
852 2984 921 3014 dieti
942 2985 1094 3024 Hospitalis
1116 2987 1223 3018 Ordini

161 3024 316 3062 applicare,
327 3031 402 3067 'tu-nc
423 3022 516 3053 noster
539 3021 659 3053 affectus
681 3024 819 3059 {peratum
833 3022 972 3054 effeceram
985 3024 1065 3063 super
1076 3025 1133 3057 hoc
1147 3027 1226 3058 obti-

166 3072 233 3092 nere
249 3073 284 3092 ne
306 3069 385 3093 uivit.

204 3072 336 3130 Tandcdm
350 3109 420 3131 vero
434 3099 471 3130 {ic
484 3109 534 3138 per
548 3097 605 3129 Dei
620 3099 736 3136 gratiam
757 3099 855 3129 aetum
876 3099 939 3130 fore
958 3100 1127 3142 dinoscitur,
1165 3103 1223 3134 uod

164 3135 242 3168 sexto
252 3138 354 3167 Nonas
367 3139 507 3176 praesentis
521 3137 628 3168 Mensis
644 3137 844 3174 Maineodem
858 3137 946 3168 Sacro
960 3142 1132 3178 approbante
1169 3152 1223 3172 on—

166 3176 252 3214 cilio,
270 3176 426 3212 Hospitali,
443 3176 489 3207 seu
512 3176 593 3214 ipsius
610 3174 762 3213 Hospitalis
782 3175 886 3206 Ordini
899 3199 916 3214 ,
928 3177 1086 3215 supradietis
1109 3181 1221 3218 praefata

166 3214 243 3244 bona
257 3213 439 3244 concedenda
453 3215 487 3244 St
505 3214 667 3252 applicanda
687 3213 834 3252 duximus,
852 3224 884 3244 ac
904 3216 988 3245 etiam
1011 3218 1148 3257 unienda,
1166 3220 1221 3249 bo-

165 3254 208 3282 nis
227 3252 349 3291 ejusdem
369 3251 485 3282 Ordinis
506 3252 617 3282 Militiae
635 3252 768 3289 Templi,
788 3253 816 3281 in
830 3252 942 3289 Regnis
959 3254 992 3284 &
1006 3255 1105 3287 Terris
1118 3257 1220 3287 cariffi-

163 3299 280 3321 morum
298 3292 328 3320 in
343 3288 461 3320 Christo
476 3289 612 3320 Filiorum
626 3290 789 3320 nostrorum
894 3289 1025 3323 Castellae
1040 3317 1050 3332 ,
1106 3296 1219 3333 Arago-

162 3338 232 3359 num
248 3352 257 3367 ,
333 3327 510 3367 Portugalliae
523 3352 534 3365 ,
571 3328 605 3358 ὃ(
681 3327 886 3366 Majoricarum
908 3329 1025 3369 Regum
1044 3332 1191 3364 illustrium
1207 3357 1217 3373 ,

165 3376 240 3397 extra
254 3368 390 3406 Regnum
404 3367 529 3397 Franciae
545 3365 774 3404 consistentibuS,
789 3367 921 3397 duntaxat
940 3371 1077 3410 exceptis,
1095 3381 1160 3410 quae
1183 3373 1220 3402 ab

164 3406 286 3443 unione,
304 3405 503 3443 concessione,
521 3405 555 3435 &
575 3405 759 3442 applicatione
778 3404 954 3444 hujusmodi,
974 3416 1008 3436 ex
1032 3411 1114 3440 certis
1135 3411 1221 3441 caulis

166 3444 330 3479 excipienda
340 3444 488 3481 duximus,
505 3444 539 3474 ὃς
552 3444 637 3473 etiam
652 3443 902 3481 excludenda,ipsa
918 3444 1091 3482 dispositioni
1105 3448 1220 3486 nostrae,

167 3480 203 3510 &
215 3480 291 3510 Sedis
303 3481 479 3517 Apostolicae
492 3481 643 3519 specialiter
657 3481 838 3519 reservanteS,
856 3483 1001 3521 quousque
1015 3485 1051 3514 de
1071 3486 1123 3516 illis
1142 3487 1222 3517 aliter

166 3528 223 3562 pro
236 3518 318 3561 dit-sta*
331 3519 430 3549 Terrae
444 3520 564 3550 subfidio
577 3529 627 3558 per
641 3519 823 3557 nostram,&
836 3519 920 3552 dietae
928 3521 1006 3552 Sedis
1014 3525 1222 3560 providentiam

166 3564 288 3586 extiterit
299 3556 469 3588 ordinatum.

181 3595 355 3640 uQuocirca
369 3595 609 3635 Magnificentiam
624 3595 746 3635 Regiam
760 3605 908 3635 rogamuS,
927 3598 960 3628 δε
974 3598 1120 3630 hortamur
1132 3608 1222 3631 atten-

167 3639 239 3670 tius,
255 3633 382 3669 quatinus
400 3644 453 3670 pro
473 3634 626 3665 reverentia
647 3635 811 3672 Salvatoris,
827 3636 905 3673 cujus
929 3637 959 3665 in
975 3636 1028 3667 hac
1041 3646 1118 3675 parte
1133 3649 1152 3668 n
1189 3649 1222 3669 0-

166 3671 241 3700 tium
256 3680 474 3709 promovemus,
492 3682 524 3702 ac
540 3673 624 3702 dic'tae
636 3672 731 3711 Sedis,
749 3673 783 3704 δε
799 3673 907 3712 nostra,
925 3674 1078 3714 Magistro,
1101 3678 1135 3708 &
1180 3687 1222 3707 ra-

165 3708 252 3752 tribus
266 3731 276 3745 ,
294 3708 339 3738 seu
360 3708 501 3752 Prioribus
518 3733 527 3747 ‚
551 3711 584 3740 ὃς
606 3710 832 3748 Praeceptoribus
852 3712 1004 3750 Hospitalis
1025 3714 1168 3753 ejusdem,
1191 3717 1222 3746 in

167 3746 378 3783 quibuscunque
392 3748 511 3789 partibus
526 3748 558 3777 &
572 3748 730 3779 Provinciis
745 3750 900 3781 Terrarum
913 3761 1022 3782 tuarum
1047 3752 1222 3793 constitutis,

164 3783 401 3827 seuDProcuratori
411 3809 419 3821 ,
439 3786 482 3815 vel
498 3786 731 3818 procuratoribus
746 3789 919 3828 eorundem,
940 3790 1018 3828 quod
1027 3791 1221 3829 praedietabo-

166 3832 200 3852 na
213 3832 241 3851 in
254 3821 355 3851 eisdem
372 3822 494 3866 Regno,
513 3825 547 3854 &
563 3825 658 3853 Terris
674 3827 726 3856 tuis
739 3827 931 3865 consistentia,
950 3830 1060 3866 integre
1074 3830 1108 3860 &
1120 3829 1220 3868 pacifi-

164 3861 201 3891 ce
214 3861 322 3904 valeant
336 3860 457 3899 assequi,
467 3862 499 3892 ὃς
512 3862 721 3902 habere,Regii
735 3863 835 3895 favoris
852 3867 963 3904 praestes
976 3868 1219 3906 auxilium,prout

165 3906 299 3934 ΕΧΠῖΕῙἹῖ,
317 3908 498 3935 oportunum.

201 3935 240 3970 Et
263 3936 464 3970 nichilominus
492 3938 625 3970 omnibus
645 3938 808 3973 Comitibus
823 3964 833 3980 ‚
855 3942 1011 3979 Batonibus
1024 3968 1035 3984 ‚
1059 3944 1192 3978 Ducibus
1205 3968 1218 3984 ,

611 13 1874 96 CONVENTIONES,L1TERAE‚

1270 130 1464 169 Principibus,
1481 132 1515 162 &
1530 131 1587 162 aliis
1598 130 1775 170 Nobilibus,
1792 128 2060 161 Communitatibus
2082 127 2116 158 δε
2137 126 2339 158 Universstati-
2360 129 2486 161 AmD.

1271 170 1342 208 buS,
1359 169 1535 209 Senescallis,
1553 168 1847 207 Ballivis,caeterisque
1862 166 2041 199 Officialibus
2054 164 2125 210 disti
2140 165 2168 195 R
2205 168 2249 203 ni,
2266 176 2338 205 quo-
2378 179 2462 209 1312.

1273 218 1387 246 cunque
1406 209 1525 239 nomine
1545 208 1722 244 censeantur,
1741 209 1773 239 δε
1795 208 1851 237 aliis
1873 207 1923 244 qui
1944 206 1978 236 ad
1999 203 2168 235 Custodiam
2210 214 2336 235 ontirum
2356 210 2420 236 Edv.
2442 219 2467 237 a„

1274 246 1400 284 ipsorum
1422 246 1459 277 de
1477 256 1527 277 tuo
1549 246 1681 277 mandato
1705 246 1807 276 fuerint
1820 244 1960 282 deputati,
1975 253 2024 282 per
2038 243 2139 284 litteras
2150 250 2209 273 tuas
2221 243 2337 273 mandes

1274 286 1398 322 expresse
1407 309 1416 322 ,
1434 294 1466 315 ut
1479 284 1578 315 eadem
1592 285 1667 315 bona
1741 283 1884 323 Magistro
1897 284 1931 314 &
1948 282 2158 317 Fratribus,ieu
2173 280 2318 325 Prioribus
2327 303 2337 319 ,

1274 323 1308 353 &
1323 323 1568 362 Praeceptoribus,
1585 323 1631 354 vel
1645 323 1843 359 Procuratoti,
1860 330 1907 352 aut
1921 321 2154 352 Procuratoribiis
2174 319 2336 362 antediffis,

1275 362 1309 392 &
1324 361 1431 400 singulis
1446 362 1624 399 eorundem,
1643 371 1658 391 a
1671 362 1772 399 quibus
1785 359 1864 397 super
1877 359 1935 390 hoc
1948 358 2200 396 fuerint-requisiti,
2218 358 2275 388 sine
2290 359 2335 388 di-

1275 401 1435 430 minutione
1451 400 1590 438 quzilibet,
1610 409 1748 438 quantum
1761 400 1789 428 in
1803 400 1840 428 eis
1856 397 1955 435 fuerit,
1970 397 2115 428 restituant
2130 397 2163 427 &c
2174 394 2334 439 affignent3

1275 439 1313 468 cis
1325 438 1400 468 circa
1415 438 1648 476 nanciscendam,
1664 437 1821 468 habendam
1834 438 1868 468 &
1882 436 2058 466 retinendam
2072 434 2272 473 poffeffionem
2279 435 2336 464 bo-

1274 486 1379 505 norum
1394 476 1519 514 ipsorum
1531 487 1581 514 per
1593 485 1621 506 te
1630 477 1677 514 ,ὃς
1692 475 1838 506 Officiales
1853 473 2024 512 eosdem,&
2034 473 2097 504 alias
2110 473 2334 510 Executoribus,

1274 514 1354 551 super
1374 516 1541 545 executione
1561 514 1721 553 hujusmodi
1744 513 1932 544 conceffionis
1950 512 2053 542 nostrae
2075 511 2228 550 deputatis,
2246 512 2280 542 &
2302 512 2335 542 in

1274 552 1421 589 posterum
1436 552 1600 590 deputandis
1615 553 1695 590 super
1708 551 1807 582 eadem
1826 552 1994 582 executione
2014 550 2051 580 de
2069 550 2228 581 liberalitate
2242 549 2337 589 Regia

1274 591 1426 621 efficaciter
1433 590 1582 621 assistendo
1592 613 1602 628 ,
1619 600 1688 621 cum
1702 601 1753 628 pro
1767 598 1844 628 parte
1859 589 1982 628 ipsorum
1995 589 2115 619 extiteris
2130 589 2280 626 requisitus.

1313 628 1361 658 Sic
1376 630 1458 668 igitur
1472 631 1500 658 in
1514 628 1659 667 praemiffis
1672 637 1700 659 te
1715 635 1880 667 promptum
1894 629 1927 659 &
1940 627 2082 657 liberalem
2090 627 2235 665 exhibeas,
2244 625 2337 665 quod,

1274 675 1372 703 praeter
1394 668 1582 698 retributionis
1601 675 1715 697 aeternae
1739 668 1905 704 praemium,
1924 665 2002 704 quod
2017 665 2084 695 inde
2098 665 2264 703 mereberis,
2282 665 2333 696 tibi

1273 705 1358 735 laudis
1373 705 1503 735 humans:
1517 706 1664 743 proveniat
1676 706 1905 742 incrementum,
1923 705 1956 735 ὃς
1972 713 2025 733 nos
2039 703 2245 734 Celsitudinem
2252 711 2331 734 tuam

1272 743 1363 783 dignis
1375 744 1512 774 valeamus
1524 745 1554 774 in
1570 743 1704 773 Domino
1719 742 1844 774 laudibus
1859 741 2072 774 commendare.

1310 819 1379 851 Dat.
1404 819 1540 849 Liberon.
1562 819 1704 851 Valentin.
1722 819 1865 857 Diocese,
1886 828 1930 858 17.
1947 817 2088 850 Kalendas
2099 817 2196 858 Junii,
2214 817 2335 849 Pontifi-

1272 857 1350 889 catus
1366 857 1453 889 nostri
1467 868 1543 889 anno
1558 859 1687 899 septimo.

1944 934 1999 966 Sub
2009 933 2071 977 fili?
2086 933 2220 965 canabeis.

1314 1060 1475 1103 Constmilis
1492 1060 1582 1093 Bulla
1597 1059 1713 1093 diretta
1729 1058 1963 1107 Archiepifiopis
1979 1062 2016 1098 ᾧ·
2033 1059 2180 1106 Epiftopis
2195 1061 2299 1105 Regni.

2346 1131 2423 1164 Ann.
2436 1133 2478 1166 D,

2366 1181 2450 1212 1312.

2345 1215 2396 1239 An.
2413 1221 2441 1247 5.

1272 1148 1456 1211 CLernens
1477 1149 1649 1194 Episcopus,
1667 1149 1759 1194 servus
1781 1149 1925 1194 servorum
1944 1146 2020 1193 Dei,
2033 1147 2240 1193 ⁴venerabilibus
2259 1148 2326 1180 Fra-

1299 1226 1304 1230 .
1348 1189 1452 1232 tribus,
1470 1192 1602 1232 universis
1618 1188 1848 1232 Archiepiscopis
1858 1188 1892 1218 &
1906 1186 2053 1231 Episcopis
2066 1196 2116 1231 per
2122 1186 2259 1226 Regnum
2266 1187 2328 1218 An-

1268 1225 1332 1265 gliae
1347 1226 1523 1265 constitutiS,
1540 1226 1652 1257 salutern
1667 1228 1700 1258 &
1718 1226 1914 1270 Apostolicam
1931 1225 2170 1256 benedidiionem.

1306 1264 1411 1303 Nuper
1425 1266 1455 1294 in
1469 1264 1604 1295 Generali
1617 1265 1770 1304 Concilio,
1787 1263 2027 1304 &c-Pwutfi‘pra
2048 1263 2128 1304 usque
2149 1263 2205 1294 hae‘
2223 1264 2330 1303 '⁰²er
2343 1254 2383 1315 ἐκ
2394 1260 2456 1316 ἴω.

1269 1313 1331 1332 Ulz.

1305 1342 1325 1360 ¹¹¹
1346 1341 1445 1386 Qilare
1460 1341 1669 1373 Fraternitatem
1683 1341 1806 1373 vestram
1821 1349 1952 1386 rogamus
1966 1342 1999 1373 &
2013 1341 2157 1372 hortamur
2180 1341 2329 1380 attentius,
2343 1332 2440 1392 :aggil-

1268 1379 1351 1411 vobis
1374 1381 1575 1411 nichilominus
1593 1390 1643 1418 per
1665 1380 1833 1418 Apostolica
1843 1381 1896 1411 scri
1917 1388 1961 1419 ta,
1978 1380 2106 1410 distriste
2118 1380 2328 1419 praecipiendo,

1270 1418 1451 1457 mandantes,
1467 1420 1595 1458 quatinus
1614 1429 1668 1457 pro
1688 1418 1843 1450 reverentii
1864 1391 2013 1450 Sal’vatoris
2035 1419 2125 1457 (cujus
2138 1419 2168 1448 in
2181 1418 2234 1449 hac
2249 1427 2328 1456 parte
2344 1410 2408 1439 3²7·

1270 1458 1419 1497 negotium
1440 1458 1658 1496 promovemus)
1677 1467 1710 1488 ac
1731 1457 1817 1488 didtae
1836 1456 1933 1496 Sedis,
1951 1457 1985 1488 &
1999 1456 2096 1488 nostra
2169 1456 2330 1496 Magistro,

1271 1495 1304 1526 &
1325 1495 1483 1535 Fratribus,
1497 1496 1544 1526 seu
1563 1495 1708 1526 Prioribus
1730 1497 1764 1527 &
1780 1495 2007 1534 Praeceptoribus
2020 1494 2171 1533 Hospitalis
2187 1495 2328 1535 ejusdem,

1269 1534 1305 1564 &
1327 1544 1427 1564 eorum
1450 1534 1560 1574 singulis
1575 1557 1585 1572 ,
1599 1542 1646 1565 aut
1668 1534 1848 1565 Procuratori
1862 1558 1872 1572 ,
1890 1534 1936 1565 vel
1956 1533 2192 1564 procuratoribus
2212 1543 2329 1564 eorum-

1270 1572 1356 1611 dem,
1372 1572 1450 1611 quod
1463 1572 1595 1611 praedieta
1607 1573 1684 1603 bona
1698 1574 1726 1602 in
1741 1573 1900 1604 Provinciis
1919 1571 2034 1610 vestris,
2052 1571 2159 1602 Fratres
2178 1570 2329 1609 Archiepi-

1267 1610 1360 1649 scopi,
1378 1621 1411 1642 ac
1431 1612 1461 1641 in
1481 1611 1600 1649 nostris,
1618 1612 1651 1643 &
1671 1611 1787 1650 vestris,
1806 1611 1914 1641 Fratres
1934 1609 2092 1648 Episcopi,
2109 1609 2277 1641 Civitatibus
2293 1611 2329 1642 &

1268 1648 1440 1680 Diocesibus
1462 1649 1655 1687 consistentia,
1667 1651 1745 1688 juxta
1761 1649 1905 1688 praedietae
1926 1648 2115 1680 concessionis
2127 1647 2234 1678 nostrae
2245 1656 2330 1679 teno-

1268 1697 1329 1718 rem
1365 1689 1473 1728 integre
1493 1690 1527 1720 &
1550 1687 1669 1726 pacifice
1689 1688 1799 1720 valeant
1815 1687 1920 1726 affequi
1940 1688 1974 1719 &
1987 1687 2106 1725 habere,
2122 1685 2208 1718 vestri
2222 1686 2330 1718 favoris

1267 1710 1401 1763 praesietis
1416 1727 1565 1764 auxilium,
1582 1736 1615 1757 ac
1628 1726 1690 1765 ipsis
1710 1728 1784 1757 circa
1803 1725 2036 1764 nanciscendam,
2054 1724 2212 1756 habendam
2231 1726 2266 1756 δε
2285 1734 2340 1756 re-·

1265 1765 1409 1795 tinendam
1429 1764 1631 1803 poffeffionem
1652 1765 1799 1796 bonorum
1817 1764 1943 1804 ipsorum
1956 1764 2118 1802 ferventer,
2135 1771 2219 1801 prout
2233 1773 2324 1801 opor—

1264 1811 1368 1834 tunum
1388 1805 1525 1843 exurent,
1542 1802 1683 1842 assistatis,
1700 1813 1770 1835 cum
1790 1813 1844 1842 pro
1865 1811 1942 1842 parte
1963 1802 2088 1842 ipsorum
2106 1802 2213 1833 fueritis
2233 1802 2329 1841 requi-

1266 1841 1318 1873 siti.

1301 1879 1350 1911 Sic
1370 1881 1454 1920 igitur
1478 1881 1509 1911 in
1522 1879 1666 1918 praemiffis
1678 1891 1731 1912 vos
1745 1888 1895 1920 promptos
1911 1880 1946 1912 &
1960 1879 2086 1911 liberales
2098 1879 2230 1910 exhibere
2243 1889 2327 1910 cure-

1263 1919 1315 1957 tis,
1333 1919 1429 1958 quod,
1446 1927 1549 1958 praeter
1564 1919 1751 1951 retributionis
1765 1927 1879 1950 aeternae
1892 1920 2060 1957 praemium,
2078 1917 2158 1957 quod
2170 1918 2253 1949 vobis
2259 1918 2329 1948 inde

1264 1957 1434 1995 rependetur
1455 1967 1471 1988 a
1490 1956 1626 1988 Domino
1640 1981 1650 1996 ,
1680 1968 1734 1989 nos
1756 1958 1945 1989 Fraternitatis
1968 1956 2069 1988 vestrae
2091 1956 2328 1994 circumspecram

1265 1994 1443 2033 prudentiam
1455 1996 1596 2026 valeamus
1609 1996 1700 2026 dionis
1714 1998 1745 2026 in
1756 1996 1890 2027 Domino
1903 1995 2029 2026 laudibus
2042 1994 2255 2026 commendare.

1304 2033 1446 2064 Volumus
1457 2043 1553 2064 autem
1568 2021 1806 2072 quocspraesentes
1821 2035 1922 2065 litteras
1936 2035 2031 2072 (vobis
2049 2034 2217 2072 praesentatis
2240 2033 2275 2063 &
2292 2043 2329 2063 0-

1268 2069 1363 2102 stensis
1377 2071 1494 2109 eisdem)
1506 2081 1603 2102 earum
1614 2072 1696 2102 latori
1709 2073 1857 2105 restituatis
1869 2073 2010 2111 omnino,
2027 2081 2058 2104 ut
2071 2072 2147 2111 aliis,
2163 2070 2200 2102 de
2224 2072 2328 2110 quibus

1268 2109 1444 2148 expedierit,
1462 2110 1570 2142 valeant
1586 2110 1750 2147 praesentari.
1927 2133 1930 2136 .

1303 2184 1372 2216 Dat.
1391 2186 1525 2217 Liberoni
1542 2185 1684 2217 Valentin.
1697 2185 1821 2217 Diocese
1839 2194 1885 2223 17.
1899 2184 2041 2216 Kalendas
2055 2184 2151 2223 Junii,
2170 2184 2330 2218 Pontifica-

1265 2223 1311 2257 tris
1324 2223 1415 2256 nostri
1427 2235 1504 2255 anno
1519 2224 1646 2263 septimo.

1933 2299 1988 2331 Sub
1997 2299 2059 2341 filis
2073 2299 2205 2330 canabeis.

1320 2427 1482 2465 Consimilis
1503 2427 1593 2459 Bulla
1614 2426 1728 2460 diresin
1749 2424 1916 2460 Comitibus
1933 2429 1970 2465 (ῤ’
1989 2422 2154 2458 Baronilms
2168 2428 2274 2472 Regni.

1263 2510 1446 2580 CLffmens
1465 2511 1639 2556 Episcopus,
1656 2512 1748 2543 servus
1770 2511 1917 2557 servorum
1933 2510 1993 2542 Dei
2027 2509 2138 2555 diletstis
2152 2509 2217 2541 filiis
2223 2533 2234 2550 ,
2251 2510 2323 2541 No-
2338 2512 2415 2545 Ann.
2427 2514 2470 2546 D,

1360 2549 1446 2594 ilibus
1461 2551 1533 2581 Viris
1546 2573 1556 2589 ,
1574 2550 1705 2594 universis
1725 2549 1892 2581 Comitibus
1906 2573 1916 2589 ,
1940 2549 1974 2580 δε
1995 2535 2153 2593 barombus
2170 2558 2221 2586 per
2240 2548 2323 2593 Reg-
2366 2562 2453 2593 1312.

1261 2597 1333 2618 num
1358 2588 1474 2626 Angliae
1499 2588 1660 2620 constitutis
1677 2613 1688 2628 ‚
1712 2589 1829 2620 salutem
1855 2590 1890 2620 &
1917 2587 2116 2628 Apostolicam
2144 2587 2323 2619 benedidrio-
2337 2595 2388 2620 An.
2407 2601 2438 2627 5.

1262 2635 1405 2703 neIIPsuper
1419 2665 1448 2694 in
1462 2663 1596 2696 Generali
1609 2664 1765 2704 Concilio,
1782 2662 1842 2700 &a
1854 2670 1939 2705 prout
1945 2662 2033 2705 ficpra
2048 2666 2162 2694 mutatis
2180 2671 2323 2704 competen-
2337 2634 2379 2695 {a
2389 2639 2455 2702 {inq

1262 2709 1306 2733 ter
1321 2703 1468 2733 mutandis.
2336 2714 2403 2744 togr.

1299 2778 1368 2810 Dat.
1387 2780 1528 2811 Liberoni
1539 2778 1682 2811 valentin.
1695 2779 1822 2812 Diocese
1837 2788 1883 2819 17.
1897 2777 2040 2810 Kalendas
2049 2777 2147 2817 Junii,
2167 2777 2324 2810 Pontifica-

1264 2817 1310 2849 tfis
1326 2818 1413 2850 nostri
1427 2829 1502 2850 anno
1518 2818 1647 2857 septimo.

1946 2893 2001 2926 Sub
2011 2893 2072 2937 filis
2089 2893 2221 2924 canabeis.

1251 3022 1309 3069 ¹De
1327 3020 1507 3067 Templariis
1532 3019 1671 3068 Epiftopo
1697 3019 1895 3065 Lichfi’ldensi
1907 3017 2060 3061 liberatis,
2085 3019 2122 3055 dr·
2132 3026 2189 3063 pro
2201 3014 2318 3063 ficsten·

1656 3073 1767 3103 tatione
1790 3069 1927 3115 tpsorum.

1258 3154 1371 3214 REX
1407 3155 1513 3185 ἀῦεᾶο
1527 3155 1561 3186 &
1574 3153 1647 3184 fideli
1662 3154 1730 3191 suo,
1748 3151 1876 3184 Ricardo
1889 3150 1925 3182 de
1939 3149 2077 3189 Harleye,
2095 3150 2218 3181 salutern.
2337 3147 2410 3180 Ann.
2419 3149 2461 3180 D.

1350 3179 1521 3224 Mandamus
1533 3193 1615 3222 vobis
1629 3191 1726 3230 quod,
1744 3191 1780 3221 de
1794 3190 1912 3221 exitibus
1925 3189 2079 3219 Terrarum
2095 3190 2129 3220 &
2150 3189 2315 3220 Tenemen-
2360 3196 2447 3226 1312.

1257 3240 1355 3261 torum
1369 3231 1599 3271 Templariorum
1614 3231 1644 3259 in
1659 3239 1744 3259 manu
1758 3228 1872 3264 nostrai,
1889 3228 1923 3258 &
1935 3228 1966 3257 in
1984 3226 2076 3258 vestra
2095 3226 2234 3259 Custodia
2255 3229 2315 3258 exi-
2331 3229 2384 3254 An·
2402 3234 2419 3264 5
2425 3246 2432 3254 -

1257 3269 1406 3308 steritium,
1431 3270 1540 3300 solvatis
1561 3268 1715 3299 venerabili
1734 3267 1807 3298 Patri
1826 3266 1880 3296 W.
1903 3265 2099 3297 Coventrienfi
2122 3267 2157 3297 &
2180 3266 2314 3308 Lychfel-
2330 3268 2359 3291 E·
2377 3274 2403 3291 2-

1256 3307 1332 3338 densi
1353 3307 1514 3346 Episcopo,
1531 3316 1585 3345 pro
1603 3305 1758 3344 Radulpho
1779 3305 1816 3336 de
1836 3303 1942 3335 Barton
1961 3303 2135 3342 Capellam,
2161 3304 2313 3342 Ranulpho
2329 3302 2415 3339 Claus-
2434 3306 2467 3338 5¹:

1256 3346 1293 3376 de
1315 3345 1457 3377 Evestiam
1479 3345 1651 3383 Capellam,
1667 3344 1798 3375 Heni-ico
1817 3342 1854 3373 de
1876 3341 2004 3380 Halton,
2021 3342 2147 3374 Ricardo
2167 3343 2203 3374 de
2214 3342 2312 3373 Bussu-
2330 3344 2358 3369 Ε.
2370 3349 2440 3368 ιη’».

1258 3384 1356 3422 ssiam,
1377 3385 1495 3415 Thoma
1513 3384 1549 3414 de
1570 3383 1792 3422 Walklyngton,
1810 3382 1844 3412 δε
1859 3381 1992 3419 Johanne
2015 3380 2051 3411 de
2065 3380 2200 3419 Crafton‚
2218 3380 2312 3411 Tem-
2329 3386 2359 3414 4.

1255 3423 1361 3460 plariis,
1380 3433 1470 3461 nuper
1491 3422 1584 3452 eidem
1605 3421 1766 3461 Episcopo,
1783 3420 1818 3451 ad
1840 3419 2041 3450 retrudendum
2060 3421 2090 3450 in
2111 3426 2184 3451 certa
2204 3417 2314 3450 Mona-

1256 3461 1337 3491 steria
1351 3461 1422 3490 infra
1433 3461 1509 3492 suam
1525 3460 1692 3498 Diocesim,
1709 3458 1745 3490 ad
1759 3459 1955 3497 poenitentiam
1969 3459 2037 3488 inibi
2050 3457 2248 3496 peragendam,
2262 3467 2314 3496 per

1255 3499 1444 3529 venerabilem
1459 3499 1572 3529 Patrem
1585 3498 1624 3528 R.
1644 3497 1874 3528 Cantuariensem
1888 3496 1994 3528 Archie
2015 3496 2201 3539 iscopiim‚&
2217 3503 2314 3528 totum

1256 3536 1436 3568 Provinciale
1451 3536 1617 3567 Concilium
1632 3536 1769 3575 liberatis,
1786 3535 1880 3573 vadia,
1896 3545 1948 3572 pro
1960 3534 1977 3565 s
2016 3542 2156 3565 curatione
2176 3533 2313 3572 Templa-

1256 3576 1363 3607 riorum
1383 3576 1551 3606 eorumdem
1568 3575 1632 3604 alias
1654 3574 1796 3613 ordinata,
1820 3573 1966 3612 videlicet,
1991 3582 2043 3611 pro
2062 3571 2190 3614 quolibet
2211 3582 2313 3605 eorum

1259 3623 1378 3651 quatuor
1392 3614 1519 3644 denarios
1531 3622 1581 3651 per
1595 3612 1688 3652 diem,
1706 3623 1720 3642 a
1736 3613 1782 3643 die
1804 3612 1887 3643 sanciti
1906 3611 2008 3642 Albani
2027 3608 2158 3649 Martyris
2178 3611 2312 3647 proximo

1257 3647 2223 3728 {2252‘51330ztffmfflg‘ssss‘diaff‘rs‘ssffipissssissirgzrizssrgrssfflffiffn}
2240 3648 2313 3717 Γὶῗῗέἶ

1258 3738 1321 3758 rum
1331 3753 1340 3766 ‚
1358 3739 1422 3766 quae
1436 3737 1500 3759 ante
1514 3727 1624 3758 dietum
1636 3727 1713 3757 diem
1728 3727 1882 3758 debuerant
1900 3723 2075 3767 percepissq

1294 3766 1332 3796 Et
1353 3776 1405 3796 nos
1427 3767 1509 3797 vobis
1526 3765 1611 3804 inde,
1628 3766 1656 3795 in
1678 3764 1829 3803 Computo
1849 3764 1942 3796 vestro
1959 3762 1995 3792 de
2012 3761 2129 3792 exitibus
2152 3760 2309 3801 praedietis,

1256 3804 1384 3836 debitam
1398 3804 1597 3836 allocationem
1612 3804 1708 3836 haberi
1721 3805 1860 3838 faciemus.

1293 3879 1383 3914 Teste
1395 3880 1478 3922 Rege
1491 3880 1566 3922 apud
1580 3879 1767 3923 Eboracum,
1783 3880 1899 3912 decimo
1911 3877 2030 3921 septimo
2043 3874 2089 3910 die
2101 3874 2183 3909 Maii.

2226 3979 2312 4012 Man-
