2562 4279
281 52 331 106 38
735 46 1974 100 CONVENTIONES,LITERAE,

117 132 194 163 Ann.
210 130 252 164 D.
308 139 398 167 Priori
413 136 444 166 de
461 136 608 175 Giseburn,
857 134 1015 175 Abbatiffae
1030 137 1127 165 Beatae
1137 137 1240 165 Mariae
1249 135 1332 175 Wsyn-
1369 133 1504 178 quodque
1519 133 1634 164 Litterae
1647 133 1702 164 illae
1715 134 1783 164 tanti
1795 134 1846 165 sint
1862 133 1961 166 valoris
1973 133 2007 166 &
2020 131 2156 174 effecius,
2173 144 2207 166 ac
2221 134 2242 166 fi
2255 135 2343 170 essent
2350 137 2437 180 Mag-
2457 137 2562 176 Ann.[

139 180 150 200 ἱ
159 181 223 210 322.
309 177 399 204 Priori
414 176 444 204 de
456 176 556 211 Elida,
927 178 1025 213 toniae,
1370 183 1411 204 no
1427 172 1524 216 Sigillo
1540 172 1638 202 nostro
1651 173 1834 209 confignatae.
2476 187 2562 219 1322.

117 211 184 238 Ην.
201 220 225 239 2.
309 216 398 243 Priori
411 214 441 243 a'e
456 211 616 252 Dunstable.
857 212 1014 259 Abbatiffae
1028 212 1060 242 dt
1077 211 1229 251 Romefi’ye,
1407 211 1442 242 In
1458 221 1552 249 culus,
1567 211 1628 241 &c.
2457 219 2522 248 1347),
2533 229 2562 250 ¹2,

308 287 465 326 Abbatiffae
484 287 609 328 Wylton,
855 251 1015 328 Ξῖἷῗιῗέᾖ
1026 251 1060 320 ἶ
1070 251 1260 330 Ἑένῖῖίὶιοέω,
1406 287 1495 319 Teste
1510 286 1596 325 Rege
1609 287 1683 326 apud
1698 286 1926 325 Gloucestriam,
1942 287 2057 319 decimo
2072 288 2179 320 oCtavo
2193 289 2239 320 die
2253 288 2411 325 Februarii..

305 325 462 363 Abbatiffae
478 327 511 356 de
527 324 714 366 Wlaerewell,
2006 367 2031 394 Ρ
2078 367 2084 372 .
2092 363 2121 404 f
2165 368 2205 395 Re

2031 375 2061 395 er
2073 373 2099 403 tp
2110 376 2154 395 um
2202 377 2270 403 gem.

268 448 327 483 Ad
340 449 489 483 Karalum
508 452 639 483 Francia
655 454 765 498 Regem
775 479 785 495 ‚
810 455 846 491 ῥ’
859 452 904 485 ad
917 453 990 486 alios
1010 455 1160 499 Principes
1171 462 1226 498 pro
1239 453 1333 483 auxi-

685 501 724 533 lio
739 500 910 547 praestando·
1371 486 1430 521 Ad
1445 490 1552 535 Regem
1566 492 1714 533 Franciae‚
1733 490 1825 535 sicper
1842 487 1995 522 Conduflu
2006 498 2061 534 pro
2079 486 2261 521 Hominibus
2273 489 2319 522 ad
2333 493 2432 525 Arma

1715 538 1751 571 de
1770 540 1896 571 Ducam
1913 539 2095 583 Aquitaniae.

114 589 190 617 Ann.
209 585 249 615 D.
271 581 552 638 EXcellentisl'imo
563 585 706 630 Principi,
724 585 857 631 Domino
870 585 996 631 Karolo,
1016 586 1075 617 Dei
1085 584 1190 624 gratia,
1205 584 1333 628 Franciae
1560 622 1566 628 .
1705 623 1710 629 ·
1754 624 1759 630 ¹
1783 625 1789 630 .
1928 622 1934 628 ι
2102 623 2107 628 1
2183 623 2189 628 ¹
2348 624 2354 631 η

141 634 225 665 ¹322·
325 622 358 652 &
372 620 512 653 Navarrae
519 624 597 662 Regi
609 625 727 663 illustri,
746 625 820 655 Fatri
833 626 884 656 suo
899 625 1058 663 carissimo,
1074 624 1244 662 Edwardus,
1261 633 1333 661 ejus·
1370 619 1652 689 Εξῖεεᾘεῃῠίῖἲωο
1665 623 1790 663 Pnncipi
1805 647 1815 662 ,
1842 622 1975 653 Domino
1998 621 2035 652 K.
2050 621 2108 652 Dei
2123 629 2206 661 gratia
2219 646 2229 661 ,
2255 622 2382 654 Franciae
2396 625 2523 659 &-Ann.
2534 629 2562 662 D

110 667 162 691 Aa.
186 674 193 690 i
201 673 228 699 5.
270 658 337 689 dem
349 661 454 700 gratifi,
473 662 607 702 salutern,
623 664 657 694 &
673 664 789 694 sincerae
801 664 962 694 dilefflonis
973 663 1117 694 asscitum.
1460 667 1562 690 avarrae
1582 660 1658 700 Regi
1676 661 1796 701 illustri,
1821 661 1909 692 Fratri
1923 661 1973 692 suo
1990 660 2130 691 cariffimo
2146 684 2156 699 ,
2180 660 2350 701 Edwardus,
2369 663 2428 695 &c.
2471 668 2552 705 1322,

113 707 144 729 E.
165 712 191 729 2.
309 698 428 737 Qianto
442 700 479 730 de
499 701 600 732 vestroe
616 702 731 732 sincerae
750 702 906 733 diletftionis
923 703 1041 740 puritate
1058 700 1198 741 specialius
1212 698 1335 731 confidi-
1369 696 1501 736 salutem,
1519 698 1567 737 &,
1583 698 1618 729 ad
1631 708 1714 737 vota,
1731 699 1867 730 successus
1881 700 2027 738 prosperos
2040 710 2074 730 ac
2088 700 2191 729 felices.
2448 707 2499 732 An.
2514 717 2555 743 ¹5·

112 742 249 776 clusisse
270 745 350 775 mus,
367 746 448 769 tanto
462 749 509 778 ea,
530 750 594 778 quae
609 751 677 779 nos,
694 741 727 771 &
746 739 848 771 statum
867 740 1015 778 nostrum,
1033 750 1067 770 ac
1083 740 1207 776 Regiam
1229 738 1334 778 Digni-
1406 733 1503 774 Cum,
1524 747 1576 774 pro
1588 737 1765 775 expeditione
1777 739 1898 769 Guerrae
1910 738 2015 768 nostrae
2031 737 2152 776 Scotiae,
2169 736 2311 770 Homines
2322 739 2356 771 ad
2371 740 2426 771 Ar·
2446 745 2476 769 Ε.
2493 754 2518 773 2,

109 782 140 805 Ε.
160 788 186 808 2.
270 782 355 813 tatem
378 777 503 808 nostram
523 779 674 818 specialiter
699 780 868 818 contingunt
884 802 893 817 ,
917 779 998 809 vobis
1016 777 1203 808 confidentius
1224 777 1334 806 intima·
1370 781 1433 811 ma,
1451 775 1506 804 tam
1525 775 1641 812 Equites
1656 799 1665 814 ,
1690 777 1775 815 quam
1794 776 1904 807 Pedites
1917 800 1927 816 ,
1952 777 1987 807 de
2003 776 2117 807 Ducatu
2138 777 2294 816 Aquitaniae
2307 779 2341 809 ad
2359 789 2427 818 nos,
2446 781 2562 820 Claus.15

110 826 146 844 m.
173 825 213 850 19.
224 815 249 842 d.
271 823 350 852 mus3
368 815 501 856 sperantes
516 817 613 855 quod,
631 817 667 848 de
682 817 816 857 prosperis
828 841 837 856 ,
862 827 930 847 cum
945 816 1113 854 acciderint,
1129 815 1248 846 laetiores
1262 813 1333 844 effe-
1367 819 1415 849 per
1431 812 1566 851 Regnum
1581 814 1615 844 &
1628 813 1800 845 Potestatem
1812 815 1920 854 vestra,
1937 816 2008 846 infra
2021 813 2159 855 Regnum
2173 814 2304 847 nostrum
2317 817 2427 858 Angliae
2446 822 2476 846 Ε.
2492 830 2517 848 2.

109 856 136 881 in
145 857 226 882 Cedu—
268 853 307 883 eti
345 854 373 883 iri
386 854 505 886 adversis
517 856 729 886 occurrentibus
742 857 832 887 velitis
847 865 945 885 manus
960 854 1107 884 extendere
1122 854 1276 890 adjutrices.
1367 849 1429 879 sunt
1444 852 1571 894 venturi,
2371 861 2373 863 '
2439 867 2484 885 ·m.
2495 868 2536 895 ¹9·
2547 861 2562 890 A

108 892 145 920 In.
302 878 382 923 Cum
395 895 488 932 itaque
501 894 616 934 quidam
636 894 783 933 Magnates
796 895 832 924 de
848 894 954 933 Regno
969 893 1084 930 nostro,
1102 892 1190 923 nostri
1203 891 1332 928 Subditi,
1386 911 1387 917 η
1407 887 1793 934 Magnificentiamyestram
1813 892 1980 931 requirimus
1994 892 2028 923 &
2049 901 2180 931 rogamus
2194 894 2355 931 ,quatinus
2376 904 2431 934 pro

263 940 279 960 a
291 930 415 969 jamdiu,
432 933 514 962 nobis
531 934 747 970 contrariantes,
766 932 880 971 Castra,
897 932 1050 969 Civitates,
1071 931 1157 962 Villas
1177 932 1210 962 ὃς
1226 929 1330 973 Mane·
1367 925 1525 963 ῘἸΠῙΗΓΠῚΟὼ
1540 927 1734 967 Homlmbusa
1752 929 1900 969 Equitibus
1913 931 1946 961 &
1959 929 2117 973 peditibus,
2135 941 2187 970 ΡΥΟ
2207 940 2353 971 tempore,
2369 942 2428 971 quo

263 970 302 998 ria
318 969 412 1001 nostra
426 971 517 1001 modo
530 972 662 1009 guerrino
674 973 892 1009 occupaverint,
911 972 944 1002 &
960 970 1088 1008 quasdam
1106 969 1222 1000 Domos
1235 970 1263 998 in
1279 977 1331 998 eis-
1367 964 1568 1033 perRegnum
1584 967 1616 997 δε
1632 966 1803 998 Potestatem
1818 968 1938 999 vestram
1952 968 2024 1006 ipsos
2038 972 2148 999 transire
2167 970 2199 1000 &
2214 972 2316 1001 morari
2333 972 2428 1002 conti-

261 1007 331 1038 dem
343 1010 409 1048 igne
424 1009 647 1047 combusserint,
674 1019 706 1040 ac
721 1009 800 1041 Bona
820 1009 912 1040 nostra
932 1008 1169 1046 consumpserint·⁷
1188 1008 1220 1038 ὃ(
1235 1006 1331 1046 Popu-
1366 1011 1453 1047 ger-it,
1501 1013 1578 1035 iteras
1594 1005 1695 1036 vestras
1712 1005 1748 1036 de
1763 1005 1939 1045 Condudiu,
1956 1008 2006 1036 sub
2023 1006 2131 1044 speciali
2151 1008 2242 1038 forma
2259 1016 2439 1048 conceptas„

260 1046 322 1077 lum
336 1047 463 1077 nostrum
475 1047 671 1079 destruxerint·
694 1049 794 1087 &jam
809 1049 834 1078 se
848 1048 881 1078 ad
897 1056 984 1085 partes
993 1047 1112 1077 Boriales
1125 1045 1330 1082 transtulerint,
1366 1041 1456 1072 vellus
1472 1042 1531 1073 fieri
1550 1042 1642 1074 facere
1657 1067 1667 1083 ,
1689 1045 1817 1084 quotiens
1834 1045 1912 1086 super
1932 1044 1989 1078 hoc
2005 1054 2039 1076 ex
2061 1052 2136 1084 parte
2153 1046 2247 1078 nostra
2265 1048 2369 1079 fueritis
2385 1058 2438 1079 re,

262 1086 296 1115 &
311 1095 378 1115 cum
391 1086 511 1116 Thoma
526 1085 644 1117 Comite
659 1071 827 1117 Lancastriae
841 1087 933 1116 foedus
953 1087 1065 1116 inierint
1087 1093 1184 1115 contra
1199 1094 1272 1121 nos,
1298 1084 1328 1113 iri
1367 1080 1467 1118 quifiti.

262 1124 383 1163 partibus
404 1124 455 1154 illis
475 1123 607 1155 Castrum
625 1124 756 1156 nostrum
778 1126 813 1156 de
832 1124 959 1164 Tykhull
980 1123 1160 1162 obsederint,
1183 1122 1328 1162 Populum
1624 1161 1629 1166 ι

261 1162 387 1192 nostrum
401 1162 507 1193 ibidem
523 1164 712 1194 inhumaniter
730 1163 913 1194 destruendo:
1402 1156 1472 1188 Dat.
1487 1160 1560 1197 apud
1573 1158 1772 1200 Chiltenham,
1786 1160 1903 1193 decimo
1916 1170 1997 1192 nono
2010 1159 2056 1191 die
2070 1159 2221 1193 Februarii.

302 1201 379 1240 Qae
390 1202 488 1232 omnia
501 1212 560 1232 non
579 1202 669 1232 solum
686 1203 713 1232 in
729 1202 817 1232 nostri
830 1202 862 1232 &
871 1201 974 1239 Populi
986 1200 1075 1231 nostri
1088 1199 1217 1240 praediffl
1228 1199 1328 1238 damp-

263 1249 335 1269 num
350 1264 360 1277 ,
384 1250 483 1270 verum
499 1241 583 1270 etiam
598 1242 627 1271 in
647 1240 734 1270 nostri
748 1241 780 1271 &
796 1240 947 1279 Nepotum
963 1239 1137 1276 vestrorum,
1155 1237 1326 1268 Liberorum

262 1277 442 1317 nostrorum,
461 1278 715 1309 exhaeredationem
730 1279 824 1317 (quod
838 1279 923 1315 abiit)
941 1278 999 1308 fieri
1012 1278 1209 1314 dinoscuntur,
1445 1296 1469 1330 d
1798 1305 1802 1310 ,

301 1315 548 1356 Magnificentiam
569 1317 689 1347 vestram
709 1318 813 1347 attente
834 1318 997 1356 requirimus
1012 1317 1045 1347 &
1061 1325 1192 1354 rogamus
1207 1338 1216 1353 ,
1239 1314 1328 1353 quati·
1411 1300 1447 1331 A
1488 1301 1603 1346 Papam
1629 1299 1665 1333 dc
1690 1299 1853 1335 Rebelll‘me
1875 1303 2082 1348 Magnasumi
2105 1305 2143 1341 (ῥ’
2166 1301 2203 1336 de
2224 1305 2380 1337 SCMOWm

263 1364 315 1385 nus
327 1357 356 1385 in
372 1357 428 1386 tarn
443 1357 531 1386 arduo
547 1355 694 1394 Negotio,
712 1366 764 1386 nos
779 1357 811 1386 &
825 1355 926 1385 statum
946 1356 1042 1395 Regni
1061 1354 1150 1385 nostri
1162 1354 1199 1384 sic
1213 1355 1326 1384 contin·
1817 1351 1984 1394 Inwfione.

262 1403 346 1433 gente
359 1416 368 1431 ,
393 1395 481 1424 velitis
501 1394 536 1423 de
558 1393 736 1424 Hominibus
759 1394 792 1424 ad
815 1394 901 1424 Arma
916 1417 925 1432 ,
950 1393 1098 1434 Equitibus
1118 1394 1150 1423 &
1165 1392 1326 1431 Peditibus,

257 1435 334 1472 juxta
348 1432 445 1463 vestroe
462 1433 609 1462 voluntatis
623 1433 695 1462 bene
716 1433 832 1463 lacitum
845 1456 854 1472 ,
877 1443 944 1462 curn
961 1432 1136 1463 festinatione
1151 1430 1326 1468 common
1362 1432 1526 1493 PAPAE
1544 1434 1610 1465 Rex
1622 1435 1723 1466 devota
1737 1435 1843 1474 pedum
1860 1435 1908 1466 osc
1917 1435 1957 1466 ila
1967 1436 2124 1468 beatorum.
2446 1433 2562 1468 Ann.D

261 1481 314 1501 nos
325 1472 438 1509 juvare,
463 1471 496 1501 &
512 1471 548 1500 de
563 1480 683 1500 numero
722 1472 857 1502 ominum
870 1494 879 1509 ,
906 1481 976 1510 quos
989 1470 1089 1501 vestrae
1109 1470 1253 1500 Serenitati
1269 1469 1326 1507 pla-
1449 1472 1495 1503 Ad
1510 1474 1573 1504 haec
1589 1473 1750 1515 Principes,
1768 1476 1796 1505 in
1813 1475 1878 1505 Or¹>
1910 1474 2082 1515 Terrarum,
2099 1474 2253 1506 Altissimus
2272 1475 2425 1515 praeposuit
2467 1483 2549 1514 1322.

262 1512 350 1540 cuerit
363 1510 397 1540 ad
413 1519 465 1539 nos
477 1510 589 1540 mittere
600 1519 634 1540 ex
651 1510 704 1540 hac
722 1510 805 1540 causa
819 1533 828 1548 ,
852 1511 935 1541 nobis
953 1520 1003 1548 per
1017 1508 1118 1540 vestras
1133 1509 1251 1540 Litteras
1265 1507 1326 1539 red-
1361 1509 1441 1541 Plebi
1457 1511 1510 1542 suae
1522 1536 1532 1550 ,
1555 1521 1586 1543 ut
1598 1535 1608 1551 ,
1633 1514 1845 1557 prae-omnibus
1861 1536 1871 1552 ,
1894 1514 1924 1543 in
1939 1513 1957 1544 S
1967 1513 2062 1544 isditis
2082 1514 2134 1544 suis
2151 1513 2254 1544 Pacem
2271 1515 2424 1554 servarent,
2442 1515 2493 1540 An.
2512 1523 2553 1552 ¹5.

261 1549 328 1579 dere
343 1548 484 1579 certiores.
1363 1548 1536 1581 Obedientes
1551 1552 1580 1580 in
1597 1552 1780 1590 tranquilitate
1792 1560 1935 1592 regerent,
1951 1551 2123 1584 &Rebelles
2136 1553 2326 1592 corriperent,
2343 1553 2377 1585 &
2389 1555 2424 1584 ad
2442 1555 2473 1578 Ε·
2493 1561 2519 1580 ²-

466 1591 469 1594 ·
1362 1587 1532 1619 obedientiae
1545 1590 1671 1620 debiturn
1684 1600 1858 1621 revocarent.
2442 1593 2512 1617 Rom.
2530 1598 2562 1627 ¹5

298 1625 366 1657 Dat.
382 1625 455 1666 apud
470 1624 697 1665 Gloucestriam,
715 1626 830 1657 decimo
842 1626 917 1657 sexto
928 1625 973 1657 die
985 1625 1135 1657 Februarii.
1399 1627 1417 1646 ²¹²
1432 1626 1518 1665 Sane,
1535 1627 1616 1658 Pater
1623 1628 1741 1667 Sanete,
1756 1629 1866 1660 Statum
1875 1628 1922 1659 Re
1942 1629 1970 1658 ni
1984 1628 2090 1668 nostri,
2108 1629 2142 1660 &
2156 1630 2336 1668 quarumdam
2345 1629 2425 1661 Tur·
2443 1631 2466 1654 Ε
2492 1638 2517 1656 2·

1363 1665 1510 1696 bationum
1548 1677 1596 1704 per
1611 1667 1742 1705 quosdam
1752 1667 1900 1707 Magnates
1930 1678 1946 1698 e
1958 1669 2076 1706 eodem,
2091 1678 2106 1698 a
2117 1669 2237 1707 jamdiu,
2253 1669 2333 1700 nobis
2341 1667 2423 1700 Cori-
2442 1675 2479 1694 m·
2501 1664 2562 1696 ¹¹⁶⁴

260 1702 405 1758 REX,
428 1702 537 1746 Nobili
554 1702 626 1734 Viro
641 1726 650 1742 ,
675 1702 809 1734 Domino
828 1703 881 1733 W.
899 1702 1043 1746 Hanoniae
1057 1726 1068 1746 ἒ
1090 1701 1242 1746 Holandiae
1258 1724 1267 1739 ‚
1291 1701 1324 1732 δί
1363 1706 1458 1734 trarios
1471 1706 1504 1735 &
1518 1689 1651 1736 Rebelles
1663 1706 1853 1743 (conspirante
1865 1705 1899 1736 ad
1913 1707 1970 1736 hoc
1986 1708 2019 1736 &
2054 1716 2203 1738 rocurante
2213 1707 2421 1738 Bartholomaeo
2443 1705 2459 1721 *
2469 1706 2545 1741 Hk:

322 1741 477 1778 Selandiae,
495 1741 605 1773 Comiti
620 1765 630 1780 ,
655 1752 688 1772 ac
706 1741 840 1772 Domino
855 1742 964 1780 Friiiae,
982 1742 1204 1781 Conlanguineo
1216 1740 1265 1770 suo
1279 1750 1325 1770 ca·
1362 1742 1398 1772 de
1411 1742 1615 1782 Badelesmeae,
1634 1752 1702 1774 tunc
1716 1744 1874 1775 Senescallo
1893 1744 2011 1784 nostro,
2049 1755 2065 1774 e
2079 1755 2138 1783 quo
2151 1745 2184 1775 ad
2203 1746 2317 1786 plenum
2332 1746 2425 1777 corifi-
2443 1751 2508 1780 93¹·
2521 1764 2554 1779 .-;

260 1777 387 1818 riliimo,
405 1781 535 1818 salutem,
552 1781 585 1811 &
597 1781 709 1821 sinceras
724 1780 882 1810 dilectionis
897 1780 1043 1811 affeStum.
1361 1781 1507 1818 debamus)
1522 1782 1714 1821 subortarum,
1733 1793 1797 1824 per,
1815 1783 1933 1814 diledms
1946 1784 1980 1814 ὅ(
1991 1784 2083 1814 fideles
2097 1783 2208 1814 nostros
2236 1785 2424 1816 venerabilem
2529 1806 2532 1809 -

298 1818 346 1848 De
368 1818 456 1849 vestra
474 1818 624 1848 dilee‘tione
643 1819 792 1856 specialiter
812 1819 986 1849 considentes
1000 1843 1009 1857 ,
1035 1818 1160 1856 adversa,
1179 1818 1261 1847 nobis
1274 1827 1326 1847 oc·
1362 1819 1487 1858 Patrem,
1507 1819 1547 1850 R.
1562 1821 1799 1861 Wyntoniensem
1812 1822 2004 1860 Episcopum,
2023 1821 2195 1861 Magistros,
2208 1807 2370 1861 johannem
2387 1823 2425 1854 de

259 1859 398 1887 currentia
412 1880 419 1894 ,
445 1857 494 1887 sub
515 1857 561 1897 spe
588 1858 783 1887 consolationis
803 1857 967 1896 optinendae
981 1881 990 1896 ,
1015 1858 1096 1888 vobis
1113 1857 1243 1887 duximus
1261 1856 1326 1886 inti-
1362 1858 1516 1897 Stratford,
1536 1858 1778 1890 Archidiaconum
1788 1859 1968 1898 Lincolniae,
1984 1861 2017 1892 &
2030 1860 2222 1891 Willielmum
2236 1860 2271 1891 de
2283 1861 2425 1899 Weston,

259 1896 369 1925 manda.
392 1934 397 1939 θ
851 1938 855 1941 .
1003 1937 1006 1941 ¹
1357 1896 1432 1941 Juris
1443 1896 1547 1941 Civilis
1559 1897 1729 1942 Professores
1742 1921 1752 1937 ,
1776 1909 1816 1942 ac.
1823 1898 1888 1929 alios
1902 1898 2038 1942 Nuncios
2053 1898 2162 1943 nostros
2177 1899 2223 1937 (ad
2236 1898 2337 1930 vestrae
2352 1899 2424 1931 San-

295 1933 374 1963 Cuni
389 1943 498 1973 itaque,
517 1931 576 1969 &a
590 1941 621 1964 ut
628 1933 713 1973 ficpra
722 1957 732 1972 ,
754 1941 868 1964 ›niutatis
883 1934 1027 1964 mutandis.
1361 1935 1461 1980 {titatis
1476 1936 1646 1981 praesentiam
1662 1947 1715 1981 pro
1728 1936 1830 1980 nostris
1845 1937 1979 1975 Negotiis
1997 1936 2159 1974 destinatos)
2176 1936 2275 1968 vestrae
2287 1937 2425 1969 Clemen-

1361 1981 1408 2004 tiae
1423 1975 1554 2004 volumus
1564 1975 1687 2005 seriosius
1701 1976 1830 2006 intimari.

293 2009 361 2041 Dat.
376 2019 407 2041 ut
422 2010 507 2048 supra.
1361 2012 1610 2080 WSUIPst-'quemesl
1624 2015 1695 2044 vero
1722 2014 1789 2044 die‘ti
1803 2013 1944 2058 ’Rebelles
1964 2013 2052 2045 nostri
2075 2013 2101 2044 se
2120 2013 2156 2082 q}
2175 2021 2260 2051 partes
2281 2013 2425 2045 Marchiae

432 2086 544 2119 Eodem
560 2087 650 2119 modo
665 2088 789 2119 scribitur
809 2088 981 2128 subscriptis,
1001 2088 1146 2127 videlicet,
1360 2051 2012 2134 Daargffiatrlagiaittrtlipffffinntm,pgrpgtirigirekffitssupn
2032 2051 2101 2083 NOS
2150 2053 2269 2090 opumm
2293 2052 2424 2110 nomn-m

1398 2128 1455 2166 At,
1473 2130 1571 2165 nobis,
1590 2131 1618 2159 in
1632 2139 1717 2160 manu
1738 2130 1846 2166 poienti
1861 2152 1870 2168 ,
1894 2139 1942 2169 per
1961 2128 2078 2160 diversas
2099 2136 2187 2167 partes
2205 2128 2232 2160 R
2271 2131 2299 2160 ni
2316 2128 2418 2168 nostri,

258 2168 372 2196 Domino
385 2164 500 2195 Roberto
514 2165 546 2195 de
558 2167 680 2206 Artoys,
700 2169 798 2195 Comiti
812 2166 844 2194 de
858 2164 935 2195 Bello
954 2166 971 2195 Ἰ
1359 2175 1412 2204 pro
1427 2167 1501 2198 Pace
1513 2168 1545 2198 ὅ(
1560 2167 1763 2207 Tranquilirate
1782 2167 1882 2206 Populi
1902 2167 1989 2198 nostri
2012 2167 2200 2211 conservanda
2212 2190 2223 2206 ,
2299 2167 2422 2199 Exceffi-

294 2208 407 2244 Monte,
553 2246 557 2249 .
966 2198 975 2238 ,i
1123 2234 1140 2248 0
1163 2225 1184 2248 ·-
1359 2206 1410 2235 bus
1422 2205 1564 2250 die'torum
1580 2205 1749 2250 Magnatum
1763 2207 1952 2250 corrigendis,
1969 2207 2022 2249 iter
2035 2206 2216 2251 facientibus,
2233 2206 2267 2237 &
2281 2206 2316 2237 ad
2332 2215 2421 2248 partes

258 2245 372 2273 Domino
484 2245 583 2272 Camiri
594 2242 626 2272 de
647 2242 745 2287 Sarrbi‘o
762 2241 863 2287 pardo,
966 2240 989 2277 >
1008 2225 1170 2279 COJJffinDUJ
1359 2243 1500 2288 Marciaue
1516 2244 1660 2288 praedictze
1674 2254 1707 2275 eit
1721 2245 1799 2275 causa
1812 2245 1944 2283 praedieta
1958 2245 2151 2284 venientibus,
2272 2276 2274 2279 ,

257 2284 375 2311 Domino
396 2279 525 2319 Johanni
546 2281 578 2310 de
599 2280 720 2320 Pountrf
735 2284 831 2310 Comtti
847 2280 936 2310 Albe·
969 2280 974 2321 ξ
1010 2275 1070 2295 ‘¹⁶¹⁰
1083 2264 1188 2301 Regffi‘
1395 2282 1523 2321 Qidam
1538 2283 1573 2313 de
1589 2283 1672 2313 dietis
1689 2283 1875 2326 Rebellibus,
1887 2282 2045 2314 necessitate
2060 2282 2197 2321 compulsi
2210 2305 2220 2322 ,
2245 2283 2317 2314 colla
2333 2282 2420 2315 decli-

295 2318 416 2355 marliae,
957 2323 977 2350 J
1356 2330 1469 2358 nantes,
1489 2321 1513 2351 se
1528 2320 1631 2351 nostrae
1645 2322 1781 2352 voluntati
1799 2321 1992 2358 reddiderunt,

257 2360 374 2402 Domino
389 2356 424 2394 J.
441 2359 513 2386 Duci
528 2356 692 2386 Brabantiae
702 2379 712 2395 ,
1016 2372 1068 2402 Ne
1089 2372 1184 2403 oribus
1395 2359 1434 2389 Et
1449 2360 1563 2403 quidam
1582 2369 1704 2403 eorum,
1727 2361 1756 2390 vi
1774 2359 1935 2398 deprehensi
1946 2383 1957 2398 ,
1978 2361 2056 2398 juxta
2071 2370 2169 2391 eorum
2184 2359 2334 2398 demerita,
2350 2359 2416 2392 ulti-

256 2398 374 2427 Domino
388 2395 424 2433 J.
440 2398 627 2440 Camiri-Bar,
1016 2383 1113 2448 Regis·
1357 2407 1439 2428 mum
1453 2398 1619 2438 supplicium
1634 2398 1791 2436 subierunt,

257 2436 372 2464 Domino
477 2437 572 2463 Comiti'
588 2435 620 2463 de
636 2435 700 2472 Eu,
1392 2435 1508 2475 Reliqui
1523 2446 1592 2467 vero
1605 2460 1615 2475 ,
1625 2475 1630 2480 .
1640 2438 1722 2475 pauci
1739 2437 1766 2467 in
1782 2436 1878 2476 fugam
1895 2437 2021 2468 conversi
2065 2437 2092 2467 se
2111 2438 2142 2466 in
2159 2436 2307 2473 Angulum
2323 2436 2417 2468 Boria-

257 2476 374 2503 Domino
388 2471 483 2502 carolo
496 2475 592 2501 Comiti
606 2472 639 2502 de
651 2471 761 2512 Valoys,
782 2469 932 2503 Avunculo
945 2472 1033 2508 Regis.
1208 2477 1213 2480 ⁴
1355 2473 1412 2504 lem
1435 2475 1529 2516 Regni
1545 2475 1633 2506 nostri
1649 2474 1842 2506 transtulerunt
1859 2499 1868 2514 ,
1892 2477 1925 2506 &
1945 2485 2011 2506 cum
2032 2459 2150 2518 ²1sshoma
2168 2473 2287 2506 Comire
2308 2475 2424 2506 Lanca-

1356 2512 1431 2543 striae
1446 2515 1511 2552 (qui
1527 2515 1565 2544 eis
1587 2514 1724 2550 adhaeret)
1742 2514 1848 2544 Foedus
1867 2522 1965 2544 contra
1984 2523 2036 2543 nos
2057 2514 2178 2543 inierunt
2190 2536 2200 2551 ,
2224 2512 2416 2552 Castrumque

1355 2551 1484 2595 nostrum
1499 2552 1535 2582 de
1548 2553 1676 2596 Tykhull
1689 2554 1718 2582 in
1734 2553 1853 2591 partibus
1866 2552 1917 2582 illis
1930 2551 2114 2589 obsederunt,
2130 2551 2269 2590 populum
2283 2552 2415 2584 nostrum

104 2618 121 2634 ο
133 2619 186 2645 111.
256 2615 277 2636 ²*
301 2614 357 2649 Ad
375 2617 479 2648 Gentes
499 2618 690 2662 Aquitaniae,
717 2612 753 2646 de
775 2613 903 2646 Auxilio
923 2611 1060 2658 promiffo
1071 2609 1249 2656 festinanter
1266 2611 1318 2645 de-
1355 2589 1916 2668 1ὺὲξὶῃρξέἓὲῗῗέἔξξὲὲῐῖῗῇῃῑ[ῃίςὶΊ
1935 2627 2108 2660 &Rebefles
2117 2627 2220 2666 nostri,
2237 2627 2415 2660 finita-steu-

103 2665 170 2692 930·
323 2686 326 2689 ν
703 2660 854 2705 stimina'O.
1354 2677 1404 2707 ga,
1420 2669 1492 2698 inter
1505 2678 1556 2698 nos
1570 2668 1603 2698 &
1618 2667 1689 2706 ipsos
1702 2676 1790 2704 nuper
1803 2667 1885 2711 ini-ta,
1903 2667 1932 2697 R
1951 2677 2041 2697 onum
2052 2667 2186 2711 ‘nos-'trum
2207 2667 2236 2696 in
2253 2666 2334 2698 dietis
2351 2678 2415 2708 par-

1353 2707 1426 2736 tibus
1442 2705 1592 2736 Borialibus
1610 2706 1671 2736 sunt
1690 2704 1818 2749 ingressi,
1837 2705 1943 2735 ibidem
1997 2705 2148 2742 omicidia,
2166 2704 2416 2745 Depraedationes,

104 2759 181 2791 Αῃῃ,
193 2760 234 2791 D,
318 2749 402 2788 EX,
419 2750 525 2781 dilectis
540 2751 574 2780 &
594 2748 723 2779 fidelibus
742 2748 793 2778 suis
806 2770 815 2785 ,
841 2745 1009 2776 Consulibus
1029 2745 1061 2776 &
1082 2744 1317 2775 Univerfitatibus
1352 2744 1485 2775 Incendia
1498 2744 1617 2783 (AErati,
1635 2744 1734 2781 Sexui,
1750 2744 1795 2775 vel
1810 2744 1894 2783 loct),
1909 2744 1997 2775 Sacro
2015 2744 2060 2774 seu
2080 2743 2224 2783 Religioso
2238 2766 2248 2783 ,
2270 2754 2331 2775 non
2350 2755 2416 2783 par-

319 2788 477 2818 Civitatum
493 2789 605 2827 Agenni
620 2788 653 2818 ὃς
665 2786 838 2822 Condomii⁷
857 2785 993 2815 Villai-um
1008 2782 1213 2822 Marmandiae,
1233 2782 1315 2814 Villa:
1353 2783 1466 2820 cendo)
1481 2792 1672 2823 perpetrantes.
2034 2822 2039 2827 ⁸
2234 2822 2239 2826 ι

124 2808 209 2838 1322”
256 2823 373 2864 Novae‚
393 2827 426 2857 ὃ(
438 2827 552 2857 aliarum
567 2826 721 2863 Villarum,
739 2823 906 2855 Castrorum
920 2824 953 2855 &
967 2823 1118 2853 Locorum
1136 2821 1316 2853 Senescalciae
1387 2821 1430 2852 Ex
1443 2823 1544 2861 quibus
1576 2831 1629 2852 nec
1637 2823 1793 2865 inmerito,
1809 2822 1921 2865 internis
1933 2821 2077 2865 antrustiati
2091 2844 2100 2859 ,
2122 2819 2304 2865 Excercitum
2326 2822 2419 2853 colle-

100 2880 123 2904 12·
211 2859 218 2865 ¹
258 2863 284 2894 A
304 2867 387 2902 enni,
405 2865 527 2895 salutern.
1272 2864 1280 2867 ’“
1373 2861 1443 2890 imus
1459 2884 1468 2900 ,
1490 2862 1523 2891 &
1546 2845 1671 2892 stabilita
1690 2861 1720 2890 iri
1742 2859 1818 2890 Pace
1841 2860 1916 2890 dieta
1935 2846 2067 2890 Nfarchia
2085 2859 2199 2890 Walliae
2213 2882 2222 2897 ,
2247 2859 2413 2891 Benedit‘hs

99 2887 195 2952 pasch,
310 2904 483 2934 ntelleximus
496 2913 530 2933 ex
545 2903 658 2933 Litteris
672 2925 682 2940 ,
703 2901 870 2931 dilectorum
883 2900 916 2931 &
929 2899 1055 2931 fidelium
1068 2898 1251 2938 nostrorum,
1265 2899 1316 2930 Al·
1386 2909 1448 2937 eus,
1464 2901 1554 2930 versus
1569 2899 1655 2930 dietas
1670 2907 1758 2939 partes
1777 2898 1895 2928 Boriales
1918 2898 1973 2929 Iter
1990 2898 2118 2942 nostrum
2140 2897 2331 2942 assumpsimus
2344 2921 2354 2936 ,
2375 2897 2411 2929 ad

160 2936 165 2941 ’
199 2925 228 2951 5⁸
255 2943 351 2971 marici
370 2943 406 2972 de
425 2940 572 2972 Credonio
587 2964 595 2979 ,
622 2939 735 2970 Consan
756 2940 828 2968 uinei
853 2938 940 2968 nostri
961 2937 1091 2969 cariffinii
1114 2938 1146 2967 &
1169 2938 1314 2969 Senescalli
1353 2937 1494 2969 Malitiam
1512 2939 1545 2969 δε
1560 2937 1734 2969 Proterviam
1755 2936 1899 2981 di&orurn
1916 2936 2103 2967 Inimicorum
2119 2936 2152 2966 &
2171 2935 2337 2979 Rebellium
2357 2946 2413 2967 nox

168 2975 174 2981 ⁶
251 2980 341 3010 nostri
357 2980 488 3011 Ducatfis
500 2979 646 3019 praedic'ti,
666 2979 699 3008 &
713 2978 739 3008 lv
752 2977 842 3015 agistri
852 2977 990 3015 Joliannis
1008 2976 1044 3006 de
1059 2974 1199 3015 Hildesse‚
1218 2977 1314 3023 quod,
1352 2975 1476 3006 strorum
1489 2977 1532 3007 a&
1543 2976 1696 3016 sperantes,
1715 2976 1823 3007 Divina
1837 2975 1990 3014 opitulante
2006 2974 2180 3012 Clementia,
2193 2973 2312 3005 feliciter
2326 2983 2411 3016 expe-

252 3019 380 3056 expositis
394 3019 475 3051 vobis
486 3028 575 3058 nuper
591 3027 638 3055 per
654 3017 725 3054 ipsos
743 3017 833 3046 arduis
846 3015 896 3045 Ne
916 3016 979 3045 otiis
992 3038 1001 3053 ,
1028 3013 1096 3043 Nos
1109 3014 1187 3052 super
1203 3014 1314 3047 Guerra
1351 3015 1420 3052 dire)
1436 3025 1503 3046 cum
1517 3014 1576 3045 Dei
1591 3015 1731 3055 adjutorio
1744 3013 1940 3045 refraenandas:
2115 3051 2122 3057 ⁶
2508 3033 2516 3049 „-
2530 3022 2534 3039 ι

250 3066 351 3087 contra
366 3057 486 3096 Scotos,
506 3056 641 3087 Inimicos
655 3057 687 3086 ὅ(
708 3054 839 3084 Rebeiies
854 3063 892 3083 no
920 3064 962 3083 ros
977 3076 986 3090 ,
1011 3053 1200 3092 tangentibus,
1218 3055 1314 3092 quod,
1386 3053 1419 3084 In
1434 3064 1492 3093 quo
1506 3054 1620 3092 quidem
1641 3053 1717 3084 facio
1738 3053 1865 3091 oportuit
1881 3051 2029 3083 refundere
2047 3050 2200 3081 Decimam
2217 3049 2377 3095 Annalem,
2393 3062 2411 3083 a
2452 3072 2455 3074 ,
2486 3071 2488 3074 >

251 3096 280 3124 in
293 3097 506 3128 subventionem
522 3094 714 3133 Expeditionis
736 3092 839 3122 nostrie
861 3092 981 3122 Guerrae
1002 3091 1145 3131 praedici-ae
1160 3115 1170 3129 ,
1194 3091 1230 3122 de
1248 3092 1314 3123 Ho-
1349 3091 1439 3123 vestra
1450 3092 1641 3131 Benignitate,
1679 3102 1710 3122 ro
1724 3090 1910 3130 Expeditione
1923 3090 2043 3134 Guerrae
2057 3088 2162 3119 nostrae
2177 3088 2305 3134 Scotiae9
2326 3091 2410 3121 nobis

235 3136 238 3137 ’
253 3134 377 3176 minibus
399 3135 433 3165 ad
448 3134 538 3166 Arma
556 3143 607 3163 nos
623 3134 721 3171 juvare
737 3131 840 3162 velletis
855 3152 863 3167 ,
891 3131 966 3160 unde
986 3138 1074 3169 grates
1094 3130 1240 3160 referimus
1253 3131 1313 3172 spe·
1349 3140 1437 3174 nuper
1451 3130 1634 3199 costcedffi'm²
1653 3102 1686 3162 ge
1699 3139 1782 3169 quarn
1803 3127 1964 3159 Colle&am
1978 3135 2116 3166 integram
2135 3126 2170 3158 ad
2189 3126 2272 3166 Opus
2284 3128 2352 3160 illud
2368 3128 2410 3160 fe-

284 3192 287 3193 r
321 3183 340 3201 s.
1348 3178 1437 3198 cinis
1473 3180 1481 3198 t
1516 3179 1534 3198 o
1566 3179 1603 3198 ri:

251 3172 325 3240 mallei
342 3208 405 3247 quia
420 3209 505 3240 iidem
520 3210 631 3240 Inimici
650 3209 683 3238 ὃς
698 3206 830 3237 Rebelloe
845 3206 933 3236 nostri
949 3229 960 3244 ,
984 3204 1060 3235 finitfi
1074 3205 1192 3243 Treugfi
1204 3229 1214 3244 ,
1237 3208 1309 3238 inter
1384 3179 1569 3245 (iiaectimniii
1581 3205 1680 3237 vestrae
1692 3204 1859 3235 Beatitudini
1872 3204 1909 3235 fic
1922 3203 2052 3248 duximus
2064 3203 2228 3243 scribenda,
2245 3211 2278 3235 ut
2290 3212 2324 3249 eit
2337 3204 2407 3243 hiis,

250 3258 301 3278 nos
316 3250 348 3280 ὃ(
364 3248 433 3285 ipsos
446 3258 533 3286 nuper
547 3247 787 3285 capta,Regnum
804 3244 932 3274 nostrum
946 3245 1007 3274 sunt
1021 3243 1147 3281 ingressi,
1164 3246 1193 3274 in
1207 3245 1310 3275 eodem
1346 3255 1408 3284 quae
1429 3245 1510 3274 nobis
1532 3246 1562 3275 in
1578 3244 1631 3274 hac
1652 3251 1728 3283 parte
1750 3244 1878 3282 prospere
1893 3242 2055 3274 acciderunt
2071 3266 2081 3281 ‚
2106 3252 2170 3281 (luae
2190 3242 2238 3273 soli
2261 3241 2406 3274 Altiffimo

248 3285 414 3317 Homicidia
426 3309 436 3324 ,
461 3287 710 3324 Depraedationes,
726 3283 858 3314 incendia
871 3306 881 3321 ,
905 3283 938 3313 &
956 3283 1005 3312 alia
1023 3282 1145 3319 dampna
1164 3283 1311 3315 innumera
1344 3283 1520 3321 ascribimus,
1536 3283 1645 3313 animus
1658 3281 1748 3325 yester
1762 3284 1792 3312 in
1807 3282 1925 3325 gloriam
1939 3281 2071 3312 exaltetur
2083 3304 2093 3320 ,
2117 3283 2151 3313 &
2169 3290 2221 3325 pro
2241 3279 2337 3312 futuro
2356 3291 2406 3312 ve-

246 3333 295 3364 per
316 3334 443 3356 etrantes:
1346 3320 1435 3351 strum
1447 3321 1541 3350 &num
1557 3319 1715 3351 Consilium
1729 3320 1762 3350 &
1778 3320 1922 3358 Adjutorii
1937 3319 2136 3350 fulcimentum
2169 3327 2246 3357 Juxta
2257 3319 2404 3359 probatam

311 3374 339 3394 er
354 3362 430 3404 quod
444 3363 495 3393 iter
510 3361 638 3393 nostrum
651 3360 859 3398 assumpsimus,
877 3369 944 3390 cum
952 3358 1040 3396 Equis
1055 3358 1207 3398 &Armis,
1221 3370 1309 3398 quan-
1343 3357 1668 3393 PaternalislAffee‘tionis
1679 3358 1901 3389 Benivolentiam
1934 3359 1967 3390 &
1981 3357 2104 3389 nostram
2118 3342 2156 3388 fiii

247 3410 280 3433 to
292 3403 433 3432 decentius
448 3403 481 3433 &
496 3401 636 3440 potentius
651 3401 818 3437 poterimus,
836 3398 926 3428 versus
944 3397 1035 3428 diffitos
1052 3397 1183 3427 inimicos
1197 3398 1231 3429 &
1246 3398 1308 3428 Re-
1343 3397 1437 3436 levet,
1455 3398 1488 3428 &
1502 3396 1654 3434 prosperius
1666 3397 1765 3436 dirigat
1778 3398 1807 3427 in
1825 3381 1943 3437 agend'O.
2258 3433 2265 3440 ⁶
2294 3434 2300 3440 ·

246 3440 330 3470 belles
346 3440 455 3471 nostros
469 3464 479 3478 ,
503 3439 537 3469 ad
550 3448 652 3469 eorum
666 3437 840 3467 Proterviam
854 3459 865 3476 ,
889 3446 956 3467 cum
976 3436 1033 3468 Dei
1045 3435 1199 3474 adjutorio,
1215 3437 1308 3467 refrae-
1379 3435 1425 3467 Ad
1440 3435 1540 3466 vestrae
1552 3436 1634 3474 igitur
1651 3435 1788 3467 affluentis
1799 3435 1933 3467 Bonitatis
1949 3434 2168 3465 habundantiam
2180 3432 2345 3477 fiducialiter
2359 3445 2404 3466 re-

245 3479 386 3516 nandum,
1342 3483 1483 3504 currentes
1497 3497 1507 3512 ,
1529 3483 1635 3513 quanto
1655 3473 1833 3505 affe&uofius
1857 3474 2012 3515 poterimus
2038 3472 2181 3504 humiliter
2203 3470 2404 3513 supplicantes,

281 3516 341 3546 Vos
356 3517 508 3547 affeetuose
524 3515 688 3556 requirimus
699 3514 733 3545 δε
753 3523 900 3554 rogamus,
919 3513 1046 3551 quatinus
1057 3512 1206 3550 auxilium,
1224 3513 1307 3543 nobis
1362 3514 1485 3551 uatirius,
1503 3513 1537 3542 ad
1552 3512 1688 3550 praemissa
1700 3512 1871 3543 Patcmalem
1890 3512 2074 3543 affectionem
2090 3515 2299 3552 convertentes,
2317 3512 2403 3543 nobis

244 3564 294 3592 per
307 3565 356 3584 vos
370 3556 406 3585 sic
423 3555 590 3592 promissum
605 3577 615 3592 ,
637 3554 726 3583 velitis
741 3553 773 3582 ad
789 3562 840 3582 nos
859 3561 926 3581 cum
942 3553 1024 3581 omni
1043 3549 1231 3588 festinatione,
1250 3551 1305 3592 qua
1342 3523 1495 3590 dignemini
1509 3550 1649 3581 salubriter
1662 3550 1818 3581 consulere:
1840 3552 1873 3583 &
1888 3560 1941 3581 nos
1955 3551 1984 3580 in
2003 3558 2082 3581 tanto
2101 3547 2231 3591 Neg0in
2245 3547 2282 3578 sic
2298 3550 2400 3581 utiliter

265 3595 387 3631 oteritis,
406 3593 558 3630 destinare,
577 3594 613 3623 ita
635 3591 713 3630 quod
730 3614 739 3628 ,
763 3590 900 3621 mediante
916 3590 1018 3620 auxilio
1034 3587 1130 3618 vestro
1150 3588 1304 3628 praediffo,
1338 3590 1446 3627 juvare:
1463 3588 1652 3628 Nunciosque
1662 3588 1773 3619 nostros
1787 3597 1959 3620 memoratos
1966 3604 1979 3627 ,·
1995 3589 2073 3628 super
2086 3585 2236 3624 Negotus,
2255 3596 2308 3616 nos
2326 3598 2399 3619 con-

282 3633 371 3674 egotia
385 3631 478 3661 nostra
493 3639 590 3662 contra
611 3630 703 3660 dietos
723 3629 859 3659 Inimicos
880 3628 989 3658 nostros
1010 3627 1120 3658 uberius
1135 3626 1242 3657 valeant
1255 3636 1304 3657 ex-
1322 3627 1531 3666 «tingentibus,
1547 3628 1580 3658 ὃ(
1593 3628 1692 3666 vobis,
1710 3635 1740 3657 ut
1753 3627 1905 3666 speramus,
1924 3627 2051 3667 expositis
2065 3633 2113 3663 per
2132 3622 2244 3654 eosdem
2256 3647 2268 3662 ,
2290 3625 2324 3656 ad
2343 3637 2397 3658 nos

243 3669 346 3706 pedus,
365 3680 413 3706 per
427 3670 503 3710 quod
518 3670 600 3699 vobis
612 3671 641 3698 in
656 3669 784 3698 futurum
798 3671 880 3697 artius
894 3676 1043 3698 teneamur.
1341 3675 1409 3697 cum
1424 3664 1600 3696 festinatione
1611 3666 1752 3696 remittere
1764 3665 1880 3696 feliciter
1895 3665 2051 3705 expeditos:
2127 3700 2132 3704 .
2316 3701 2322 3707 ·

282 3706 419 3738 Volumus
433 3710 509 3738 enim
525 3709 559 3739 ὃς
575 3707 775 3744 concedimus,
793 3716 846 3746 pro
860 3706 959 3743 nobis,
978 3702 1163 3742 Haeredibus,
1182 3703 1215 3733 &
1229 3702 1303 3733 Suc·
1377 3702 1423 3733 Ut
1437 3727 1446 3741 ,
1467 3712 1606 3734 annuente
1627 3703 1736 3734 Divina
1758 3705 1866 3743 gratia,
1889 3705 1923 3735 &
1943 3701 2036 3737 vestro
2056 3699 2198 3744 mediante
2214 3698 2343 3731 Consilio
2362 3701 2397 3733 δε

243 3743 396 3773 cessoribus
409 3746 523 3782 nostris,
541 3745 621 3783 quod
629 3745 804 3783 Subsidium,
823 3743 900 3783 quod
914 3745 997 3774 nobis
1009 3753 1043 3774 ex
1056 3742 1108 3773 hirc
1124 3741 1205 3772 causa
1218 3742 1302 3771 facie·
1339 3740 1471 3779 Auxilio,
1489 3752 1649 3781 venenum,
1667 3741 1761 3780 quod,
1778 3742 1827 3772 diu
1846 3743 1876 3772 iri
1891 3742 1995 3779 Regno
2012 3737 2112 3769 nostro
2122 3738 2236 3782 'latitans
2252 3738 2301 3768 sub
2316 3738 2399 3771 Pacis
2440 3750 2444 3753 ·

243 3781 278 3810 tis
295 3781 389 3818 (quod
403 3785 484 3812 etiarn
501 3793 536 3813 ex
548 3784 640 3814 vestra
659 3783 819 3813 liberalitate
839 3783 872 3813 ὃς
891 3782 975 3813 oraria
997 3780 1148 3821 procedere
1161 3779 1300 3815 fatemur)
1337 3779 1413 3809 13&ae
1426 3780 1655 3817 dissimulatione,
1673 3789 1726 3810 nos
1737 3782 1770 3812 δε
1783 3779 1858 3810 idern
1871 3776 2157 3820 Regnum-turbawt,
2175 3775 2209 3805 ad
2219 3777 2397 3821 praefiensex-

244 3819 344 3856 vobis,
361 3818 547 3859 Haeredibus,
565 3823 609 3852 vel
622 3821 831 3852 Succefforibus
844 3824 891 3851 vel
907 3823 942 3851 ris
989 3830 1049 3850 non
1062 3819 1141 3849 cedat
1156 3819 1185 3847 in
1199 3819 1300 3857 praeju-
1336 3819 1460 3849 tinouere
1475 3841 1485 3856 ,
1509 3819 1542 3850 &
1562 3818 1704 3849 Malitiam
1723 3828 1755 3850 ac
1779 3817 1953 3849 Proterviam
1972 3814 2157 3845 Inimicorum
2177 3815 2211 3845 ὃς
2231 3813 2397 3847 Rebellium

241 3856 369 3893 dicium,
388 3867 440 3887 nec
458 3861 575 3889 trahatur
596 3862 625 3890 in
645 3859 874 3897 consequentiam
897 3860 924 3888 in
942 3843 1056 3889 futuro:
1083 3857 1125 3888 Et
1140 3857 1217 3895 quod
1233 3856 1299 3886 inde
1337 3842 1499 3888 nostrorum
1513 3856 1715 3895 praedid'rorum
1729 3857 1878 3894 reprimere
1890 3854 2045 3890 valeamu33

242 3894 357 3926 Litterae
370 3895 473 3928 nostrae
486 3897 629 3936 PatenteS,
646 3899 695 3928 sub
707 3897 808 3935 Sigillo
823 3896 923 3928 nostro
945 3897 1106 3934 Vasconiae,
1120 3895 1203 3926 vobis
1216 3893 1297 3928 fiant:
1375 3894 1520 3937 Quodque
1526 3895 1545 3934 J
1549 3905 1612 3934 ura,
1633 3895 1740 3937 Leges,
1761 3895 1796 3926 &
1810 3892 2033 3928 consuetudin&
2046 3889 2140 3930 Regni
2156 3889 2243 3921 ¹¹0stsi
2261 3891 2314 3928 (ad
2324 3901 2395 3963 Ἐξ

2501 2972 2549 2990 must

2511 2994 2538 3002 0..

2157 3358 2264 3396 uciam,
2272 3367 2326 3388 nos
2337 3357 2404 3389 sub—
