2562 4279
712 120 822 161 ET
904 120 1160 162 ACTA

0 202 108 242 rin-D?

0 257 76 316 2²²2·

332 294 391 329 Ad
403 291 577 328 Cardinales
587 317 596 333 ,
615 290 707 336 fhper
722 289 798 322 dicio
815 290 962 334 Praefefz‘o.

0 401 14 418 n
42 399 73 426 ¹5
121 379 333 441 VEnerabili
347 381 378 409 in
399 376 513 408 Christo
532 375 632 412 Patri,
654 373 787 417 Domino
808 374 843 404 L.
862 373 920 418 Dei
943 374 1045 414 gratia,
1064 375 1176 405 Sanetae

18 410 25 418 ⁸
76 411 82 417 ’
194 418 294 449 Mariae
308 419 336 448 in
348 417 402 448 Via
418 414 488 447 Latii
502 414 635 444 Diacono
656 411 796 442 Cardinali
810 436 820 450 ,
845 422 940 442 amico
953 413 1001 443 suo
1015 413 1177 452 cariffimo,

0 439 103 502 {ns-⁸15,
122 456 289 495 Edwardus,
307 455 427 495 ejusdem
442 452 544 493 gratia,
564 452 623 482 &c.
644 450 772 489 salutem,
789 451 822 480 &
836 451 949 480 sincerae
962 451 1125 482 dilectionis
1138 452 1178 481 af-

0 524 3 531 *
23 513 61 571 ²1}
126 495 235 563 fedsslg]
234 519 401 563 exactissima
418 527 587 566 diligentia,
612 536 695 564 quam
718 527 792 556 circa
813 525 1033 557 Praefeetionem
1047 550 1057 566 ,
1083 527 1178 558 dilecf'ti

2 563 8 570 ⁸
66 564 73 570 ³
125 571 232 602 Clerici
246 570 348 608 nostri,
366 567 499 605 Magistri
510 566 616 604 Rogeri
632 565 666 594 de
679 564 887 603 Northburgh,
905 564 1106 595 Archidiaconi
1117 565 1179 605 Ry-

124 609 303 641 chemundiae
316 631 326 647 ,
350 605 566 645 imEpiscopum
581 604 614 634 ὃς
629 602 773 633 Pastorem
789 601 974 633 Ecclesiarum
990 603 1180 634 Coventrien-

124 648 156 678 sis
169 650 202 679 &
218 645 422 687 Lychfeldensis
435 666 445 681 ,
467 645 521 681 jam
542 642 702 672 vacantium
715 663 725 678 ,
748 650 831 678 penes
846 640 1010 672 Dominum
1026 641 1179 672 Summum

124 686 309 722 Pontificem,
326 682 486 713 nostrorum
502 680 680 716 rogaminum
696 680 853 709 interventu
867 702 876 716 ,
900 680 1062 720 apposuistis
1082 680 1180 718 (quod

126 724 239 762 quidem
250 720 431 760 Negotium,
451 718 591 748 mediante
605 717 695 748 vestra
709 717 835 747 instantia
849 740 858 755 ,
876 719 953 756 juxta
972 718 1059 749 nostri
1074 718 1180 748 deside-

127 763 198 793 rium
213 759 253 790 est
266 759 444 800 expeditum)
461 756 542 787 vobis
554 763 640 794 grates
653 756 794 786 referimus
807 755 941 793 speciales.

162 798 358 829 Paternitatem
372 795 493 826 vestram
508 792 664 824 affeetuofis
685 795 812 831 precibus
826 794 1003 832 deprecantes
1015 818 1024 834 ,
1049 804 1183 835 quatenus

124 837 312 875 diligentiam,
329 836 357 864 in
371 833 500 871 Negotio
515 831 653 870 praedieto
665 832 702 862 sic
718 832 878 862 inchoatam
893 857 902 872 ,
927 833 1031 871 velitis,
1050 834 1133 873 usque
1146 835 1180 864 ad

123 875 236 906 finalem
250 872 468 912 Expeditionem
481 870 603 909 ejusdem
619 870 742 910 Negotii
755 893 764 909 ,
788 873 966 909 continuare,
985 873 1017 903 ὃ(
1031 873 1104 902 circa
1117 883 1182 903 ean-

126 913 212 952 dem,
228 922 260 943 ac
276 911 479 941 exauditionem
492 909 676 948 quarumdam
693 919 811 947 precum
830 910 1006 948 nostrarum,
1024 910 1103 940 dicto
1118 911 1184 941 Do-

126 953 207 982 mino
220 950 340 980 Summo
355 947 489 978 Pontifici
502 958 555 985 pro
568 947 668 977 eodem
683 947 783 977 hierio
795 948 853 986 jam
866 948 1033 978 directarum
1050 949 1101 986 (de
1117 961 1184 988 qua-

129 999 192 1021 rum
211 996 307 1019 tenore
323 996 372 1024 per
394 986 528 1016 Latorem
550 986 729 1026 praesentium
749 986 855 1025 plenius
876 988 1000 1027 poteritis
1017 988 1181 1025 informari)

129 1037 196 1059 cum
207 1027 287 1056 omni
302 1024 430 1056 efficacia
444 1025 621 1063 interponere
637 1033 726 1064 partes
741 1024 850 1055 vestras.
882 1040 888 1041 ν

162 1103 230 1134 Dat.
244 1100 317 1141 apud
331 1101 538 1141 Wygorniam,
552 1110 651 1140 quarto
668 1101 713 1131 die
723 1100 853 1139 Januarii.

128 1178 380 1240 VEnmbffissq
395 1177 514 1222 Christo
525 1177 615 1216 Patri,
630 1177 764 1222 Domino
780 1177 821 1222 G.
836 1177 894 1221 Dei
910 1177 1011 1221 gratia,
1029 1177 1100 1208 tituli
1114 1177 1184 1221 San—

199 1217 238 1248 Cli
250 1217 354 1247 Cinaei
369 1227 399 1246 in
414 1216 527 1246 Termis
540 1215 699 1246 Presbitero
719 1214 859 1245 Cardinali
872 1238 881 1253 ,
908 1226 1002 1246 amico
1020 1216 1067 1246 suo
1082 1215 1185 1246 cariffi-

127 1265 194 1298 rno,
214 1255 381 1294 Edwardus,
396 1255 517 1293 ejusdem
529 1254 630 1294 gratia,
651 1254 710 1284 &c.
733 1254 863 1292 salutem,
881 1254 913 1284 δε
928 1254 1042 1284 sincerae
1058 1255 1185 1284 dilectio-

126 1293 392 1363 mslggfieffidinilsiima
404 1331 558 1371 diligentia,
575 1340 659 1370 quam
673 1331 746 1360 circa
760 1329 996 1368 Praefectionem,
1015 1329 1073 1365 &a
1096 1338 1127 1360 ut
1135 1330 1184 1369 fh-

123 1378 177 1409 pra
191 1370 269 1411 usque
282 1370 337 1409 ibi,
355 1370 531 1408 apposuistis,
549 1377 612 1399 tunc
635 1380 676 1407 1c,
689 1370 769 1400 vobis
785 1378 871 1409 grates
890 1369 1031 1400 referimus
1045 1369 1186 1409 speciales,

127 1408 187 1444 &a
201 1416 232 1438 ut
239 1407 332 1448 fitpra.

164 1485 252 1517 Teste
267 1485 351 1524 Rege
361 1486 493 1525 utsupra,

200 1562 314 1597 Eodem
328 1563 418 1594 modo
430 1562 558 1593 scribitur
572 1561 763 1593 Cardinalibus
774 1561 944 1603 subscriptis,
961 1561 1107 1600 videlicet,

166 1641 330 1685 Domino—G.
349 1638 425 1670 tituli
445 1631 602 1669 saeclorum
619 1637 775 1668 Marcellini
792 1637 830 1673 ὠ·
847 1640 924 1669 Petri
944 1638 1093 1671 Presbitero
1115 1641 1184 1668 Car-

167 1677 327 1746 Dglrtnniztltt'l'.
343 1714 420 1745 tituli
433 1715 541 1744 Saneiae
553 1713 681 1753 Susanna>
695 1714 845 1745 Prerbitero
859 1714 1016 1751 Cardinali3

166 1758 280 1785 Domino
294 1758 322 1784 S.
335 1752 411 1783 tituli
421 1754 528 1783 sanaerae
543 1753 640 1791 PriJc'ae
657 1752 806 1782 Presbitero
819 1753 976 1788 Cartiman,-

167 1795 282 1823 Domino
295 1794 329 1821 P.
342 1790 418 1821 tituli
433 1792 527 1821 Sandli
542 1791 670 1830 Stephani
684 1795 713 1820 in
733 1790 813 1820 Caelio
830 1794 945 1830 Monte,
964 1794 992 1821 V
991 1790 1188 1821 icecancellario

202 1833 303 1860 Summi
316 1828 470 1868 Pontificis,
488 1829 639 1859 Presbitero
652 1829 804 1860 cardinali.

131 1954 189 1989 Ad
206 1958 312 2003 Regem
336 1955 439 1988 Sicilia
460 1955 708 2036 Certfigatorigzh
724 1957 864 1987 Vannnm
885 1956 1039 2001 Fortigair
1060 1966 1116 1986 non
1140 1954 1189 2000 effi

576 2016 590 2036 e
609 2006 649 2036 Gi
669 2015 683 2035 e
707 2006 773 2036 inis.

0 2099 58 2129 mn,
71 2096 113 2128 D,
135 2088 350 2150 MAgnifico
363 2089 503 2127 Principi‚
521 2088 654 2119 Domino
670 2088 710 2118 R.
726 2088 782 2119 Dei
796 2090 894 2129 gratia,
913 2087 1024 2130 Cefiliae
1039 2088 1072 2119 &
1084 2087 1190 2126 jerusa-

3 2145 87 2174 1322.
217 2127 273 2157 lem
294 2127 369 2166 Regi
385 2128 486 2158 Illustri
502 2150 511 2165 ,
535 2126 755 2164 Consanguineo
775 2127 823 2157 suo
839 2127 976 2158 cariffimo
988 2149 998 2164 ,
1022 2125 1192 2164 Edwardus,

0 2178 24 2201 tn
54 2184 96 2211 ¹5·
135 2165 196 2195 δίε.
208 2164 339 2204 salutem,
356 2176 389 2196 ac
424 2166 531 2204 rospere
546 2166 578 2195 &
594 2166 710 2195 feliciter
723 2166 859 2205 Regnare.

0 2217 12 2239 .·.
34 2223 60 2240 2,
172 2203 320 2234 Accedens
333 2204 365 2234 ad
416 2215 463 2242 os,
482 2203 598 2234 dssedtus
609 2203 709 2242 nobis,
728 2202 844 2234 Vannus
858 2203 935 2234 Forti
955 2203 1010 2241 air,
1029 2202 1192 2240 Mercator,

0 2258 53 2277 mm,
71 2260 112 2287 ¹5·
134 2240 227 2271 dilecti
241 2241 447 2282 Consanguinei
460 2243 493 2273 &
509 2241 595 2272 fidelis
611 2241 698 2272 nostri
713 2265 723 2280 ,
747 2242 884 2273 Adomari
898 2212 1075 2272 degValentia
1090 2241 1195 2285 Comij

0 2292 11 2316 ς,
31 2298 59 2316 2,
132 2280 166 2308 tis
181 2278 394 2319 Pembrochiae,
412 2281 495 2311 nobis
509 2280 617 2317 retulit,
634 2279 712 2318 quod
726 2304 735 2318 ,
760 2280 794 2311 ad
809 2281 1037 2319 procurationem
1057 2291 1193 2320 quorum-

0 2335 70 2354 λη,
85 2328 111 2355 ,1,
132 2317 197 2347 darn
211 2319 383 2349 aemulorum
398 2319 519 2357 ejusdem
534 2318 644 2356 Vamri,
664 2317 763 2348 vestrae
782 2318 962 2349 Excellentiae
978 2319 1078 2358 Regiae
1099 2319 1194 2358 sugge-

130 2357 254 2386 rentium
269 2357 378 2387 diCtum
395 2358 528 2389 Vannum
543 2356 605 2387 fore
620 2357 655 2386 de
674 2355 814 2387 Gibelinis
835 2358 918 2395 (quos
932 2367 983 2387 vos
1004 2358 1079 2387 velut
1093 2357 1195 2395 Inimi÷

131 2404 181 2424 cos
195 2394 301 2425 vestros
316 2396 511 2435 insequimini)
535 2395 663 2435 quaedam
684 2394 770 2426 Lanae
790 2395 915 2433 Agninae
934 2396 1013 2434 ipfius
1034 2396 1144 2434 vanni,
1163 2397 1201 2425 in'

129 2431 206 2463 Vilia
220 2433 255 2464 de
270 2433 383 2472 Nicea,
401 2436 429 2465 in
448 2433 603 2464 Provincia
615 2456 625 2471 ,
650 2433 686 2464 de
706 2434 837 2465 mandato
858 2434 952 2476 vestro
970 2434 1077 2464 fuerant
1092 2434 1194 2465 aresta-

130 2478 185 2506 tae,
200 2479 331 2510 tanquam
346 2474 421 2503 bona
434 2472 544 2503 Inimici
558 2472 659 2509 vestri,
677 2481 810 2510 praetextu
826 2472 1019 2512 Suggestionis
1032 2474 1194 2513 praemetuit,

168 2508 205 2540 Et
220 2512 283 2547 quia
298 2510 373 2541 idem
388 2511 506 2542 Vannus
516 2534 526 2549 ,
553 2521 601 2548 per
622 2510 787 2549 quindecim
809 2511 908 2541 Annos
923 2513 1056 2550 proximo
1072 2514 1195 2550 praeteri-

132 2555 175 2578 tos
181 2570 191 2586 ,
206 2549 235 2578 in
251 2548 361 2587 Regno
375 2549 473 2580 nostro
488 2559 598 2579 moram
613 2549 727 2588 fecerit,
745 2550 777 2580 &
800 2550 824 2580 se
838 2549 874 2580 de
891 2549 1049 2588 hujusmodi
1071 2552 1195 2581 inimici-

132 2585 185 2623 tia,
203 2586 294 2617 modis
308 2588 341 2619 &
355 2589 407 2618 viis
423 2588 584 2627 Legitimis,
600 2596 663 2626 erga
679 2598 730 2618 vos
745 2596 851 2625 paratus
864 2588 904 2618 est
920 2588 1063 2627 excusare,

169 2624 299 2656 Vestram
315 2626 368 2656 Ma
387 2626 559 2657 nificentiarn
573 2624 729 2656 affeetuofis
743 2627 870 2665 precibus
884 2627 1083 2667 imploramus,
1102 2628 1193 2666 quati-

13 2671 65 2700 111,
136 2673 187 2692 nus
201 2686 210 2701 ,
235 2663 351 2695 admissa
384 2665 555 2696 “xcusatione
577 2664 714 2704 praediCtfi
734 2666 767 2696 &
789 2665 906 2704 probata
920 2688 930 2703 ,
954 2666 973 2686 *ε
995 2665 1081 2696 dietas
1104 2667 1194 2697 Lanas

5 2718 48 2737 22,
136 2700 295 2732 Dearestari
308 2727 319 2740 ,
341 2703 374 2733 &
388 2703 479 2734 eidem
494 2702 600 2734 Vanno
613 2725 623 2741 ,
647 2703 681 2733 ad
696 2704 888 2734 commodum
909 2704 988 2734 suurn
1003 2705 1069 2736 inde
1090 2705 1194 2737 facien-

136 2739 225 2778 dum,
244 2739 368 2771 Liberari
385 2741 539 2780 Mandetis,
557 2741 658 2772 nostris
672 2742 802 2784 precibus
814 2743 846 2773 &
861 2751 966 2773 amore.

171 2776 240 2808 Dat.
253 2778 324 2817 apud
335 2779 526 2819 Wygorniam
534 2802 544 2818 ,
560 2788 659 2820 quarto
671 2780 717 2810 die
726 2780 858 2820 januarii.

418 2901 476 2935 Ad
491 2906 605 2950 Papam
621 2914 676 2950 pro
695 2903 772 2938 dicio
793 2909 904 2940 Vanno.

6 3010 54 3033 mn
67 3002 108 3033 -D
136 2985 299 3046 PAPAE
315 2985 380 3018 Rex
391 2988 493 3019 devota
507 2989 613 3027 pedum
628 2990 720 3021 oscula
735 2991 892 3021 beatorum.

7 3036 20 3071 '1
43 3027 81 3072 2'2
111 3026 118 3033 ’
222 3024 376 3068 Referente
394 3027 494 3065 nobis,
509 3027 616 3058 dileeto
638 3029 738 3067 nobis,
755 3030 857 3060 Vanno
880 3029 1031 3069 Fortigair,
1048 3031 1196 3063 Mercato-

7 3050 40 3108 ,n3
59 3065 101 3117 ις·
139 3073 184 3107 re,
193 3063 516 3106 ,dilefflConsznguinei
530 3066 562 3096 ὃ(
576 3066 661 3096 fidelis
673 3067 775 3105 nostri,
795 3067 932 3098 Adomari
948 3070 984 3099 de
998 3069 1123 3101 Valentia
1132 3070 1195 3102 Co-

8 3122 11 3128 .
35 3102 74 3146 '2⁴‘
138 3110 212 3131 mitis
227 3101 440 3142 Pembrochiae,
457 3105 535 3143 quod
549 3128 558 3143 ,
582 3104 614 3134 ad
631 3107 858 3142 procurationem
875 3109 1062 3144 quorumdam
1076 3110 1196 3140 aemulo-

9 3141 66 3184 „in”
78 3154 120 3192 ¹5·
137 3149 203 3169 rum
217 3140 338 3178 ejusdem
349 3141 460 3180 Vanni,
479 3142 719 3173 Excellentiffimo
731 3144 872 3182 Principi,
891 3144 1024 3177 Domino
1044 3146 1195 3186 Roberto,

9 3213 20 3219 ..
39 3203 65 3221 2·
134 3175 248 3207 ‘Cesiliae
260 3180 292 3209 &
305 3179 453 3217 Jerusalem
468 3180 543 3220 Regi
558 3181 652 3212 illustri
662 3205 671 3220 ,
689 3181 906 3220 Consanguineo
925 3184 1022 3215 nostro
1037 3186 1194 3224 carissimo,

10 3241 27 3258 ι
39 3241 80 3260 u·
94 3232 121 3260 d·
138 3215 340 3260 suggerentium
356 3218 465 3249 dicrum
486 3220 618 3250 Vannum
639 3220 700 3250 fore
718 3221 754 3251 de
772 3220 913 3252 Gibelinis
934 3224 1014 3261 (quos
1034 3224 1108 3254 idem
1129 3223 1195 3256 Rex

138 3255 358 3298 velutlinimicos
377 3258 438 3286 suos
453 3258 619 3295 insequitur)
638 3258 765 3297 quaedam
782 3259 870 3289 Lanae
888 3260 1009 3299 Agninae
1024 3263 1105 3299 ipsius
1118 3263 1195 3294 Van-

140 3302 170 3323 ni
186 3315 196 3330 ,
214 3302 241 3322 in
255 3293 328 3324 Villa
342 3293 377 3324 de
390 3294 501 3334 Nicea,
519 3298 548 3325 in
562 3296 730 3334 Provincia,
747 3298 782 3328 de
797 3299 927 3328 mandato
946 3300 1015 3332 dieti
1032 3301 1123 3338 Regis
1135 3303 1196 3333 fue-

137 3330 333 3374 rant—arestatae
348 3354 358 3369 ,
383 3341 513 3371 tanquam
528 3334 604 3364 bona
624 3334 737 3365 Inimici
757 3335 825 3366 dieti
841 3336 928 3376 Regis
941 3361 951 3377 ,
976 3349 1110 3378 praetextu
1125 3340 1196 3380 Sug-

138 3368 271 3409 gestionis
287 3370 444 3408 praedietae:

147 3415 152 3418 ·
176 3407 309 3437 Eundem
318 3407 429 3448 Regem
444 3419 492 3446 per
505 3410 610 3440 nostras
619 3410 724 3442 Literas
737 3414 924 3451 rogaverimus
938 3415 1082 3455 speciales,
1101 3414 1197 3458 quod,

138 3445 207 3476 curn
222 3445 295 3476 idem
311 3445 444 3486 Vannus,
462 3458 513 3485 per
525 3449 687 3486 quindecim
705 3449 805 3480 Annos
826 3453 958 3490 proximo
972 3457 1122 3493 prseteritos
1133 3481 1143 3495 ,
1164 3458 1194 3487 in

140 3483 248 3528 Regno
263 3484 362 3528 nostro
377 3485 614 3525 moramfecerit,
632 3497 664 3517 ac
678 3487 705 3517 se
717 3487 753 3518 de
768 3488 925 3524 huiusmodi
938 3493 1085 3524 inimicitia
1099 3518 1108 3533 ,
1130 3506 1195 3526 mo-

139 3522 181 3552 dis
197 3523 229 3552 &
243 3524 295 3552 vris
310 3522 475 3561 Legitimis,
491 3533 554 3563 erga
571 3524 685 3564 Regem
703 3526 870 3566 praedietum
884 3538 990 3565 paratus
1008 3532 1040 3562 fit
1052 3534 1196 3572 excusare,

140 3560 227 3590 dietas
241 3561 330 3591 Lanas
346 3561 501 3592 Dearestari
516 3585 525 3600 ,
549 3563 583 3593 ὃς
597 3564 689 3595 eidem
711 3565 813 3596 Vanno
827 3589 836 3604 ,
861 3567 894 3596 ad
914 3571 1103 3601 commodum
1115 3572 1196 3603 suurn

140 3599 206 3629 inde
221 3598 397 3641 faciendum,
418 3600 542 3630 Liberari
557 3602 716 3642 mandaret,
734 3602 836 3634 nostris
852 3607 1029 3642 precibus&
1040 3620 1149 3640 amore·

178 3637 287 3667 Vestrae
304 3639 394 3676 itaque
411 3638 554 3669 Sanciitati
572 3641 672 3670 votivis
691 3643 819 3680 precibus
833 3643 1030 3685 supplicamus,
1046 3635 1180 3687 quaten³us

141 3683 172 3705 ut
184 3675 258 3705 idem
271 3675 351 3715 Rex,
369 3677 485 3708 admissa
504 3677 691 3708 Excusatione
711 3679 779 3709 dicti
800 3680 893 3712 Vaniii
913 3684 942 3713 in
960 3684 1011 3714 hac
1034 3695 1124 3725 parre,
1142 3673 1197 3718 no3

141 3712 202 3744 stris
221 3714 349 3752 precibus
363 3738 372 3753 ,
395 3716 484 3746 eidem
509 3726 560 3752 pro
579 3716 659 3746 disto
682 3716 783 3748 Vanno
802 3721 936 3756 porrectis
948 3745 957 3760 ,
977 3723 1147 3763 adquiescat,
1166 3727 1196 3756 in

142 3749 277 3782 Domino
290 3755 425 3791 exortari,
442 3755 474 3785 &
496 3753 609 3794 Regem
625 3754 711 3792 ipsum
727 3778 737 3794 ,
763 3766 812 3793 per
827 3758 944 3797 Litteras
958 3760 1133 3797 Beatitudinis
1147 3774 1198 3797 ve-

70 3799 76 3807 r
126 3787 204 3818 ⁴strae
218 3788 347 3830 Bullatas,
363 3792 498 3823 inducere
511 3793 639 3832 dignetur
654 3792 743 3824 vestra
755 3793 905 3828 Paternitas
920 3796 1105 3833 sacrosancta.

179 3827 350 3870 Conservet,
365 3831 425 3861 &c.
1064 3854 1066 3856 ’

172 3901 241 3936 Dat.
255 3904 327 3942 apud
342 3905 549 3952 Wygorniam‚
566 3916 664 3951 quarto
678 3908 723 3941 die
734 3908 864 3949 Januarii.

179 4023 250 4055 Tam.
262 4027 307 4058 ΙΙ.
316 4006 358 4063 Ἶξ.
373 4031 415 4059 Π.

1241 121 1714 171 PUBLI-CA.
2227 147 2280 188 35

2280 219 2357 249 Ann.
2371 219 2414 252 D.

2304 266 2388 296 1322.

2281 298 2348 324 Edu.
2369 308 2396 326 2.

1486 296 1605 329 Adhuc*
1614 308 1668 343 pro
1689 303 1790 333 Wznno
1804 301 1988 347 fitpradiiflo.

1214 379 1425 444 VEnerabili
1437 380 1466 408 in
1482 379 1599 411 Christo
1612 380 1702 420 Patri,
1720 383 1852 416 Domino
1867 386 1896 417 S.
1910 386 1969 417 Dei
1982 386 2072 427 gratia
2084 410 2093 426 ,
2115 387 2186 418 tituli
2199 387 2269 418 San-
2283 374 2324 398 An
2352 382 2393 408 ¹5·

1286 417 1341 460 chje
1356 417 1456 447 Priicae
1470 417 1626 462 presbitero
1639 419 1795 461 Cardinali,
1813 425 1906 455 amico
1918 427 1968 456 suo
1979 426 2137 465 carissimo,
2156 414 2310 458 Edwar-E'
2329 421 2359 462 ²2

1216 455 1284 499 duS,
1297 455 1423 499 ⁸ejusdem
1436 456 1537 495 gratia,
1553 456 1617 487 Rex
1631 458 1740 497 Angliae
1752 483 1762 498 ,
1786 462 1844 493 &c
1859 463 1970 494 salutem
1983 487 1993 503 ,
2019 466 2052 496 &
2073 465 2187 496 sincerae
2201 465 2270 497 dile·
2323 450 2385 477 md

1215 494 1316 523 <Sironis
1328 493 1471 524 affectum.

1255 531 1409 562 Referente
1421 533 1517 575 nobis,
1535 531 1594 575 &a
1610 539 1641 576 {tt
1650 533 1733 572 fitpra
1749 535 1826 576 usqne
1839 538 1876 567 ibi
1891 539 1990 571 nostris
2003 543 2131 579 precibus
2145 543 2180 573 &
2192 552 2272 573 amo-

1217 580 1263 608 re,
1277 577 1340 599 tum
1364 581 1385 598 ιι
1400 570 1531 600 Domino
1544 571 1664 600 rimiliter
1677 573 1799 603 Summo
1807 575 1953 615 Pontifici,
1972 589 2020 619 per
2034 580 2139 612 nostras
2153 580 2275 620 Literas,

1217 608 1475 646 supplicaverimus,
1493 618 1624 648 quatenus
1641 618 1670 639 ut
1683 611 1758 641 idem
1774 613 1852 651 Rex,
1868 616 1981 648 admissa
2001 618 2184 650 Excusatione
2203 620 2274 650 dieti

1218 647 1312 677 Varini
1325 648 1352 676 in
1370 647 1420 676 hac
1435 656 1511 684 parte
1524 670 1533 685 ,
1555 647 1654 677 nostris
1669 651 1794 686 precibus
1807 674 1816 688 ,
1840 652 1890 681 sibi
1926 664 1958 684 ro
1970 656 2048 687 dieto
2065 658 2165 688 Vanno
2179 669 2275 697 porre-

1218 686 1285 723 eris,
1303 685 1456 724 adquiescat
1471 707 1481 723 ,
1505 686 1533 714 in
1549 685 1679 715 Domino
1694 690 1828 726 exortari,
1846 691 1878 720 ὃ(
1925 702 2005 731 egem
2025 696 2114 733 ipsum
2130 707 2178 737 per
2195 697 2276 728 Lite-

1218 733 1259 753 ras
1272 723 1448 754 Beatitudinis
1462 724 1516 753 suae
1529 723 1643 754 Bullatas
1656 725 1787 756 inducere
1798 727 1968 765 dignaretur:

1258 761 1385 792 Vestram
1406 762 1497 799 itaque
1517 762 1671 792 amicitiam
1691 762 1841 795 affectuose
1862 777 1992 805 rogamus
2005 792 2015 807 ,
2042 774 2167 809 quatinus
2187 773 2275 804 dietas

1219 799 1324 833 nostras
1343 799 1447 830 Literas
1469 800 1559 831 eidem
1581 799 1714 830 Domino
1734 801 1856 833 Summo
1877 803 2011 838 Pontifici
2030 812 2192 846 praesentare
2240 813 2274 843 &

1219 846 1281 877 erga
1295 838 1383 878 ipsum
1393 861 1402 876 ,
1420 848 1472 878 pro
1489 839 1562 868 felici
1577 837 1765 876 Expeditione
1775 840 1933 873 Petitorum
1946 846 1975 875 in
1986 847 2083 878 nostris
2094 849 2192 881 Literis
2204 835 2276 889 ἱππ-

1219 875 1316 915 dictis,
1332 876 1432 907 instare
1446 876 1535 907 velitis
1549 887 1617 907 cum
1630 877 1744 908 effectu.

1258 952 1327 983 Dat.
1346 961 1376 983 ut
1389 953 1477 991 supra.

1256 1028 1368 1059 Eodem
1384 1029 1475 1060 modo
1488 1029 1614 1061 scribitur
1631 1028 1772 1070 Magistro
1786 1030 1908 1064 Andreae
1921 1034 2015 1074 Sapiti.

1258 1104 1325 1137 Dat.
1343 1105 1474 1143 utsupra.

1232 1178 2275 1203 Ἣ

1546 1233 1604 1264 Pro
1620 1231 1757 1278 Epiftopo
1771 1234 1970 1281 lifiintonienfi.

1222 1316 1269 1377 P
1278 1314 1386 1346 APAE
1405 1315 1470 1346 Rex
1484 1315 1586 1347 devota
1601 1316 1704 1354 pedum
1718 1317 1812 1348 oscula
1826 1318 1984 1351 beatorum.
2293 1328 2371 1359 Ann.
2386 1328 2426 1359 D²

1307 1354 1363 1385 Etfi
1379 1356 1475 1384 rnerita
1491 1354 1667 1398 Laudabilia,
1685 1356 1799 1395 quibus,
1817 1358 1980 1389 venerabilis
1996 1358 2077 1390 Pater
2091 1384 2101 1398 ,
2126 1361 2164 1391 R.
2181 1362 2277 1403 Wyn-
2315 1376 2399 1407 1322,

1221 1394 1349 1423 tonienfis
1357 1392 1510 1432 Episcopus
1523 1395 1683 1433 inlignitur,
1699 1393 1798 1424 vestrae
1806 1394 1976 1428 Clementiae
1988 1407 2074 1436 nota,
2088 1400 2178 1438 ipsum
2187 1401 2281 1432 Corn-
2296 1410 2348 1433 Aa.
2369 1415 2377 1432 ι
2383 1415 2412 1441 5.

1222 1432 1411 1461 mendabilem
1425 1432 1483 1461 satis
1496 1432 1634 1467 reddant;
1657 1440 1790 1472 praeteXtu
1813 1442 1906 1464 tamen
1925 1435 2080 1467 Laudabilis
2094 1437 2188 1478 gestus
2204 1441 2282 1478 iplius
2298 1449 2328 1471 E.
2350 1454 2375 1471 2.

1220 1470 1292 1507 apud
1305 1469 1373 1499 Nos
1387 1492 1396 1507 ,
1423 1471 1456 1500 ὅ(
1473 1469 1586 1499 suorum
1606 1469 1815 1510 Obsequiorum
1835 1472 1934 1503 Nobis
1955 1475 2054 1506 utiliter
2075 1477 2283 1518 impensorum,
2298 1488 2366 1510 Rom.
2390 1491 2430 1517 ις·ἓ

1218 1508 1340 1537 eundem
1350 1530 1360 1546 ,
1378 1508 1451 1546 quasi
1463 1517 1496 1538 ex
1510 1508 1697 1549 habundanti,
1716 1510 1814 1540 vestrae
1829 1511 1973 1543 Sanffitati
1990 1513 2119 1546 duximus
2134 1516 2282 1554 specialiter
2298 1526 2325 1548 E.
2344 1530 2370 1547 2.

1220 1546 1501 1583 commendandum,
2295 1569 2332 1588 m,
2351 1568 2392 1586 ιι.
2405 1557 2431 1585 d„

1260 1583 1448 1628 Affed‘cuoiius
1462 1584 1658 1629 supplicantes,
1674 1586 1987 1631 quatinusEpiscopum
2001 1600 2209 1633 memoratum,
2226 1603 2280 1625 no—

1219 1622 1280 1653 stris
1291 1623 1436 1661 precrbus,
1454 1623 1557 1653 habere
1570 1623 1726 1664 dignemini
1739 1625 1876 1663 speeialius
1892 1630 2135 1663 commendatum.

1258 1659 1433 1699 Conservet,
1451 1662 1512 1692 &c.

1259 1737 1328 1768 Dat.
1342 1737 1415 1777 apud
1429 1737 1619 1778 Wygomiam
1628 1763 1638 1779 ,
1653 1749 1753 1779 quarto
1768 1740 1814 1772 die
1825 1741 1956 1779 Januarii.

1339 1861 1367 1888 &re
1394 1862 1453 1896 Ad
1466 1866 1573 1910 Regem
1590 1867 1718 1897 Franciae
1729 1892 1738 1907 ,
1759 1875 1815 1911 pro
1831 1867 1968 1913 Eptfiopo
1987 1880 2161 1904 memorato,
2301 1863 2392 1941 321311.

1228 1947 1442 2010 MAgnifico
1458 1947 1582 1988 Principi
1594 1972 1604 1987 ,
1630 1948 1764 1980 Domino
1784 1949 1920 1991 Philippo
1934 1976 1944 1991 ,
1970 1952 2028 1983 Dei
2047 1955 2145 1993 gratia,
2163 1956 2287 1988 Franciae
2303 1965 2379 1996 Αῃῃ,
2395 1965 2426 1996 D

1312 1987 1344 2017 &
1362 1987 1500 2017 Navarrae
1523 1987 1599 2027 Regi
1619 1988 1739 2027 illustri,
1763 1988 1849 2020 Fratri
1869 1992 1918 2021 suo
1938 1992 2097 2032 Cariffimo,
2116 1993 2288 2035 Edwardus,
2324 2014 2410 2044 1322,
2429 1989 2434 1996 ⁸

1228 2024 1289 2053 &c.
1301 2024 1432 2063 salutem,
1447 2025 1480 2055 &
1515 2026 1548 2056 ad
1563 2035 1629 2057 vota
1662 2027 1798 2058 successus
1812 2030 1957 2072 prosperos
1970 2039 2002 2060 ac
2017 2031 2118 2062 felices.
2304 2047 2347 2070 An
2375 2053 2383 2070 1

1264 2062 1459 2106 Venerabilem
1475 2048 1587 2094 l3atrem
1601 2088 1610 2103 ,
1634 2048 1674 2095 R.
1689 2065 1730 2095 W
1751 2068 1925 2097 ntonieniem
1944 2067 2136 2109 Episcopum,
2154 2081 2239 2111 quem
2256 2073 2290 2103 ad
2304 2086 2336 2109 E.
2352 2052 2416 2109 25

1231 2098 1350 2145 Curiam
1364 2101 1527 2145 Romanam
1537 2125 1546 2141 ,
1564 2113 1617 2142 pro
1634 2103 1720 2142 quibu
1732 2105 1797 2134 dam
1816 2104 1954 2142 Negotiis
1969 2107 2069 2138 nostris
2084 2108 2190 2139 ibidem
2205 2120 2289 2149 expe·
2303 2123 2372 2147 Rom.
2395 2128 2437 2155 15,

1226 2138 1349 2207 pigpdis,
1365 2139 1549 2182 destinamus,
1565 2141 1665 2172 vestrae
1679 2141 1825 2173 Serenitati
1840 2144 1948 2175 sincero
1966 2147 2231 2180 recommendamus
2248 2150 2287 2180 af-
2298 2162 2330 2185 Ε,
2347 2167 2372 2185 2,

1239 2187 1253 2207 e
1287 2188 1318 2207 u:
1427 2200 1429 2203 f

1264 2215 1408 2262 Attentii‘is
1423 2227 1474 2248 vos
1488 2227 1636 2257 rogantes,
1674 2220 1782 2250 uatinus
1796 2220 1887 2252 eidem
1902 2220 2045 2268 Episcopo
2059 2246 2069 2262 ,
2094 2233 2146 2263 pro
2163 2225 2189 2257 se
2204 2227 2237 2258 &
2250 2226 2291 2257 fa-

1231 2254 1306 2298 milia
1322 2255 1384 2293 sua,
1403 2255 1509 2287 Literas
1531 2257 1630 2288 vestras
1671 2268 1687 2287 e
1703 2256 1857 2289 Conductu
1869 2282 1879 2297 ,
1905 2260 1976 2291 dum
1991 2262 2082 2300 ipsum
2102 2264 2172 2294 infra
2186 2265 2295 2296 Domi-

1231 2302 1310 2322 nium
1324 2294 1355 2324 δε
1370 2293 1537 2333 potestatem
1552 2295 1672 2327 vestram
1686 2297 1828 2327 transitum
1843 2297 1934 2329 facere
1946 2301 2116 2339 contigerit,
2134 2303 2225 2334 versus
2233 2304 2297 2335 Cu-

1234 2331 1303 2360 riam
1319 2332 1502 2370 praediitam,
1518 2334 1634 2365 &infra
1655 2334 1730 2364 dieta
1749 2334 1922 2366 Dominium
1942 2337 1975 2368 &
1994 2339 2162 2377 potestatem
2182 2352 2296 2373 moran-

1231 2368 1337 2439 gasati:
1351 2380 1397 2408 per
1413 2370 1512 2402 eadem
1527 2382 1542 2403 a
1555 2372 1631 2404 dieta
1649 2372 1737 2404 Curia
1756 2373 1917 2405 recedendo
1929 2399 1940 2414 ,
1964 2375 2065 2408 nostris
2079 2380 2209 2419 precibus
2225 2391 2295 2413 con-

2299 2206 2337 2226 γη,
2356 2205 2398 2223 12.
2412 2195 2438 2224 d·

1247 2481 1250 2486 ’
1269 2482 1336 2514 Dat.
1351 2484 1424 2523 apud
1438 2483 1643 2526 Wygorniam,
1663 2496 1689 2526 5.
1701 2487 1747 2519 die
1756 2488 1890 2528 Januarii,

1381 2607 1440 2641 Ad
1453 2610 1602 2642 Karolum
1623 2613 1766 2645 Comitem
1779 2614 1852 2647 Vale
1862 2617 1884 2645 n·
1895 2641 1904 2656 ‚
1925 2625 1980 2661 pro
2000 2617 2136 2661 Praefato.

1231 2690 1373 2749 REX,
1390 2691 1496 2737 Nobili
1511 2695 1592 2734 viro,
1612 2695 1746 2727 Domino
1769 2697 1876 2728 Karolo
1887 2721 1897 2737 ,
1921 2698 2031 2730 Comiti
2048 2701 2145 2732 Valesii
2159 2726 2169 2742 ,
2194 2706 2291 2736 amico
2310 2712 2379 2745 Arm
2402 2713 2435 2744 D

1264 2761 1267 2763 ,
1294 2731 1343 2761 suo
1357 2731 1512 2774 carissimo,
1530 2733 1661 2774 salutem,
1680 2736 1713 2766 &
1728 2736 1841 2767 iincerae
1854 2737 2011 2769 dilefflonis
2024 2739 2169 2771 affectum.
2331 2737 2405 2792 132'2
2435 2738 2443 2746 ⁰

1266 2768 1460 2813 Venerabilcm
1476 2770 1606 2810 Patrem,
1626 2773 1664 2803 R.
1679 2774 1917 2813 Wyntoniensem
1933 2775 2106 2816 Episcopum
2120 2803 2130 2818 ,
2154 2791 2241 2820 quern
2255 2782 2289 2813 ad
2305 2794 2346 2819 An
2377 2776 2416 2828 ¹5·

1233 2806 1351 2838 Curiam
1368 2808 1550 2849 Romanam,
1565 2821 1617 2849 pro
1652 2813 1794 2843 uibui'dam
1815 2813 1949 2858 Negotiis
1966 2816 2065 2847 nostris
2085 2818 2193 2850 ibidem
2208 2829 2289 2861 expe-
2305 2834 2335 2858 E.
2351 2812 2382 2857 ἰ,
2413 2813 2420 2821 ’

1230 2845 1358 2922 ἓὲἓίῗιέἐε,
1384 2846 1554 2879 destinamus
1569 2872 1578 2888 ,
1601 2860 1635 2881 ve
1662 2860 1698 2881 rae
1719 2851 1864 2883 dilectioni
1889 2853 1974 2893 pleno
1996 2857 2232 2890 commendamus
2250 2860 2291 2890 af-
2341 2867 2404 2897 ibid.

1269 2923 1328 2954 Vos
1341 2921 1516 2954 affectuosius
1526 2925 1707 2965 deprecantes
1720 2951 1730 2966 ,
1753 2929 1880 2969 quatinus
1902 2930 1996 2962 eidem
2017 2930 2159 2974 Episcopo
2176 2936 2204 2966 in
2224 2936 2293 2980 hiis,

1233 2970 1297 3001 quae
1310 2971 1393 3005 penes
1407 2972 1457 2993 vos
1472 2963 1753 3008 habuerit'facienda,
1768 2977 1819 2997 vos
1834 2969 1963 3001 exhibere
1978 2970 2066 3003 velitis
2076 2995 2086 3012 ,
2111 2972 2198 3005 nostri
2211 2974 2296 3005 intiu-

1232 3007 1280 3038 tu,
1299 3000 1430 3038 gratiosos
1441 3011 1474 3032 ac
1490 3001 1656 3043 benivolos,
1672 3014 1742 3037 cum
1755 3005 1860 3039 favore.

1250 3078 1254 3080 ’
1271 3074 1340 3106 Dat.
1356 3072 1388 3107 ut
1401 3077 1487 3119 supra.

1254 3214 1312 3244 Pro
1333 3213 1410 3261 Rege
1424 3238 1434 3254 ,
1466 3211 1502 3245 de
1520 3212 1658 3261 capiendo
1677 3215 1761 3257 illos,
1788 3220 1841 3262 qui
1863 3216 1982 3250 Villam
2003 3215 2038 3250 de
2062 3219 2272 3266 Bruggenorth

1649 3260 1870 3311 combufferunt.

1300 3351 1381 3392 EX,
1400 3354 1504 3385 dileeto
1519 3357 1552 3387 ὃς
1567 3356 1641 3388 fideli
1655 3357 1721 3395 suo,
1738 3356 1864 3392 Ricardo
1879 3358 1990 3398 Lovel,
2008 3359 2222 3395 Constabulario
2231 3364 2289 3396 Ca-
2307 3365 2383 3397 Ann.
2400 3365 2443 3403 Di

1236 3358 1291 3412 R

1302 3392 1351 3422 stri
1366 3393 1405 3423 sui
1417 3393 1527 3424 Bristoll
1536 3417 1546 3434 ,
1565 3395 1609 3426 vel
1624 3396 1681 3435 ejus
1696 3396 1814 3426 Locum
1826 3398 1945 3438 tenenti,
1961 3397 2083 3429 salutern.
2302 3430 2306 3435 ,
2328 3414 2414 3443 1322.

1327 3470 1333 3476 .
1999 3451 2002 3453 ·
2307 3447 2359 3471 An.
2374 3453 2417 3479 15.

1272 3470 1349 3508 Qua
1357 3491 1367 3506 ,
2307 3485 2339 3510 E.
2358 3492 2383 3510 2.

1270 3508 1433 3548 Humfi·idus
1451 3508 1482 3538 de
1503 3509 1602 3546 Bohgaen
1615 3532 1625 3548 ,
1656 3515 1745 3541 Comes
1822 3513 1975 3541 Mauritius
1997 3511 2028 3542 de
2049 3513 2191 3555 Berkeleye
2205 3541 2216 3557 ‚
2241 3523 2289 3550 Se.-
2306 3520 2443 3556 Claufii52

1303 3545 1472 3585 Herefordiae
1485 3546 1523 3581 &
1538 3548 1672 3589 Effi’xiae,
1855 3553 1931 3587 nior,
2306 3561 2336 3584 Ε.
2357 3567 2383 3584 2.
2437 3553 2442 3556 ⁴

1272 3587 1386 3621 Rogerus
1411 3585 1443 3614 de
1468 3588 1579 3616 Mortuo
1604 3591 1684 3617 Mari
1711 3588 1744 3617 de
1819 3589 1933 3623 Rogerus
1947 3587 1979 3616 de
1993 3586 2124 3629 Clyffbrd,
2305 3605 2343 3624 m.
2355 3606 2402 3625 22.
2413 3597 2439 3626 A.

1307 3625 1349 3652 W
1344 3633 1461 3662 ygemor,
1818 3623 1962 3662 Johannes
1976 3625 2008 3655 de
2024 3627 2199 3670 lsVylyngton,

1273 3664 1393 3728 Rog‘su}
1409 3661 1441 3690 de
1466 3664 1578 3692 Mortuo
1605 3665 1686 3692 Mari
1710 3663 1743 3693 de
1817 3661 1962 3702 thannes
1993 3668 2177 3698 Mautravers
2190 3692 2201 3709 ,

1308 3703 1374 3728 cair
1855 3703 1912 3729 nior

1271 3739 1385 3774 Rogerus
1398 3722 1535 3777 bazvory,
1819 3723 1952 3768 Henricicr
1964 3740 1996 3769 de
2010 3743 2054 3770 W
2061 3741 2187 3785 lyngton‚

1271 3777 1350 3812 Hugo
1366 3775 1506 3813 Daudele,
1525 3778 1633 3813 Senior,
1821 3776 1952 3807 Robertus
1967 3779 1999 3807 de
2051 3783 2167 3813 attevill

1275 3815 1354 3849 Hugo
1366 3813 1487 3842 Daudele
1494 3834 1504 3851 ,
1520 3811 1642 3850 Junior,
1821 3814 1960 3845 Gilbertur
1971 3816 2002 3845 de
2014 3817 2152 3859 Ellefild
2171 3807 2182 3823 ²

1273 3851 1487 3880 Bartholomaeus
1500 3852 1531 3879 de
1546 3848 1744 3891 Badelesmere,
1820 3852 1956 3884 Gilbertus
1976 3855 2088 3887 Talebot
2095 3882 2108 3898 ,
2124 3845 2164 3897 ὅ

1272 3887 1416 3928 Johannes
1430 3887 1542 3927 Giffiard
1552 3889 1583 3918 de
1591 3890 1744 3928 Brymmes—
1818 3892 1948 3922 Ricardus
1955 3893 2084 3936 Talebot,

1301 3926 1381 3967 feld,

1273 4001 1379 4035 Villam
1401 4001 1526 4035 nostram
1548 4002 1584 4035 de
1607 4002 1868 4076 Briggenoghzffld
1887 4017 1973 4047 quam
1992 4010 2127 4050 quosdam
2148 4013 2294 4084 ίὲὲξιὲιὲξε
2312 4034 2315 4038 ,

2289 4077 2299 4095 ³
