2562 4279
20 234 146 268 'Arm-D.

19 281 136 350 iffi

22 399 150 434 PV.460.

21 1006 156 1038 E.3.p.i.

22 1050 58 1068 m.
80 1040 123 1069 18.

169 154 248 192 180

579 134 1373 188 CONVENTIONES‚

1458 135 1856 191 L1TERAE,

168 245 233 268 rum
249 235 456 266 Mediationem
469 230 550 263 dietis
566 231 687 271 Treugis
702 230 903 267 consenfimus)
917 227 1071 269 fignificare
1079 227 1229 264 duximus,
1269 222 1453 268 miserationis
1475 223 1509 254 &
1524 223 1640 269 justitiae
1662 224 1749 256 causae
1771 224 1876 256 nostrae
1896 223 2016 271 fiducia,
2035 222 2184 271 Nostrum
2206 225 2242 258 &
2254 226 2338 260 Fide-
2357 222 2486 259 Anno

909 269 913 274 ·
1269 262 1339 292 lium
1354 261 1518 293 nostrorum
1533 262 1698 294 ordinamus
1707 263 1886 303 progressum
1900 263 1935 294 ad
1950 264 2032 305 ipfius
2039 263 2163 303 Philippi
2174 265 2339 312 propulsari-
2375 271 2462 303 1345.

170 285 220 315 per
235 284 300 311 em,
319 283 349 304 ut
363 273 495 303 Personas
512 271 638 307 Medias,
658 271 727 308 parri
742 269 819 300 alteri
834 269 949 299 ulterius
961 266 1123 298 intimanda.
1151 305 1155 310 ι

208 313 259 349 Et,
276 314 314 342 ne
328 312 410 341 Fama
425 309 559 346 volatilis,
578 308 650 339 fietis
664 310 697 340 &
711 307 885 338 detraeioriis
899 306 1043 337 conducta
1064 304 1229 342 Relatibus,

169 363 221 383 vos
236 352 263 381 in
281 352 331 381 hac
343 359 419 388 parte
433 347 506 378 aliud
520 348 554 377 de
570 348 654 377 nobis
668 347 768 377 sentire
781 346 880 384 faciat,
896 345 941 375 vel
950 345 1123 388 Amicorum
1140 342 1230 373 corda

168 389 328 429 perturber,
347 396 445 426 puram
466 387 499 417 &
518 386 537 406 ‘¹¹‘
556 386 663 416 nudam
684 385 752 416 fac‘ti
775 385 921 415 veritatem
937 384 1018 414 vobis
1032 383 1165 413 duximus
1179 389 1230 411 ex-

167 426 349 467 piicandam3
377 424 560 456 Univerfitati
582 423 682 454 vestrae
703 422 829 454 nostram
852 421 1117 453 recommendantes
1139 420 1230 450 lnno·

167 467 289 497 centiam
304 466 335 495 &
348 464 469 503 justitiae
484 464 639 494 veritatem.

205 503 239 533 In
254 512 348 541 cujus,
366 505 427 534 &c.
1097 536 1112 542 ..

242 541 309 572 Dat.
322 541 395 580 apud
409 538 717 577 Westmonasterium,
735 538 851 569 decimo
867 544 969 576 quarto
981 532 1124 575 diejunii.

169 669 215 702 De
232 663 387 700 radiando
405 677 473 697 cum
493 660 674 697 Hominibus
689 660 725 694 de
743 664 840 708 Regno
866 663 997 694 Francia
1017 659 1060 693 ad
1083 658 1231 693 obedien-

495 716 573 745 tiam
594 714 682 757 Regis
698 707 895 744 venientibus.

177 994 369 1030 Procurours,
386 992 418 1022 &
443 988 640 1020 Commissairs
659 988 786 1029 especials
799 987 836 1018 de
851 988 955 1018 Treter
970 988 1004 1019 δε
1017 987 1165 1018 d’acorder
1177 996 1234 1017 oue

175 1041 349 1071 quecumqes
364 1030 511 1068 parsones,
525 1029 561 1059 de
575 1028 658 1067 quele
672 1026 827 1058 condicion
841 1026 901 1065 q’ils
913 1027 1020 1064 soient,
1037 1026 1123 1056 sibien
1138 1024 1174 1056 de
1179 1035 1234 1070 no-

176 1073 232 1102 stre
248 1070 381 1101 Roialme
396 1068 431 1099 de
443 1067 568 1105 France,
587 1076 674 1098 come
690 1065 738 1096 des
750 1074 839 1097 autres
852 1066 966 1104 parties,
986 1063 1142 1096 d’Alliance
1149 1065 1234 1103 faire,

174 1119 252 1141 entre
266 1119 338 1139 nous
352 1109 384 1139 &
400 1115 453 1137 eux
463 1130 472 1144 ‚
491 1115 590 1137 contre
603 1113 676 1136 tores
692 1103 799 1135 Gentz.

211 1149 249 1179 Et
263 1149 298 1179 de
312 1148 349 1177 les
363 1145 463 1177 retenir
478 1155 513 1175 en
528 1143 772 1182 nostreService,

208 1186 247 1217 Et
266 1187 302 1216 de
324 1186 362 1215 les
385 1192 497 1221 granter
521 1183 615 1222 Fedz,
633 1181 764 1222 Gadges,
781 1182 814 1213 &
838 1180 980 1212 Guerdon
1000 1180 1099 1212 solone
1115 1190 1169 1212 ceo
1185 1180 1233 1219 q’il

172 1235 287 1257 verront
302 1234 358 1262 que
371 1233 425 1253 ceo
439 1223 490 1252 soit
508 1221 605 1252 affaire
618 1231 671 1262 pur
686 1220 782 1251 nostre
796 1219 897 1259 profit,
1131 1258 1136 1264 .

210 1264 248 1296 Et
266 1263 303 1293 de
325 1262 448 1292 receiuer
467 1262 625 1291 bonement
644 1268 715 1291 touz
729 1268 800 1289 ceux
814 1258 852 1289 du
866 1259 907 1289 dit
920 1257 1071 1297 Roialme,
1090 1267 1137 1296 qui
1154 1258 1234 1288 veul-

173 1303 232 1333 lent
252 1302 346 1339 venir,
364 1300 400 1329 de
421 1300 482 1330 lour
504 1300 565 1330 bon
590 1309 673 1337 gree,
690 1308 726 1328 en
748 1296 845 1328 nostre
866 1296 1056 1333 Obeiffance,
1074 1297 1107 1328 ὃς
1129 1297 1196 1327 faire
1217 1306 1232 1327 a

172 1351 244 1371 nous
264 1341 326 1371 lour
347 1338 466 1377 devoir,
483 1338 516 1369 &
539 1337 575 1368 de
592 1338 631 1368 les
649 1336 769 1367 affeurer
783 1346 838 1374 que
860 1345 930 1366 nous
953 1335 992 1366 les
1004 1335 1176 1367 defendrons
1197 1336 1231 1366 δε

172 1377 399 1415 maintendrons,
416 1386 502 1407 come
516 1386 635 1414 appent,
645 1376 677 1407 δε
691 1374 726 1405 de
740 1375 778 1404 les
794 1373 934 1405 monstrer
949 1383 1068 1405 coment
1083 1384 1155 1405 nous
1164 1383 1233 1413 pen-

172 1417 254 1457 sons,
273 1427 329 1447 oue
343 1415 421 1446 l’eide
435 1415 471 1445 de
487 1414 581 1453 Dieu,
599 1415 634 1444 de
651 1413 802 1444 Gouerner
816 1413 842 1444 le
857 1413 899 1444 dit
915 1412 1049 1444 Roialme
1062 1422 1110 1450 par
1126 1412 1164 1443 les
1179 1413 1233 1442 bo-

173 1467 223 1488 nes
248 1457 346 1493 Lctes,
364 1455 396 1485 ἃ(
419 1454 457 1484 les
480 1454 567 1484 bones
590 1453 733 1484 custumes
767 1453 816 1490 qui
837 1451 930 1482 furent
954 1462 989 1483 au
1011 1460 1120 1490 temps,
1137 1450 1232 1482 nostre

172 1493 349 1531 Aiincestre,
368 1493 443 1523 Seint
461 1492 581 1532 Lowys,
605 1491 666 1522 Roi
681 1489 717 1521 de
753 1499 854 1530 rance,
1214 1529 1219 1534 1

211 1533 249 1565 Et
266 1531 364 1563 auffint
383 1529 419 1562 de
439 1531 551 1560 reboter
571 1531 605 1561 &
628 1528 793 1561 restreindre
814 1529 838 1559 la
858 1528 959 1560 malice
979 1528 1015 1559 de
1037 1537 1108 1560 ceux
1129 1527 1168 1559 du
1192 1526 1232 1558 dit

173 1570 362 1609 Roialme,&
375 1570 433 1600 leur
448 1569 664 1608 Aherdantz,qi
676 1569 708 1599 ils
723 1576 873 1599 troveront
886 1568 982 1598 reheb<
996 1569 1029 1599 &
1043 1567 1233 1598 contrariantz

174 1621 209 1642 en
224 1610 292 1641 celle
326 1609 406 1639 artie·

210 1647 249 1680 Er
266 1620 443 1686 prgmettclns
456 1646 548 1677 d'aver
563 1645 654 1677 ferme
669 1645 702 1677 &
716 1644 820 1676 estable
834 1653 978 1683 quantque
999 1645 1038 1675 les
1051 1644 1129 1683 ditz,
1147 1643 1233 1675 Tho-

175 1699 233 1719 ma=
248 1689 280 1719 δε
296 1686 442 1723 william,
460 1686 493 1717 &
508 1685 628 1716 chescun
644 1683 680 1715 de
702 1692 774 1722 eux,
794 1682 919 1722 ferront,
937 1694 976 1714 ou
995 1683 1066 1722 f’ra,
1085 1693 1113 1714 es
1135 1682 1233 1714 choses

174 1727 300 1761 susditcs,
315 1727 348 1756 &
361 1724 482 1755 chescun
498 1723 633 1764 dycelles.

210 1765 255 1796 En
268 1762 518 1800 Tesmoignance,
537 1762 597 1793 &e

248 1801 330 1834 Dori.
345 1811 360 1832 a
372 1801 468 1831 nostre
480 1801 565 1832 Tour
579 1799 616 1830 de
630 1798 795 1837 Loundrec,
813 1798 839 1830 le
857 1799 914 1830 xiiii
929 1799 995 1838 jour
1009 1798 1045 1829 de
1056 1797 1140 1839 Juyn.

216 1932 266 1963 De
290 1925 505 1961 manutenendo
522 1929 668 1960 vem'entes
689 1922 734 1958 ad
748 1922 980 1967 obedientiam,
1003 1927 1041 1963 (ᾖν
1063 1923 1187 1972 regendo

410 1974 577 2021 ficundum
594 1977 683 2021 Leges
700 1973 804 2009 Sanni
815 1972 979 2007 Ludovici.

1265 300 1341 378 jium
1357 300 1509 369 magitiam,
1526 302 1560 333 ὅ(
1579 301 1613 332 ad
1635 302 1848 334 defendendum
1864 302 1898 334 δε
1920 302 2148 341 recuperandum
2166 303 2226 335 haer

1287 349 1335 370 ura
1349 348 1389 370 no
1415 348 1453 369 ra.

1308 377 1363 416 Et,
1379 379 1461 417 quia,
1477 377 1511 410 ad
1536 379 1774 418 complacandum
1796 379 1937 411 Divinam
1956 379 2180 413 misericordiam
2222 382 2257 414 δι
2278 383 2339 422 ejus

1270 417 1388 453 gratiam
1409 416 1524 448 uberius
1546 418 1802 458 consequendum,
1820 418 1978 450 vestrarum
1998 419 2033 450 &
2054 419 2176 450 aliorum
2222 420 2337 453 idelium

1272 453 1446 485 Orationum
1454 455 1597 494 Suffragia
1613 458 1698 487 nobis
1711 456 1884 489 confidimus
1896 457 2058 489 admodum
2065 458 2338 498 oportuna,Devo-·

1271 494 1382 523 tionem
1405 493 1526 524 vestram
1550 504 1585 526 ex
1603 495 1692 527 corde
1714 506 1850 534 rogamus
1868 505 2003 536 quatenus
2024 507 2080 535 pro
2093 497 2194 538 nobis,
2212 507 2246 528 ac
2260 498 2339 530 felici

1270 531 1387 570 nostro,
1410 532 1445 562 &
1459 532 1598 564 Fideiium
1618 534 1783 566 nostrorum
1804 534 1975 575 Progress'u,
1992 534 2184 574 Expeditione
2220 537 2255 568 &
2274 537 2339 569 Re·

1270 570 1365 614 greffu
1373 592 1384 608 ‚
1403 569 1543 614 Divinam
1557 571 1717 616 suppliciter
1729 573 1908 612 interpelletis
1922 572 2130 614 Clementiam,
2145 560 2338 613 Indulgentias

1269 608 1429 647 hujusmodi
1450 611 1488 639 hc
1509 612 1655 641 orantibus
1673 612 1862 643 concedendo
1876 637 1886 651 ‚
1910 614 1944 644 &
1965 621 2017 651 pei·
2038 612 2143 644 vestras
2161 613 2338 654 Civitatem,

1272 645 1457 691 Dioecesem‚
1475 648 1508 678 ὃ(
1523 647 1725 689 Provinciam,
1743 649 1846 683 Preces
1859 651 1975 682 devotas
1999 650 2129 690 effundi,
2148 651 2249 682 Missas
2263 653 2339 684 cele—

1271 686 1361 730 bra-ri,¹
1378 685 1574 717 Proceffiones
1590 687 1672 731 sieri,
1693 689 1726 719 &
1748 689 1799 720 alia
1820 691 1874 729 piae
1896 690 2062 731 placationis
2085 689 2194 721 Officia
2215 692 2339 723 exerceri

1272 724 1394 768 faciatis,
1413 733 1444 756 ut
1460 724 1541 756 Deus
1556 726 1824 767 misericordiarum,
1841 730 1889 767 qui
1901 728 2061 760 consolatur
2076 738 2130 759 nos
2147 730 2178 759 in
2191 731 2274 760 omni
2288 731 2338 761 tri-

1273 760 1417 794 bulatione
1439 763 1553 803 nostra,
1572 764 1685 795 Rorern
1706 765 1761 796 suae
1782 765 1890 797 Gratiae
1912 767 1992 806 super
2015 766 2086 798 Nos
2106 768 2140 798 &
2152 767 2266 798 nostros
2277 768 2337 800 cle—

22 809 96 839 Ann.
112 806 152 837 D.
226 800 251 832 E
265 799 326 831 ROi
340 809 367 829 ³8
381 806 468 836 '50³2’
486 798 515 836 ql
533 795 622 827 cesteS
636 795 746 827 Lem&
761 803 894 834 verrom>
912 805 951 826 ⁰¹¹
965 803 1084 833 orront,
1102 794 1194 825 Saluz·
1273 810 1384 845 menter
1399 800 1585 841 effundat,&
1599 803 1626 833 V
1629 805 1665 834 ias
1679 803 1712 835 δε
1727 804 1817 835 Actus
1829 804 1943 850 nostros
1957 807 1995 837 sic
2008 805 2155 851 aspirando
2168 807 2337 851 praeveniat,

12 903 14 905 ,
21 854 138 914 Αῗῆςζ
213 839 384 909 Αίΐέῧξξιξῑξ
389 836 573 905 dleuialiiffilie'
584 874 617 904 ὃς
630 873 797 910 avisernent,
805 881 864 902 noz
878 872 975 916 cheres
987 873 1019 903 &
1034 871 1119 903 foialx
1127 871 1234 910 ,Tho-
1273 840 1696 917 ffibajgjggagssgedffigffgssatg
1710 843 1847 912 ’,ῃιὲῑήὲιιῖιῃ
1859 843 2337 916 ςεέζαὲἑᾶῗὴιὲἓὲῑξὲῗὲἒέῗὲυοζ

22 929 52 952 13.
76 895 126 961 3.9
176 927 234 949 mas
249 914 395 955 Spignurel
405 937 415 953 ,
434 914 466 944 &
480 913 610 958 William
622 912 658 943 de
672 910 820 948 Cusance‚
840 910 1003 948 Chivalers,
1273 917 1342 947 dum
1357 918 1391 949 ὅ(
1406 919 1540 956 quietern.
1855 905 1866 921 ³

21 967 159 998 prunam,
214 956 244 987 Si
265 956 302 985 les
320 962 409 984 avons
430 952 477 982 sait
498 958 663 989 jorntement
678 974 689 988 ,
714 951 748 981 &
770 949 972 988 severalment,
991 958 1051 979 noz
1072 947 1233 988 Meffages,

1310 993 1378 1025 Dat.
1394 994 1468 1033 apud
1483 995 1788 1036 Westmonasterium,
1805 997 1922 1030 decimo
1938 997 2038 1038 quinto
2052 996 2099 1029 die
2107 998 2196 1037 Junii.

1963 1077 2016 1106 Per
2030 1073 2113 1115 ipsimi
2124 1078 2229 1114 Regem.

1272 1146 1385 1179 Eodem
1402 1148 1493 1180 modo
1516 1150 1678 1183 mandatum
1700 1152 1742 1183 est
1763 1152 1921 1193 subscriptis
1942 1151 1994 1184 sub
2007 1151 2109 1184 eadem
2124 1153 2206 1193 data,
2223 1157 2334 1189 mutatis

1644 1191 1798 1230 mutandis3
1818 1191 1968 1231 videlicet,

1820 1269 1856 1308 J.
1876 1267 1965 1308 Epifi.
1985 1267 2083 1309 Herqf.

1821 1311 1863 1338 A.
1884 1306 1971 1346 Epist.
1991 1309 2121 1346 W'ynton.

1821 1349 1856 1376 R.
1872 1347 1960 1386 Epist.
1981 1346 2105 1377 Bathon.
2124 1344 2162 1382 ό·
2181 1346 2293 1378 Wllen.

1821 1384 1858 1423 J.
1876 1385 1965 1424 Episc.
1985 1387 2079 1415 Exon.

1822 1425 1862 1454 H.
1885 1422 1972 1463 EpiJc.
1991 1426 2107 1455 Menev.

1823 1465 1868 1492 M.
1887 1460 1972 1501 Episc.
1991 1465 2057 1492 Ban
2075 1473 2114 1493 or.

1823 1502 1863 1530 D.
1884 1499 1973 1539 Epist.
1991 1503 2027 1531 A
2048 1512 2131 1531 aven.

1823 1538 1860 1578 J.
1879 1541 1933 1579 Epi
1947 1541 1968 1569 ἑ.
1983 1541 2121 1570 Landav.

1271 1266 1310 1293 H.
1331 1264 1448 1304 Episcop.
1467 1265 1537 1304 Roff

1272 1305 1306 1332 R.
1325 1304 1443 1342 Eptscop.
1461 1304 1565 1345 cicestr.

1271 1344 1305 1371 R.
1324 1343 1409 1380 Epist.
1431 1345 1553 1374 London.

1271 1384 1299 1409 S.
1316 1382 1403 1418 Epilc.
1425 1381 1514 1411 Elim.

1273 1421 1317 1448 W
1334 1419 1422 1458 Episc.
1442 1422 1602 1451 Norwicen.

1271 1457 1321 1487 Th.
1341 1459 1430 1498 Epist.
1448 1459 1573 1489 Lincoln.

1271 1498 1306 1525 R.
1324 1499 1411 1537 Epist.
1431 1501 1560 1527 coventr.
1581 1496 1618 1533 ὠ·
1636 1499 1716 1529 Lich.

1270 1538 1304 1564 R.
1325 1535 1411 1575 Epist.
1430 1539 1535 1566 Sarum.

1272 1575 1316 1603 W
1335 1574 1422 1615 Episc.
1443 1576 1567 1614 Wygorn.

1309 1654 1352 1682 W
1372 1651 1572 1691 Archiepisc'opo
1592 1652 1714 1682 Eborum
1729 1652 1844 1691 Angliae
1864 1657 2003 1696 Primati,

1308 1690 1359 1720 Th.
1376 1690 1472 1720 Eleu-‘lo
1490 1690 1617 1721 Dunolm.
1638 1691 1803 1732 confirmato.

1309 1728 1345 1767 J.
1365 1728 1484 1769 Epffcop.
1502 1729 1621 1760 Karlr'ol.

1271 1864 1330 1899 Ad
1356 1868 1465 1912 Regem
1493 1863 1635 1910 Castellae‚
1654 1867 1745 1913 fiaper
1775 1869 1883 1914 Lrgis,
1907 1864 2096 1914 Sponshlibus
2112 1894 2124 1912 ,
2149 1869 2186 1906 ὠ·
2217 1869 2340 1912 Arris,‘

1710 1915 1902 1964 responsbria.

2354 304 2421 332 Edv.
2443 313 2469 341 3.

1271 1999 1487 2061 MAgnifieo
1505 1999 1629 2045 Principi
1643 2023 1654 2040 ,
1679 1997 1817 2046 Domino
1839 2000 1960 2033 Alfonsb
1975 2026 1986 2040 ,
2010 2000 2142 2045 Castellae
2155 2023 2166 2039 ,
2182 2001 2334 2047 Qfflsss
2353 1998 2431 2031 Ann.
2446 1999 2489 2032 D.

1367 2039 1466 2070 Toleti
1501 2038 1648 2078 Galietiae,
1668 2039 1791 2079 Sibiliae,
1809 2039 1978 2078 Cordubae,
1997 2039 2143 2079 Murciae,
2161 2038 2261 2071 Gienu
2285 2039 2336 2070 Al-
2374 2046 2460 2078 1345.

27 2067 102 2098 Ann.
112 2067 151 2098 D.
170 2061 248 2125 LE
269 2061 330 2093 Roi
345 2071 374 2092 as
387 2068 460 2091 touz
473 2069 562 2098 ceuir‚
581 2060 610 2098 qi
623 2058 711 2091 cest&
726 2058 836 2091 Lettres
849 2065 967 2091 veri-ont
981 2068 1020 2089 ou
1043 2066 1162 2098 orront,
1181 2059 1232 2091 Sa-
1271 2077 1377 2116 garbiae
1412 2079 1445 2109 ἃ
1460 2061 1603 2117 Algairae
1617 2077 1647 2108 R
1686 2080 1691 2085 ·
1726 2088 1760 2109 ac
1776 2078 1942 2111 Comitatus
1955 2078 2079 2110 Molinae
2092 2078 2230 2109 Domino
2252 2063 2337 2110 don-
2354 2081 2408 2106 An.
2425 2086 2469 2112 ¹9·

45 2115 128 2146 1345·
243 2101 299 2131 ¹³⁷⁴*
1272 2117 1317 2147 san
1339 2100 1426 2147 uin’eo
1439 2116 1488 2148 suo
1503 2116 1644 2148 cariffimo
1700 2103 1710 2117 ³
1723 2117 1833 2150 wardus
1868 2119 1929 2150 &c.
1947 2117 2074 2150 Salutem
2091 2117 2126 2149 &
2139 2103 2245 2150 votivis'
2261 2117 2334 2149 sem—
2354 2121 2383 2145 E·
2428 2137 2434 2144 ·

27 2150 79 2173 Aa.
100 2155 140 2180 19.
209 2140 292 2170 Sauer
308 2149 379 2169 vous
394 2138 485 2182 fesons
499 2147 554 2175 que
565 2161 574 2173 2
718 2176 723 2181 ,
825 2175 831 2182 ,
1273 2125 1506 2193 pefgsucceffibus
1520 2141 1660 2194 gratulari?
1841 2141 1851 2158 '
2351 2126 2440 2184 Frage.
2446 2157 2490 2191 19:

173 2174 1134 2255 0..stitissenescisses&25131‘532222503322‘05.
1142 2185 1232 2245 ”aaz
1311 2193 1474 2239 Redeunt-s
1488 2194 1524 2239 πᾷ
1538 2193 1607 2240 N..
1641 2204 1711 2226 cum
1724 2195 1917 2241 amicabffiba
1929 2195 2090 2228 serenitas
2106 2194 2208 2227 vestrae
2222 2194 2337 2235 1...ss,
2351 2198 2381 2222 Ε·
2397 2203 2423 2230 ³-
2439 2198 2486 2240 π

124 2243 130 2251 ·
1141 2239 1150 2253 ’
1273 2231 1367 2263 fideles
1382 2232 1473 2264 nostri
1486 2219 1702 2272 dilefflffirater
1710 2233 1856 2272 johannes
1869 2234 1952 2266 Prior
1966 2234 2102 2266 Ecciefiae
2116 2233 2261 2265 Roffensis
2268 2233 2338 2266 Do-
2356 2242 2426 2261 1-m·
2441 2240 2486 2267 ¹0·.

173 2256 209 2286 de
224 2256 330 2285 1:¹²⁰oe
347 2254 442 2285 ⁰⁰stoe
456 2252 574 2290 UHCIC’
1273 2271 1339 2302 &or
1353 2271 1446 2303 Sacrae
1460 2271 1650 2312 Theologiae,
1669 2274 1704 2305 &
1718 2273 1892 2305 Willielmus
1906 2273 2024 2304 Trussel
2039 2273 2126 2304 Miles
2132 2297 2151 2318 ‚⁴

210 2293 255 2324 En
278 2293 437 2324 asseurance
458 2291 494 2322 de
513 2291 593 2322 l'eide
614 2290 650 2322 de
667 2290 762 2328 Dieu,
781 2291 814 2322 &
832 2290 869 2321 de
889 2290 982 2322 nostre
1004 2290 1093 2322 Droit
1107 2315 1116 2329 ,
1143 2290 1233 2322 Nous

175 2343 247 2363 nous
261 2332 424 2363 adresceons
438 2340 500 2362 vers
513 2329 595 2361 celles
608 2331 705 2368 parties
720 2339 773 2370 pur
787 2328 882 2360 nostre
901 2330 941 2361 dit
961 2329 1098 2370 Heritage
1116 2339 1234 2361 recoue-

175 2382 212 2403 rir

212 2394 244 2441 S'i
263 2409 303 2439 est
321 2408 417 2439 nostre
437 2415 533 2438 entent
555 2407 588 2438 &
610 2407 727 2437 volunte
741 2406 777 2437 de
789 2406 856 2437 faire
871 2407 1095 2446 graciousement
1110 2406 1149 2437 od
1163 2416 1234 2438 touz

177 2458 267 2485 ceuz,
286 2448 315 2486 qi
328 2447 450 2478 veullent
463 2447 542 2476 venir
556 2445 593 2475 de
608 2445 670 2475 lour
683 2446 743 2475 bon
757 2454 823 2484 gree
836 2455 872 2475 en
890 2445 985 2476 nostre
1002 2444 1174 2476 Obeissance
1183 2469 1191 2484 ,
1200 2447 1233 2476 &

177 2487 244 2518 faire
265 2496 280 2516 a
300 2496 370 2516 nous
386 2484 450 2516 lour
469 2483 587 2522 devoir,
605 2482 688 2515 &les
702 2484 852 2514 maintenir
869 2485 902 2515 &
915 2483 1068 2522 defendre,
1086 2493 1173 2515 come
1186 2495 1234 2525 ap-

200 2534 247 2556 ent

177 2536 198 2564 p
216 2547 381 2601 Et'pensons
395 2561 430 2591 de
442 2559 608 2599 reprendre,
626 2559 659 2590 &
675 2559 743 2590 faire
758 2559 874 2596 garder,
892 2559 930 2590 les
947 2561 1035 2591 bones
1052 2559 1120 2592 Leis
1134 2563 1182 2600 qui
1190 2562 1234 2592 fu-

178 2611 239 2633 rent
261 2612 295 2631 au
317 2609 407 2638 temps
459 2598 554 2630 nostre
579 2598 717 2629 Ancestre
732 2623 741 2637 ,
763 2598 841 2629 Seint
860 2599 963 2639 Lewys
980 2624 989 2637 ‚
1013 2600 1073 2629 Roi
1096 2600 1132 2630 de
1147 2601 1234 2631 Fran-

179 2651 229 2678 ce,
248 2639 313 2669 sanz
325 2623 510 2676 Imposicions
524 2647 563 2667 ou
578 2635 720 2676 Chmges,
738 2637 816 2668 nient
831 2636 911 2675 dues,
932 2648 1033 2668 rnettre
1050 2640 1092 2668 sur
1106 2648 1164 2668 noz
1179 2640 1234 2669 bo-

178 2689 226 2708 nes
241 2677 342 2708 Gentz
355 2676 392 2707 du
407 2675 448 2707 dit
464 2675 653 2712 Roialme,&
670 2677 707 2706 ies
725 2674 876 2706 Governer
892 2686 907 2706 a
920 2675 945 2707 la
960 2677 1086 2714 plesance
1098 2677 1134 2708 de
1143 2676 1232 2716 Dieu,

178 2718 211 2748 δι
224 2716 276 2747 eise
292 2717 323 2747 δε
339 2714 467 2746 comfort
481 2714 519 2745 du
535 2713 650 2752 People.

216 2755 262 2786 En
276 2754 520 2793 Tesmoignance,
538 2753 598 2783 &c.

253 2793 333 2824 Don.
345 2802 360 2822 a
374 2791 469 2822 nostre
481 2791 566 2822 Tour
578 2791 614 2821 de
629 2789 780 2822 Loundres
789 2814 798 2829 ‚
815 2791 842 2820 lc
857 2791 903 2821 xiv
915 2791 982 2829 jour
995 2790 1031 2822 de
1041 2791 1126 2832 Juyn.

530 2915 579 2947 De
602 2912 712 2945 orando
723 2925 778 2959 pro
799 2915 886 2959 Rege.

1311 2309 1359 2341 Ad
1371 2310 1549 2342 tractandum
1563 2310 1599 2342 de
1612 2311 1648 2342 Li
1668 2312 1690 2342 is
1710 2313 1782 2343 inter
1807 2311 1927 2343 Domos
1947 2312 2056 2343 nostras
2076 2311 2180 2352 Regias
2195 2311 2342 2352 ineundis,

1272 2358 1306 2379 ac
1323 2349 1403 2387 super
1418 2349 1596 2387 Sponsalibus
1609 2350 1644 2381 &
1699 2352 1854 2383 atrimonio
1871 2352 1941 2382 inter
1964 2350 2196 2391 primogenitum
2210 2350 2339 2382 vestrum

1273 2387 1477 2424 &johannam
1492 2388 1591 2419 Filiam
1605 2389 1732 2420 nostram
1749 2389 1918 2421 cariffirnam
1933 2390 2149 2429 contrahendis,
2166 2389 2201 2421 ad
2215 2389 2338 2421 Celsitu-

1273 2426 1346 2456 dinis
1360 2427 1460 2458 vestrae
1471 2427 1646 2465 praesentiam
1659 2427 1769 2466 pridem
1784 2428 1875 2466 miffi,

1312 2464 1458 2498 Praemissa
1471 2466 1726 2510 commendatione
1740 2467 1830 2499 multa
1843 2468 1879 2498 de
1890 2467 2007 2506 profiifis
2023 2467 2216 2506 Honoribus,
2234 2467 2337 2506 quibus

1274 2513 1324 2533 eos
1351 2504 1442 2544 Regia
1469 2505 1614 2535 liberalitas
1639 2507 1794 2544 praevenire
1812 2508 1920 2538 curavit
1976 2517 2009 2538 ac
2031 2506 2185 2537 affectione
2210 2504 2314 2542 magni
2326 2529 2336 2543 ‚

1275 2552 1361 2586 quam
1382 2544 1417 2574 ad
1438 2543 1506 2574 Nos
1524 2543 1698 2575 Excellentia
1718 2544 1809 2576 vestra
1823 2547 1894 2584 gerit
1908 2531 1966 2587 (de.
2213 2582 2218 2586 ,

1273 2581 1367 2612 lentiae
1381 2589 1469 2622 grates
1483 2583 1646 2621 referimus,
1666 2591 1696 2614 ut
1730 2583 1876 2622 ossumus,
1893 2555 2034 2621 speciiles)
2046 2582 2126 2624 super
2148 2582 2272 2618 granoso
2294 2591 2338 2612 re-

1273 2619 1374 2656 sponso
1395 2620 1491 2652 vestro
1510 2621 1676 2652 relationem
1708 2630 1842 2660 ecerunt,
1858 2620 1998 2660 placidam
2020 2620 2104 2650 nobis
2125 2619 2284 2650 admodum
2301 2620 2336 2651 ὅς

1272 2667 1437 2697 acceptam,
1455 2658 1602 2697 videlicet,

1313 2697 1425 2735 de,
1442 2696 1508 2727 licet
1529 2696 1676 2727 Dominus
1696 2697 1842 2739 Philippus
1864 2695 1900 2726 de
1912 2695 2039 2739 Valesi0‚
2057 2695 2091 2726 &
2105 2696 2170 2734 alii,
2188 2706 2273 2734 penes
2285 2707 2337 2729 ve-

1275 2733 1361 2764 stram
1376 2735 1602 2772 Sublimitatem‚
1619 2745 1673 2772 pro
1689 2734 1845 2772 Maritagio
1859 2734 1930 2765 disti
1945 2733 2134 2773 Primogeniti
2155 2735 2238 2765 vestri
2253 2735 2339 2766 insta-

1274 2781 1355 2811 rent,
1371 2774 1405 2804 &
1420 2782 1450 2803 m
1506 2781 1521 2802 a
1533 2774 1614 2803 vobis
1629 2771 1786 2810 offerrent,
1805 2781 1839 2803 ex
1855 2772 2040 2812 praerogativa
2055 2781 2152 2803 tamen
2166 2772 2339 2814 dilectionis,

1274 2811 1330 2848 qua
1352 2811 1437 2842 nobis
1512 2809 1624 2842 Domui
1642 2810 1749 2841 nostrae
1769 2810 1936 2849 afficimini,
1952 2811 2108 2851 praeeligitis
2122 2820 2172 2850 ut,
2190 2821 2250 2852 prae
2263 2812 2339 2852 aliis,

1273 2849 1367 2881 eidem
1382 2850 1462 2880 Filiae
1476 2849 1582 2880 nostrae
1591 2873 1601 2888 ,
1619 2851 1703 2880 etiarn
1717 2859 1771 2887 pro
1784 2850 1863 2881 Arris
1878 2850 2056 2890 minoribus,
2074 2851 2225 2882 maritetur.

1312 2888 1351 2919 Et
1365 2888 1539 2927 adjecerunt,
1557 2889 1638 2927 quod
1649 2888 1764 2919 Nuncii
1776 2888 1884 2927 praefati
1898 2887 2040 2927 Philippi,
2058 2898 2113 2926 pro
2127 2888 2207 2920 dieto
2221 2888 2341 2922 Marim-

1273 2926 2032 3004 520'sih‘iffineaffsgffgi‘'’rissi'imssssssa‘iin‘tff'ffigffiiis
2040 2925 2336 3004 iisszfffnzff‘ffi

1436 2990 1445 3004 ἱ
2227 2990 2238 3005 ²

31 2997 108 3028 ᾹΠΠ·
121 2996 161 3027 D·
179 3007 292 3066 REX
302 3032 311 3047 ,
327 3007 490 3038 Venerabili
509 3008 538 3037 in
559 3006 673 3038 Christo
695 3005 785 3044 Patri,
801 3004 828 3074 ἶ).
852 3005 947 3036 eadem
961 3006 1065 3053 gratia,
1084 3006 1234 3046 Archiepi-
1274 3005 1468 3042 promittentes
1483 3005 1517 3036 &
1530 3005 1647 3044 gratiam
1661 3004 1697 3035 de
1711 3004 1874 3035 remiffione
1887 3005 1970 3042 partis
1982 3003 2067 3035 dietae
2081 3003 2227 3042 Summae,
2245 3005 2280 3036 δε
2299 3004 2337 3035 de

60 3044 146 3074 1345·
252 3048 339 3085 scopo
352 3045 561 3084 Cantuariensi,
578 3047 663 3075 totius
680 3044 790 3083 Angliae
831 3046 940 3083 rimati,
956 3045 1090 3075 &alutem
1273 3043 1418 3073 Tei-minis
1437 3042 1593 3074 Solutionis
1613 3042 1779 3074 accomodis
1792 3067 1804 3082 ,
1826 3043 1856 3073 in
1880 3042 1943 3074 casu
1965 3052 2026 3081 quo
2046 3041 2168 3081 placeret
2188 3043 2270 3074 nobis
2291 3043 2339 3075 tali

31 3078 84 3103 ’'¹'‘-
103 3085 142 3109 ¹9·
218 3084 297 3115 Cum
320 3086 349 3115 sit
372 3084 475 3115 Militia
496 3086 553 3114 vita
570 3084 692 3114 hominis
710 3084 788 3120 super
804 3083 943 3121 Terram,
962 3084 1099 3114 nimirum
1117 3082 1136 3113 si
1154 3082 1232 3113 Mili·
1274 3081 1404 3112 Summae
1418 3080 1585 3113 consentire.

32 3117 61 3139 E.
85 3123 110 3149 Ξ·
183 3132 270 3154 rantes
284 3125 312 3153 in
326 3124 406 3161 hujus
421 3123 528 3153 Mundi
546 3122 669 3160 miseria,
687 3123 798 3152 incertis
818 3122 955 3160 agitentur
975 3122 1138 3159 eventibus,
1158 3131 1233 3152 nunc
1313 3120 1349 3151 Et
1368 3120 1403 3150 ad
1423 3130 1476 3151 vos
1513 3120 1583 3150 citra
1603 3119 1720 3150 Festum
1737 3118 1944 3157 Assumptionis
1956 3118 2048 3150 Beatae
2060 3117 2181 3161 Mariae,
2200 3120 2336 3157 proxime>

32 3151 165 3187 ciaufi19.
181 3162 330 3200 prosperis,
346 3171 423 3191 nunc
434 3161 568 3199 adversis,
588 3163 620 3192 δε
635 3161 701 3191 licet
714 3160 895 3196 omnipotens
911 3159 1072 3199 Dominus,
1092 3159 1233 3190 interdurn
1273 3158 1417 3196 futurum,
1436 3144 1550 3189 nostros
1561 3159 1703 3190 remittere
1713 3157 1852 3189 Nuncios
1864 3157 1899 3188 ad
1913 3167 1962 3195 ea,
1979 3166 2045 3196 quae
2061 3161 2099 3188 iic
2114 3157 2332 3197 condie‘tasunt,

30 3192 60 3215 Ε.
73 3196 128 3226 3.p.
142 3199 165 3215 ι.

33 3237 67 3255 m.
83 3228 142 3255 καί.

33 3309 162 3348 4V461.

183 3209 254 3237 quos
266 3200 355 3239 diligit
369 3199 484 3230 lacessiri
497 3201 636 3237 permittat
650 3199 775 3236 Injuriis‚
794 3198 860 3228 facit
875 3206 966 3228 tamen
982 3208 1050 3229 cum
1073 3200 1234 3236 temptatio-

181 3248 217 3268 ne
231 3247 419 3276 proventum,
438 3247 468 3268 ut
483 3240 584 3268 Servus
599 3238 712 3268 humilis
727 3246 761 3266 ex
775 3237 967 3274 persecutione
978 3238 1007 3266 in
1024 3236 1129 3275 justitia
1149 3237 1235 3276 profi-

182 3278 252 3315 ciat,
270 3278 303 3308 &
317 3276 414 3307 Hostis
430 3277 540 3313 iniquus
552 3277 581 3306 in
596 3276 642 3306 sua
657 3275 831 3314 perversitate
843 3275 1018 3318 succumbat.
1155 3314 1159 3318 ἡ

216 3316 235 3334 ³¹
256 3316 377 3354 Qantis
396 3324 491 3345 autem
514 3314 596 3352 Nos,
616 3315 648 3345 ὃς
671 3314 778 3344 Fideles
799 3312 904 3351 nostri,
922 3313 1024 3343 nostris
1039 3314 1232 3352 temporibus,

180 3353 356 3384 Guerrarum
371 3352 567 3383 Incommodis
579 3352 697 3383 involuti
714 3353 862 3389 fuerimus,
879 3351 945 3381 licet
960 3350 1059 3382 Causas
1075 3351 1232 3390 justiffimas

180 3392 213 3422 &
228 3391 344 3423 Mundo
359 3391 515 3422 notissimas
528 3391 689 3427 foveamus,
707 3390 748 3421 est
764 3390 877 3429 publice
891 3391 950 3420 fiatis
964 3399 1075 3421 notum.

215 3429 264 3461 Set
285 3440 353 3461 cum
374 3430 484 3470 pridem
504 3430 640 3469 Trcugis,
658 3430 728 3459 inter
749 3428 818 3459 Nos
831 3429 864 3458 &
879 3427 1042 3468 Philippum
1057 3428 1092 3458 de
1104 3428 1232 3467 valesio,

179 3467 374 3499 Adversarium
390 3468 520 3498 nostrum
536 3466 716 3505 Franciiead
732 3468 916 3498 reverentiam
931 3468 963 3498 &
976 3476 1108 3506 rogatum
1123 3466 1232 3496 Domi-

179 3507 209 3535 ni
226 3506 337 3537 Summi
351 3505 515 3544 pontificis,
533 3505 566 3535 ad
581 3514 692 3536 certum
705 3514 816 3543 tempus
829 3507 915 3543 captis
935 3506 964 3535 in
986 3504 1143 3544 Britannifi,
1161 3505 1232 3535 dum

178 3544 290 3574 interim
308 3544 457 3583 speraretur
481 3544 561 3574 Pacis
581 3544 760 3588 tranquillitas
776 3545 944 3582 provenire·²
959 3543 1040 3574 ecce!
1059 3543 1234 3580 Tranquilli-

179 3583 238 3612 tatis
250 3583 388 3621 applausus
403 3584 432 3612 in
444 3582 562 3613 subitam
575 3583 679 3613 tranfiit
691 3581 924 3619 Tempestatem3
943 3591 1011 3612 nam
1026 3581 1103 3611 idem
1125 3581 1233 3619 Philip-

180 3629 232 3657 pus
247 3621 334 3651 multa
353 3629 454 3652 contra
473 3620 595 3651 formam
616 3621 755 3651 dictarum
769 3621 949 3659 Treugarum
972 3621 1163 3658 attemptavit,
1182 3630 1231 3658 pa·

182 3666 245 3695 quae
261 3659 344 3689 dieta:
360 3659 483 3698 Treugae
496 3668 545 3695 per
559 3659 671 3696 culpam
684 3659 758 3689 suam
772 3658 928 3689 noscuntur
943 3659 1057 3689 notorie
1073 3658 1194 3688 violatae.

217 3695 254 3725 Et
267 3697 349 3734 licet,
369 3697 446 3735 super
461 3698 643 3728 reformandis
656 3698 823 3737 attemptatis
838 3697 992 3734 pmediffis,
1010 3696 1120 3734 fuisset,
1137 3697 1170 3726 ad
1178 3707 1233 3727 no-

181 3731 228 3761 stri
250 3736 493 3774 prosecutionem,
507 3745 557 3772 per
578 3735 689 3766 dit‘tum
712 3734 877 3765 Dominum
893 3734 1046 3765 Summum
1060 3734 1232 3765 Pontificem

179 3774 304 3813 congrue
319 3773 473 3817 requisitus,
491 3783 523 3803 ea
532 3782 626 3804 tamen
639 3784 699 3804 nori
714 3774 821 3803 curavit
833 3774 863 3802 in
876 3773 972 3811 aliquo
993 3773 1164 3811 reformare,
1181 3773 1231 3804 de·-

179 3808 296 3852 dignans
309 3813 429 3840 omnino
443 3821 497 3841 vrae
510 3810 589 3841 Pacis
604 3811 773 3842 rationabilis
785 3812 960 3849 consentire,
972 3811 1009 3841 set
1023 3811 1133 3849 semper
1145 3821 1231 3842 accu-

181 3846 298 3891 mulavit
312 3846 388 3877 Maia
398 3848 497 3887 Malis,
511 3851 541 3879 in
555 3850 670 3880 totalem
683 3849 771 3881 nostri
786 3849 819 3881 &
832 3849 996 3880 nostrorum
1010 3849 1229 3881 Subversionem

178 3885 341 3915 machinans
354 3895 405 3922 pro
419 3887 521 3917 viribus
535 3888 568 3919 ὃς
585 3889 692 3919 initeris.

215 3921 336 3960 Propter
352 3922 427 3960 quod
438 3946 447 3961 ,
466 3926 626 3962 impellente
639 3925 816 3964 neceffitate,
833 3926 895 3956 tarn
910 3936 962 3963 pro
975 3925 1138 3958 defensione
1145 3925 1230 3964 Reg-

179 3962 208 3991 ni
222 3960 309 3991 nostri
323 3959 436 4004 Anglize
443 3983 452 3997 ,
470 3964 555 3999 quam
566 3964 601 3994 ad
613 3964 800 4003 recuperanda
811 3964 878 4003 Jura
892 3964 985 3995 nostra
993 3989 1002 4002 ,
1010 3975 1079 4002 nos,
1100 3966 1147 4003 qui
1157 3975 1230 4003 pon-

177 3999 228 4029 dus
250 3998 362 4030 incudis
382 4007 517 4037 patienter
537 4001 585 4030 diu
605 4004 780 4039 portavimus
794 4025 804 4041 ,
823 4001 922 4032 Mallei
942 4002 1074 4034 officium
1090 4002 1229 4034 assumere

176 4038 393 4076 compellimur,
410 4046 471 4068 non
489 4037 525 4068 de
544 4038 674 4074 Terrena
693 4040 791 4074 confisi
813 4039 960 4079 Potentia,
978 4041 1018 4073 set
1037 4041 1088 4073 sub
1110 4041 1230 4074 Divinae

1273 3196 1389 3228 finaliter
1403 3197 1586 3228 terminanda.

1310 3235 1399 3273 Super
1413 3245 1472 3274 quo
1484 3236 1551 3266 scire
1565 3235 1634 3266 velit
1645 3234 1737 3274 Regia
1750 3233 1842 3265 vestra
1856 3232 2087 3274 Magnificentia,
2105 3234 2204 3274 quod,

1312 3274 1395 3305 Licet
1408 3275 1519 3304 attentis
1553 3274 1663 3305 ravibus
1682 3272 1865 3310 expensarum
1886 3273 2036 3311 oneribus,
2056 3282 2123 3312 quas
2143 3274 2218 3304 circa
2237 3273 2333 3305 Guer-

1273 3322 1315 3342 ras
1328 3311 1435 3342 nostras
1450 3311 1530 3342 effiin
1551 3321 1598 3342 ere
1611 3321 1665 3342 nos
1679 3318 1810 3350 oportet,
1827 3318 1933 3342 tantam
1951 3309 2088 3342 Pecuniae
2107 3311 2258 3343 Summam
2278 3312 2334 3344 sta-

1273 3352 1342 3387 tim,
1360 3350 1463 3388 absque
1476 3350 1649 3381 detrimento
1681 3348 1842 3387 raviffmno,
1857 3350 1964 3380 solvere
1978 3359 2038 3381 non
2093 3349 2215 3389 ffumus,

1309 3389 1354 3419 Ex
1367 3388 1474 3419 intenso
1489 3397 1585 3419 tamen
1599 3388 1654 3418 desi
1677 3389 1754 3427 erio,
1774 3388 1852 3426 quod
1874 3388 2011 3419 habemus
2030 3360 2282 3420 ad’orenovandum
2296 3389 2331 3421 &

1272 3427 1442 3457 firmandum
1456 3428 1581 3465 antiquas
1597 3426 1684 3463 Ligas
1697 3427 1730 3458 &
1746 3426 1909 3464 Amicitias,
1926 3428 2000 3457 inter
2014 3426 2130 3457 Domos
2148 3427 2256 3458 nostras
2269 3427 2332 3458 Re-

1271 3467 1329 3503 gias
1341 3465 1450 3496 dudum
1465 3465 1568 3504 factas,
1584 3465 1737 3504 praesertim
1749 3473 1864 3503 propter
1875 3464 2060 3496 dilefflonem
2074 3475 2162 3503 quam
2181 3465 2216 3496 ad
2236 3465 2331 3504 perso·

1270 3514 1338 3534 nam
1354 3503 1491 3542 vestram,
1509 3514 1593 3542 quae,
1612 3514 1670 3542 prae
1686 3505 1792 3534 caeteris
1807 3503 1906 3534 mundi
1921 3503 2117 3542 Principibus,
2136 3504 2267 3541 gioriofis
2277 3504 2333 3535 ful-

1271 3550 1320 3579 get
1336 3542 1501 3573 strenuitatis
1513 3543 1547 3574 &
1558 3543 1711 3574 nobilitatis
1725 3541 1845 3581 Titulis,
1863 3542 1915 3572 hiis
1932 3541 2050 3581 diebus,
2068 3542 2237 3581 singulariter
2254 3543 2332 3582 opti-

1271 3591 1370 3612 nemus

1309 3605 1409 3660 Liga’m
1424 3618 1508 3657 ipsam
1522 3619 1624 3650 habere
1637 3619 1787 3658 volumus,
1805 3620 1838 3650 δε
1854 3618 1994 3650 solutioni
2007 3618 2093 3650 ὤθεε
2112 3618 2258 3659 Summae,
2273 3619 2330 3650 Ar-

1271 3668 1366 3688 rarum
1387 3658 1506 3688 nomine
1520 3682 1530 3695 ,
1559 3658 1776 3695 consentimus,
1805 3658 1941 3695 sperantes
1963 3657 2073 3695 semper
2099 3658 2180 3695 quod
2195 3680 2206 3696 ,
2235 3659 2329 3688 innam

1270 3697 1352 3726 vobis
1375 3696 1556 3726 Liberalitatis
1575 3696 1717 3726 affluentia
1730 3720 1740 3734 ,
1761 3695 1855 3734 quoad
1873 3695 2069 3726 remiffionem
2088 3697 2170 3733 partis
2191 3698 2224 3727 &
2245 3695 2329 3727 Solu·

1270 3735 1354 3803 dog-s
1371 3734 1528 3779 Terminos
1541 3757 1551 3773 ,
1568 3735 1651 3765 faciet
1672 3743 1707 3765 ex
1728 3734 1814 3774 gratia
1825 3758 1836 3773 ‚
1861 3733 1939 3773 quod
1957 3733 2053 3765 nostra
2072 3733 2246 3775 Depreoetio
2263 3741 2326 3763 non

1292 3783 1308 3803 r*
1341 3782 1420 3803 urnit.

1270 3783 1290 3810 p
1307 3811 1354 3842 Ad
1375 3811 1437 3842 haec
1455 3819 1549 3842 autem
1572 3810 1765 3850 prosequenda
1785 3810 1905 3841 finaliter
1926 3811 1961 3842 &
1981 3810 2133 3849 firmanda,
2151 3809 2258 3840 Fideles
2272 3819 2327 3840 no-

1269 3847 1359 3888 stros,
1378 3849 1576 3881 Venerabilem
1591 3849 1722 3889 Patrem,
1740 3849 1856 3881 Petrum
1869 3849 1974 3888 Episco
1995 3859 2045 3880 um
2068 3849 2195 3884 Baionae,
2215 3847 2267 3886 &,
2283 3848 2327 3879 di-

1268 3888 1390 3919 scretum
1407 3888 1526 3925 Virum,
1545 3888 1720 3926 Magistrum
1731 3887 1896 3918 Gerardurn
1912 3887 1949 3918 de
1991 3887 2076 3926 odio,
2092 3895 2162 3916 cum
2184 3885 2328 3929 Iffotestate

1269 3926 1432 3965 sufficienti,
1451 3928 1484 3957 ad
1505 3927 1665 3958 Serenitatis
1686 3926 1787 3959 vestrae
1808 3926 1982 3965 praesentiam
1995 3924 2174 3963 praevidimus
2187 3925 2327 3956 destinan-

1268 3964 1336 4002 dos,
1355 3975 1426 4003 quos
1446 3964 1598 3996 affectione
1620 3965 1753 3996 consueta
1773 3963 2022 3996 recommendatos
2042 3962 2145 3992 habere
2168 3962 2274 4002 velitis,
2291 3964 2326 3995 &

1267 4002 1302 4033 ad
1315 4003 1389 4033 fielix
1405 4004 1544 4042 utriusque
1557 4003 1690 4035 nostrfirn
1706 4002 1832 4034 defiderii
1845 4002 2094 4070 comffilgrnentum
2103 3998 2182 4031 dieto
2190 4000 2327 4041 Negotio

1267 4041 1355 4074 finem
1369 4043 1516 4080 imponere
1531 4042 1664 4081 felicem,
1680 4042 1805 4074 utinam!
1824 4041 1859 4072 ὅ(
1874 4041 1903 4071 fe
1930 4041 1936 4046 ’
1957 4048 2015 4070 um.
2263 4076 2311 4108 Ad

1994 2546 2075 2576 uibus
2089 2544 2182 2574 eidem
2197 2542 2217 2562 ¹¹⁵
2232 2542 2337 2574 Excel-
2353 2552 2369 2569 ο
2381 2557 2485 2591 5746,-
