2562 4279
190 79 245 120 54

50 151 128 182 Arm.
143 151 264 183 Dmum
288 153 465 191 Lincoluiae,
482 161 517 183 ac
535 161 636 183 eorum
657 152 792 190 alterurn,
810 160 845 182 ex
863 159 940 192 parte
959 149 1074 190 nostra,
1091 151 1200 191 plenius
1212 160 1262 183 ex-

73 199 83 218 ς
94 200 157 226 322.
193 192 346 230 ponendis,
363 191 466 222 eisdem
484 192 516 221 &
529 200 630 221 eorum
643 190 722 220 alteri
734 189 820 221 fidem
834 190 980 222 indubiam
993 190 1166 222 adhibentes.

53 229 117 258 Edv.
137 239 163 259 2.
233 229 301 262 Dat.
317 230 390 269 apud
405 228 563 267 Goseford,
579 229 686 259 octavo
699 228 746 259 die
757 229 888 269 Augusti.

366 305 478 336 Eodem
493 303 585 336 modo
601 305 727 337 scribitur
740 305 917 346 subscriptis,
933 306 1083 346 videlicet,

234 384 349 412 Domino
367 383 400 411 R.
417 380 546 422 Ostiensi,
960 384 979 414 Ἰ

232 423 349 466 Domino
369 422 412 450 W.
432 418 600 459 Penestrino,
973 415 981 455 ἶ.
998 439 1145 478 Episcopis
1162 437 1262 471 Cardi-

238 461 350 504 Domino
370 460 406 488 Β.
421 458 578 538 Ροῂῐιιεῗιίῑ,
971 458 1111 511 ¹>nalibus-

232 498 348 526 Domino
362 499 397 526 G.
411 496 529 527 Sabmen
541 508 566 536 i,
975 514 981 541 ἶ

232 537 349 565 Domino
362 537 398 565 Β.
413 535 559 575 Tusculano
567 559 578 575 ,
961 544 982 573 ‚J

233 614 351 642 Domino
364 615 404 643 N.
420 612 497 643 tituli
512 614 607 644 San&
620 614 748 653 ensebii,
959 611 977 642 Ἰ

235 653 348 680 Domino
363 654 398 681 G.
413 650 491 682 tituli
506 653 601 682 Sanni
615 656 716 683 ciriaci
727 656 757 683 in
769 655 886 692 firmis,
969 643 983 773 ¹

232 691 348 736 Domine
377 693 412 721 G.
443 690 520 721 tituli
543 692 701 721 Sanaorum
732 691 890 723 Marcellini
909 689 948 727 ὠ

231 730 396 797 sznfiss'P.
411 766 489 797 tituli
501 769 610 798 SaneZae
622 768 771 809 Susiznnae,

230 807 346 835 Domino
360 808 395 835 Β.
409 805 486 836 tituli
499 808 596 837 Sanef't‘i
610 807 754 846 Marcelli,

232 845 348 874 Domino
362 848 390 874 S.
405 844 481 874 tituli
495 847 603 875 Sanc‘Zae
623 845 720 884 Prifiae
729 871 739 884 ,

230 883 346 912 Domino
362 886 397 912 Β.
413 883 490 913 tituli
502 885 597 914 Sandli
613 887 641 914 V
643 884 733 923 italis,

231 922 348 951 Domino
362 924 393 951 P.
411 921 490 951 tituli
503 923 610 952 Sandlae
628 922 804 963 Anastafiae,

231 961 350 989 Domino
379 962 411 991 P.
447 959 523 990 tituli
550 962 646 990 Saum
676 961 807 1000 Stephani
828 963 864 996 in,
878 959 949 991 Celio

232 1001 395 1067 Βίκῗῖῗοΐθρ.
412 1035 490 1067 tituli
505 1039 613 1068 Sanffae
629 1039 800 1069 Potentianae
809 1061 820 1076 ,
957 1039 978 1070 ,1

971 778 978 818 :¹
997 802 1158 834 Presbiteris
1175 801 1249 833 Car-

969 823 1142 889 sdinalibus.

232 1115 349 1144 Domino
363 1116 403 1144 N.
418 1116 514 1144 Sanffl
527 1115 670 1155 Adriani,
958 1116 976 1146 Ἰ

230 1154 346 1182 Domino
366 1152 402 1190 J.
418 1155 512 1183 Sant‘li
529 1158 636 1191 Georgii
649 1155 689 1183 ad
699 1153 790 1183 Velum
802 1155 947 1192 Aureum,
974 1147 979 1197 1

229 1192 346 1221 Domino
363 1194 399 1221 L.
414 1193 524 1221 Sanciae
538 1196 642 1223 Mariae
657 1196 686 1222 in
702 1195 729 1222 V
729 1192 758 1221 ia*
773 1191 834 1221 latai
844 1216 853 1230 ‚
974 1199 979 1247 Ι

230 1230 348 1259 Domino
361 1233 396 1259 R.
411 1232 521 1260 Sam‘iae
535 1234 639 1261 Maria»
653 1234 682 1261 in
697 1230 855 1269 Cosinedyn,
973 1248 979 1285 ι
1033 1269 1038 1274 .
1119 1269 1123 1274 Ι
1238 1267 1243 1272 “

232 1270 350 1298 Domino
365 1272 408 1298 A.
421 1271 530 1299 Saucia·
545 1272 649 1298 Mariae
665 1273 694 1298 in
709 1271 834 1307 Portica,
968 1268 1138 1328 >Draconis
1158 1266 1261 1299 Cardi-

230 1308 346 1337 Domino
361 1310 394 1337 R.
411 1310 519 1337 Saucia»
534 1311 637 1338 Mariae
653 1310 763 1345 Novae,
996 1308 1112 1338 nalibus.

39 1331 58 1352 ⁶
74 1334 129 1361 ῙῘῘ·
232 1348 248 1361 ”
269 1347 388 1375 Domino
403 1349 438 1375 B.
454 1348 562 1376 Sanr‘lae
574 1345 716 1385 Agatlyae,
961 1330 982 1500 Al

41 1381 75 1406 97
85 1381 108 1399 ¹·
231 1385 349 1414 Domino
364 1387 396 1414 P.
411 1387 506 1414 Sanft'i
520 1385 639 1422 Angeli,

232 1424 349 1452 Domino
363 1427 404 1454 A,
421 1425 516 1452 sanavi
531 1422 689 1462 Eustachii,

232 1463 349 1491 Domino
363 1465 399 1491 B.
414 1463 523 1492 Sam‘i‘ae
539 1465 644 1492 ,Mariae
658 1465 687 1491 in
703 1463 822 1502 Aquiro.

195 1588 254 1624 Ad
267 1588 479 1623 Cardinalium
498 1594 614 1625 Coemm
626 1620 636 1634 ‚
654 1593 746 1640 fitper
764 1594 874 1625 Annui
893 1594 1000 1639 Cenfics
1018 1594 1185 1637 solutione,
1206 1595 1264 1641 fit-

232 1648 287 1684 per
302 1641 460 1671 Sententiis
477 1651 581 1673 contra
597 1645 695 1674 Scotos
717 1654 755 1689 ag
758 1641 950 1689 gravandis,
977 1645 1014 1681 (ᾔ
1024 1643 1116 1689 fhpcr
1137 1646 1265 1677 Gra-va-

236 1685 368 1719 mim'bm
389 1691 421 1720 in
439 1691 533 1722 Curia
553 1693 703 1725 Romana.

41 1778 119 1810 Arm,
130 1777 170 1810 Β,
193 1772 403 1835 SAn&orum
419 1775 449 1804 in
462 1774 581 1820 Christo
595 1775 729 1815 Patrum,
748 1775 937 1807 Sacrosimstae
958 1775 1106 1822 Romanae
1126 1776 1264 1822 Ecclefiae

62 1827 148 1857 1322-
243 1810 453 1856 Cardinalium,
471 1812 573 1844 Coctui
589 1816 774 1860 venerando,
801 1814 974 1860 EdwarduS,
1001 1815 1059 1847 Dei
1074 1817 1177 1856 granai,
1196 1817 1263 1849 Rex

39 1860 96 1885 52„
111 1858 153 1885 16·
193 1850 322 1888 Angliae,
342 1851 403 1881 &c.
418 1851 551 1891 salutem,
569 1853 602 1884 &
617 1854 731 1885 smcerae
744 1854 903 1884 dileffitionis
914 1854 1060 1885 affec‘fflm.

39 1899 71 1929 ξ,
90 1905 118 1924 2,
234 1888 332 1928 Qam
346 1889 466 1928 benigna
481 1891 564 1922 fuerit
577 1901 663 1932 penes
676 1902 728 1923 nos
749 1893 827 1924 Sacri
846 1892 971 1930 Collegii
991 1893 1077 1924 vestri
1094 1894 1127 1925 &
1142 1894 1266 1933 singulo-

39 1937 111 1962 Ram.
135 1936 177 1962 15,
195 1937 259 1958 rum
273 1926 402 1962 vestrum
417 1929 549 1968 affectio,
567 1931 748 1961 multiformis
780 1931 921 1962 raecedens
936 1932 974 1962 rei
987 1941 1103 1963 eventus
1134 1943 1167 1964 ac
1177 1934 1266 1965 Nun-

41 1976 71 1999 E.
93 1982 121 2000 2,
193 1967 304 2009 ciorum
320 1965 500 2005 nostrorum,
519 1978 609 2006 nuper
629 1969 664 1999 ad
680 1979 732 2000 nos
770 1980 786 2000 e
801 1968 889 2000 Curia
910 1969 1048 2000 Romana
1066 1956 1266 2012 redeuntium,

40 2019 78 2037 m.
98 2019 115 2046 9
191 2004 322 2035 admiffio
336 2014 426 2044 grata,
442 2007 476 2037 &
491 2007 630 2037 familiaris
644 2008 872 2038 communicatio
890 2017 958 2038 cum
979 2009 1084 2038 eisdem
1099 2032 1109 2048 ,
1130 2010 1195 2041 luce
1209 2011 1267 2043 cla-

191 2043 249 2073 ritis
261 2043 455 2082 manifestant,
471 2044 549 2076 unde
560 2046 660 2085 vobis,
678 2047 758 2078 simul
772 2047 923 2085 omnibus,
941 2047 976 2079 ὃ(
987 2047 1157 2088 singulariter
1168 2049 1265 2088 singu—

190 2081 223 2112 lis
258 2091 347 2121 grates
362 2082 530 2114 exsolvimus
544 2094 578 2114 ex
594 2085 698 2115 intimo
710 2085 805 2116 cordis
819 2085 917 2116 nostri.

227 2104 305 2159 ilos,
321 2122 355 2153 ὃ(
374 2122 495 2161 fingulos
513 2122 642 2154 vestrfim
661 2123 821 2155 affectuosis
837 2123 975 2155 Precibus
993 2134 1152 2165 exorantes,
1171 2129 1263 2168 quati-

191 2159 260 2198 nuS,
278 2160 371 2199 quoad
388 2160 556 2192 solutionem
571 2161 685 2193 Census
699 2165 784 2194 annui
798 2163 875 2193 mille
889 2163 1074 2204 Marcarum,
1092 2166 1263 2205 aliquamdiu

189 2197 303 2228 dilatam
335 2199 434 2229 habeat
448 2209 500 2230 nos
512 2199 602 2231 vestra
615 2202 734 2240 provida
745 2202 910 2233 deliberatio
924 2203 1075 2234 excusatos.

228 2236 298 2266 Post
310 2222 522 2269 'rurbationem
542 2241 619 2270 enim
631 2263 641 2277 ,
667 2241 696 2270 in
714 2240 821 2280 Regno
842 2241 942 2272 nostro
963 2252 1054 2280 nuper
1075 2250 1185 2273 motam
1197 2265 1206 2280 ,
1232 2244 1262 2274 in

187 2275 244 2315 qui
257 2277 408 2314 pecuniam
422 2276 573 2315 plurimam
587 2277 753 2318 effudimus,
767 2280 827 2318 jam
840 2287 919 2319 urget
932 2290 983 2310 nos
1002 2281 1157 2311 Scotorum
1172 2303 1182 2319 ,
1205 2280 1263 2311 Ini-

192 2315 337 2345 micorum
352 2315 385 2346 &
401 2314 566 2346 Rebellium
579 2317 761 2355 nostrorum,
779 2318 813 2349 &
827 2318 938 2348 Guerra
952 2319 1090 2349 continue
1100 2320 1130 2349 in
1145 2329 1197 2350 nos
1212 2320 1262 2350 sae-

189 2353 286 2420 *fide-ng
303 2353 332 2383 in
348 2352 404 2391 qua
416 2354 600 2394 exponimus,
618 2355 652 2385 ὃ(
666 2365 808 2394 exponere
823 2358 954 2396 cogimur
966 2358 1114 2397 pecuniam
1129 2357 1204 2396 quasi
1217 2359 1261 2388 in-

213 2398 308 2421 nitam.

229 2428 295 2468 Set,
313 2428 479 2460 ceffantibus
490 2430 701 2468 impedimentis
714 2432 892 2472 hujusmodi,
911 2433 1000 2464 taliter
1013 2434 1048 2465 de
1061 2434 1140 2473 ipsius
1149 2434 1262 2466 Census

189 2466 344 2506 solutione,
363 2467 496 2498 Domino
511 2470 703 2508 concedente,
723 2471 917 2511 disponemus,
940 2472 1019 2510 quod
1034 2474 1117 2503 vobis
1131 2474 1213 2505 cedet
1226 2474 1261 2505 ad

191 2514 303 2550 gratum
316 2528 328 2545 ,
350 2506 384 2538 &
406 2506 496 2538 vestra
515 2509 653 2539 unanimis
667 2508 795 2541 Affeciio
814 2510 882 2541 inde
902 2511 1001 2542 debeat
1017 2513 1122 2543 metito
1137 2520 1262 2544 conten-

193 2553 254 2576 tari.

228 2583 274 2615 Ad
289 2583 353 2614 haec
368 2606 378 2622 ,
402 2593 433 2615 ut
455 2584 610 2617 Sententiae
628 2586 661 2618 &
679 2586 826 2618 Processus
840 2611 849 2626 ,
875 2589 1002 2620 inchoati
1025 2597 1124 2620 contra
1139 2589 1263 2630 Scotos,

191 2621 327 2655 Ecclesiae
346 2622 490 2654 Romanae
505 2624 653 2663 Rebelles,
673 2626 706 2656 ὃ(
726 2626 837 2657 nostros
857 2626 1009 2666 Inimicos,
1027 2629 1120 2659 modis
1140 2629 1173 2659 &
1191 2630 1260 2667 viis,

189 2662 289 2704 quibus
305 2662 462 2692 commode
477 2662 533 2693 fieri
553 2665 675 2703 poterit,
692 2674 894 2704 aggraventur,
909 2667 1014 2704 velitis,
1032 2668 1087 2697 una
1107 2677 1176 2697 cum
1191 2667 1262 2699 San—

191 2699 318 2730 ctiffimo
331 2701 359 2729 in
375 2698 494 2731 Christo
513 2701 593 2732 Patre
606 2725 615 2741 ,
642 2702 775 2733 Domino
790 2704 914 2735 Summo
937 2704 1076 2735 Pontifice
1099 2706 1163 2743 (cui
1181 2706 1261 2747 super

190 2739 249 2770 hoc
265 2737 363 2768 Preces
377 2738 483 2770 nostras
495 2739 654 2778 dirigimus)
670 2741 796 2773 vestrum
812 2743 936 2783 praebere
950 2743 1128 2774 consensum.

227 2775 394 2814 Caeterum,
413 2778 459 2807 etsi
482 2779 684 2816 querelantium
702 2782 821 2821 impetus
835 2805 843 2819 ,
867 2783 978 2820 quiea,
997 2792 1060 2820 quae
1079 2783 1179 2822 placita
1200 2783 1262 2814 sunt

191 2815 222 2845 in
239 2815 330 2846 oculis
346 2816 397 2844 iuis
411 2837 420 2852 ,
441 2818 643 2848 tantummodo
662 2818 767 2857 sapiunt
782 2843 792 2858 ,
817 2820 852 2850 de
875 2822 980 2859 injuriis
998 2822 1078 2859 super
1101 2819 1263 2861 Beneficiis,

194 2863 262 2891 quae
277 2853 348 2886 infra
367 2853 504 2889 Regnum
520 2855 648 2886 nostrum
667 2858 817 2889 vendicant
831 2882 840 2896 ,
865 2867 912 2890 aut
930 2860 1079 2899 optinent,
1097 2860 1148 2890 fibi
1168 2860 1263 2899 saetis,

193 2899 278 2930 prout
300 2886 448 2935 supradic’ii
470 2893 584 2924 Nuncii
606 2894 693 2925 nostri
715 2897 798 2927 nobis
817 2897 953 2929 dederunt
976 2898 1092 2938 intelligi
1106 2922 1116 2937 ,
1140 2898 1263 2930 Coetum

193 2930 321 2960 vestrum
341 2930 393 2960 suis
413 2931 584 2962 clamoribus
606 2935 813 2973 excitaverint,
840 2947 901 2966 non
925 2937 1020 2967 credat
1046 2936 1136 2968 vestra
1158 2936 1265 2969 Puritas

193 2968 275 3007 quod
290 2977 389 2999 contra
400 2979 572 3014 quemquam
588 2971 661 3001 aliud
678 2974 831 3012 egerimus,
850 2976 934 3013 quam
968 2975 1026 3006 uod
1039 2975 1195 3007 secundum
1207 2977 1265 3007 Le-

193 3016 261 3046 gem
277 3007 312 3038 &
328 3006 573 3039 Consuetudinem
598 3008 693 3049 Regni
708 3011 793 3042 nostri
806 3013 938 3044 haftenus
970 3015 1009 3044 eri
1027 3014 1181 3045 consuevit.

233 3044 410 3076 Affeetarnus
420 3048 498 3077 enirn
514 3048 648 3078 omnibus
663 3049 695 3078 δε
717 3050 830 3087 lingulis
843 3074 852 3089 ,
878 3053 914 3082 de
928 3052 1151 3083 Gravaminibus
1171 3053 1264 3093 hujus-

198 3084 296 3123 modi,
314 3085 451 3123 quatenus
468 3085 501 3116 ad
515 3096 567 3117 nos
581 3086 613 3117 δε
627 3088 823 3126 cognitionem
838 3089 962 3120 nostram
978 3091 1150 3130 pertineant,
1165 3102 1264 3130 quere-

690 3125 798 3157 'ustitize
812 3130 1067 3166 complementum.

195 3122 252 3152 lam
265 3123 408 3161 deponere
421 3125 597 3164 volentibus,
613 3125 673 3156 fieri

233 3160 323 3204 Super
338 3162 483 3200 praemissis
497 3172 592 3194 autem
614 3164 648 3195 ὃς
667 3136 723 3195 aliis
744 3164 899 3204 Negotiis,
919 3177 970 3197 nos
988 3168 1021 3198 ὃ(
1043 3167 1144 3198 statum
1167 3168 1262 3209 Regni

195 3198 285 3230 nostri
295 3201 490 3239 tangentibus,
508 3203 589 3232 vobis
602 3212 651 3240 per
665 3227 674 3242 ,
698 3203 816 3234 dilec'ios
830 3205 863 3235 δε
882 3205 974 3236 fideles
994 3205 1121 3244 nostros,
1141 3206 1266 3238 Venera-

195 3237 282 3268 bilem
298 3237 429 3276 Patrem,
449 3239 488 3268 R.
502 3240 545 3269 W
548 3242 741 3280 yntoniensem
755 3242 929 3280 Episcopum
943 3266 952 3281 ,
977 3244 1011 3275 &
1033 3244 1202 3283 Magistrum
1212 3246 1265 3285 Jo-

195 3275 321 3306 hannem
336 3275 373 3306 de
384 3276 541 3316 stratford,
560 3279 805 3311 Archidiaconum
826 3281 987 3312 Lincolniae
1000 3305 1010 3320 ,
1033 3283 1080 3312 vel
1095 3283 1212 3314 alterum
1226 3285 1267 3322 ip-

196 3314 310 3352 sorum,
326 3314 452 3345 seriosius
466 3317 654 3356 exponendis,
671 3319 791 3357 eisdem,
806 3320 850 3350 vel
864 3330 964 3351 eorum
980 3321 1057 3351 alteri
1072 3320 1175 3360 fidem,
1189 3332 1269 3361 quae-

198 3352 309 3392 sumus,
328 3353 474 3384 indubiam
489 3354 624 3386 adhiberi.

237 3390 305 3422 Dat.
319 3391 393 3429 apud
408 3392 536 3423 Novum
550 3393 686 3425 Castrum
698 3394 776 3435 super
793 3396 926 3436 Tynam,
945 3397 1050 3428 octavo
1064 3397 1108 3428 die
1122 3398 1250 3439 Augusti.

303 3528 354 3560 De
369 3529 472 3560 Terris
490 3527 667 3577 affigntmclis
688 3533 814 3574 fratri,
841 3534 877 3569 &⁶
897 3531 1060 3578 IVepott'bus
1078 3536 1171 3579 Papae.

51 3612 130 3645 'Arm
143 3610 186 3643 D.
205 3610 351 3666 REX,
367 3611 474 3644 Nobili
490 3613 562 3644 Viro
576 3615 609 3646 ὃ(
629 3615 703 3646 fideli
719 3615 767 3646 suo
779 3639 788 3654 ,
810 3615 943 3647 Domino
962 3616 1049 3648 Petro
1064 3617 1164 3655 Doza,
1183 3617 1269 3648 Fratri

74 3659 159 3691 1322.
269 3649 391 3681 Domini
404 3651 517 3683 Summi
532 3652 693 3689 pontificis.
713 3654 816 3694 Militi,
836 3655 943 3686 Amico
964 3655 1014 3686 suo
1029 3655 1188 3694 cariffimo,
1203 3656 1271 3686 salu-

51 3692 105 3717 An.
128 3690 168 3715 16.
207 3693 282 3720 tem,
301 3689 333 3718 δε
349 3690 463 3720 sincerae
478 3691 636 3723 dilecffionis
653 3693 798 3723 affetfmm.

52 3731 84 3754 Ε.
101 3737 127 3754 2.
243 3724 297 3768 Nu
319 3736 347 3769 er
367 3729 538 3760 attendentes
553 3731 628 3760 bona
648 3732 681 3762 δε
702 3732 845 3762 laudabilia
864 3731 980 3763 Servitia
995 3756 1005 3772 ,
1027 3743 1092 3772 quae
1111 3732 1194 3762 nobis
1215 3733 1271 3761 im-

53 3769 125 3792 Rom.
146 3766 189 3792 16.
206 3762 289 3806 pendi
319 3774 355 3799 ιε,
375 3765 408 3794 ὃῑ
422 3768 620 3805 impenderetis
632 3770 662 3799 in
675 3771 817 3809 futurum,
833 3771 1021 3802 conceffimus
1034 3772 1118 3801 vobis
1134 3771 1272 3801 sexcentas

54 3807 85 3830 13.
104 3812 131 3830 2.
208 3800 309 3831 Libras
328 3801 541 3835 Turonensium
560 3805 720 3838 Parvorum
734 3831 743 3843 ,
787 3810 958 3848 ercipiendas
979 3810 1090 3847 singulis
1108 3809 1216 3847 Annis,
1242 3809 1272 3838 in

55 3850 92 3869 m.
112 3841 189 3869 ¹0.d.
207 3838 292 3869 Festo
308 3838 420 3869 Paschae
436 3865 445 3879 ,
470 3854 518 3879 per
534 3855 632 3875 manus
655 3818 863 3877 constabularii
884 3848 973 3878 nostri
995 3848 1176 3887 Burdegalliae
1189 3872 1199 3884 ,
1224 3847 1272 3885 qui

207 3886 262 3914 pro
283 3886 412 3919 tempore
430 3881 511 3910 fuerit
527 3904 536 3918 ,
561 3885 704 3921 quousque
726 3887 807 3915 vobis
828 3886 863 3915 de
881 3886 1015 3917 sexcentis
1037 3886 1154 3916 Libratis
1175 3886 1273 3915 Terrae

206 3915 380 3945 Turoneniis
394 3924 442 3953 per
458 3918 593 3961 Annum,
612 3922 747 3952 habendis
769 3923 850 3954 vobis
864 3925 897 3955 &
919 3924 1089 3956 Haeredibus
1105 3924 1199 3957 vestris
1218 3924 1275 3954 irn-

208 3960 376 3993 perpetuum
385 3976 395 3993 ‚
412 3954 572 3987 duxerimus
585 3960 803 3996 providendum.

644 64 1447 113 CONVENTIONsss,

1505 64 1908 116 LITERAE,

1335 150 1374 183 Et
1386 149 1576 190 ‘postmodum
1597 151 1718 190 pluries,
1731 160 1764 182 ac
1777 151 1837 190 jam
1852 150 1958 181 ultimo
1998 160 2027 180 er
2043 148 2180 180 Nuncios
2194 149 2321 189 nostros,
2336 151 2371 182 ad
2392 147 2517 185 Ann.D.

1302 188 1423 221 Curiam
1442 189 1610 221 Romanam
1623 189 1775 220 destinatos
1788 212 1799 228 ,
1822 190 1857 219 de
1875 188 1957 219 dietis
1977 158 2094 226 Pserris,
2111 189 2195 219 vobis
2208 188 2370 228 affidendis,
2407 196 2490 226 1322.

1299 228 1404 260 fuimus
1419 229 1548 265 excitati‚·
1566 239 1635 266 nos,
1649 236 1755 267 quanto
1769 228 1914 259 Amicitiae
1926 226 2027 258 vestrae
2047 226 2242 257 Sinceritatem
2256 229 2368 258 interius
2385 227 2450 255 Edv-
2473 240 2499 260 ι.

1301 267 1483 306 afferamus,
1498 276 1577 299 tanto
1594 266 1698 297 Terras
1711 266 1766 296 illas
1787 267 1818 296 in
1837 266 1856 285 ²*
1878 265 1946 296 locis
1965 265 2209 304 competentibus,
2225 265 2369 305 videlicet,
2385 264 2399 279 *⁸
2419 265 2471 295 ΙΙΙ.

1299 305 1371 337 infra
1385 305 1523 346 Regnum
1536 305 1667 337 nostrum
1681 305 1807 345 Angli-ae,
1824 305 1906 335 vobis
1919 304 2111 336 ordinavimus
2126 302 2175 334 affi
2196 303 2306 335 mandas.
2383 310 2447 337 972.

1337 343 1428 375 Vobis
1442 346 1526 384 igitur
1541 344 1707 375 mandamus
1719 351 1869 381 rogantes,
1905 343 2013 373 uatinus
2023 343 2057 372 ali
2077 351 2158 386 uem,
2192 352 2208 372 e
2221 352 2280 387 quo
2294 352 2368 387 con·

1300 381 1399 421 fiditis,
1417 383 1451 414 ad
1467 393 1521 414 nos
1541 383 1681 413 destinetis
1692 405 1703 420 ,
1727 392 1781 420 pro
1801 381 1884 412 dictis
1929 383 1993 412 erris
2010 382 2044 414 δε
2106 389 2153 412 rtis
2163 403 2174 419 ,
2199 382 2281 412 vobis
2298 383 2365 414 inde

1299 420 1501 460 conficiendis,
1518 433 1533 452 a
1546 423 1628 452 nobis
1642 420 1820 459 recipiendis:
2111 458 2116 463 ι
2299 460 2304 465 ι

1339 458 1407 490 Nos
1426 461 1506 491 enim
1525 460 1628 492 Terras
1648 460 1704 490 illas
1718 460 1748 490 in
1770 460 1838 490 loco
1856 459 2032 497 competenti
2048 458 2131 489 vobis
2151 457 2189 488 sic
2208 459 2371 491 curabimus

1299 497 1454 534 assignare,
1472 499 1551 538 quod
1568 499 1633 530 inde
1644 499 1765 529 debeatis
1777 498 1882 529 merito
1896 498 2078 542 contentari..
2328 537 2333 543 .

1339 535 1425 568 Circa
1439 536 1658 575 Expeditionem
1672 537 1874 574 Negotiorum
1888 536 2051 567 nostrorum
2070 545 2099 565 in
2112 534 2248 567 Romana
2263 535 2370 577 Curia,

1301 575 1336 605 &
1353 576 1495 614 praecipue
1509 584 1540 606 ut
1552 577 1780 615 inquietationes,
1797 576 1880 606 nobis
1893 576 1922 604 in
1939 575 2038 606 eadem
2057 573 2164 611 Curia,
2182 575 2212 604 in
2226 575 2372 616 Personis,

1300 613 1471 644 dileetorum
1493 614 1673 645 Clericorum
1695 614 1877 652 nostrorum,
1897 613 1950 643 Ma
1971 613 2029 644 istri
2051 613 2172 644 Roberti
2193 613 2229 644 de
2243 614 2371 656 Baldok,

1301 651 1506 683 Archidiaconi
1522 651 1716 683 Middlesexiae
1754 653 1788 684 &
1808 651 1942 692 Magistri
2000 652 2107 684 illielmi
2119 652 2155 682 de
2169 652 2369 694 Ayremynne,

1301 691 1336 721 &
1352 691 1471 721 aliorum
1480 690 1660 722 Clericorum
1673 675 1857 729 nostrorum,
1875 691 2066 731 multipliciter
2080 692 2208 730 irrogatae
2246 693 2352 724 cessent
2361 716 2372 733 ,

1301 729 1336 759 &
1371 729 1511 759 ravamina
1532 738 1704 761 revocentur
1726 729 1782 767 (de
1801 730 1902 768 quibus
1918 729 2053 761 Domino
2075 730 2201 761 Summo
2240 731 2371 770 ontifici,

1301 768 1337 797 &
1350 738 1489 798 {Dominis
1504 766 1698 798 Cardinalibus
1718 767 1800 799 latius
1819 768 1981 806 scribimus)
1998 770 2088 800 velitis
2100 769 2137 799 sic
2152 769 2267 807 viriliter
2280 771 2313 801 ὃς
2327 770 2371 801 ef-

1300 805 1425 837 ficaciter
1438 806 1620 844 interponere
1632 816 1721 845 partes
1735 806 1854 846 vestras,
1872 808 1952 846 quod
1960 807 2029 846 Jura
2042 806 2139 838 nostra
2151 805 2260 847 Regia,
2279 808 2370 848 Leges

1301 845 1337 877 &
1353 843 1577 875 Consuetudines
1599 845 1694 884 Regni
1712 844 1802 875 nostri
1820 845 1872 884 (ad
1893 856 2016 885 quorum
2038 845 2292 877 Conservationem
2307 850 2370 878 vin-

1300 882 1370 913 culo
1379 882 1537 921 Juramenti
1554 882 1750 921 astringimur,
1767 894 1891 922 quorum
1905 885 1990 915 etiam
2004 894 2037 915 ex
2057 895 2135 916 nunc
2156 895 2207 915 vos
2228 885 2372 916 Defenso—

1300 930 1343 951 res
1358 921 1392 952 ἃ
1406 919 1644 960 Conservatores,
1658 923 1713 953 una
1728 923 1877 953 nobiscum
1886 945 1896 960 ,
1913 925 2084 962 reputamus)
2097 924 2177 954 illaesa
2192 934 2371 964 remaneant,

1300 960 1334 989 &
1349 959 1435 990 nobis
1448 960 1554 1000 integra
1568 961 1782 991 conserventur:

1339 998 1377 1029 Su
1399 1008 1428 1028 er
1440 998 1585 1038 praemissis
1596 999 1630 1030 ὃς
1644 999 1718 1037 aliis,
1734 1008 1785 1029 nos
1805 1000 2051 1039 contingentibuS,
2068 1001 2151 1030 vobis
2165 1011 2231 1040 per,
2249 1002 2370 1033 dilectos

1299 1037 1333 1067 &
1348 1038 1364 1067 fi
1386 1037 1440 1068 eles
1454 1037 1582 1076 nostros,
1606 1037 1806 1068 Venerabilem
1823 1036 1938 1068 Patrem
1955 1061 1964 1076 ,
1987 1038 2027 1068 R.
2044 1038 2087 1068 W
2108 1040 2284 1070 ntoniensem
2299 1040 2370 1079 Epi-

1298 1075 1437 1116 scopum,
1456 1076 1489 1106 &
1506 1075 1679 1116 Migistrurn
1694 1076 1723 1115 J.
1744 1075 1781 1106 de
1802 1075 1939 1107 Stratford
1953 1099 1963 1114 ,
1987 1076 2075 1107 Archi
2095 1077 2230 1107 iaconum
2250 1078 2369 1109 Lincol-

1299 1115 1372 1153 niae,
1387 1115 1430 1144 vel
1450 1124 1551 1146 eorum
1563 1116 1681 1147 alterum
1695 1138 1706 1154 ,
1729 1114 1916 1153 exponendis,
1936 1115 2064 1153 eisdem,
2081 1115 2114 1146 &
2129 1125 2230 1146 eorum
2245 1117 2321 1147 alteri
2335 1117 2369 1148 fi-

1299 1152 1366 1183 dem
1381 1153 1526 1184 indubiam
1540 1154 1712 1185 adhibentes.

1335 1191 1404 1222 Dat.
1419 1193 1493 1232 apud
1505 1191 1666 1232 Goseford,
1681 1193 1787 1224 octavo
1801 1191 1846 1223 die
1862 1191 1995 1230 Augusti.

1483 1268 1596 1301 Eodem
1608 1269 1698 1301 modo
1710 1271 1837 1305 scribitur
1850 1270 2020 1309 subscriptis3
2038 1269 2170 1301 videlicet
2178 1293 2189 1309 ,

1338 1345 1470 1377 Arnaldo
1484 1347 1515 1376 de
1528 1350 1672 1387 Tryanno,
1690 1350 1792 1387 Nepoti
1809 1351 1910 1378 Summi
1930 1347 2085 1389 Pontificit,
2103 1348 2135 1377 de
2156 1346 2295 1387 tristentis
2316 1351 2370 1380 Li·

1375 1386 1430 1415 bris
1445 1386 1653 1426 Tio-onenstbur,

1342 1426 1426 1454 Petro
1440 1424 1567 1503 ci'hVia',
1587 1428 1689 1465 Nepoti
1708 1428 1810 1456 Summi
1831 1424 1986 1466 Pontificis,
2004 1425 2036 1454 de
2055 1424 2194 1464 tresientis
2207 1424 2303 1456 Libris
2320 1429 2374 1456 Tu-

1375 1474 1474 1492 ronent
1495 1474 1534 1494 us.

1393 1598 1442 1630 De
1463 1595 1719 1631 Archidiaconatu
1741 1597 1947 1632 Richmundiae
1959 1624 1968 1640 ‚
1995 1599 2120 1632 collatio
2141 1599 2273 1646 Papalis.

1295 1680 1475 1764 JOhannes
1489 1683 1659 1723 Episcopus,
1677 1684 1768 1715 servus
1781 1683 1928 1715 servorum
1944 1682 2003 1714 Dei
2021 1707 2030 1722 ,
2053 1685 2195 1716 cariffimo
2207 1685 2237 1715 in
2254 1682 2372 1715 Christo
2391 1684 2467 1717 Ann.
2475 1684 2516 1717 D.

1340 1719 1413 1751 Filio
1427 1720 1561 1753 Edvardo
1576 1746 1585 1761 ‚
1611 1722 1689 1763 Regi
1709 1723 1819 1763 Angliae
1838 1723 1941 1754 Illustri
1956 1745 1966 1761 ,
1989 1723 2105 1754 salutern
2126 1725 2161 1756 δε
2176 1722 2373 1762 Apostolicam
2410 1734 2494 1791 13226.

2388 1767 2443 1791 An.
2460 1773 2468 1792 ι
2493 1785 2500 1792 .

1341 1795 1543 1838 Promptitudo
1568 1799 1669 1840 Regiae
1687 1799 1845 1832 devotionis
1860 1823 1870 1839 ,
1893 1800 1927 1831 &
1952 1800 2049 1831 fervor
2072 1800 2160 1840 fidei,
2184 1801 2285 1839 quibus
2309 1810 2374 1841 erga
2387 1805 2419 1829 Ε.
2439 1811 2468 1830 2.

1302 1832 1403 1867 Deum
1419 1838 1452 1868 &
1472 1837 1636 1869 Romanam
1659 1839 1747 1880 fulges
1766 1839 1921 1870 Ecclefiam
1938 1861 1948 1876 ,
1971 1840 2054 1870 nobis
2070 1839 2204 1870 fiduciam
2223 1841 2374 1878 repraesen-
2389 1844 2428 1867 Ex
2443 1843 2504 1873 Am,

1304 1880 1381 1914 tant,
1400 1876 1479 1914 quod
1498 1878 1615 1908 libenter
1633 1879 1762 1908 animum
1777 1887 1912 1917 praepares
1932 1877 2058 1917 Regium
2076 1879 2110 1909 ad
2126 1888 2158 1910 ea
2171 1902 2182 1916 ,
2205 1888 2270 1918 quae
2291 1878 2375 1910 nobis
2389 1886 2456 1916 togr.

1303 1921 1379 1951 grata
1394 1914 1456 1945 fore
1468 1917 1654 1955 cognoveris,
1673 1917 1860 1948 favorabiliter
1873 1916 2059 1954 adimplenda.

1343 1951 1424 1983 Ctim
1439 1955 1531 1992 itaque
1543 1964 1594 1985 nos
1608 1955 1716 1986 dudum
1726 1978 1736 1993 ,
1754 1954 1860 1985 dilecto
1876 1955 1968 1993 Filio,
1987 1954 2082 1985 Heliae
2101 1954 2280 1994 Talairandi,
2297 1954 2375 1986 Ger-

1304 1999 1409 2030 mano,
1428 1992 1524 2023 dilecffi
1547 1993 1631 2031 Filii,
1657 1993 1776 2024 Nobilis
1792 1993 1851 2024 Viri
1868 2016 1878 2032 ,
1903 1993 2116 2024 Archambaudi
2138 1992 2262 2024 Comitis
2279 1993 2376 2024 Petra-

1303 2030 1471 2070 goricensis,
1485 2031 1563 2069 juxta
1581 2032 1697 2063 suorum
1714 2033 1880 2063 meritorum
1897 2032 1940 2062 exi
1960 2033 2065 2063 entiam
2079 2055 2089 2070 ,
2114 2032 2239 2063 volentes
2258 2034 2376 2071 gratiam

1303 2068 1396 2098 facere
1410 2069 1576 2110 specialem,
1595 2071 1870 2102 Archidiaconatum
1890 2070 1948 2101 Ric
1971 2071 2131 2111 emundiae,
2146 2071 2175 2102 in
2193 2071 2319 2102 Ecclefia
2332 2070 2375 2102 E-

1303 2107 1464 2147 boracensi,
1481 2118 1550 2140 tunc
1573 2119 1722 2141 vacantem
1782 2121 1794 2140 r
1809 2109 2077 2148 consecrationem,
2096 2110 2261 2141 venerabilis
2276 2110 2379 2141 Fratri&

1303 2145 1407 2185 nostri,
1427 2146 1553 2186 Rotgeri
1574 2147 1707 2190 Episcopi
1758 2148 1950 2179 onventrenfis
1969 2149 2003 2180 ὃς
2024 2148 2244 2179 Lichefeldensis
2256 2171 2266 2187 ,
2286 2150 2320 2181 ὃς
2338 2148 2375 2180 ad

1301 2183 1525 2222 Dispofitionem
1536 2187 1661 2218 nostram
1673 2197 1708 2218 ex
1722 2187 1892 2226 praecedenti
1905 2187 2088 2220 reservatione
2098 2188 2286 2228 speetantem,
2301 2197 2376 2226 prae-

1302 2223 1360 2253 fato
1375 2223 1470 2255 Heliae
1484 2226 1645 2257 duxerimus
1659 2226 1884 2264 conferendum,

1337 2261 1521 2294 Serenitatem
1542 2263 1669 2303 Regiam
1686 2274 1816 2304 rogamus
1837 2264 1967 2295 attentius
1991 2264 2024 2295 δε
2049 2265 2194 2295 hortamur
2207 2288 2218 2303 ,
2243 2264 2374 2304 quatinus

1302 2299 1425 2331 eundem
1446 2301 1561 2333 Heliam
1576 2326 1587 2342 ,
1612 2303 1857 2335 Archidiaconum
1876 2302 2129 2334 Archidiaconatfis
2147 2303 2276 2342 praedicti
2290 2326 2301 2342 ,
2322 2303 2371 2333 ha-

1301 2338 1370 2368 bens
1389 2350 1441 2377 pro
1464 2340 1560 2372 nostra
1578 2343 1612 2373 ὅς
1627 2341 1803 2380 Apostolicae
1825 2341 1904 2372 Sedis
1928 2344 2080 2373 reverentia
2101 2342 2263 2384 propenfit'is
2285 2350 2372 2385 cotn-

1300 2378 1466 2410 mendarum
1480 2404 1489 2419 ,
1514 2381 1592 2421 super
1609 2380 1690 2412 dicto
1709 2380 1948 2412 Archidiaconatu
1959 2406 1969 2421 ‚
1992 2381 2175 2420 universisque
2194 2382 2275 2418 iplius
2294 2379 2371 2418 Juri-

1300 2417 1350 2446 bus
1366 2441 1375 2456 ‚
1401 2418 1533 2451 habendis
1545 2443 1554 2457 ,
1586 2421 1620 2451 &
1640 2419 1760 2460 pacifice
1778 2420 1929 2450 retinendis
1975 2429 2042 2450 eum
2091 2421 2137 2449 vel
2153 2418 2371 2449 Procuratorem

1298 2455 1396 2494 suurn,
1412 2458 1450 2488 lic
1465 2459 1531 2488 velit
1545 2460 1669 2499 benigno
1684 2458 1782 2489 favore
1796 2458 1924 2498 prosequi
1938 2442 2031 2502 Regia
2044 2442 2206 2503 Celsitudo,
2224 2456 2305 2495 quod
2318 2466 2371 2486 nos

1301 2504 1363 2565 gam
1377 2496 1478 2527 exinde
1499 2498 1649 2529 debeamus
1663 2507 1731 2528 curn
1751 2498 1900 2537 gratiarum
1917 2496 2074 2527 astionibus
2093 2504 2197 2526 merito
2217 2504 2371 2526 commen-

1321 2543 1374 2564 are.

1302 2609 1326 2641 st
1339 2572 1408 2604 Dat.
1422 2573 1559 2605 Avinion.
1573 2575 1689 2606 decimo
1700 2574 1820 2613 septimo
1837 2572 1899 2604 Kal.
1908 2572 2098 2611 Septembris,
2118 2570 2306 2604 Pontificatus
2317 2581 2369 2604 no-

1329 2612 1348 2641 ri
1365 2621 1440 2643 anno
1453 2613 1538 2644 sexto.

1342 1759 1579 1792 benediistionem.

1944 2650 1999 2681 Sub
2004 2649 2066 2692 filis
2079 2649 2214 2680 canaheis.

1497 2791 1591 2835 Super
1606 2790 1790 2821 promotione
1807 2787 1943 2833 Epiftopi
1958 2784 2177 2831 Lichfhldensis.

2390 2852 2469 2884 Ann.
2477 2851 2506 2884 D

2409 2900 2493 2932 1322.

1320 2951 1324 2956 .
1543 2952 1547 2957 .
1596 2953 1600 2957 .
1646 2952 1651 2956 .
1852 2952 1857 2957 .
1957 2952 1961 2956 .
2386 2933 2438 2959 An.
2462 2931 2501 2960 16.

1304 2961 1351 2981 riae
1365 2949 1465 2981 vestr-„e
1482 2951 1666 2989 Benignitatis
1686 2952 1874 2981 habundantia
1895 2950 2069 2990 gratiosum,
2386 2972 2418 2997 Β.
2433 2978 2459 2998 Ζ,

1304 2989 1436 3020 carissimi
1454 2990 1560 3020 Clerici
1575 2990 1663 3021 nostri
1676 3013 1685 3028 ‚
1712 2988 1842 3030 Magistri
1866 2988 1976 3028 Rogeri
1992 2988 2033 3032 *de
2048 2985 2247 3032 Norhburgh,
2263 2985 2293 3015 in
2307 2985 2371 3015 Co-
2386 3011 2455 3035 Ram.
2476 3006 2516 3036 ,εὖ

1303 3030 1422 3059 ventriae
1435 3030 1468 3060 &
1486 3028 1671 3060 Licliefeldiae
1686 3029 1878 3073 Episcopum,
1896 3027 1932 3057 de
1952 3036 2030 3071 cujus
2043 3024 2123 3069 Fidei
2143 3033 2262 3063 puritate
2276 3022 2371 3054 confi·
2386 3049 2416 3072 E.
2438 3055 2465 3074 ι,

1304 3066 1412 3105 dimus,
1431 3068 1486 3104 jam
1510 3070 1627 3098 recentis
1646 3069 1750 3098 laetitiae
1770 3075 1914 3096 materiam
1938 3063 2128 3110 ministravit,
2152 3064 2190 3094 de
2210 3072 2290 3102 quo,
2311 3072 2371 3092 non
2387 3093 2424 3111 m·
2447 3093 2489 3112 m·

1304 3106 1466 3143 immerito,
1486 3117 1602 3137 necnon
1615 3107 1651 3137 de
1663 3105 1765 3146 gratia,
1783 3104 1866 3134 nobis
1877 3105 1906 3133 in
1919 3102 2036 3143 persona
2052 3103 2098 3133 sua
2110 3125 2120 3141 ,
2132 3102 2164 3147 ι*
2182 3100 2275 3145 quoad
2288 3100 2372 3146 Con·
2389 3123 2405 3138 ,
2415 3122 2470 3149 ΠΙ.

1303 3144 1486 3175 secrationem
1502 3145 1578 3175 suam
1593 3147 1622 3175 in
1637 3143 1756 3183 Anglii,
1775 3142 1898 3180 fastam,
1914 3149 2001 3180 grates
2016 3141 2050 3172 &
2070 3150 2167 3180 gratias
2181 3141 2264 3172 vobis
2277 3140 2372 3172 referi·
2387 3168 2453 3196 973·

1304 3191 1367 3212 mus
1382 3192 1446 3220 quas
1459 3183 1590 3214 valemus.
1837 3219 1842 3224 ,
2031 3219 2036 3224 ,
2059 3218 2064 3224 .

1341 3220 1524 3252 Sanffltatem
1538 3221 1659 3252 vestram
1674 3220 1759 3259 quam
1778 3219 1930 3257 benignam
1951 3218 2108 3256 suppliciter
2129 3225 2273 3248 exorantes
2286 3240 2297 3256 ,
2321 3224 2353 3247 ut
2365 3239 2376 3255 ‚

1304 3262 1412 3297 quanto
1428 3259 1595 3290 immediatus
1611 3260 1692 3297 ipfius
1705 3257 1856 3288 Praefeffio
1870 3268 1884 3287 a
1894 3257 1966 3287 Sede
1975 3256 2178 3296 Magnitudinis
2193 3256 2294 3300 vestra>⁷
2309 3264 2376 3296 pro-

1306 3298 1400 3335 cedit,
1419 3301 1518 3336 tanto,
1534 3298 1554 3328 si
1569 3299 1677 3336 placet,
1696 3298 1726 3327 in
1744 3295 1932 3326 Petitionibus
1951 3295 2019 3333 suis,
2035 3295 2135 3325 vestrae
2148 3294 2294 3339 Sandhtan
2307 3303 2374 3337 por-

1307 3336 1426 3373 rigendis
1435 3361 1444 3374 ,
1459 3337 1493 3367 &
1503 3338 1594 3375 gratiis
1608 3334 1824 3376 consequendis,
1863 3335 1944 3365 uibus
1958 3333 2112 3364 Praefeetos
2124 3332 2283 3377 huiusmodi
2296 3331 2371 3374 ⁶¹¹&

1306 3373 1391 3405 Sedes
1404 3375 1491 3405 ditare
1511 3375 1596 3413 solet,
1611 3374 1748 3406 efficiatur
1766 3373 1845 3404 idem
1886 3371 2017 3403 raefedius
2037 3381 2166 3410 capacior
2180 3373 2214 3403 &
2230 3377 2371 3407 acceptior

1307 3412 1335 3442 in
1352 3413 1487 3443 futurum.

1345 3450 1519 3489 Conservet,
1539 3452 1599 3482 &c.
2264 3484 2269 3489 .

1385 3490 1453 3521 Dat.
1470 3490 1542 3530 apud
1557 3490 1685 3522 Novum
1704 3488 1838 3521 Castrum
1850 3488 1929 3527 super
1941 3487 2060 3528 Tyriam
2072 3510 2083 3527 ,
2107 3484 2229 3518 secundo
2242 3483 2288 3515 die
2300 3484 2372 3524 Sep-

1344 3531 1469 3560 tembris.
2163 3546 2170 3549 »

1304 2871 1351 2932 Ρ
1360 2872 1416 2902 ΑΡ
1426 2873 1467 2917 AE
1487 2872 1668 2919 Rexgdevota
1680 2873 1785 2912 pedum
1799 2872 1892 2903 oscula
1906 2872 2063 2903 beatorum.
2295 2908 2300 2913 ¹

1390 2911 1527 2942 Exhibuit
1542 2916 1570 2943 ie
1583 2914 1666 2943 nobis
1678 2914 1711 2943 &
1734 2912 1838 2951 Regno
1851 2911 1951 2942 nostro
1960 2934 1970 2949 ,
1988 2911 2068 2942 Pater
2083 2906 2371 2979 ῗζηῇερῐἓὲῐὲξέἒὲ

1402 3676 1450 3707 De
1466 3671 1640 3706 intendendo
1658 3673 1783 3707 Andreae
1801 3673 1837 3706 de
1857 3671 2011 3712 Hartcla,
2028 3667 2120 3714 fhper
2141 3663 2280 3709 Custodia

1723 3719 1958 3756 Marchiarum.

2392 3693 2507 3729 Ann.D.

2415 3742 2498 3777 1322.

1312 3806 1454 3866 REX,
1472 3807 1581 3838 duetus
1598 3808 1631 3839 ει
1646 3807 1771 3838 fidelibus
1784 3806 1836 3837 suis
1847 3828 1858 3844 ,
1880 3803 2064 3848 comitibus,
2079 3799 2250 3844 Batonibus,
2269 3798 2371 3830 Militi·
2389 3773 2502 3841 {iffi-1⁶.

1374 3847 1440 3883 bus,
1459 3846 1551 3876 liberis
1567 3845 1761 3884 Hominibus,
1779 3845 1812 3876 &
1825 3843 1956 3886 omnibus
1968 3841 2024 3871 aliis
2034 3840 2071 3870 de
2085 3837 2274 3886 Comitatibus
2281 3837 2376 3868 Cum·
2392 3855 2448 3879 pat.
2458 3848 2498 3876 16.

1311 3885 1380 3913 briae
1394 3885 1426 3914 ὃς
1436 3883 1701 3923 Westmerlandiae,
1719 3885 1777 3915 tam
1794 3883 1865 3913 infra
1879 3881 2033 3915 libertates,
2049 3886 2135 3921 quam
2151 3884 2227 3907 extra
2231 3888 2244 3921 5
2260 3885 2375 3921 necnon
2391 3893 2421 3916 E.
2437 3896 2463 3914 ι,

1313 3921 1533 3952 Constabulariis
1548 3926 1604 3953 tam
1617 3921 1784 3952 Castrorum
1797 3919 1977 3955 nostrorum,
1991 3920 2080 3960 ⁴quarn
2094 3915 2216 3946 aliorum
2230 3925 2259 3945 in
2273 3915 2375 3945 eisdem
2393 3935 2416 3964 p·
2437 3934 2461 3952 ι,

1314 3959 1526 3999 Comitatibus,
1544 3961 1577 3992 &
1591 3961 1726 3991 omnibus
1740 3960 1813 3996 aliis,
1831 3966 1884 3997 pro
1897 3956 2056 3986 munitione
2069 3952 2238 3985 eorumdem
2260 3952 2378 4021 Οπίέἑῗῃ-
2399 3973 2437 3993 m,
2451 3963 2506 3996 2²4„

2553 2998 2562 3064 l

2511 3062 2520 3075 ι,

2554 3086 2558 3112 l

2554 3162 2555 3169 l

2554 3172 2558 3186 k
