2562 4279
9 3880 17 3895 Ι

678 140 821 182 ,ΕΤ
906 135 1171 180 ACTA
1256 136 1761 185 PUBLICA„

2272 158 2350 203 rit

42 228 116 261 Ann.
131 224 173 256 D.
184 223 254 256 fimo
272 232 383 264 gramm
400 224 463 258 fore
479 225 618 264 speramus
634 233 693 255 non
706 225 852 254 immerito
867 225 900 255 &
914 231 1137 262 acceptum,per
1152 222 1246 262 quod,
1290 223 1324 254 ὃ(
1341 223 1415 253 uniat
1434 224 1602 265 voluntates,
1620 239 1655 259 co
1674 230 1875 262 defideiabilitis
1893 232 2096 270 concupimus,
2113 238 2203 271 eoque
2221 232 2352 266 libentius
2374 226 2446 260 Anu„
2459 224 2499 261 D·
2520 229 2523 232 ⁴

35 287 37 289 -
63 268 145 306 1317.

41 307 106 334 Edv.
117 313 143 332 2.

59 958 82 978 ἢ
99 958 153 985 111.

68 998 131 1024 611.

41 1939 122 1971 Arm.
136 1939 176 1981 D:

70 1986 152 2018 1317.

43 2021 96 2047 An.
120 2022 175 2047 io.'

43 2060 76 2084 Ξ.
97 2065 124 2082 2.

44 2093 157 2127 Rorm&

44 2134 88 2160 fr.
116 2142 160 2159 ιο.

46 2174 175 2200 E.2.m.2.

184 263 219 294 acl
240 265 379 296 honorem
395 265 469 304 Dei,
488 265 588 295 Divini
603 263 695 294 cultus
711 270 873 300 procuratur
888 270 1074 298 augmentum
1084 284 1094 299 ,
1113 261 1146 291 &
1160 260 1247 304 ‚Reli-

187 302 352 343 giosorum,
369 305 444 334 circa
459 303 562 334 divinae
582 301 669 332 laudis
691 301 854 331 exercitium
873 302 902 330 in
921 301 1023 331 Domo
1043 300 1166 330 Domini
1186 298 1248 328 affi-

186 341 242 371 due
263 341 465 380 laborantium,
478 347 607 371 numerus
623 338 740 369 feliciter
759 338 913 375 ampliatur.
944 376 949 381 .

226 379 291 410 Nos
309 382 400 419 itaque
418 379 452 411 ad
470 378 601 409 ordinem
620 377 746 407 Fratrum
764 376 853 407 Beatae
872 375 976 407 Mariae
995 375 1031 406 de
1052 375 1155 406 Monte
1178 373 1249 405 Car-

186 418 254 448 meli
267 419 297 449 in
316 418 425 456 Regno
442 416 554 454 nostro,
627 453 633 458 ·
904 453 909 458 .
953 453 958 459 Ι
1134 457 1137 460 Δ

226 457 327 495 Quem
345 458 385 488 ob
403 456 583 487 Sanctitatem
605 461 688 491 Vitae,
706 462 739 484 ac
757 451 972 484 conversationis
990 451 1165 483 honestatem
1186 450 1248 495 Fr27

187 502 263 524 trum
281 494 467 531 eorumdem,
484 491 641 529 fructusque
660 493 774 529 uberes,
799 501 868 528 quos
893 490 981 520 iidem
1007 491 1113 534 Fratres
1135 514 1145 529 ,
1170 490 1249 519 verbi

189 532 249 563 Dei
265 533 386 570 semine,
404 541 437 562 ac
453 530 511 560 aliis
526 530 607 559 bonis
624 530 754 568 operibus
768 552 778 568 ,
799 530 832 559 ὅ(
851 528 984 566 exemplis
996 551 1005 566 ,
1034 528 1121 558 indies
1146 527 1250 571 produ-

187 579 257 601 cunt
273 573 303 601 in
321 568 442 601 Ecclesia
458 567 634 607 Anglicana,
654 568 765 598 intimis
785 567 933 598 affeetibus
948 568 1043 598 favore
1058 566 1251 605 prosequimur

185 609 324 647 gratioso,
447 645 452 650 ·
546 644 551 650 ,
654 643 658 649 Ι
677 644 682 648 ,
1133 643 1137 648 ⁵

230 647 346 678 Nostrae
365 651 466 676 mentis
483 645 614 675 intuitum
630 641 796 682 dirigentes,
813 653 846 674 ac
864 642 1017 682 sperantes,
1030 653 1077 681 per
1092 642 1253 680 Missarum,

189 686 223 716 δε
240 686 353 715 aliarum
370 683 534 714 devotarum
558 681 718 711 orationum
745 681 872 721 suffragia
898 683 1065 712 eorumdem
1091 692 1143 712 nos
1175 680 1254 724 posse

189 725 247 754 tam
264 724 294 752 in
309 722 464 759 expiatione
480 720 648 750 delictorum
662 742 672 757 ,
698 720 782 757 quam
809 722 891 750 etiam
917 722 946 750 in
964 721 1101 758 regimine
1117 742 1127 758 ,
1154 719 1253 749 nostris

187 761 311 792 humeris
324 760 424 797 Regiis
437 758 620 789 incumbente
628 757 791 796 ,efficacius
802 758 992 797 prosequendo
1000 782 1011 798 ,
1021 758 1127 789 felicius
1142 758 1175 788 ὅ(
1187 758 1256 787 ube-

186 799 242 829 rius
256 798 392 830 ad'uvari:

228 836 273 867 Ve
298 847 358 867 ram
376 835 566 866 Clementiam
583 832 743 865 affectuosis
762 836 891 873 precibus
905 836 1067 874 requirimus
1083 857 1093 874 ,
1119 834 1152 866 δι’,
1171 843 1256 871 roga-

190 884 253 906 mus
271 876 414 913 quatinuS,
1216 911 1221 916 ¹

232 913 363 945 Dneetos
385 912 467 942 nobis
483 912 512 941 in
533 910 653 942 Christo
671 911 794 952 Fratres,
808 912 969 951 Johannem
989 912 1117 943 Priorem
1136 910 1257 941 Provin-

190 952 288 983 cialem
304 950 420 981 Ordinis
438 950 458 970 ⁴¹²
476 950 606 988 praedicti
623 950 652 979 in
673 950 780 987 Anglia
794 974 804 990 ,
829 951 923 982 Sacrae
946 951 1120 987 Theologiae
1142 948 1254 979 Profes-

188 991 279 1022 sorem
288 990 338 1029 ,&
356 988 565 1027 Willielmum,
574 988 698 1019 Fratrum
710 989 833 1027 ejusdem
850 990 968 1020 Ordinis
982 990 1106 1020 Oxoniae
1119 997 1256 1032 commo-

190 1029 312 1060 rantium
326 1026 472 1065 Priorem,
490 1027 524 1058 ad
542 1026 643 1057 vestrae
656 1027 815 1058 sanctitatis
825 1027 1000 1066 praesentiam
1016 1037 1067 1066 pro
1080 1035 1199 1063 negotiis
1212 1025 1256 1055 di-

187 1067 229 1098 cti
247 1065 362 1134 (grdinis
375 1066 558 1104 accedentes,
571 1066 719 1104 habentes,
739 1066 759 1097 fi
778 1066 893 1106 placet,
915 1066 1011 1099 favore
1028 1066 1152 1111 propitio
1173 1073 1256 1094 com-

190 1114 257 1136 men
278 1112 336 1135 atos

185 1172 203 1176 .-
221 1128 353 1182 Eisdem}
372 1151 402 1174 ut
420 1142 487 1181 ipsi,
504 1142 537 1174 ὃ(
555 1142 601 1173 alii
619 1142 721 1173 Fratres
740 1143 858 1174 Ordinis
874 1143 960 1181 illius,
978 1144 1008 1173 in
1028 1141 1137 1186 Regno
1156 1139 1253 1185 nostro

187 1190 398 1213 commorantes
410 1204 420 1220 ,
448 1180 601 1211 duodecim
619 1181 703 1219 loca,
728 1182 799 1212 infra
818 1182 895 1212 idem
918 1181 1074 1219 Regnum,
1098 1190 1128 1210 in
1143 1179 1255 1210 diversis

188 1220 358 1251 Diocesibus
375 1218 524 1250 constituta
540 1242 549 1258 ,
576 1228 628 1257 pro
645 1219 735 1250 divini
753 1219 845 1250 cultsis
862 1228 1018 1256 augmento
1034 1243 1044 1258 ,
1072 1218 1254 1262 Fratrumque

189 1259 262 1289 dieti
281 1258 396 1288 Ordinis
413 1267 532 1288 numero
549 1257 732 1295 ampliando,
749 1258 785 1288 de
802 1268 884 1288 novo
907 1259 1031 1297 recipere
1046 1267 1052 1286 :
1078 1258 1112 1288 &
1136 1266 1167 1286 in
1186 1256 1255 1286 locis

190 1297 244 1328 illis
256 1296 392 1327 Ecclesias
406 1297 439 1327 &
455 1295 568 1326 Domos
583 1295 866 1334 construerezibique
882 1296 994 1326 Priores
1011 1296 1045 1326 &
1063 1295 1180 1333 Fratres,

230 1335 276 1366 Ad
295 1335 403 1365 Divina
419 1334 541 1371 ibidem,
559 1333 594 1365 ad
612 1334 751 1364 honorem
770 1333 850 1373 Dei,
876 1335 910 1366 ὃς
928 1344 982 1372 pro
999 1334 1081 1364 nobis
1094 1356 1104 1372 ,
1123 1332 1256 1363 Haeredi-

190 1375 242 1405 bus
255 1397 265 1412 ,
287 1374 321 1405 &
346 1371 555 1404 Successoribus
583 1372 684 1402 nostris
700 1395 711 1410 ,
736 1373 889 1411 Regnique
912 1372 998 1403 nostri
1023 1372 1204 1410 tranquilitate
1223 1372 1257 1402 &

190 1414 300 1480 quieff,
314 1421 347 1442 ac
358 1412 514 1443 animarum
527 1412 661 1441 omnium
680 1410 762 1443 salute
779 1411 906 1442 fidelium
920 1435 930 1451 ,
955 1412 1163 1451 imperpetuum
1183 1409 1257 1440 cele-

190 1452 259 1482 bran
281 1461 295 1481 a

229 1473 346 1520 Valeant
365 1488 523 1527 collocare,
539 1487 646 1519 divinae
660 1489 779 1520 caritatis
799 1490 915 1527 intuitu,
934 1487 1078 1526 nostrique
1102 1487 1257 1531 rogaminis

191 1529 364 1566 interventu,
386 1526 501 1558 liberam
516 1527 673 1558 concedere
685 1527 846 1565 dignemini
858 1526 1034 1565 facultatem,
1047 1535 1128 1570 prout
1143 1536 1172 1569 iri
1184 1534 1258 1569 peti-

189 1568 269 1597 tione
284 1566 409 1596 Fratrum
425 1565 610 1604 eorumdem,
633 1575 717 1604 quam
739 1566 839 1597 vestrae
860 1566 1008 1606 porrigent
1028 1563 1208 1609 beatitudini,
1227 1573 1256 1593 in

190 1603 355 1643 praemissis,
370 1604 404 1634 &
420 1614 505 1642 quam
517 1613 616 1634 coram
635 1605 719 1635 vobis
737 1604 857 1643 benigne
881 1604 1005 1641 admitti,
1025 1603 1058 1634 &
1074 1612 1195 1641 gratiose
1207 1612 1258 1633 cu-

190 1644 284 1681 pimus
297 1642 434 1680 exaudiri,
448 1642 554 1680 plenius
569 1643 738 1674 continetur.

230 1680 473 1720 Conservet,&c.

265 1718 333 1749 Dat.
349 1718 422 1757 apud
440 1718 618 1759 Claryndon,
636 1729 681 1750 12.
696 1718 741 1751 die
756 1716 864 1752 Martii.

506 1843 566 1878 ,Ad
580 1844 756 1878 cardinales
762 1854 819 1891 pro
836 1844 954 1892 iisdem.

252 1928 391 1962 Enerabili
405 1930 437 1961 in
451 1926 566 1962 Christo
579 1930 672 1970 Patri,
686 1930 821 1962 Domino
841 1931 877 1962 A.
899 1931 957 1962 Dei
979 1931 1083 1969 gratia'
1112 1929 1262 1975 Albanenfi

193 1937 248 2000 V
271 1970 429 2008 Episcopo,
450 1970 560 2001 Amico
579 1969 628 2014 suo
647 1969 806 2014 carissimo,
827 1969 996 2009 Edwardus,
1015 1953 1139 2008 ejusdem
1157 1969 1263 2008 gratia,

195 2009 258 2040 &c.
272 2009 402 2045 salutem,
416 2009 450 2040 &
467 2008 581 2039 sincerae
593 2008 752 2039 dilectionis
765 2008 908 2040 affectum.

232 2047 279 2077 Ad
297 2048 364 2079 vitae
381 2047 578 2085 sanctitatem,
597 2057 715 2078 morum
731 2048 766 2078 &
783 2046 997 2079 conversationis
1014 2046 1207 2090 honestatem,
1227 2055 1261 2076 ac

194 2084 245 2115 alia
259 2086 397 2116 virtutum
419 2086 535 2124 merita,
551 2085 650 2123 quibus
670 2085 777 2116 Fratres
797 2086 833 2116 de
847 2085 959 2117 Ordine
972 2084 1184 2128 BeataenMariae
1196 2101 1207 2121 ,
1226 2083 1263 2113 de

195 2122 299 2153 Monte
315 2123 458 2163 Carmeli,
476 2125 508 2154 in
529 2123 636 2161 Regno
656 2122 755 2153 nostro
769 2123 903 2161 degentes
917 2147 929 2163 ,
951 2124 1077 2160 insigniri
1096 2122 1262 2152 noscuntur:

193 2169 308 2194 necnon
331 2161 366 2191 ad
384 2161 436 2193 alia
455 2162 578 2199 ipsorum
604 2172 624 2192 ο
644 2157 864 2200 erastud‘cuosa,
886 2163 946 2194 tam
968 2161 1047 2194 verbi
1064 2160 1123 2191 Dei
1139 2159 1263 2199 semine,
1288 2168 1291 2170 ·

193 2200 282 2238 quarn
299 2199 433 2237 exemplis
451 2202 535 2231 etiam
546 2200 621 2230 saluti
634 2202 703 2238 eris,
715 2199 822 2231 fruetus
833 2202 930 2231 uberes
947 2200 1130 2238 producentia
1138 2220 1149 2236 ,
1161 2199 1191 2227 in
1205 2197 1263 2228 Ec-

193 2237 276 2268 clesia
292 2236 466 2275 Anglicana,
478 2238 584 2268 nostrae
599 2240 700 2268 mentis
716 2238 815 2269 oculos
833 2246 1044 2276 convertenteS,
1065 2237 1099 2268 δε
1119 2235 1264 2280 Ordinem

190 2275 382 2314 praedictum,
396 2282 430 2304 ex
448 2271 532 2304 causis
550 2276 708 2310 praedietis,
727 2276 823 2305 favore
848 2278 970 2313 propitio
992 2276 1120 2314 prosequi
1146 2285 1262 2313 cupien-

175 2323 363 2382 -teSDilectos
380 2349 461 2380 nobis
478 2350 508 2378 in
527 2348 643 2380 Christo
660 2348 782 2387 Fratres,
795 2348 976 2388 Johannem,
994 2349 1123 2380 Priorem
1143 2351 1265 2381 Provin—

193 2389 296 2421 cialem
305 2387 422 2418 Ordinis
436 2387 565 2425 praedicti
582 2389 613 2418 in
626 2387 848 2426 Anglia,Sacrae
863 2387 1040 2432 Theologiae
1052 2387 1262 2427 Professorem,

173 2437 179 2440 ·
193 2429 230 2460 &
249 2425 597 2464 Willielmum,Fratrum
615 2426 740 2464 ejusdem
756 2425 873 2456 Ordinis
881 2425 1006 2457 Oxomae
1020 2428 1264 2458 commorantium

141 2691 143 2693 ’
190 2704 263 2736 pra,
278 2699 392 2726 mutatis
407 2702 580 2735 competenter
599 2696 746 2726 mutandis.

50 3036 127 3068 Ann.
139 3034 181 3066 D.

70 3083 155 3114 1317.

49 3117 101 3141 An.
122 3124 164 3141 io.

49 3156 82 3179 Ε.
101 3161 127 3179 2.

49 3194 90 3218 Ex
104 3193 162 3218 Au-

47 3234 112 3265 ugr.

73 3828 95 3850 Ψ
113 3831 167 3858 111.

77 3869 142 3896 612.

193 2466 324 2496 Priorem
332 2464 385 2503 ,ad
401 2464 525 2494 Domini
540 2464 652 2495 Summi
665 2463 828 2503 Pontificis,
841 2465 875 2496 &
890 2465 1011 2496 vestram
1023 2464 1198 2504 praesentiam
1212 2475 1265 2504 pro

195 2504 315 2541 negotiis
325 2503 398 2534 dieti
409 2502 526 2533 Ordinis
540 2503 721 2541 accedentes,
741 2503 840 2534 vestrae
855 2504 990 2535 amicitiae
1005 2503 1156 2536 affectione
1171 2527 1182 2542 ,
1208 2504 1265 2542 qua

193 2543 339 2581 possumus
346 2564 356 2580 ,
365 2541 493 2572 duximus
510 2542 765 2573 commendandos.

234 2580 380 2617 Rogantes
407 2581 511 2611 attente
541 2582 667 2618 qua-tinus
698 2589 766 2617 erga
784 2580 894 2611 dierum
920 2580 1086 2612 Dominum
1108 2580 1265 2612 Summum

194 2617 366 2650 Pontificem
376 2641 386 2657 ,
399 2627 429 2649 ut
446 2618 582 2649 Fratribus
596 2618 712 2649 Ordinis
726 2619 855 2656 praedicti
891 2620 921 2649 in
940 2619 1049 2656 Regno
1069 2618 1169 2649 nostro
1181 2629 1265 2650 com-

196 2657 382 2694 morantibus,
398 2656 552 2687 duodecim
570 2657 632 2688 loca
645 2680 656 2696 ,
683 2656 756 2688 infra
768 2657 844 2688 idem
860 2641 999 2696 Regnum
1014 2680 1025 2696 ,
1048 2656 1108 2693 ὠς.
1118 2665 1201 2697 prout
1211 2657 1265 2698 fic-

233 2772 345 2804 Eodem
359 2772 450 2804 modo
469 2772 596 2804 scribitur
613 2772 748 2804 Domino
769 2772 811 2806 G.
828 2773 899 2806 tituli
916 2773 1014 2806 Sanffi
1032 2772 1143 2805 Ciriaci
1155 2772 1266 2804 Presbi-

198 2817 259 2841 tero
272 2810 426 2843 Cardinali.

378 2946 468 2978 Bulla
485 2946 691 2981 exhortatoria
710 2946 754 2981 ad
762 2958 868 2994 pacem
889 2959 958 2981 cum
981 2949 1085 2980 Scotis.

226 3031 360 3062 ohannes
370 3030 543 3070 Episcopus,
561 3027 662 3062 Servus
676 3031 830 3063 Servorum
845 3031 925 3070 Dei,
945 3031 1088 3062 cariffimo
1103 3031 1133 3061 in
1147 3031 1265 3063 Christo

200 3070 334 3139 13ngng
330 3069 462 3115 Edvardo
470 3093 481 3109 ,
494 3069 575 3108 Regi
590 3069 706 3108 Angliae
719 3069 818 3101 Illustri
825 3091 836 3109 ,
856 3070 997 3108 Salutem,
1019 3070 1054 3100 δε
1067 3069 1264 3108 Apostolicam

239 3118 257 3137 n
293 3118 303 3138 i
335 3118 445 3139 ionem.

236 3146 301 3176 Rex
312 3146 439 3177 Excelsus
451 3169 461 3185 ,
491 3145 605 3177 Sum‘mi
627 3142 718 3184 Regis
737 3146 820 3177 Filius
832 3167 842 3185 ,
862 3146 966 3177 Prince
986 3156 997 3177 s
1021 3147 1113 3190 pacis,
1133 3148 1182 3185 qui
1196 3147 1266 3180 facit

199 3184 387 3216 concordiam
411 3186 441 3215 in
463 3184 627 3215 sublimibus
646 3184 697 3216 suis
710 3208 721 3224 ,
745 3185 780 3216 ὃς
796 3195 892 3215 arcem
910 3195 949 3224 po
973 3184 1030 3215 rdet
1047 3186 1171 3224 unitatis,
1190 3187 1263 3217 cum

197 3223 266 3254 sacri
283 3223 360 3253 venit
376 3225 510 3260 temporis
547 3223 676 3254 lenitudo
688 3246 698 3262 ,
719 3233 776 3262 quo
791 3223 919 3261 dignatus
936 3223 977 3254 est
995 3223 1030 3253 de
1048 3223 1172 3254 Throno
1190 3224 1264 3255 Coe-

197 3260 259 3291 lesti
277 3260 311 3291 ad
329 3260 418 3291 Orbis
434 3271 501 3300 yma
537 3261 698 3301 escendere,
715 3263 749 3293 ὅς
768 3271 816 3300 per
833 3262 962 3293 mirabile
979 3261 1143 3292 Nativitatis
1163 3261 1264 3294 Beatis-

198 3299 276 3329 fimae
289 3298 501 3330 Sacramentum
518 3299 660 3331 Gentibus
673 3310 817 3339 apparere,
835 3310 936 3344 pacem
951 3302 981 3330 in
997 3299 1102 3344 Terra,
1124 3310 1173 3338 per
1188 3301 1263 3332 Coe-

195 3336 308 3368 lestium
326 3336 503 3374 Angelorum
520 3339 695 3377 exercitum,
710 3339 837 3376 gloriosae
854 3349 929 3377 pacis
946 3346 1089 3370 canticum
1104 3341 1261 3371 concinen-

198 3383 276 3415 tem,
293 3377 379 3406 bonae
396 3375 540 3406 voluntatis
559 3377 724 3407 hominibus
741 3378 901 3408 nunciavit:
920 3378 953 3408 &
971 3377 1107 3415 demum,
1126 3378 1264 3415 regressu-

198 3424 242 3446 rus
261 3414 296 3444 ad
322 3413 453 3452 Patrem,
469 3415 545 3451 pacis
560 3415 671 3445 bonum
684 3439 695 3454 ,
719 3415 795 3454 quod
817 3416 895 3453 super
918 3416 1017 3446 omnia
1034 3415 1185 3456 diligebat,
1203 3426 1264 3448 tan-

197 3461 284 3494 quam
300 3451 409 3482 donum
428 3451 629 3492 gratissimum,
647 3453 722 3486 dedit
740 3453 864 3484 fidelibus
880 3454 914 3484 &
933 3453 1097 3492 reliquit-,ut
1114 3454 1163 3493 ipfi
1181 3456 1210 3485 in
1229 3455 1263 3486 il-

199 3490 248 3529 lo,
264 3492 313 3529 qui
331 3490 372 3520 est
389 3492 455 3520 vere
475 3499 526 3527 pax
543 3490 649 3529 nostra,
664 3491 855 3530 persisterent,
875 3491 986 3531 ipseque
1002 3491 1160 3529 dignaretur
1178 3494 1263 3534 elige-

200 3538 230 3559 re
247 3530 278 3559 in
296 3538 395 3559 eorum
414 3528 545 3559 cordibus
563 3528 751 3561 Mansionemr

238 3566 390 3605 Propterea
407 3577 473 3605 nos,
492 3567 539 3604 qui
555 3567 629 3597 vices
645 3569 702 3606 ejus
719 3570 748 3599 in
764 3569 860 3600 Terris
877 3593 888 3608 ,
920 3573 1051 3608 quamvis
1073 3569 1265 3602 insufficienti-

203 3605 256 3636 bus
273 3607 393 3644 meritis,
408 3613 586 3643 exercemuS,
601 3605 680 3643 ipsius
696 3607 829 3646 exemplis
844 3608 998 3639 salutaribus
1014 3609 1112 3640 eruditi
1126 3632 1136 3648 ,
1154 3610 1265 3646 cogita-

202 3652 264 3674 mus
282 3645 357 3682 pacis
377 3645 563 3681 cogitationes
581 3653 632 3680 pro
649 3644 740 3684 Filiis,
754 3646 866 3677 consilia
883 3648 958 3684 pacis
975 3648 1047 3678 casta
1063 3648 1264 3696 perquirimus,

201 3683 277 3720 pacis
293 3682 474 3714 dulcedinem
493 3689 629 3719 gratanter
646 3684 901 3723 amplectimur,&
918 3686 993 3723 pacis
1006 3686 1192 3724 semina,fine
1210 3696 1264 3724 qua

201 3729 261 3750 non
279 3722 353 3752 bene
371 3721 471 3751 colitur
491 3721 564 3759 pacis
587 3720 716 3760 Auctor,
733 3723 804 3753 inter
822 3722 988 3754 Catholicos
1008 3724 1177 3762 Universos,
1187 3725 1264 3762 juxta

204 3757 331 3789 debitum
348 3759 492 3790 Servitutis
509 3757 701 3797 Apostolicae,
719 3759 900 3800 seminamus,
918 3771 949 3792 ut
965 3771 999 3792 ex
1019 3764 1058 3793 eis
1077 3772 1162 3799 grana
1178 3763 1266 3793 salutis

204 3796 239 3827 &
258 3798 354 3833 gloriae
372 3797 559 3836 colligantur,
577 3797 763 3834 multiplicatis
780 3801 856 3830 mani
877 3800 927 3830 ulis
943 3800 1130 3839 gaudiorum,
1154 3800 1265 3839 ficque,

203 3834 403 3867 dissensionum
418 3837 523 3874 ubique
539 3836 732 3874 turbinibus,*
741 3837 833 3868 austro
872 3847 934 3869 ante
952 3839 1072 3869 coelestis
1082 3838 1267 3878 auxilii-,pro-

206 3873 322 3917 fugatis,
340 3876 369 3904 in
386 3875 567 3905 tabernaculis
584 3873 696 3904 fiduciae
712 3874 856 3913 sedeat,&
875 3876 1020 3907 foecundae
1038 3877 1113 3914 pacis
1132 3877 1266 3914 pulcritu-

186 3926 188 3929 v
205 3910 272 3941 dine
288 3912 438 3951 requiescat
451 3913 568 3951 populus
585 3911 775 3951 Christianus,
794 3913 934 3945 malorum
950 3916 1052 3945 timore
1066 3914 1178 3945 sublato.

243 3948 299 3979 Sed
319 3974 330 3988 ,
359 3958 389 3981 ut
408 3961 460 3988 pax
472 3951 548 3991 Dei,
561 3961 625 3990 quae
644 3951 747 3989 superat
765 3961 885 3982 omnem
900 3953 1025 3992 sensum,
1050 3952 1267 3985 Catholicorurn

209 3984 321 4027 Regum
338 3988 371 4018 &
389 3987 573 4028 Principum,
594 3989 769 4027 aliorumque
790 3989 977 4028 Magnarum,
992 3991 1115 4021 flammis
1136 3992 1267 4023 odiorum

207 4024 350 4063 extinctis,
361 4027 449 4058 corda
461 4028 614 4067 conciliet,
625 4027 869 4069 intelligentiasque
885 4027 1132 4069 custodiat‚pacet
1145 4038 1268 4069 mentes,

182 4089 186 4094 .
237 4062 310 4098 zum.
332 4065 375 4101 112
394 4066 429 4103 Ρ,
445 4069 473 4105 ι,

1292 260 1417 304 Paterna:
1436 262 1625 306 sollicitudinis
1644 267 1833 301 Ministerium
1851 271 2014 302 adhibemus
2027 294 2037 309 ‚
2064 273 2122 308 quo
2147 272 2270 309 pericula
2289 282 2352 309 gra-

1292 309 1370 342 vrora
1386 300 1512 345 prpducit
1529 303 1726 336 discordiarum
1744 309 1864 344 ipsorum
1882 310 1977 340 odiosa
1990 309 2134 348 conditio,
2146 311 2178 341 ὃς
2197 312 2256 347 quo
2274 313 2352 348 pici-

1292 336 1341 380 fici
1358 337 1442 405 {sargus
1459 348 1570 370 amoena
1591 344 1754 380 tranquilitas
1772 348 1928 378 uberiorem
1946 347 2024 378 affert
2052 358 2152 385 pacem
2178 349 2301 386 pluribus
2317 351 2350 380 δι’.

1291 385 1356 412 quie
1370 386 1384 405 e
1419 399 1425 405 .

1330 413 1403 455 Haec
1424 412 1463 443 est
1480 417 1584 459 etenim
1603 420 1744 463 mentium
1769 431 1882 453 amoena
1904 423 2028 454 serenitas
2041 447 2050 463 ,
2073 423 2159 455 suavis
2182 426 2351 464 tranquilitas

1290 460 1575 519 aiziitiiorum,anioris
1590 456 1759 488 delectabilis
1777 461 1937 500 vinculum,
1952 464 1984 493 δε
2000 473 2097 495 verum
2115 464 2288 495 consortium
2303 476 2350 496 ca-

1291 499 1314 518 ri
1327 500 1341 519 a
1354 500 1383 519 is.

1323 525 1388 571 ⁴Ipsa
1406 528 1520 573 quidem
1539 528 1612 560 Bella
1632 534 1803 576 compescit,
1817 534 1870 565 [ras
1888 540 2068 577 comprimit,
2083 539 2155 570 sedat
2172 540 2351 581 Discordias,

1293 565 1370 607 Lites
1383 576 1541 603 extinguit,
1560 569 1710 612 'Rancores
1728 576 1819 610 rugat,
1837 575 1870 603 &
1888 575 1963 606 Odia
1983 577 2079 614 procul
2095 578 2187 618 pellit,
2205 590 2268 617 quoe
2281 591 2349 612 cone

1293 606 1443 647 luminatur
1462 616 1476 635 a
1495 605 1629 645 Christo,
1644 609 1712 638 cum
1729 621 1744 640 a
1762 610 1886 641 fidelibus
1904 623 2051 646 exercetur.

1335 640 1488 683 protetio,
1503 644 1571 674 dum
1586 647 1753 683 antiquatam
1772 649 1876 678 abolim
1897 651 1967 681 inter
1983 662 2026 692 te,
2045 656 2077 685 ὃς
2095 655 2230 687 dilectum
2252 657 2353 689 Filium

1297 679 1436 711 Nobilem
1454 681 1552 711 Virum
1566 683 1724 715 Robertum
1744 686 1823 724 Brus,
1841 688 2083 727 impraesentiarum
2100 694 2233 733 Regnum
2247 696 2355 727 Scotiae

1298 719 1517 763 gubernantem,
1537 721 1570 750 Sc
1590 730 1668 759 tuos,
1685 734 1718 765 ae
1737 725 1816 761 ipsius
1835 724 2046 768 Progenitores,
2063 731 2232 763 dissentionis
2249 735 2355 765 odiosae

1298 765 1440 787 materiam
1458 768 1487 788 in
1505 768 1602 789 animo
1619 763 1844 793 recentenius2&
1863 765 1890 793 in
1908 774 2001 796 mente
2018 770 2184 801 revolvimus
2197 774 2354 803 animarum

1296 794 1424 838 deflenda
1441 797 1578 839 pericula,
1596 798 1629 828 &
1648 799 1778 829 dolendas
1795 800 1917 832 fidelium
1934 804 2035 841 strages
2053 808 2206 839 innumeras
2228 822 2291 849 quae
2307 822 2353 842 or-

1297 833 1378 863 ribile
1396 834 1491 879 semen
1506 845 1561 872 ejus
1578 836 1661 877 (illo,
1675 837 1800 868 Sathanae
1815 839 1879 870 flatu
1895 841 2027 878 pestifero
2042 866 2052 881 ,
2079 845 2158 879 longi
2180 834 2355 880 diuturnitate

1298 879 1432 910 temporis
1445 872 1586 911 coalente)
1604 875 1732 912 produxit
1743 887 1748 905 ;
1758 887 1857 914 quaeve
1879 880 2072 916 multiplicavit
2087 880 2226 920 dispendia
2242 887 2356 919 faculta-

1297 917 1376 954 tum',
1392 911 1524 954 &quiam
1542 914 1668 944 enormia
1680 913 1836 952 frequenter
1850 916 1978 947 Eccleliis
1998 919 2030 948 ὃς
2054 921 2171 957 personis
2185 924 2355 956 Ecclesiasti-

1298 958 1338 992 c'is
1356 949 1447 993 intulit
1462 959 1651 994 nocumenta,
1669 962 1823 990 quantaque
1841 955 1945 992 pietatis
1958 966 2042 993 opera
2062 960 2155 995 (quod
2172 963 2266 992 moesti
2285 965 2355 995 refe-

1298 990 1400 1024 rimus)
1418 988 1579 1034 irnpedivit:
1598 990 1631 1019 δε
1650 1000 1733 1028 quam
1752 992 1921 1029 dispendiosa
1946 996 2051 1032 paravit
2073 997 2212 1029 obstacula
2236 1005 2358 1038 negotio

1298 1024 1399 1055 Terrae
1416 1026 1525 1056 banctae
1540 1049 1551 1065 ,
1581 1027 1614 1057 &
1632 1029 1812 1060 verisimiliter
1828 1030 1992 1063 formidatur
2011 1035 2047 1063 ne
2064 1034 2160 1067 similia
2178 1048 2309 1075 praeparet
2328 1042 2357 1071 in

1297 1062 1440 1101 futurum3
1454 1066 1534 1107 tanto
1551 1066 1670 1102 amplius
1686 1070 1870 1099 amaricamur
1887 1072 1917 1100 in
1934 1072 2041 1103 intimis
2058 1073 2090 1103 &
2108 1074 2251 1114 dolemus,
2268 1086 2357 1108 tanto-

1298 1111 1353 1145 que
1369 1103 1520 1147 acerbioris
1534 1104 1627 1146 jaculo
1645 1106 1805 1142 punciionis
1820 1108 1987 1147 affligimur,
2002 1120 2107 1149 quanto
2129 1120 2223 1152 tuam,
2239 1116 2272 1144 ὃς
2289 1116 2358 1146 No-

1297 1140 1360 1169 bihs
1374 1139 1506 1185 antedicti
1522 1151 1645 1185 quietem
1664 1144 1697 1174 ὃς
1711 1155 1811 1181 pacem
1822 1145 2022 1178 desiderabilius
2037 1149 2258 1190 affectamus,&
2273 1164 2359 1191 quan-

1296 1185 1327 1208 to
1345 1178 1514 1216 frequentius
1531 1181 1750 1225 circumstantias
1769 1193 1874 1214 amaras
1889 1186 2037 1217 discordiae
2061 1188 2216 1226 faepedietae
2231 1214 2241 1230 ,
2259 1192 2360 1223 dicte*

1298 1217 1463 1260 que-Terrae
1482 1217 1594 1248 Sanctae
1615 1221 1777 1252 miierablles
1795 1224 1930 1254 cruciatus
1948 1225 2030 1254 nobis
2046 1226 2180 1258 interioris
2203 1230 2361 1261 considera-

1297 1263 1381 1299 tionis
1399 1255 1528 1299 discuffio
1547 1258 1734 1301 repraesentat,
1757 1261 1814 1291 vias
1835 1262 1867 1292 &
1886 1263 1988 1293 modos
2003 1263 2159 1302 diligentius
2176 1269 2360 1309 exquirentes,

1297 1295 1397 1338 quibus
1411 1304 1486 1325 circa
1501 1295 1658 1335 praemrffa,
1674 1296 1805 1330 Domino
1820 1299 1960 1338 dirigente
1976 1324 1987 1339 ,
2013 1302 2145 1334 adhibere
2168 1305 2282 1337 salubria
2299 1307 2360 1338 Re·-

1298 1333 1390 1363 media
1410 1333 1556 1371 valeamus.

1335 1371 1382 1415 Ad
1398 1371 1462 1415 haec
1475 1373 1564 1416 anxiae
1582 1372 1679 1404 Matris
1692 1373 1826 1407 Ecclefiae
1840 1377 1921 1408 Sacra
1936 1380 2104 1418 praecordia,
2119 1390 2183 1419 quae
2197 1382 2271 1413 zelus
2287 1394 2362 1416 verae

1299 1418 1416 1454 caritatis
1428 1411 1577 1454 accendit,
1594 1414 1810 1455 cogitationibus
1830 1416 1962 1455 aestuant,
1979 1419 2052 1450 curis
2066 1419 2364 1459 affluunt,meditatio-÷

1300 1449 1383 1491 nibus
1405 1448 1588 1492 distrahuntur
1606 1452 1781 1493 hujusmodi,
1795 1455 1916 1485 remedia
1931 1456 1980 1486 sub
1995 1457 2040 1494 spe
2055 1457 2175 1488 coelestis
2190 1459 2281 1489 auxilii
2298 1462 2363 1498 (cui

1301 1486 1341 1517 est
1361 1487 1503 1530 facileres
1525 1490 1611 1531 etiarn
1637 1491 1785 1527 desperatas
1805 1493 1861 1522 sine
1885 1495 2040 1526 moliminis
2065 1496 2188 1527 tarditate
2211 1497 2365 1536 perficere)

1301 1524 1394 1568 studio
1409 1525 1547 1564 diligentis
1563 1527 1753 1559 sollicitudinis
1770 1531 1974 1569 prosequendo.

1328 1559 1404 1607 ‘Hiis
1418 1574 1540 1607 namque
1557 1568 1718 1597 tenerrimus
1732 1567 1857 1599 Paterna:
1875 1570 2032 1602 dileetionis
2047 1571 2164 1604 affe&us
2187 1574 2305 1606 stimulis
2319 1586 2368 1606 ana

1303 1610 1396 1641 gitur,
1411 1602 1445 1632 &
1457 1602 1514 1646 hiis·
1522 1603 1621 1633 aculeis
1634 1605 1780 1643 instigatur
1792 1630 1802 1645 ,
1831 1617 1859 1637 ut
1876 1610 1983 1648 multis,
1999 1611 2098 1649 quibus
2117 1620 2165 1650 tu,
2184 1612 2319 1652 Nobilis,
2334 1616 2368 1645 &

1304 1639 1419 1684 Regna.
1429 1641 1579 1679 praedufia,
1595 1643 1731 1674 malorum
1750 1646 1927 1685 incomodiS,
1941 1657 2103 1679 memoratae
2119 1658 2250 1687 praetextu
2262 1652 2370 1683 discor-

1303 1678 1376 1717 diae,
1392 1680 1549 1711 circundari
1562 1682 1728 1721 noscimini,
1750 1685 1872 1715 omnino
1896 1688 2089 1725 curatis‚inter
2106 1698 2156 1718 vos
2169 1690 2284 1720 unionis
2298 1691 2370 1721 laesae

1306 1716 1431 1755 foedera,
1447 1719 1480 1748 &
1493 1721 1569 1758 pacis
1591 1720 1701 1750 violarae
1723 1722 1861 1753 consortia
1884 1734 2051 1756 renoventur
2065 1749 2076 1765 ,
2101 1726 2276 1765 Regnorum
2294 1729 2370 1767 ipso-

1303 1766 1366 1787 rum
1381 1758 1504 1797 quietem
1518 1759 1627 1797 populis
1641 1759 1819 1797 prodiiCtura.

1341 1795 1454 1840 Verum
1472 1797 1673 1828 considerantes
1689 1800 1817 1830 attentius
1835 1800 2081 1839 quod,bonorum
2095 1804 2227 1835 omniurn
2242 1805 2374 1845 largitor,

1306 1832 1478 1874 Ainffimus,
1492 1836 1611 1867 dilectos
1632 1836 1717 1867 Filios
1743 1838 1868 1875 nostros,
1887 1839 2081 1871 Gaucelinum
2107 1843 2178 1873 tituli
2201 1843 2371 1875 Sanctorum

1308 1872 1469 1904 Marcellini
1483 1875 1516 1905 &
1531 1874 1608 1905 Petri
1624 1874 1810 1907 presbiterum
1847 1878 1880 1908 &
1900 1878 2008 1909 Lucam
2023 1879 2137 1910 Sanetae
2153 1880 2254 1912 Mariae
2270 1884 2299 1912 in
2315 1883 2373 1914 Via

1306 1910 1359 1942 lata
1374 1911 1561 1952 Diaconum,
1575 1913 1754 1952 Cardinales,
1772 1900 1921 1947 muitarum
1938 1919 2089 1954 gratiarum
2106 1919 2190 1949 titulis
2211 1920 2373 1959 insignivit,

1307 1949 1342 1980 &
1354 1950 1389 1995 de
1407 1952 1519 1982 creditis
1534 1955 1586 1991 eis,
1602 1953 1681 1983 dono
1695 1952 1830 1992 Coelesti,
1846 1956 1990 1986 virtutibus
2005 1956 2115 1994 plenam
2131 1958 2162 1987 in
2178 1957 2311 1989 Domino
2336 1959 2371 1990 fi·-

1305 1988 1422 2020 ducram
1434 1992 1589 2022 obtinentes
1604 2014 1614 2029 ,
1643 1992 1715 2029 ipsos
1732 1992 1816 2030 (licet
1836 2003 1935 2024 eorum
1958 1995 2100 2031 praesentia
2114 2006 2256 2027 careamus
2268 1998 2371 2035 inviti)

1307 2027 1342 2057 ad
1365 2028 1464 2068 Regna
1481 2029 1631 2067 praedicta,
1649 2031 1683 2060 &
1701 2030 1818 2060 Iberniae
1847 2042 1881 2062 ac
1897 2033 2012 2063 Walliae
2028 2041 2134 2072 parteS,
2150 2045 2202 2072 pro
2220 2045 2288 2072 pace
2302 2037 2373 2066 inter

1307 2062 1372 2104 Te,
1385 2077 1419 2097 ac
1434 2067 1579 2097 Nobilem
1597 2068 1804 2106 supradictum,
1841 2080 1876 2100 eo
1892 2070 2215 2109 propitio,reformanda
2225 2081 2373 2111 ‚tanquam

1306 2105 1382 2172 pacis
1396 2104 1538 2144 Angelos,
1554 2106 1587 2135 &
1613 2106 1736 2136 fervidos
1758 2108 1922 2138 concordiae
1948 2108 2080 2140 zelatores
2092 2132 2103 2148 ,
2124 2111 2319 2150 providimus,
2336 2112 2373 2143 de

1330 2151 1434 2174 ratrum
1447 2143 1608 2175 nostrorum
1622 2145 1756 2183 consilio,
1768 2145 1954 2179 destinandos.

1345 2180 1443 2221 Qare
1461 2182 1662 2215 Celsitudinem
1683 2182 1809 2223 Regiam
1828 2183 1949 2217 Paterno
1964 2195 2099 2225 rogamus
2121 2188 2156 2220 δε
2176 2188 2319 2220 hortamur
2332 2189 2374 2226 af*

1309 2219 1404 2259 festu,
1421 2221 1456 2253 &
1474 2231 1522 2259 per
1539 2221 1597 2252 Dei
1615 2222 1835 2254 misericordiam
1852 2224 2032 2257 obsecramus
2050 2228 2192 2266 quatinus,

1344 2257 1476 2291 Prudenti
1493 2261 1678 2292 meditatione
1690 2262 1867 2292 considerans
1884 2264 1970 2301 quam
1988 2265 2019 2295 lit
2033 2266 2116 2296 nobis
2130 2274 2194 2304 tua,
2206 2267 2240 2298 ὃ(
2256 2267 2377 2306 Regni;

1308 2308 1342 2329 ac
1360 2297 1541 2330 Subditorum
1557 2307 1672 2330 tuorum
1688 2301 1785 2330 votiva
1797 2302 1962 2339 tranquilitas
1977 2312 1983 2331 :
2007 2304 2090 2341 quam
2111 2305 2221 2334 intentis
2237 2305 2375 2336 desideriis

1308 2344 1385 2366 tuam
1403 2337 1436 2368 &
1454 2338 1577 2375 ipsorum
1592 2338 1715 2375 quietem
1737 2340 1891 2377 appetimus
1905 2351 1915 2378 3
1939 2341 1974 2370 &
1991 2342 2077 2378 quam
2093 2342 2217 2372 ardenter
2232 2345 2308 2381 pacis
2323 2354 2375 2374 co*

1309 2374 1397 2405 moda
1412 2385 1632 2413 promovemus:
1659 2385 1779 2415 quamve
1797 2377 1909 2414 grandis
1930 2379 1982 2408 tibi
2000 2380 2034 2410 &
2055 2380 2092 2409 eis
2111 2389 2144 2409 ex
2160 2382 2376 2418 reintegratione

1308 2414 1383 2451 pacis
1398 2414 1555 2452 hujusmodi
1567 2414 1692 2453 sequetur
1706 2414 1805 2445 utilitas
1821 2425 1827 2444 :
1852 2416 1993 2454 quantisve
2015 2418 2145 2455 periculis
2166 2419 2322 2450 animarum
2342 2430 2377 2450 ac

1309 2461 1482 2492 corporum,
1496 2463 1647 2490 rerumque
1664 2452 1814 2491 dispendiis
1828 2457 2051 2494 occurretur3&
2070 2458 2154 2494 quam
2171 2456 2377 2496 salubria,sicut

1309 2491 1357 2528 pie
1372 2491 1488 2531 speratur
1502 2493 1535 2523 &
1550 2493 1686 2530 creditur,
1700 2494 1889 2530 promotionis
1909 2503 2058 2530 augmenta
2067 2518 2076 2533 ,
2090 2496 2110 2525 si
2134 2496 2205 2526 votis
2219 2496 2316 2527 nostris
2328 2507 2377 2528 an-

1308 2537 1373 2560 nuat
1389 2529 1550 2569 Dominus,
1571 2531 1721 2567 negotium
1736 2531 1816 2568 ipsius
1832 2531 1931 2562 Terrae
1945 2531 2058 2563 Sandiae
2074 2533 2214 2572 suscipiet,

1347 2567 1394 2598 Ad
1413 2578 1513 2606 pacem
1531 2569 1694 2607 praedictam
1713 2568 1850 2608 Regalem
1867 2571 1994 2601 animum
2015 2572 2152 2607 benignus
2175 2572 2291 2604 inclines
2304 2596 2313 2611 ,
2336 2581 2376 2603 te-

1309 2615 1364 2644 que
1377 2606 1491 2637 facilem
1506 2608 1539 2638 &
1554 2617 1719 2645 promptum
1735 2608 1921 2647 exhibeas,&
1939 2610 2060 2648 praebeas
2079 2610 2284 2650 efficacem3ac
2299 2612 2377 2648 super

1307 2644 1378 2683 hiis,
1394 2655 1456 2683 quae
1476 2645 1633 2683 hujusmodi
1649 2647 1724 2683 pacis
1751 2647 1785 2676 ὃ(
1811 2648 1975 2677 concordiae
2003 2647 2234 2679 reformationem
2263 2652 2377 2680 contin-

1309 2691 1402 2722 gunt,
1415 2682 1609 2715 Cardinalium
1621 2684 1789 2715 eorumdem
1810 2686 1875 2723 (qui
1893 2687 1933 2716 tui
1950 2686 2064 2716 honoris
2079 2687 2196 2717 existunt
2212 2687 2312 2718 fervidi
2327 2697 2377 2718 ze-

1308 2721 1424 2759 latores)
1444 2732 1497 2760 pro
1514 2721 1640 2762 Divini,
1656 2723 1690 2753 &
1713 2723 1887 2760 Apostolicae
1908 2724 2007 2762 Sedis,
2034 2734 2067 2754 ac
2091 2725 2186 2755 nostra
2209 2726 2378 2764 reverentia,

1311 2758 1434 2829 Patesrnis
1447 2761 1612 2793 inhaerendo
1633 2761 1781 2800 Consulis,
1804 2770 1937 2800 tanquam
1956 2762 2165 2794 Benedictionis
2185 2763 2269 2794 Filius
2288 2787 2298 2803 ,
2327 2774 2378 2795 ac-

1328 2809 1371 2828 uie
1383 2809 1437 2830 cas.

1307 2808 1327 2836 q
1346 2837 1366 2856 ²*
1385 2837 1432 2869 Ut
1450 2838 1515 2869 Rex
1530 2838 1585 2876 ipse
1599 2837 1746 2876 pacificus,
1762 2838 1809 2876 qui
1831 2848 1927 2876 regnat
1949 2840 1977 2869 in
1998 2838 2088 2870 Coelis
2136 2841 2293 2880 percipiens
2309 2848 2376 2873 vota

1309 2884 1356 2906 tua
1373 2875 1425 2907 suis
1443 2877 1640 2916 beneplacitis,
1659 2879 1735 2915 pacis
1751 2877 1854 2907 semitas
1872 2877 2010 2915 sequendo
2026 2863 2376 2919 pacificas,c0nformare,

1309 2915 1339 2944 in
1363 2915 1606 2945 benedictionibus
1620 2915 1788 2953 multiplicet
1800 2915 1858 2946 dies
1872 2924 1949 2953 tuos,
1962 2918 2086 2955 tibique,
2102 2917 2137 2947 de
2151 2918 2196 2948 sua
2217 2918 2376 2949 clementis-

1310 2953 1379 2983 sima
1394 2955 1510 2992 pietate,
1525 2953 1662 2984 concedat
1685 2954 1828 2984 foelicium
1846 2954 2020 2985 successuum
2042 2957 2215 2993 prosperitate
2231 2957 2374 2995 laetari,ac

1308 2991 1409 3021 exinde
1426 2992 1676 3030 promptitudinem
1692 2992 1851 3029 Apostolici
1866 2992 1968 3024 favoris
1983 2994 2016 3024 &
2032 2995 2128 3031 gratiae
2144 2995 2171 3024 in
2193 2994 2244 3024 suis
2259 3003 2374 3032 oportu-

1309 3030 1441 3060 nitatibus
1459 3030 1675 3068 Magnificentia
1690 3030 1807 3067 Regalis
1824 3031 1947 3062 inveniat
1960 3054 1970 3069 ,
2000 3032 2075 3062 illam
2102 3043 2171 3063 cum
2189 3033 2375 3063 habundantia

1309 3067 1435 3098 Paterna:
1454 3068 1627 3107 dulcedinis,
1640 3077 1772 3108 quantuni
1791 3079 1859 3099 cuin
1879 3069 1945 3100 Deo
1962 3070 2018 3100 fieri
2041 3072 2157 3109 poterit,
2173 3079 2358 3108 percepturus.

1349 3106 1418 3138 Dat.
1433 3107 1571 3138 Avinion.
1583 3108 1626 3138 16.
1645 3107 1710 3138 Kal.
1727 3107 1848 3145 Aprilis,
1866 3106 2050 3139 Pontificatsis
2069 3109 2157 3139 nostri
2171 3109 2257 3139 Anno
2269 3109 2376 3146 primo.

2053 3183 2115 3223 {Sub
2126 3183 2188 3224 filis
2207 3183 2338 3216 canabeis.

1306 3320 1397 3353 Bulla
1407 3345 1418 3362 ‚
1441 3319 1478 3354 de
1489 3319 1629 3367 potestate
1643 3321 1717 3355 data
1737 3319 1949 3354 Cardinalibus
1959 3321 2048 3367 fitper
2063 3329 2136 3367 pace
2155 3318 2372 3365 reformanda,

1529 3374 1606 3403 inter
1629 3373 1737 3417 Regem
1760 3373 1797 3408 ῤ’
1822 3368 1982 3403 Robertum
2004 3369 2039 3403 de
2056 3372 2143 3403 Erus.

1301 3446 1468 3523 JOhannes
1482 3454 1654 3494 Episcopus,
1673 3455 1774 3486 Servus
1789 3455 1938 3487 Servorum
1955 3455 2027 3493 Dei,
2037 3454 2144 3484 dilectis
2157 3453 2369 3491 FiliiS,Gauce-
2408 3471 2410 3475 v

1351 3494 1426 3531 lino,
1444 3494 1544 3532 titulis,
1557 3494 1726 3524 Sanctorum
1746 3493 1951 3524 Marcellini&
1967 3494 2059 3535 Petri,
2077 3492 2291 3535 Presbitero,&
2309 3493 2366 3536 Lu-

1306 3542 1350 3563 cae
1368 3531 1480 3562 Sanctae
1496 3531 1597 3562 Mariae
1619 3534 1648 3562 in
1671 3532 1727 3563 Via
1739 3532 1790 3562 latcl
1809 3532 1959 3565 Diacono,
1972 3530 2181 3573 CardinalibuS,
2193 3530 2366 3569 Apostolicae

1305 3570 1384 3602 Sedis
1398 3570 1532 3608 Nuntiis,
1544 3571 1664 3602 Salutem
1682 3571 1714 3602 &
1734 3570 1926 3609 Apostolicam
1942 3567 2180 3599 Benedictionem.

1342 3606 1408 3639 Rex
1425 3608 1564 3647 excelsus,
1584 3608 1644 3643 ἅτ.
1663 3616 1694 3638 ut
1705 3608 1790 3648 supra
1803 3607 1881 3647 usqne
1897 3608 1952 3636 haec
1965 3606 2069 3649 verba,
2081 3608 2143 3650 viar.
2298 3640 2301 3645 k

1345 3647 1444 3686 Qiare
1464 3647 1664 3678 discretionem
1678 3642 1798 3677 vestram
1817 3647 1958 3676 hortamur
1982 3655 2011 3673 iii
2036 3643 2169 3675 Domino
2188 3660 2199 3683 ·,
2233 3644 2368 3686 vobisque

1306 3697 1356 3725 per
1381 3684 1542 3723 Apostolica
1556 3686 1664 3722 Scripta
1681 3684 1857 3720 mandamus,
1871 3684 1995 3721 quatinus
2013 3692 2071 3725 vos*
2079 3682 2114 3712 ad
2132 3682 2237 3721 Regna
2259 3686 2293 3716 &
2326 3697 2370 3717 ar-
2401 3680 2412 3698 ⁰

1307 3734 1346 3756 tes
1364 3724 1496 3761 praedista
1510 3723 1683 3761 personaliter
1696 3722 1914 3757 conseratis,pro
1931 3720 2130 3750 reformatione
2146 3724 2221 3759 pacis
2237 3724 2280 3762 eju
2311 3735 2370 3763 em,

1307 3773 1421 3803 operam
1435 3762 1603 3799 efficacem,
1613 3762 1688 3798 juiita
1702 3760 1795 3789 datam
1817 3760 1898 3789 vobis
1915 3761 1930 3789 a
1950 3758 2018 3789 Deo
2035 3758 2210 3796 prudentiam
2225 3783 2236 3800 ,
2259 3764 2372 3801 impen-

1306 3801 1366 3831 suri.

1347 3838 1398 3875 Et,
1417 3845 1447 3867 ut
1465 3847 1500 3867 eo
1518 3836 1608 3868 utilius
1626 3836 1655 3864 in
1672 3834 1758 3864 didiae
1778 3835 1852 3871 pacis
1870 3834 2022 3872 procedere
2039 3838 2156 3872 negotio
2171 3837 2300 3877 valeatis,
2315 3850 2373 3877 quo

1309 3876 1408 3914 majori
1426 3874 1528 3904 fueritis
1546 3874 1707 3904 auctoritate
1727 3874 1842 3910 muniti,
1857 3874 1965 3910 dictos,
1980 3873 2092 3910 Regem
2108 3875 2141 3905 ὃ(
2158 3875 2300 3907 Nobilem
2311 3900 2321 3915 ,
2339 3878 2373 3908 &-

1308 3915 1429 3952 ipsorum
1448 3912 1620 3950 quemlibet,
1633 3921 1666 3941 ac
1684 3911 1792 3941 Gentes
1809 3912 1841 3941 &t
1859 3912 1993 3941 exercitus
2005 3913 2189 3952 eorumdem,
2208 3925 2243 3944 ne
2257 3915 2322 3945 alter
2335 3915 2373 3945 ala

1310 3962 1422 3989 terum,
1433 3958 1478 3980 aut
1495 3950 1616 3987 ipsorum
1634 3950 1729 3987 aliquis
1745 3950 1849 3979 alterius
1867 3950 1970 3979 Terras
1985 3951 2165 3990 invadat,vel
2181 3963 2295 3991 quoquo
2310 3963 2373 3982 mo-

1311 3991 1350 4021 do
1374 3992 1444 4020 inter
1461 3988 1486 4018 se
1515 3987 1732 4025 congrediantur
1756 3986 1888 4019 hostiliter
1903 4010 1913 4026 ,
1935 3987 1979 4019 sed
1996 3990 2088 4027 potitis
2105 3993 2120 4021 a
2140 3991 2263 4030 quolibet
2278 3990 2372 4020 hostili

1311 4027 1440 4069 processu
1456 4026 1580 4058 studeant
1593 4025 1744 4058 abstinere:

1776 4062 1801 4094 P
1819 4073 1837 4094 a
2301 4063 2368 4095 Nec

2399 273 2483 309 1'3IJa

2372 309 2441 336 Edi»,
2457 317 2483 334 2⁴

2418 2848 2438 2868 ᾗ
2453 2850 2509 2877 111;

2431 2889 2496 2923 613,
