2562 4279
0 276 31 298 in.
44 263 86 296 D.

0 311 61 345 314.

0 354 25 371 v·
41 353 67 370 2.

0 845 40 865 m.
54 832 95 865 D.

5 882 60 914 34

0 924 18 940 z.
33 922 59 948 7.

18 959 42 977 2.

1 996 34 1016 ot.
55 997 81 1022 7.

21 1036 45 1054 2.
63 1035 100 1053 ms

0 2133 57 2164 lnn.
69 2131 112 2163 D.

1 2181 87 2211 13¹4·

0 2215 36 2238 ln.
53 2220 79 2246 7.

0 2253 17 2275 Ξ.
34 2259 60 2275 2.

0 2286 69 2324 Hans.
88 2295 114 2321 7.

0 2329 15 2352 ἰ.
31 2333 57 2353 2.
75 2333 112 2352 m.

4 2826 21 2841 ⁸
39 2826 94 2853 111.

3 2872 72 2900 479-

12 3557 72 3589 inn.
84 3556 125 3588 D.

0 3605 1 3610 ¹
18 3604 101 3636 1314.

15 3637 52 3682 in.
67 3644 95 3670 7.

16 3681 86 3747 ms.

44 3751 98 3776 ΕΛ.

19 3768 76 3821 λγ.

26 883 37 903 1
111 827 197 884 RE

701 158 825 219 ‘ET
887 177 1151 219 ACTA

135 267 172 298 Et
187 267 352 299 mandatum
365 265 405 297 est
428 264 577 303 Radulpho
589 261 663 307 Filio
679 262 843 307 Gullielmi,
859 261 980 293 Qstodi
998 261 1084 292 Villae
1106 261 1160 306 Be‘.

99 305 475 383 ἱὲἶνῑζξίπίυὲῗὲἀῖέῖἑῗαὲζιε,
503 302 578 341 quod
599 301 693 332 eidem
712 299 826 332 Comiti
842 324 852 338 ,
873 310 1016 361 tamquam
1037 299 1160 372 Custodi

138 419 176 450 Et
189 420 350 451 mandatum
364 416 405 448 est
419 415 564 448 Universis
577 416 610 446 &
625 415 737 452 singulis
751 415 915 445 hominibus
928 414 963 445 ad
979 409 1085 452 Arma,
1105 415 1162 444 tam

103 459 258 497 equitibus,
273 459 355 496 quam
372 455 526 494 peditibus,
543 455 572 483 in
588 455 745 496 munitione
758 453 845 483 dietae
864 452 947 483 Villae
971 452 1163 496 existentibus,

103 496 181 534 quod
193 496 286 528 eidem
302 494 410 525 Comiti
417 516 428 532 ,
442 500 572 530 tanquam
585 491 706 522 Custodi
719 490 811 528 Regis
829 498 910 522 terrae
931 490 1089 529 praedi&ae,
1101 492 1165 522 &c.

852 569 905 597 Per
922 565 1004 606 ipfiem
1022 569 1125 605 Regem.

108 699 157 730 De
175 698 285 728 Comrte
302 694 426 728 Ultoniae
443 696 598 739 Capitaneo
616 691 852 742 Plybernicorum
873 719 883 735 ‚
917 703 1019 725 contra
1047 695 1162 734 Scotos‚

557 739 719 784 constituto.

205 827 236 858 X
261 828 409 865 omnibus,
427 826 460 856 ad
475 836 559 865 quos,
577 825 636 856 ἃς.
653 825 774 857 salutern.

201 866 298 897 Sciatis
308 866 405 905 quod,
425 866 494 895 cuni
517 875 565 902 per
579 865 684 894 Literas
705 865 811 895 nostras
831 865 847 895 s
861 864 958 896 eciales
975 865 1168 902 rogaverimus

109 904 243 937 diletffhim
257 905 289 935 &
303 904 414 934 fidelem
430 902 573 941 nostrum,
592 902 768 934 Richardum
785 904 820 933 de
863 914 893 934 ur
915 913 935 934 ο
953 901 1102 933 Comitem
1112 902 1169 932 Ul-

108 946 214 982 toniae,
230 953 263 972 ac
282 942 413 980 Barones,
432 941 556 980 Milites,
572 942 606 971 &
618 941 684 971 alios
705 942 740 972 de
758 942 830 972 terra
851 952 890 972 no
918 941 947 972 ι’ὂ.
967 941 1115 971 Hiberniae
1132 940 1167 971 ad

114 983 199 1014 Arma
217 980 361 1019 Potentes,
375 980 451 1018 quod
463 981 497 1010 ad
516 990 568 1010 nos
580 1003 590 1018 ,
617 979 650 1010 ad
673 989 760 1018 partes
773 981 878 1011 Scotiae
892 1003 902 1018 ,
922 990 974 1018 pro
996 980 1169 1017 expeditione

114 1029 221 1059 guerrae
236 1018 339 1049 nostrae
352 1019 476 1057 ibidem,
497 1019 610 1048 veniant
629 1020 705 1056 equis
727 1020 760 1050 ὃς
781 1019 862 1049 armis
881 1019 954 1049 bene
976 1019 1103 1057 muniti,
1135 1017 1169 1048 ad

111 1055 345 1098 proficiscendum
359 1067 455 1088 contra
469 1057 584 1096 Scotos,
602 1055 738 1087 Inimicos
755 1058 788 1088 ὃς
808 1056 938 1088 Rebelles
957 1056 1081 1087 nostros:

148 1095 272 1133 Nos,de
288 1095 416 1126 fidelitate
433 1096 559 1133 praedicffi
569 1095 698 1126 'Comitis
712 1096 746 1126 ad
760 1096 873 1134 plenum
887 1094 1171 1134 confidentes,ipsum

112 1134 299 1173 Capitaneum
320 1134 354 1164 &
370 1133 530 1164 Ductorem
552 1144 648 1164 eorum
664 1157 674 1172 ,
698 1135 731 1164 ὃς
755 1135 887 1164 omniurn
906 1134 1046 1171 aliorum,
1077 1135 1124 1172 qui
1137 1132 1172 1163 ad

112 1182 200 1211 partes
219 1172 379 1210 praedietas,
400 1182 451 1210 pro
470 1172 647 1210 expeditione
668 1182 775 1209 guerrae
795 1172 897 1202 nostrae
922 1171 1067 1210 praedi&ae
1079 1195 1089 1211 ,
1113 1171 1173 1202 sunt

110 1212 238 1249 venturi,
256 1211 388 1248 quamdiu
404 1211 485 1241 nobis
503 1211 651 1248 placuerit,
670 1211 798 1241 duximus
822 1209 1022 1247 deputandum.

149 1287 183 1318 In
197 1287 292 1326 cujus,
309 1287 369 1318 &c.

150 1363 240 1395 Teste
253 1364 334 1404 Rege
346 1363 418 1403 apud
432 1363 735 1405 Westmonasterium,
754 1365 801 1395 26.
817 1364 862 1394 die
879 1363 986 1395 Martii.

806 1443 858 1471 Per
873 1440 953 1480 ipstaem
970 1444 1074 1479 Regem.

116 1517 204 1579 ET
222 1517 384 1549 mandatum
402 1518 442 1548 est
459 1518 610 1549 Batonibus
622 1541 632 1557 ,
658 1517 799 1549 Militibus
814 1541 824 1556 ,
855 1517 889 1549 &
906 1517 1040 1548 omnibus
1058 1517 1116 1547 aliis
1142 1512 1178 1547 de

192 1557 281 1587 Terra
300 1557 391 1594 Regis
408 1557 555 1588 Hiberniae
594 1558 652 1586 tarn
670 1557 823 1595 equitibus,
845 1558 927 1595 quam
946 1556 1082 1593 peditibus
1095 1578 1105 1594 ,
1131 1557 1179 1593 qui

118 1595 154 1625 ad
173 1604 260 1633 partes
277 1595 398 1634 Scotiae,
433 1606 465 1626 ro
479 1579 656 1633 expeditione
671 1605 778 1632 guerrae
792 1594 880 1631 Regis
898 1595 1024 1632 ibidem,
1037 1593 1096 1624 sunt
1111 1598 1181 1623 veri-

119 1634 190 1672 turi,
205 1634 280 1673 quod
296 1634 387 1664 cidem
454 1635 533 1672 miti,
555 1642 686 1672 tanquam
712 1632 868 1670 Capitaneo
887 1633 920 1663 ὃς
940 1631 1066 1662 Duiftori
1084 1632 1132 1662 suo
1152 1633 1181 1662 in

120 1671 174 1702 hac
192 1680 281 1711 parte,
299 1673 329 1702 in
346 1673 476 1703 omnibus
493 1674 526 1704 &
543 1671 654 1710 singulis
668 1672 838 1703 intendentes
856 1671 954 1702 sint&
977 1670 1182 1711 respondentes·

158 1747 191 1778 In
211 1748 304 1786 cujus,
321 1748 381 1779 &c.

158 1823 244 1855 Teste
265 1824 393 1866 utsupra.

840 1900 845 1906 .
876 1910 929 1938 Per
947 1906 1028 1947 ipfitm
1042 1905 1144 1946 Regem.

224 2033 273 2065 De
290 2034 524 2064 Summonitione
543 2029 672 2066 Servt'zii
697 2033 839 2065 Navium
860 2042 962 2065 contra
976 2034 1084 2066 Scotos.

128 2098 278 2171 REX„
291 2115 401 2160 <isicem
418 2116 591 2162 &Asseribus
607 2115 676 2155 suis,
698 2117 853 2148 Batonibus
866 2141 876 2156 ,
900 2117 1025 2154 sauvis,
1045 2117 1078 2147 sc
1094 2115 1188 2154 probis

201 2154 362 2198 hominibus
379 2154 480 2197 Portus
496 2155 536 2185 sui
553 2155 696 2198 Dovorrae
724 2155 844 2185 salutem.
967 2193 972 2199 ,

128 2229 142 2260 1
164 2178 785 2261 §siserepszririffizsgrssffliz
802 2194 835 2224 ἃ
845 2191 1043 2262 &stete
1061 2192 1187 2230 (Μ

144 2241 231 2307 nQii
248 2268 361 2306 Castra,
380 2251 498 2306 Terras,
515 2269 549 2298 ὃ(
566 2253 760 2306 Tenementa',
778 2241 844 2299 caprilir
854 2268 947 2300 nostra
968 2293 978 2307 ,
1008 2252 1092 2307 quirin
1118 2267 1187 2299 fide-³

129 2306 200 2337 lium
217 2305 425 2344 nostrorum,in
442 2306 523 2336 dietis
540 2307 660 2344 partibus
679 2306 816 2337 hostiliter
833 2307 981 2347 invadere,
993 2317 1027 2337 ac
1042 2307 1187 2345 depraeda-

130 2345 237 2382 tiones,
248 2344 395 2382 incendia,
409 2344 581 2382 homicidia,
600 2345 633 2375 δι
658 2345 709 2375 alia
727 2345 833 2382 flagitia
853 2345 959 2376 divers-a
983 2345 1090 2375 ibidem
1105 2345 1187 2375 inhu-

130 2383 446 2431 maniter'comrnittere
465 2392 526 2414 non
545 2391 696 2422 verentur,
721 2383 754 2414 &
779 2384 874 2422 pejora
896 2393 948 2423 pro
971 2384 1076 2415 viribus
1095 2383 1187 2414 facere

125 2421 384 2499 Jaxgurfreiiisuizrtlrti'in
399 2459 600 2498 proficiscendo
622 2458 714 2490 versus
737 2460 824 2491 dicitas
841 2469 927 2499 partes
948 2460 1056 2491 Scotiae
1075 2482 1084 2498 ‚
1118 2470 1187 2493 cum

128 2499 207 2536 equis
224 2498 257 2528 &
276 2500 362 2528 armis
374 2521 383 2536 ,
406 2498 439 2529 ad
457 2498 581 2537 ipsorum
604 2497 794 2529 Inirnicorum
811 2499 972 2530 nostrorum
990 2499 1189 2529 Rebellionem

121 2561 124 2565 .
165 2535 265 2568 rfidam
281 2538 315 2568 &
332 2538 501 2575 nequitiam,
519 2546 588 2567 curn
604 2535 664 2567 Dei
682 2537 802 2575 auxilio,
819 2538 1006 2576 reprimendas
1021 2547 1027 2566 z
1053 2547 1085 2567 ac
1099 2560 1108 2575 ,
1138 2545 1188 2575 pro

144 2574 249 2605 eliciori
267 2576 444 2613 expeditione
461 2576 571 2612 negotii
590 2575 737 2615 praedicti,
761 2583 854 2606 totum
877 2576 1018 2607 servitium
1041 2575 1190 2615 nostrum,

131 2614 215 2644 nobis
231 2612 380 2653 debitum,
396 2613 571 2645 summoneri
588 2614 707 2644 fecimus
724 2637 735 2651 ,
767 2615 843 2652 quod
865 2615 897 2645 sit
922 2614 997 2652 apud
1014 2614 1190 2645 Berewicum

130 2651 208 2692 super
225 2651 367 2683 Twedam
381 2653 428 2684 die
447 2652 554 2691 Lunae,
571 2653 706 2690 proximo
728 2661 792 2683 ante
815 2652 928 2683 Festum
946 2652 1040 2683 Sanffi
1058 2652 1190 2683 Barnabae

130 2689 259 2728 Apostoli
276 2693 410 2729 proximo
427 2690 567 2728 futurum,
585 2698 753 2731 promptum
771 2692 805 2722 &
821 2700 946 2729 paratum
964 2691 998 2722 ad
1014 2690 1192 2729 proficiscen-

129 2727 201 2758 dum
216 2729 316 2760 exinde
333 2730 480 2761 nobiscum
497 2738 596 2760 contra
614 2728 750 2760 Inimicos
767 2730 875 2760 nostros
891 2729 1075 2768 supi-adieros:

166 2766 257 2810 Vobis
274 2769 454 2806 mandamus,
471 2769 501 2798 in
516 2767 571 2798 fide
588 2768 622 2798 ὃς
639 2767 808 2807 dilectione,
822 2770 921 2808 quibus
938 2769 1021 2798 nobis
1039 2769 1190 2807 tenemini,

129 2802 248 2848 ‘firmiter
260 2806 448 2844 injungentes,
466 2806 485 2826 ¹*
506 2806 585 2845 quod
603 2814 695 2837 toturn
713 2806 855 2838 servitium
873 2807 1024 2845 Navium,
1042 2806 1117 2845 quod
1136 2817 1190 2837 no-

135 2843 179 2872 bis
190 2842 311 2882 debetis,
326 2845 446 2875 habeatis
462 2845 535 2882 apud
553 2841 825 2884 Skymburneffe,in
844 2846 926 2876 Festo
943 2845 1107 2876 Nativitatis
1121 2846 1191 2876 San-

136 2880 178 2910 eii
192 2880 327 2918 johannis
342 2883 486 2921 Baptistae,
497 2884 633 2922 proximo
651 2883 667 2913 s
698 2885 831 2921 uenti,ad
849 2885 997 2922 ultimum,
1014 2893 1195 2923 promptum,

135 2918 170 2948 δε
187 2924 326 2962 paratum,
343 2922 376 2951 &
393 2922 464 2954 bene
481 2922 637 2959 munitum,
659 2932 673 2951 a
714 2922 949 2959 proficiscendum
974 2922 1074 2953 exinde
1098 2931 1194 2953 contra

134 2956 230 3000 dictos
247 2955 384 2990 Inimicos
400 2958 519 2990 nostros:
539 2968 622 2997 prout
639 2959 722 2990 vobis
739 2968 807 2992 tunc
822 2969 856 2992 ex
874 2969 950 3000 parte
971 2960 1064 2991 nostra
1090 2961 1195 2999 plenius

133 3003 312 3034 injungetur,
329 2997 362 3027 &
379 2997 436 3026 hoc
454 2998 603 3028 nullatenus
620 2998 758 3028 omittatis.

174 3070 262 3103 Teste
277 3071 361 3111 Rege
375 3072 447 3112 apud
462 3072 599 3105 Saneturn
622 3073 780 3114 Albanum,
794 3076 890 3114 primo
903 3075 950 3108 die
967 3075 1074 3114 Aprilis.

895 3154 948 3182 Per
961 3150 1042 3192 ipfitm
1053 3155 1159 3200 Regem.

174 3225 286 3257 Eodem
301 3226 388 3258 modo
404 3227 530 3259 scribitur
545 3227 716 3268 subscriptis,
732 3229 788 3261 viz.
806 3227 977 3268 Batonibus,
988 3229 1049 3261 &c.
1084 3254 1088 3259 .

176 3304 221 3332 De
236 3301 383 3342 Hastings,
437 3304 515 3334 Heth
527 3327 537 3343 ,
591 3305 751 3345 Ramehale,

177 3339 362 3380 Wincheffea,
435 3344 599 3383 Sandwyco,
617 3343 655 3379 ᾤ’
672 3345 704 3374 de
721 3344 751 3374 la
767 3347 831 3386 Rye.

213 3483 216 3487 ·
486 3471 546 3501 Pro
566 3465 695 3514 Ifhbella
709 3468 744 3501 de
763 3471 849 3502 Brus.

205 3549 286 3590 EX,
303 3550 409 3595 diletflto
422 3551 455 3582 &
469 3549 752 3592 fideli‘suQHenrico
768 3553 804 3585 de
812 3552 1200 3592 Cobehamssonstabulario

217 3590 266 3620 suo
283 3589 374 3620 Castri
392 3589 428 3619 de
446 3588 662 3622 Roff’salutem.

185 3628 262 3679 Qia
279 3628 486 3668 ordinavimus,
503 3627 539 3658 de
556 3627 682 3660 Consilio
698 3630 813 3670 nostro,
831 3630 906 3669 quod
922 3630 1033 3662 Isabella
1057 3630 1092 3661 de
1117 3630 1202 3670 Brus,

193 3666 297 3697 Castro
315 3667 472 3705 praediClo,
488 3665 537 3696 sub
556 3666 681 3698 custodia
699 3669 806 3706 vestra,
819 3669 856 3700 de
871 3669 1002 3700 mandato
1017 3669 1129 3708 nostro,
1141 3671 1201 3708 jam

148 3704 385 3743 existens,habeat
396 3705 540 3743 =secum,ut
555 3704 591 3734 de
604 3703 711 3736 familis.
722 3707 908 3745 sufi,Elenam
926 3707 1019 3745 Edger
1028 3708 1202 3745 ,Johannem

147 3668 176 3698 in

105 3771 110 3777 ,
147 3743 183 3774 de
199 3742 346 3783 Claydon,
362 3743 523 3774 Samuelem
542 3742 576 3773 de
594 3743 735 3783 Lynford,
752 3746 785 3777 &
803 3747 994 3777 Willielinum
1012 3746 1047 3776 de
1067 3745 1203 3785 Preston3

157 3797 159 3801 ¹
174 3782 271 3813 -Vobis
291 3781 454 3812 mandamus
478 3782 554 3821 quod
572 3781 716 3820 praefatos,
732 3783 850 3815 Elenam
895 3784 1070 3824 johannem,
1089 3784 1206 3815 Samue-

148 3819 206 3859 lem
217 3820 251 3850 &
265 3819 643 3862 Willielmum,permittatis
659 3830 726 3850 cum
745 3821 844 3852 eadem
859 3807 986 3861 isabella,
1009 3822 1079 3852 dum
1097 3822 1204 3853 ibidem

148 3867 259 3889 moram
273 3856 386 3898 fecerit,
400 3859 665 3898 commorari,sicut
682 3859 848 3896 praedietum
861 3858 912 3892 est.

157 3918 175 3990 μγ
184 3936 273 3968 Teste
285 3937 370 3976 Rege
384 3938 458 3978 apud
470 3939 650 3979 Torkefeye,
667 3947 714 3978 23.
729 3938 774 3970 die
788 3938 897 3978 Aprilis.

955 4019 1010 4048 Per
1027 4015 1173 4057 confilium.

157 4125 160 4128 ‚
189 4089 260 4118 rom.
278 4076 320 4118 Π.
338 4068 374 4120 Ρζ
389 4094 415 4121 1.
673 4095 693 4114 r

1213 152 1693 219 PUBLiCAi
2215 170 2269 228 «ἐξ

1297 351 1346 382 De
1364 348 1474 382 orando
1490 359 1544 395 pro
1564 352 1640 396 Rege
1651 372 1660 387 ,
1695 352 1807 396 Regina
1818 375 1827 390 ,
1843 350 1880 386 ὠ·
1906 345 2062 380 Edwardo
2080 348 2168 380 Filio,

1204 433 1266 494 R
1286 471 1401 501 Ordinis
1424 471 1552 502 Fratrum
1565 470 1806 510 Praedicatorum,
1820 482 1853 501 ac
1871 470 2099 508 DiffinitoribuS,
2119 472 2152 501 &
2167 472 2266 501 hatri-

1204 509 1255 540 bus
1272 509 1418 547 universis,
1433 511 1462 539 in
1480 509 1612 547 Capitulo
1630 508 1678 538 suo
1699 511 1819 545 generali
1839 509 1969 539 London.
1987 511 2184 548 congregatis,
2199 510 2268 541 iiiii-

1205 556 1283 585 tem,
1301 548 1334 578 &
1351 548 1455 585 Spiritu
1473 547 1579 578 Saneto
1597 547 1683 583 dirigi
1701 549 1729 576 in
1749 548 1870 584 agendis.

1243 586 1362 624 Qanto
1379 589 1406 615 in
1427 587 1535 622 magnis
1554 587 1587 616 &
1605 585 1692 615 arduis
1710 585 1872 622 peragendis
1889 586 2010 622 negotiis
2029 585 2160 616 divinum
2174 585 2266 624 praesiss

1205 623 1285 654 dium
1305 623 1497 665 instantius&
1516 624 1645 665 devotius
1664 623 1843 661 imploratur,
1858 631 1954 665 tanto,
1973 631 2055 661 prout
2071 621 2166 654 nostra
2188 633 2264 654 tenet

1206 661 1326 701 fiducia,
1342 662 1478 692 succeslus
1496 663 1648 700 prosperior
1666 663 1699 691 ὅ(
1716 670 1830 691 eventus
1851 661 1959 691 ielicior
1977 662 2160 693 subsecuntur.
2244 692 2249 695 ,

1246 700 1444 738 Qamobrem
1461 701 1495 730 de
1514 700 1603 730 vestra
1621 699 1774 729 devotione
1780 721 1793 736 „
1809 700 1843 729 &
1860 699 1965 729 sinceri
1982 701 2145 738 caritate,in
2159 700 2266 731 Domi-v

1207 747 1246 768 no
1264 738 1452 777 confidentes,
1467 749 1499 769 ac
1515 740 1647 777 sperantes
1665 737 1740 775 quod
1757 747 1793 766 eo
1810 736 1989 774 nostratn,ac
2004 738 2126 775 Reginae
2141 738 2267 770 Consor-

1205 779 1239 806 tis
1256 777 1356 807 nostrae
1371 801 1381 816 ,
1406 788 1521 808 necnon
1546 778 1578 807 &
1596 775 1727 806 Edwardi
1752 775 1813 805 Filii
1829 775 1917 804 nostri
1933 775 2043 806 iilutem
2063 800 2074 815 ,
2110 777 2267 816 statumque

1208 815 1368 854 prosperum
1388 815 1606 853 Regni'nostri,
1624 815 1657 844 δε
1674 813 1787 844 ali-arum
1805 821 1958 851 terrarum,
1979 815 2060 843 nobis
2076 814 2266 855 subditarum,

1207 864 1241 884 ac
1259 854 1372 884 felicem
1397 854 1604 892 expeditionem
1629 854 1810 889 negotiorum
1827 874 1837 890 ,
1860 852 1942 881 nobis
1966 852 2190 884 incumbentium
2216 854 2269 884 hiis

1209 892 1322 931 diebus,
1336 903 1398 930 quae
1415 903 1465 923 vos
1484 892 1564 923 latere
1582 901 1640 921 non
1658 890 1939 927 credimus2tenerius
1956 889 2155 931 diligatis,quo
2171 902 2221 922 nos
2232 893 2268 922 ad

1209 930 1332 961 vestrum
1352 932 1492 969 praecipue
1510 930 1641 961 ordinem
1659 928 1770 958 nostros
1789 927 2049 969 affeetfisqhaetenus
2063 928 2267 968 direxiinus,&

1210 969 1245 999 de
1263 969 1386 1007 ejusdem
1404 969 1521 999 Ordinis
1540 968 1677 999 Fratribus
1694 966 1827 997 fiduciam
1847 966 1980 1003 gestimus
1996 966 2162 1002 ampliorem
2180 978 2185 996 z
2220 969 2264 998 iir-

1212 1007 1313 1045 mfique
1331 1008 1489 1038 credulitate
1514 1016 1636 1037 tenentes
1650 1028 1659 1043 ,
1693 1015 1741 1043 per
1758 1006 1917 1035 orationum
1937 1004 1969 1034 ὃς
1988 1013 2103 1043 precum
2121 1005 2270 1036 vestrarum

1211 1045 1359 1085 suffragia,
1373 1046 1594 1084 incomparabile
1611 1045 1722 1075 bonurn
1740 1043 1860 1074 coelestis
1878 1044 1975 1080 gratiae
1994 1043 2073 1079 posie
2093 1042 2201 1073 facilius
2215 1045 2270 1074 im·

1232 1093 1325 1115 errari·
1639 1113 1641 1115 ,

1212 1092 1230 1122 p
1248 1108 1442 1154 Devotionem
1462 1121 1582 1153 vestram
1598 1120 1750 1151 affeetuose
1765 1121 1928 1158 requirimus
1945 1120 2129 1160 &rogamus
2146 1142 2156 1158 ,
2185 1121 2275 1157 quati·-

1213 1171 1264 1191 nus
1280 1162 1353 1199 apud
1370 1162 1449 1192 illum
1460 1184 1469 1199 ,
1483 1162 1530 1199 qui
1541 1160 1582 1191 est
1597 1170 1659 1191 vera
1673 1159 1796 1199 salus,&
1815 1169 1863 1196 per
1882 1168 1965 1196 quem
1984 1157 2080 1195 Reges
2098 1159 2272 1196 regnant,&

1215 1197 1362 1237 Principes
1379 1200 1577 1237 dominantur,
1590 1209 1658 1236 nos,
1674 1198 1818 1235 Reginam
1832 1196 2000 1227 Consortem
2016 1196 2140 1227 nostram
2157 1220 2166 1236 ,
2183 1197 2217 1227 &
2230 1197 2276 1228 di.-

1217 1238 1295 1268 ‹stum
1311 1239 1410 1269 Filium
1427 1238 1570 1276 nostrum,
1585 1247 1617 1268 ac
1633 1237 1734 1267 statum
1757 1235 1855 1273 Regni
1877 1234 1978 1272 nostri,
1996 1234 2092 1264 sedulis
2113 1236 2146 1265 &
2167 1235 2278 1266 devotis

1215 1277 1454 1308 intercessionibus
1477 1275 1701 1308 commendetis:
1725 1274 1805 1312 ipsius
1830 1273 2021 1315 Clementiam
2035 1295 2046 1310 ,
2073 1274 2120 1310 qui
2142 1273 2276 1305 mensurae

1218 1317 1337 1346 termino
1355 1326 1412 1346 non
1433 1324 1547 1354 artatur,
1562 1314 1718 1352 suppliciter
1732 1321 1890 1350 exoranteS,
1906 1321 1936 1341 ut
1953 1313 1991 1341 lic
2009 1309 2148 1354 Regnum
2167 1320 2278 1349 tempo-

1218 1354 1271 1384 rale
1292 1364 1407 1393 regere,
1420 1355 1587 1392 negotiaque
1604 1353 1698 1382 nostra
1716 1351 1848 1389 praedieta
1866 1350 1941 1380 felici
1958 1349 2203 1387 expeditioniffler
2225 1350 2279 1380 suae

1218 1392 1405 1423 subventionis
1427 1391 1764 1431 potentiam,mancipare
1780 1389 1913 1428 possimus
1926 1411 1936 1427 ,
1957 1388 2033 1426 quod
2055 1387 2089 1417 ad
2107 1387 2217 1418 laudern
2239 1389 2279 1418 sui

1220 1433 1361 1470 nominis,
1374 1433 1407 1462 ὃς
1421 1432 1454 1461 ad
1468 1431 1595 1461 nostrum
1612 1453 1622 1469 ,
1649 1429 1800 1468 Regnique
1819 1427 1905 1458 nostri
1919 1439 1940 1466 ,*
1953 1428 1986 1457 &
2004 1426 2121 1457 aliarum
2145 1431 2279 1457 terrarum

1220 1470 1375 1500 nostrarum
1394 1470 1592 1507 praediftarum
1613 1467 1800 1498 commodum
1816 1466 1915 1496 cedere
1931 1465 2016 1496 valeat
2034 1465 2067 1496 &
2086 1465 2235 1495 honorem.

1257 1507 1417 1546 Caeterum,
1438 1509 1501 1546 quia
1518 1509 1599 1537 nobis
1617 1507 1774 1544 frequenter
1789 1517 1804 1536 a
1822 1504 1970 1541 fidedignis
1987 1503 2101 1534 relatum
2123 1504 2229 1541 exurit,
2246 1503 2278 1534 &

1219 1557 1317 1577 eorum
1336 1546 1499 1582 testimoniis
1516 1546 1683 1576 affirmatum
1710 1544 1784 1582 quod
1802 1566 1811 1582 ,
1843 1545 1997 1573 interventu
2011 1565 2021 1581 ,
2032 1541 2231 1586 persuasione,
2249 1542 2282 1572 δε

1221 1585 1348 1616 Consilio
1366 1585 1551 1623 quorumdam
1570 1583 1758 1620 Fratrum,de
1777 1582 1887 1612 Ordine
1905 1581 2015 1618 vestro,
2028 1591 2059 1610 in
2075 1581 2198 1618 pambus
2210 1580 2281 1611 Sco-

1219 1625 1283 1662 tiae,
1302 1624 1389 1662 plures
1409 1624 1537 1653 homines
1554 1622 1718 1653 earumdem
1736 1622 1855 1658 partium
1869 1643 1878 1658 ‚
1908 1620 2008 1650 relicto
2025 1618 2160 1650 fidelitatis
2179 1620 2212 1650 &
2231 1619 2285 1648 ho-

1221 1664 1305 1702 magii
1323 1663 1363 1692 sui
1380 1662 1492 1700 debito,
1507 1669 1604 1691 contra
1617 1670 1667 1690 nos
1684 1660 1790 1689 ibidem
1806 1658 1940 1688 hostiliter
1955 1657 2090 1696 insurgere
2104 1656 2282 1700 praesumpse-

1221 1710 1283 1731 runt
1301 1700 1391 1739 (unde
1407 1701 1510 1731 diversa
1524 1700 1594 1729 mala
1608 1709 1641 1728 ac
1660 1698 1780 1736 dampna
1798 1699 1940 1727 innumera
1959 1696 2108 1726 noscuntur
2125 1695 2205 1726 fuisse
2219 1697 2284 1726 iub-

1222 1739 1328 1777 secuta)
1347 1739 1436 1769 velitis
1451 1740 1528 1777 super
1545 1738 1597 1768 hiis
1615 1738 1757 1768 veritatem
1777 1737 1846 1766 inter
1866 1745 1916 1765 vos
1928 1735 2088 1772 diligentius
2101 1734 2284 1772 investigare,

1223 1779 1256 1809 &
1272 1788 1340 1816 quos
1355 1778 1503 1815 culpabiles
1516 1777 1674 1807 invencritis
1683 1775 1850 1814 ,secundum
1861 1773 1979 1803 Ordinis
1993 1773 2077 1803 vestri
2091 1772 2265 1810 disciplinam
2275 1791 2285 1811 ,

1223 1817 1309 1848 taliter
1329 1816 1479 1854 castigare,
1501 1815 1578 1853 quod
1601 1824 1703 1845 eorum
1721 1813 1851 1851 exemplo
1870 1812 1914 1842 ulii
1932 1823 1946 1842 a
1966 1812 2166 1842 commissione
2188 1812 2284 1853 talium

1223 1855 1324 1893 possint
1342 1856 1373 1886 δε
1392 1855 1511 1885 debeant
1531 1854 1634 1884 merito
1655 1853 1781 1883 cohiberi
1797 1875 1806 1890 ,
1830 1853 1862 1882 δε
1891 1850 1969 1888 quod
1989 1850 2080 1880 nostra
2103 1849 2203 1880 exinde
2218 1849 2285 1880 aste-¹

1223 1895 1283 1925 ctio
1301 1900 1384 1932 peries
1402 1903 1452 1925 vos
1467 1894 1500 1924 ὃς
1518 1892 1660 1922 Ordinem
1679 1890 1801 1922 vestrum
1821 1890 1853 1920 in
1872 1889 2009 1919 Domino
2027 1890 2160 1927 vigeatur.

1261 1970 1350 2002 Teste
1364 1970 1447 2008 Rege
1462 1968 1534 2008 apud
1555 1967 1729 2009 Osyngwold
1740 1990 1749 2006 ,
1768 1977 1813 1998 10.
1826 1966 1872 1996 die
1887 1965 1969 1996 Maii.
2008 1959 2012 1971 ⁵

1249 2115 1269 2135 ἦ(
1294 2117 1387 2159 Super
1409 2111 1539 2146 exitibus
1558 2114 1727 2158 Aquitaniae
1751 2111 1914 2153 Clementi,
1931 2121 2023 2157 nuper
2044 2114 2149 2159 Papa,
2168 2118 2264 2161 oppig-

1699 2170 1822 2194 noratis.-

1228 2247 1314 2304 RE
1324 2247 1355 2279 X
1379 2245 1483 2279 <luecio
1499 2246 1612 2278 Clerico
1625 2246 1690 2284 suo,
1709 2243 1852 2283 Magistro
1866 2243 2040 2284 Reymundo
2061 2244 2205 2287 Subirani,
2219 2247 2288 2280 salu-

1300 2296 1368 2318 tem.

1267 2326 1396 2364 Qaliter
1413 2334 1499 2362 nuper
1515 2324 1546 2354 in
1563 2324 1680 2361 negotio
1695 2321 1883 2358 assignationis
1896 2339 1907 2359 5
1937 2330 1986 2364 per
2012 2325 2064 2351 nos
2085 2321 2186 2361 faetae,
2207 2324 2294 2355 bonae

1227 2365 1391 2402 memoriae,
1409 2362 1446 2393 C.
1463 2371 1530 2392 tunc
1548 2361 1632 2402 Papae
1656 2361 1776 2399 quinto,
1808 2359 1886 2398 super
1909 2360 2025 2389 exitibus
2050 2359 2179 2391 Ddcatsis
2205 2362 2293 2393 nostri

1227 2403 1401 2442 Aquitaniae,
1424 2411 1471 2439 per
1488 2411 1541 2430 nos
1558 2400 1676 2438 pactum
1693 2421 1704 2437 ,
1735 2399 1769 2429 &
1795 2396 1917 2435 expresse
1941 2397 2109 2428 condictum
2127 2399 2194 2439 fuit,
2214 2401 2290 2439 quod

1225 2452 1277 2472 nos
1294 2442 1449 2478 arreragia,
1466 2440 1546 2469 nobis
1564 2439 1659 2469 debita
1675 2439 1706 2468 in
1722 2437 1826 2467 eodem
1844 2435 1974 2473 Ducam,
1999 2436 2033 2467 &
2049 2439 2134 2468 exitus
2151 2439 2290 2479 ejusdem,

1225 2480 1310 2519 usque
1327 2479 1440 2510 Festum
1459 2477 1714 2520 Pentecostesfljain
1740 2475 1912 2518 praeteritum
1931 2496 1956 2518 ,Α
1976 2473 2056 2512 plane
2082 2478 2290 2515 perciperemus

1228 2529 1280 2557 pro
1297 2520 1436 2556 regimine
1454 2517 1524 2546 dieti
1545 2516 1674 2546 Dicatus
1690 2537 1700 2552 ,
1729 2514 1762 2545 δε
1788 2513 1845 2543 aliis
1869 2512 1971 2543 nostris
1987 2516 2108 2550 negotiis
2124 2516 2191 2546 inde
2208 2526 2292 2555 expe.-

1228 2557 1349 2588 diendis·
1370 2558 1406 2586 ita
1424 2555 1521 2594 quod,
1538 2555 1573 2585 ad
1593 2563 1664 2592 opus
1681 2552 1762 2591 ipsius
1781 2551 1905 2582 Domini
1924 2549 1960 2581 C.
1980 2553 2131 2591 ‘quicquam
2148 2554 2216 2586 inde
2232 2561 2296 2586 ante

1227 2596 1306 2626 idern
1326 2581 1440 2625 F²esturri
1458 2604 1516 2624 non
1536 2594 1736 2631 perciperetur:
1755 2601 1790 2634 eo
1808 2600 1866 2634 non
1882 2589 2012 2633 obstante
2028 2592 2126 2631 quod,
2146 2603 2194 2630 per
2216 2594 2295 2625 Lite*

1229 2645 1270 2664 ras
1288 2634 1390 2664 nostras
1405 2656 1414 2672 ,
1440 2634 1635 2663 executionem
1661 2629 1852 2673 assignationis
1871 2628 2013 2667 praedictae
2032 2638 2095 2660 ante
2112 2632 2222 2662 diii-um
2241 2632 2296 2663 Fe-

1229 2672 1320 2710 stum,
1337 2671 1396 2702 fieri
1415 2671 1607 2702 mandavimus
1627 2681 1637 2708 3
1671 2668 1801 2710 quodque
1822 2675 2031 2706 juramentum,
2053 2668 2090 2698 de
2107 2671 2245 2701 contentis
2264 2671 2295 2702 iri

1230 2711 1329 2742 Literis
1345 2710 1529 2750 assignationis
1554 2708 1697 2747 predict-x
1721 2705 1915 2744 observandis,
1932 2705 1982 2735 sub
2000 2707 2155 2738 intentione
2178 2709 2242 2747 illa,
2262 2710 2293 2740 in

1229 2751 1354 2780 animam
1376 2748 1500 2779 nostram
1520 2747 1640 2785 praestari
1658 2746 1856 2784 praecepimus:
1875 2754 1938 2782 quae
1953 2747 2051 2776 omnia
2070 2756 2120 2776 vos
2133 2770 2142 2784 ,
2168 2747 2200 2778 δὲ
2227 2747 2296 2778 Ma-·

1231 2787 1317 2825 gister-
1335 2787 1508 2819 Gaucelinus
1522 2786 1678 2826 Johannis,
1703 2785 1750 2822 qui
1773 2783 1882 2825 dicium
1901 2784 2053 2819 negotium
2072 2794 2139 2822 erga
2160 2796 2211 2816 nos
2229 2796 2298 2824 pros

1231 2827 1410 2865 sequebatur,
1427 2827 1507 2856 nobis
1525 2826 1613 2855 teneri
1630 2824 1664 2854 &
1681 2821 1838 2860 observari,
1854 2822 1904 2851 iub
1923 2821 2015 2851 vestro
2033 2823 2159 2860 periculo
2165 2826 2292 2863 ,promi-

1233 2865 1382 2904 sistiS,n0n
1398 2864 1538 2895 credimus
1551 2874 1567 2894 a
1582 2861 1673 2894 vestr&
1687 2859 1827 2891 memoria
1841 2858 1985 2890 recessisse.

1271 2903 1306 2934 Et
1325 2904 1386 2941 jam
1401 2903 1435 2934 ad
1456 2902 1583 2933 nostrum
1603 2901 1729 2939 pervenit
1751 2898 1880 2929 auditum
1936 2897 2015 2936 qdod
2036 2899 2168 2932 homines
2211 2901 2297 2933 raefati

1234 2942 1360 2973 Domini
1374 2941 1410 2972 C.
1427 2952 1442 2972 a
1457 2950 1589 2978 tempore
1604 2937 1778 2977 posseffionis
1792 2920 1937 2976 praedieiae
1950 2936 2142 2974 affignationis
2156 2951 2170 2970 a
2195 2944 2299 2979 ecutae,

1231 2982 1371 3018 arreragia
1392 2980 1480 3018 aliqua
1497 2981 1526 3008 in
1548 2978 1628 3008 dieto
1650 2976 1764 3006 Ducatu
1778 2999 1788 3014 ,
1815 2976 1850 3006 ad
1878 2984 1948 3018 opus
1967 2976 2100 3019 nostrum
2121 2978 2205 3009 levari
2221 3001 2232 3018 ,
2253 2979 2299 3010 seu

1234 3021 1383 3058 quicquam
1404 3019 1439 3049 de
1453 3017 1535 3049 dietis
1550 3017 1682 3053 exitibus,
1695 3024 1748 3055 pro
1760 3015 1898 3052 regimine
1913 3012 1982 3057 dieti
2006 3015 2134 3046 Ducatfis
2148 3040 2158 3055 ,
2179 3026 2223 3048 aut
2245 3026 2297 3054 pro

1233 3059 1366 3096 aliquibus
1387 3058 1444 3088 aliis
1464 3056 1587 3093 negotiis
1607 3053 1709 3097 nostris
1724 3052 1832 3097 ibidem
1849 3051 2046 3095 expediendis,
2069 3056 2132 3092 capi
2145 3054 2297 3085 nullatenus

1234 3096 1432 3135 permiserunt,
1443 3095 1480 3125 set
1499 3095 1598 3124 omnia
1615 3091 1772 3129 hujusmodi
1787 3090 1837 3121 suis
1851 3092 1940 3121 usibus
1953 3092 2144 3131 applicarunt3
2159 3093 2232 3123 unde
2247 3093 2296 3123 ad-

1236 3137 1386 3172 miramur,
1401 3144 1454 3164 nec
1470 3131 1677 3169 immerito,&
1690 3129 1848 3168 turbamur,
1862 3128 2010 3167 praesertim
2025 3140 2091 3161 curn
2110 3132 2146 3161 ab
2163 3133 2216 3169 eis,
2222 3132 2298 3170 juxta

1236 3174 1361 3203 sormam
1378 3171 1567 3210 assignationis
1585 3169 1748 3208 praedietae‚
1768 3178 1820 3206 pro
1840 3169 1980 3204 regimine
2001 3168 2070 3198 dicti
2093 3168 2237 3208 Ducarfis,
2252 3170 2298 3200 vel

1236 3222 1288 3250 pro
1306 3211 1363 3242 aliis
1378 3211 1500 3248 negotiis
1523 3208 1624 3239 nostris
1644 3207 1752 3250 ibidem
1778 3205 1972 3249 prosequendis
1987 3228 2009 3249 ⁷.
2029 3207 2180 3245 quicquam
2208 3210 2296 3246 recipi

1237 3261 1298 3281 non
1315 3250 1414 3280 debeat
1430 3259 1492 3280 ante
1511 3247 1624 3279 Festum
1641 3245 1749 3276 Natalis
1766 3244 1909 3283 Domini,
1931 3248 2065 3281 proximo
2083 3247 2143 3284 jam
2162 3247 2301 3285 futurum,

1239 3290 1306 3319 sicut
1322 3287 1418 3319 nostis.
2026 3316 2030 3319 ,

1274 3327 1400 3364 Verum,
1419 3328 1481 3365 quia
1499 3331 1533 3356 ex
1551 3317 1695 3363 praemiffis
1713 3322 1878 3360 inopinatis,
1898 3320 1998 3359 nobis,
2015 3321 2094 3360 super
2111 3324 2232 3360 negotiis
2243 3333 2298 3353 n0⁴

1240 3365 1298 3395 stris
1318 3367 1346 3395 in
1367 3364 1482 3396 Duc-atu
1502 3362 1638 3402 praedieto
1652 3384 1661 3399 ,
1695 3360 1784 3398 posset
1798 3383 1807 3397 ,
1837 3359 1913 3397 quod
1940 3360 2024 3398 absit,
2042 3372 2128 3398 grave
2146 3361 2299 3399 periculum

1239 3405 1368 3441 evenire,
1386 3404 1467 3435 vobis
1484 3402 1646 3432 mandamus
1663 3400 1692 3429 in
1710 3398 1763 3428 fide
1782 3399 1814 3428 δε
1831 3398 2004 3437 dilefflone,
2017 3400 2114 3439 quibus
2130 3400 2210 3429 nobis
2226 3407 2303 3429 tene-

1246 3444 1334 3479 niini,
1352 3442 1469 3472 firmiter
1487 3442 1680 3479 injungentes,
1696 3438 1821 3477 quatinus
1839 3445 1868 3467 ut
1885 3447 1935 3474 ea,
1953 3446 2016 3474 quse
2035 3447 2084 3475 per
2102 3447 2153 3466 nos
2171 3437 2250 3475 parfia
2269 3437 2303 3468 &

1243 3480 1377 3511 condicta
1391 3503 1400 3519 ‚
1429 3481 1462 3510 &
1489 3489 1539 3517 per
1556 3488 1607 3508 vos
1624 3486 1657 3506 ac
1676 3476 1842 3513 praedictum
1862 3474 2033 3511 Magistrum
2053 3475 2245 3505 Gaucelinum
2261 3485 2305 3505 as=

1240 3519 1348 3557 sumpta
1367 3519 1477 3549 fuerunt
1495 3518 1577 3548 nobis
1593 3513 1781 3552 observanda,
1799 3522 1828 3544 ut
1845 3513 1962 3554 superius
1979 3511 2132 3549 expressum
2145 3512 2205 3552 est,
2221 3514 2305 3544 nobis

1241 3566 1384 3588 teneantur
1402 3557 1435 3587 &
1453 3555 1665 3593 compleantur,
1685 3552 1778 3582 modis
1797 3552 1829 3582 ὅς
1847 3553 1897 3581 viis
1914 3551 2061 3588 omnibus,
2080 3551 2176 3588 quibus
2200 3554 2307 3589 poteri-³

1241 3596 1500 3634 tis,interponati3,
1516 3603 1583 3624 cum
1602 3591 1686 3623 omni
1701 3589 1846 3627 efficacii,
1865 3596 1949 3631 partes
1965 3588 2080 3623 vestras,·
2099 3589 2224 3628 alioquin
2241 3600 2305 3629 pera

1242 3635 1351 3665 mittere
1369 3643 1430 3664 non
1446 3633 1567 3663 valemus
1586 3629 1681 3669 quod,
1700 3636 1797 3658 contra
1818 3629 2005 3669 intentionem
2023 3626 2167 3666 nostram,
2191 3629 2224 3660 ὃς
2250 3630 2306 3659 boi

1242 3683 1309 3703 nain
1327 3672 1431 3711 sidem,
1449 3673 1478 3701 in
1499 3669 1645 3709 praemiffis
1662 3668 1698 3696 sic
1719 3666 1880 3703 expressaras
1893 3684 1904 3701 ‚
1928 3665 2010 3694 nobis
2027 3672 2085 3695 tam
2106 3676 2190 3703 grave
2206 3669 2306 3705 praeJ'u-·

1242 3711 1352 3741 dicium
1368 3711 1506 3740 inferatur.
1799 3742 1823 3748 ,-
1887 3742 1892 3747 ,
1919 3742 1924 3746 ,
2216 3739 2218 3741 ,

1282 3747 1429 3779 Caeterum
1446 3746 1527 3777 vobis
1545 3745 1726 3782 mandamus,
1744 3742 1868 3773 similiter
1886 3749 2080 3785 injungentes,
2096 3742 2175 3780 quod
2194 3743 2306 3781 obliga-

1244 3788 1374 3824 tionem,
1396 3795 1478 3824 quarn
1499 3782 1670 3814 Venerabilis
1685 3782 1763 3824 Pater
1780 3781 1831 3810 W.
1852 3781 1942 3810 Tituli
1961 3779 2057 3810 Sancti
2075 3780 2182 3812 Ciriaci
2198 3781 2308 3813 Presbia

1245 3835 1287 3856 ter
1306 3824 1477 3860 Cardinalis,
1492 3823 1527 3852 de
1544 3822 1652 3851 duobus
1670 3820 1791 3850 millibus
1808 3818 1973 3849 Marcii-um
1990 3817 2196 3856 sterlingorum
2211 3843 2220 3858 ,
2242 3826 2308 3859 quas

1247 3863 1330 3893 nobis
1347 3870 1445 3892 mutuo
1462 3860 1588 3896 tradidit,
1611 3858 1676 3888 inde
1694 3858 1799 3894 recepit
1814 3880 1824 3895 ,
1849 3859 1882 3887 ἅ-
1909 3866 1973 3894 quas
1992 3867 2007 3887 a
2025 3856 2131 3893 dileeto
2149 3857 2313 3889 Mercatore

1248 3900 1344 3932 nostro
1365 3899 1492 3930 Antonio
1510 3896 1657 3932 Paffaigne
1674 3895 1709 3926 de
1724 3895 1812 3933 Janua
1831 3894 1973 3932 recepistis
2009 3895 2089 3926 dicto
2113 3896 2257 3927 Cardinali
2277 3897 2312 3926 li-

1250 3938 1401 3976 berandas,
1421 3936 1499 3967 simul
1517 3943 1583 3965 curn
1603 3934 1702 3964 Literis
1716 3934 1909 3972 acquietantise
1929 3917 2145 3973 sufficientibus,
2162 3935 2194 3966 &
2213 3935 2312 3965 Literis

1250 3976 1427 4008 absolutionis
1444 3985 1459 4004 a
1477 3973 1640 4011 Sententiis,
1656 3973 1676 4002 fi
1694 3982 1760 4010 quas
1776 3971 1872 4002 dilecti
1887 3972 1920 4002 ὃ(
1939 3970 2029 4002 fideles
2046 3972 2135 4002 nostri
2149 3995 2159 4011 ,
2183 3973 2312 4003 Adoma=

1251 4025 1296 4046 rus
1314 4015 1350 4049 de
1368 4013 1395 4044 V
1397 4013 1494 4043 alenti-a
1511 4011 1620 4042 Comes
1638 4009 1811 4041 Pembrosiae
1826 4009 2059 4047 Consanguineus
2077 4010 2188 4047 noster,
2207 4011 2313 4050 Johan=

1254 4063 1303 4084 nes
1320 4052 1355 4084 de
1372 4050 1506 4089 Sandale‚
1523 4050 1557 4081 δε
1575 4059 1645 4088 vos,
1659 4050 1706 4089 qui
1719 4057 1776 4118 fro
1790 4048 1873 4079 nobis
1890 4048 1956 4079 inde
1974 4047 2061 4080 fuistis
2077 4049 2195 4087 obligati
2191 4050 2314 4115 ’,κίῐῇεξιίιΐ

2224 4092 2238 4116 ἵ
2307 4103 2318 4123 ο

2277 284 2351 322 Anti.
2367 283 2406 323 132

2299 340 2384 369 ¹314ss

2277 372 2345 398 Edu.
2365 381 2392 398 2.

1275 432 1358 471 EX,
1373 433 1523 470 Religiosis
1535 433 1625 471 Viris,
1644 434 1677 463 ὅ(
1696 424 1724 463 in
1742 432 1857 464 Christo
1884 431 1934 463 sibi
1952 431 2062 462 diseretis
2079 454 2088 470 ,
2123 423 2267 471 Magistro
2307 418 2311 434 ’-
2348 417 2362 442 7

2281 411 2332 434 Αι.
2369 428 2377 434 .

2282 449 2310 472 Ε.
2323 455 2347 472 z.

2283 484 2369 520 Claus-
2386 484 2413 518 7'4

2285 525 2312 548 E.
2332 530 2346 547 2
2376 531 2413 548 ma

2288 569 2314 595 5.
2332 560 2359 587 d.

2331 2133 2350 2152 ’Β
2366 2129 2419 2160 HT..

2346 2171 2414 2207 480.

2315 2264 2391 2295 Ann-
2404 2260 2447 2293 D,-

2342 2311 2429 2343 1314.

2318 2345 2370 2369 An.
2386 2351 2414 2376 7.

2320 2402 2433 2456 Vbist-..p

2317 2461 2347 2484 E.
2372 2467 2397 2486 2.
2411 2464 2452 2485 ms
