2562 4279
805 211 915 251 ET
999 211 1265 252 ACTA
1347 211 1820 254 PUBLICA⁵
2315 229 2390 272 103

80 291 208 325 Ann.D·
265 296 417 328 Venientes
442 297 475 329 ad
498 297 673 341 praesentiam
687 296 827 341 nostram,
843 298 903 328 Viri
920 296 1099 342 Venerabiles
1114 298 1148 328 &
1160 296 1287 333 discreti,
1328 297 1362 328 ὃς
1383 306 1495 341 propter
1518 300 1657 342 pericula,
1674 311 1736 338 quae
1752 301 1836 331 dietae
1856 299 2028 332 Mutationoe
2042 303 2268 340 comminantur,
2284 301 2385 334 timent
2402 310 2478 344 Ann·
2491 307 2534 343 D,

100 340 184 370 1341·
227 334 366 374 Magister
387 336 512 367 Didacus
534 337 620 366 Remi
643 346 662 365 11
682 335 905 366 Archidiaconus
924 336 959 366 de
976 336 1117 372 Valderrs,
1136 337 1169 366 ὃς
1181 334 1288 372 Johan-
1327 335 1418 365 adhuc
1435 339 1459 365 le
1480 337 1568 367 taliter
1581 339 1720 377 obligare,
1740 340 1882 378 quousque
1896 341 1931 371 de
1945 341 2087 379 praemiffis
2102 342 2138 370 eis
2156 342 2307 372 innotuerit
2322 341 2387 372 Ru-

77 374 146 399 ΕΜ·
166 380 193 407 3·
227 384 277 405 nes
298 375 416 406 Furcadi
429 375 464 405 de
479 374 616 405 Mendeta
655 374 732 412 iiles,
748 373 848 405 vestrae
863 374 1047 404 Sublimitatis
1059 373 1189 411 Nuncii,
1208 375 1289 403 nobis
1331 383 1394 403 mor
1408 374 1525 414 Certus,
2404 356 2518 426 1⁴:534}

228 414 340 452 primo,
361 424 410 451 per
430 412 623 444 Commiffam
647 414 684 443 eis
698 422 713 442 a
726 414 809 442 vobis
823 411 1025 448 Credentiarn,
1044 411 1222 442 Concessum
1238 422 1290 442 vo-
1368 412 1406 442 Et
1435 415 1516 444 novit
1537 413 1616 445 Deus
1637 416 1712 453 quod
1736 415 1836 455 Ligam
1851 440 1860 455 ,
1893 418 2069 448 contra&am
2090 428 2156 448 cum
2177 417 2258 448 dicto
2277 416 2387 448 PRAE-
2465 412 2471 418 ⁹

228 453 270 483 bis
293 452 404 492 pridem
423 452 577 489 divinitus,
594 452 673 490 stiper
694 450 832 481 Inimicos
849 450 943 487 Fidei,
962 449 1158 488 Triumphum
1172 450 1292 481 Glorio—
1332 460 1375 481 εΕ
1386 458 1405 479 L
1416 459 1462 480 LE
1473 460 1551 481 NTE
1573 454 1605 483 ὅς
1623 454 1785 492 vobiscum,
1800 466 1858 492 pra:
1877 458 2002 494 caeteris,
2020 456 2121 487 habere
2144 457 2273 494 cupimus
2291 457 2324 488 &
2346 465 2388 487 te-

223 488 290 521 'sum
306 490 475 521 laudabiliter
487 491 672 527 nunciarunt,
874 527 880 532 .
1233 528 1238 532 .
1332 498 1417 532 nere,
1434 489 1466 519 ὃς
1480 489 1617 523 Promissa
1631 502 1680 529 per
1694 493 1758 523 Nos
1772 503 1824 533 pro
1839 495 1943 525 viribus
1959 494 2110 526 observare.

267 529 430 559 Adicientes
453 529 530 567 quod
553 528 737 558 Reformatio
757 527 854 565 Pacis,
872 533 944 556 mter
965 525 1032 557 Nos
1045 527 1078 557 ὃς
1094 527 1292 559 Adversarium
1370 527 1399 558 St
1429 536 1520 559 tamen
1549 531 1644 569 (quod
1676 532 1761 567 absit)
1786 542 1802 562 a
1832 534 1914 563 nobis
1942 541 2077 564 avertatur
2102 533 2173 563 dieti
2197 532 2387 563 benivolentia

230 567 361 599 nostrum
376 566 412 597 de
428 567 564 610 Francia,
754 603 759 608 .
859 602 864 608 .
900 603 904 607 ,
930 603 934 608 ,
990 602 998 610 κ
1333 564 1358 595 Ρ
1368 576 1391 596 R
1401 575 1432 596 AE
1442 574 1487 596 Po
1497 575 1519 596 Τ
1528 578 1545 598 Ε
1555 577 1577 598 N
1589 577 1610 598 τ
1621 578 1632 598 1
1641 578 1653 599 s
1661 592 1671 608 ,
1688 572 1892 608 omnipotentis
1909 571 2021 610 Gratia,
2039 572 2073 602 de
2095 571 2149 610 qu&
2171 572 2282 601 summe
2295 570 2387 602 confi«

267 606 349 636 Tum
375 615 409 635 ex
430 605 596 636 Affectione
616 604 672 642 qui
691 603 772 633 nobis
790 602 954 641 afficimini,
972 612 1034 634 tum
1048 612 1161 642 propter
1175 603 1294 635 Haben·
1333 604 1439 642 dlmus,
1457 615 1508 635 nos
1523 606 1642 637 fovebit.

230 643 301 674 dum
322 643 467 682 nostrum,
484 645 517 675 &
536 644 657 674 aliorum
674 641 855 683 Principum,
875 650 974 672 contra
988 642 1080 674 dictos
1094 643 1230 674 inimicos
1246 643 1294 673 Fi-
1372 643 1540 674 Miffionem
1563 646 1647 684 igitur
1671 645 1756 676 dffiae
1776 647 1854 677 Filite
1875 647 1996 686 nostrae,
2011 649 2045 679 de
2059 649 2217 679 Peritorum
2231 649 2314 679 nobis
2325 647 2390 678 affi-

231 682 297 719 dei,
315 681 506 713 Affistentiam
519 683 552 713 &
567 682 735 724 Succurlum
744 701 754 716 ‚
1219 721 1224 725 Ι
1334 680 1466 712 stentium
1477 682 1621 721 Consilio,
1638 683 1673 714 ad
1686 693 1795 724 tempus
1809 686 1937 716 duximus
1949 686 2150 725 differendam,
2165 689 2263 718 intime
2279 698 2330 718 vos
2343 698 2390 719 ro-

269 720 361 751 Vobis
380 721 538 752 admodum
553 720 593 750 est
607 728 726 761 v0t1va‚¹
737 718 770 747 ὃς
786 717 862 756 quod
876 719 910 749 ad
925 720 999 758 hoc,
1019 729 1050 751 ut
1065 719 1238 751 Communis
1255 721 1294 751 A·
1334 729 1428 758 gantes
1442 723 1567 759 quatinus
1580 722 1743 752 dilationem
1760 722 1901 754 Miffionis
1915 726 1948 755 δε
1963 725 2120 757 Securitatis
2134 727 2330 766 praediffitarum
2343 727 2391 756 ad-

234 760 346 797 micus,
369 760 581 796 interponeretis
597 757 778 800 libentiiiime
800 765 887 795 partes
909 759 1009 789 vestras
1023 782 1032 797 ,
1055 768 1191 797 quantum
1204 759 1297 799 posset
1335 759 1392 789 huc
1421 760 1509 790 velitis
1538 760 1574 798 (si
1596 760 1748 800 placuerit)
1779 764 1973 800 {equanimiter
1997 765 2112 795 tolerare
2133 777 2142 804 3
2174 775 2258 804 penes
2281 765 2393 797 dietum

233 798 293 830 fieri
308 808 376 829 cum
393 798 555 828 nostrorum
570 795 913 833 Conservanonejurium
927 798 961 828 ὃς
977 797 1106 828 Honoris
1115 821 1123 836 ,
1336 797 1359 828 P
1369 807 1391 828 R
1402 807 1456 828 AEc
1466 808 1483 828 E
1494 806 1543 828 ΕΙ,
1552 807 1570 828 Ε
1581 808 1603 829 Ν
1613 808 1635 828 Τ
1646 809 1663 829 Ε
1674 808 1701 829 Μ
1714 822 1724 836 ,
1747 810 1831 839 prout
1853 802 1968 838 provida
1988 802 2078 833 vestra
2099 802 2328 842 Circumspestio
2345 814 2393 834 ex-

275 837 313 868 Et
330 837 532 874 subjunxerunt
546 836 574 864 in
589 834 674 872 Fine,
694 834 771 871 quod
787 834 904 873 placeret
919 836 1000 865 vobis
1015 844 1045 866 ut
1057 837 1131 866 inter
1145 834 1250 866 vestros
1262 836 1296 866 &
1335 837 1429 876 pedire
1448 837 1566 876 viderit,
1581 837 1734 868 insistentes
1754 840 1792 868 ne
1813 849 1908 870 contra
1930 850 1982 870 nos
1994 840 2115 872 declinet
2130 843 2159 871 in
2175 852 2283 882 partem
2295 844 2396 874 adver-

236 876 348 907 nostros
371 875 522 912 Subditos,
537 873 624 903 saltim
645 873 723 912 supra
747 872 848 912 Mare,
867 873 994 904 Unitatis
1016 876 1123 914 vigeret
1136 874 1298 905 Amoenitas
1337 875 1412 913 sam,
1428 875 1466 905 set
1485 886 1537 906 nos
1556 876 1665 916 speratis
1681 876 1796 907 Atutiliis
1811 879 1843 908 ὃ(
1860 878 2012 908 Favoribus
2029 880 2225 919 prosequatur,
2241 883 2292 919 &,
2312 880 2395 912 ecce!

235 915 270 946 δε
287 914 411 944 Amoris.
1338 915 1397 944 tam
1416 914 1493 952 Sibi,
1511 915 1596 953 qu-‘am
1618 914 1708 945 Vobis
1726 915 1876 954 faciemus,
1892 918 1965 954 quta
1980 916 2193 949 Poffibilitatem
2206 920 2350 958 nostram,
2365 921 2397 949 in

274 953 311 983 Et
331 951 445 989 quidem
466 949 503 980 de
517 959 576 993 θοι,
609 949 689 988 quod
711 949 744 981 ad
766 949 856 989 Nos,
888 961 936 989 per
956 951 1188 983 Nunciationem
1213 959 1297 982 tantae
1338 953 1487 991 omnibus,
1505 953 1581 992 quod
1604 952 1746 984 debemus.

234 989 429 1028 Triumphalis
455 987 609 1027 ViCtorite,
629 999 680 1018 nos
701 998 823 1019 recreare
839 990 895 1019 tam
911 991 1064 1021 amabiliter
1076 990 1216 1028 voluistis,
1235 999 1298 1029 gra-
1373 990 1440 1021 Dat.
1454 992 1515 1022 Sec.
1527 992 1599 1029 apud
1615 992 1733 1022 Turrim
1747 991 1881 1023 London.
1895 993 2069 1025 duodecimo
2080 995 2125 1025 die
2135 994 2223 1033 Junii,

234 1037 276 1060 tes
291 1028 371 1060 vobis
389 1027 534 1057 referimus
568 1038 612 1058 uas
625 1027 763 1065 valemus,
781 1029 877 1066 gratias
893 1029 1053 1059 exolventes
1069 1028 1230 1067 Altiffimo,
1270 1030 1298 1059 ui

233 1067 273 1098 fic
311 1064 345 1095 ad
369 1064 517 1096 Publicam
540 1037 767 1096 Christianorum
788 1066 931 1097 Laetitiam
945 1090 954 1105 ,
983 1068 1016 1098 δε
1037 1067 1193 1106 Perpetuos
1211 1068 1254 1098 lau
1275 1069 1298 1098 is

232 1089 336 1136 vestrae
350 1104 478 1144 Titulos,
494 1105 704 1135 misericorditer
718 1115 770 1136 vos
784 1105 831 1135 res
844 1107 917 1142 exit,
935 1107 968 1136 ὃς
982 1116 1015 1136 ex
1029 1116 1082 1144 eo,
1100 1107 1178 1144 quod
1192 1108 1223 1136 in
1235 1106 1301 1137 Re·
1431 1127 1466 1158 D
1506 1123 1560 1158 Th
1737 1124 1749 1157 l
1800 1140 1806 1144 ,
1824 1130 1829 1134 .
1943 1130 1948 1134 .
1981 1128 2005 1158 Β
2016 1131 2034 1145 ,-
2116 1131 2120 1136 .
2290 1132 2294 1136 .

233 1143 408 1175 formatione
429 1142 509 1174 Pacis
532 1144 636 1183 (quam
656 1144 772 1182 cupitis)
788 1153 804 1173 e
829 1153 844 1173 e
861 1144 942 1174 vultis
956 1144 992 1174 de
1008 1145 1218 1176 conservatione
1232 1144 1298 1175 Ho-
1467 1137 1481 1158 ι’
1562 1126 1664 1171 ‘fimro
1688 1124 1736 1172 JO
1745 1137 1842 1161 'anm‘
1868 1129 1961 1160 Duas
2007 1137 2139 1160 ”mmm
2161 1126 2304 1171 def-'‘7¹5‘'

195 1211 199 1217 ,
236 1183 312 1213 noris
326 1181 414 1212 nostri
428 1182 543 1220 soliciti,
563 1183 646 1213 vobis
660 1183 745 1212 etiam
762 1183 943 1221 regratiamur
958 1193 992 1213 ex
1006 1183 1102 1214 corde.

274 1221 365 1259 Super
386 1230 445 1260 quo
464 1221 533 1251 scire
548 1221 616 1252 velit
630 1221 720 1251 vestra
734 1220 825 1260 Regia
839 1220 986 1252 Celsitudo
994 1244 1014 1268 ²,
1023 1222 1100 1260 quod
1114 1223 1170 1253 tam
1186 1229 1299 1260 propter
1340 1208 1410 1266 IN
1427 1209 1491 1240 No
1501 1218 1527 1240 M
1537 1220 1548 1240 1
1557 1219 1581 1241 N
1591 1220 1609 1241 Ε
1630 1211 1662 1242 D
1672 1221 1692 1241 0
1702 1219 1728 1242 M
1739 1220 1782 1241 ῙΝ
1791 1219 1802 1240 ¹
1824 1210 1885 1240 AM
1895 1220 1912 1240 E
1923 1219 1955 1240 N·
2414 1231 2491 1264 Arm,
2508 1230 2552 1265 D,

105 2867 123 2901 ff*
136 2864 239 2902 V.258.

236 1259 469 1291 necessitudinem
492 1260 638 1299 Sanguinis
658 1270 712 1298 qua
732 1259 950 1299 conneffimur,
968 1270 1054 1298 quarn
1075 1269 1189 1298 propter
1204 1261 1301 1291 Inten-

236 1300 298 1330 sum
318 1298 516 1335 Defiderium,
535 1298 613 1337 quod
635 1298 788 1337 habemus,
803 1305 834 1328 ut
857 1298 937 1328 fimul
961 1299 1104 1338 possemus
1126 1300 1160 1330 ad
1177 1299 1302 1329 Merito-

236 1347 303 1368 rum
323 1336 488 1368 nostrorum
507 1336 666 1368 Cumulum
688 1337 769 1367 Bellis
788 1336 952 1367 Dominicis
972 1337 1115 1368 intendere
1132 1361 1141 1376 ,
1165 1338 1198 1368 &
1222 1338 1302 1368 Fines

237 1375 425 1407 Credentium
439 1375 568 1414 dilatare,
585 1375 812 1406 condescendere
827 1377 970 1414 cupimus,
988 1385 1124 1415 quantum
1141 1377 1300 1407 commode

238 1417 410 1453 poterimus,
433 1415 505 1444 votis
519 1414 626 1445 vestris.

277 1453 313 1484 Et
334 1454 400 1484 ideo
423 1453 510 1491 cum,
534 1455 563 1483 in
585 1453 709 1484 adventu
729 1452 852 1491 ipsorum
872 1452 1076 1491 Nunciorum,
1101 1462 1149 1492 per
1171 1452 1304 1491 quosdam

238 1492 374 1532 Alligatos
394 1491 506 1522 nostros
525 1494 558 1523 δε
579 1491 645 1522 alios
665 1491 808 1522 fuissemus
827 1493 937 1531 rogati,
955 1500 985 1522 ut
1009 1493 1200 1530 prorogationi
1216 1491 1305 1529 cujus-

238 1531 304 1561 dam
325 1531 465 1570 Treugae,
483 1531 554 1561 inter
577 1530 645 1561 Nos
663 1530 697 1560 δε
716 1530 825 1560 dietum
846 1530 1042 1560 Adversu'iuni
1057 1531 1203 1568 nostrum,
1224 1531 1306 1569 usque

239 1570 275 1600 ad
299 1569 414 1599 Festum
437 1569 644 1601 Decollationis
664 1568 760 1599 Sanffi
780 1568 919 1607 Johannis
940 1569 1068 1607 Baptistae
1087 1570 1218 1607 proximo
1232 1569 1307 1598 sutu-

240 1618 322 1646 rum,
339 1617 499 1638 curaremus
519 1608 692 1645 consentire,
717 1607 802 1637 dietae
822 1607 1036 1646 Prorogationi,
1056 1607 1195 1645 potissime
1215 1607 1308 1636 consi-

240 1647 385 1677 deratione
411 1645 494 1677 vestri
510 1669 519 1684 ,
549 1647 583 1677 &
608 1646 642 1676 ad
666 1646 910 1685 Supplicationem
936 1645 973 1676 N
976 1647 1127 1676 unctorum
1148 1645 1308 1676 vestrorum

242 1685 465 1724 praedietorum,
482 1684 612 1715 duximus
626 1683 818 1715 annuendum.

280 1723 318 1755 Et
335 1723 517 1754 Condidum
531 1722 573 1753 est
583 1723 659 1761 super
675 1723 749 1760 hoc,
763 1722 842 1760 quod
852 1745 860 1759 ,
876 1723 904 1751 in
920 1722 1005 1752 Festo
1017 1721 1113 1752 Sanffl
1130 1721 1206 1752 Petri
1221 1721 1310 1759 (quod

243 1761 347 1793 dicitur
362 1762 397 1792 ad
412 1761 546 1798 Vincula)
559 1762 731 1791 convenient
745 1761 818 1799 apud
834 1760 1002 1799 Auntoyne,
1020 1770 1109 1801 prope
1123 1761 1292 1790 Tornacum
1302 1783 1311 1798 ,

243 1799 460 1838 Procuratores,
478 1800 525 1830 seu
540 1799 716 1830 Mediatores
734 1798 816 1828 Pacis
829 1808 863 1828 ex
877 1809 991 1839 utraque
1006 1808 1099 1837 parte,
1117 1799 1149 1829 ad
1166 1799 1313 1828 TraCtan-

242 1839 313 1870 dum
336 1839 415 1876 super
437 1838 518 1869 dieta
536 1837 626 1875 Pace,
646 1847 695 1877 per
711 1836 768 1867 Dei
779 1841 912 1876 gratiam,
930 1838 1120 1874 reformanda,
1143 1848 1228 1875 quarn
1240 1837 1313 1867 sem-

266 1887 309 1916 er,
327 1886 466 1917 quantum
478 1877 590 1914 decuit,
608 1876 803 1916 quaesivimus,
823 1876 857 1906 &
871 1878 955 1915 parati
970 1877 1078 1914 sumus,
1093 1876 1160 1907 cum
1177 1875 1250 1906 Earn
1264 1875 1314 1906 ha-

269 1926 315 1945 ere
330 1917 485 1954 poterimus
501 1915 729 1952 Rationabilem,
748 1923 912 1953 acceptare,

286 1954 326 1984 Et
345 1954 427 1985 valde
469 1954 569 1983 laceret
588 1954 686 1991 nobis,
712 1954 746 1983 ὃς
765 1954 902 1991 multum,
929 1961 960 1984 ut
978 1952 1134 1992 speramus,
1152 1952 1185 1983 ad
1207 1951 1315 1983 Pacem

245 1991 383 2030 adiceret,
391 1994 410 2023 si
455 1993 532 2023 uncii
540 1991 622 2021 vestri
632 1992 696 2022 illuc
705 2014 714 2028 ,
723 1999 752 2021 ut
763 1990 938 2022 Mediatores
950 1991 1119 2022 Amicabiles
1125 2015 1135 2030 ,
1142 1992 1315 2022 interessent.

240 2060 249 2066 ,
265 2050 268 2053 r
285 2031 351 2061 Pius
371 2032 458 2061 etiarn
482 2031 652 2061 Sinceritatis
666 2029 811 2068 Affectus,
827 2040 914 2067 quem
933 2031 1037 2060 habetis
1051 2030 1084 2060 ad
1095 2030 1255 2061 fovendum
1271 2032 1316 2060 in-

245 2077 290 2100 ter
306 2068 413 2099 vestros
429 2070 462 2100 &
476 2069 585 2099 nostros
600 2068 733 2099 Subditos
747 2068 918 2099 Diletitionis
932 2069 966 2099 δε
979 2068 1205 2100 Communionis
1220 2069 1317 2108 pacifi-

248 2118 294 2139 cte
309 2107 534 2138 Firmamentum
544 2131 553 2145 ,
571 2108 654 2137 nobis
668 2107 825 2138 admodum
840 2106 882 2137 est
896 2116 1035 2145 acceptus.

286 2146 369 2176 Nam
391 2147 472 2176 novit
495 2146 574 2176 Deus
594 2145 674 2183 quod
689 2169 698 2184 ,
721 2147 792 2175 inter
816 2154 917 2176 caetera
931 2169 940 2183 ,
967 2145 1091 2176 corditer
1112 2147 1269 2185 appetimus
1287 2156 1318 2177 ut

247 2184 395 2215 foecundae
414 2183 586 2214 Dilectionis
607 2185 768 2222 integritas,
785 2194 850 2223 quse
869 2185 941 2215 inter
959 2184 1075 2215 Dornos
1095 2185 1201 2215 nostras
1212 2184 1318 2223 Regias

248 2224 339 2262 viguit
359 2224 394 2253 ab
415 2224 540 2261 intiquo,
559 2222 659 2253 nostris
681 2223 805 2260 suscipiat
826 2223 1002 2260 temporibus
1023 2222 1261 2262 Incrementum3
1284 2225 1318 2255 &

249 2263 332 2292 valde
347 2262 492 2292 turbamur
527 2261 619 2292 uando
634 2262 757 2298 dampna
770 2261 815 2292 vel
828 2261 937 2299 injuriae
951 2261 1076 2292 Subditis
1090 2262 1187 2292 vestris
1201 2272 1250 2299 per
1266 2272 1319 2292 no-

251 2300 322 2330 stros
343 2300 478 2330 Subditos
491 2299 518 2330 iri
533 2309 666 2339 eruntur,
684 2301 752 2330 cum
767 2300 890 2339 vestros,
910 2301 986 2332 velut
1001 2300 1131 2339 nostros,
1150 2301 1272 2332 civiliter
1286 2302 1320 2332 ὃς

249 2339 407 2370 amabiliter
420 2339 528 2369 [radiari
544 2339 673 2369 velimus.

288 2378 378 2408 Unde
400 2378 503 2408 decens
523 2379 597 2409 foret
619 2378 652 2407 &
666 2377 832 2416 expediens,
851 2377 946 2416 quod,
964 2376 1000 2407 de
1014 2377 1050 2408 fic
1065 2377 1213 2409 inferendis
1229 2378 1322 2409 Dam-

250 2418 311 2456 pnis
331 2417 363 2447 &
385 2415 493 2452 injuriis
506 2440 515 2453 ,
551 2415 679 2446 Poenales
701 2416 735 2447 ὃς
756 2415 892 2446 districtae
914 2415 1100 2446 Inhibiriones
1118 2416 1218 2447 fierent
1239 2417 1323 2447 dietis

251 2455 377 2486 Subditis
397 2455 467 2485 hinc
486 2456 520 2487 ὅς
542 2455 607 2485 inde
619 2479 629 2491 ,
659 2465 729 2485 cum
747 2455 905 2493 adjecfftione
925 2454 1063 2492 Praecepti
1078 2478 1087 2494 ,
1116 2456 1195 2494 quoti
1219 2465 1323 2486 mutuo

251 2494 500 2537 communicarent
522 2493 658 2533 pacifice,
674 2494 707 2525 &
729 2495 758 2524 in
780 2494 1038 2534 opportunitatibus
1050 2493 1076 2523 se
1090 2495 1194 2524 mutuis
1206 2494 1323 2526 Auxiliis

253 2540 440 2572 praevenn'ent
448 2544 457 2569 3

291 2570 382 2609 Qod
403 2569 584 2600 libentissime
601 2580 636 2600 ex
654 2578 730 2608 parte
744 2569 840 2601 nostrai
855 2569 914 2600 fieri
930 2570 1084 2607 faciemus,
1104 2571 1123 2600 st
1138 2572 1218 2602 vobis
1233 2572 1324 2603 facere

253 2608 387 2646 placuerit
408 2608 475 2638 illud
494 2608 591 2645 idem,
610 2609 688 2646 super
702 2619 760 2648 quo
774 2609 894 2639 vestram
911 2608 1041 2639 festinam
1055 2610 1087 2639 ὃς
1105 2611 1254 2640 amabilem
1271 2621 1325 2641 no-

253 2648 298 2677 bis
313 2647 386 2678 mitti
402 2648 524 2684 petimus
538 2646 723 2684 responsivam
733 2671 742 2685 ,
761 2648 794 2678 δε
810 2648 955 2678 invenietis
972 2648 1007 2678 ad
1020 2648 1101 2685 haec,
1121 2649 1154 2679 ὃς
1170 2649 1221 2680 alia
1235 2650 1327 2681 vestra

252 2685 447 2724 Beneplacita,
465 2695 499 2715 ex
512 2686 609 2715 animo
623 2695 675 2716 nos
689 2695 804 2724 paratos.

295 2724 365 2754 Dat.
378 2725 439 2754 ἃς.
453 2723 526 2761 apud
542 2723 663 2753 Turrim
676 2723 810 2754 London.
825 2723 1001 2755 duodecimo
1013 2724 1057 2755 die
1065 2724 1154 2763 Junii.

257 2847 285 2875 ἓξ
299 2847 357 2882 Ad
382 2850 499 2881 Ducem
524 2845 669 2891 Austriae‚
690 2847 781 2894 fitper
809 2849 1012 2881 Matrimonia
1036 2851 1204 2893 contra503
1232 2856 1269 2891 ῤ’
1291 2851 1329 2885 de

439 2899 623 2942 Imperatore
650 2895 694 2929 ad
722 2896 948 2942 Adversarium
964 2896 1141 2932 declinante.

1422 1248 1511 1279 Anno
1531 1259 1546 1278 a
1566 1249 1725 1280 Nativitate
1744 1249 1866 1287 ejusdem
1889 1249 2058 1288 Millesimo,
2073 1251 2297 1288 Tricentesimo,
2318 1250 2398 1289 Qa-

1341 1284 1497 1325 drageiimo
1517 1286 1616 1318 Primo
1631 1311 1640 1327 ,
1663 1289 1771 1319 Mensis
1787 1288 1865 1326 Junii
1883 1286 2008 1318 Decima
2026 1289 2124 1326 quinta
2144 1290 2205 1327 die,
2230 1290 2334 1319 scilicet
2355 1291 2400 1320 die

1342 1363 1568 1404 Complectorii,
1588 1367 1615 1395 in
1638 1365 1739 1396 Nann.
1758 1365 1885 1396 Eccleiifi.
1904 1365 2100 1403 decantatam,
2116 1365 2276 1395 Indifflone
2290 1365 2384 1396 Nona

1343 1401 1544 1441 pontificatus,
1563 1403 1733 1435 Sanc‘tiffimi
1755 1405 1784 1433 in
1799 1402 1916 1439 Christo
1931 1403 2019 1435 Patris
2032 1414 2064 1434 ac
2080 1404 2203 1434 Domini
2220 1403 2322 1441 UOstsis
2339 1388 2403 1434 DOZ
2419 1391 2558 1456 1:222er

1345 1441 1416 1469 mini
1439 1440 1582 1471 Benedicti
1605 1442 1793 1481 Duodecimi,
1808 1442 1996 1473 Sacrostinetae
2017 1442 2163 1474 Romanae
2184 1452 2217 1472 ac
2236 1441 2405 1473 Universalis

1345 1477 1482 1508 Ecclesiae
1497 1479 1608 1510 Summi
1624 1480 1785 1520 Pontificis,
1805 1481 1892 1512 Anno
1907 1481 2057 1520 Septimo,

1384 1516 1408 1545 P
1418 1528 1436 1546 A
1448 1526 1471 1546 T
1481 1526 1498 1547 Ε
1509 1528 1527 1548 A
1537 1527 1559 1547 T
1580 1519 1726 1549 Univeriis
1739 1530 1787 1557 per
1801 1520 1859 1550 hoc
1877 1521 1991 1559 proesens
2004 1518 2157 1549 Publicum
2173 1515 2410 1560 Instrumentum,

1349 1554 1444 1593 QaOd
1465 1556 1493 1584 in
1515 1557 1610 1587 nostra
1625 1557 1815 1602 Notariorum
1830 1558 2014 1589 Publicorum
2029 1558 2061 1589 &
2075 1556 2206 1586 Testium
2221 1556 2411 1594 infrascripto-

1349 1603 1412 1623 rum
1428 1593 1571 1632 praesentia
1587 1596 1761 1634 personaliter
1776 1597 1937 1635 constituti,
1956 1597 2075 1627 Nobilis
2090 1594 2141 1624 Vir
2153 1595 2186 1624 ὅ(
2202 1593 2324 1633 Potens,
2344 1596 2411 1626 Do-

1349 1632 1460 1670 minus,
1476 1631 1620 1673 Jobannes
1643 1632 1788 1664 Dominus
1809 1634 1844 1664 de
1859 1635 1984 1665 Darnalo
2003 1635 2106 1672 Miles,
2125 1632 2241 1670 Virique
2255 1631 2412 1664 Venerabi-

1350 1669 1389 1698 les
1411 1671 1443 1700 &
1466 1670 1602 1709 Diicreri,
1618 1671 1742 1703 Domini
1763 1674 1795 1704 ὃ(
1821 1674 1969 1714 Macistri,
1988 1674 2131 1714 Philippus
2146 1673 2184 1702 de
2200 1669 2302 1704 Castro
2318 1672 2415 1704 Deca-

1352 1717 1403 1737 nus
1413 1733 1422 1746 ,
1440 1709 1473 1739 ὃς
1488 1708 1573 1739 Eudo
1588 1710 1624 1740 de
1641 1710 1776 1750 Rogeryo
1791 1699 1962 1743 Scolaiticus
1975 1712 2109 1744 Ecclesiae
2124 1711 2224 1742 Nann.
2237 1720 2271 1741 ac
2286 1709 2415 1742 Guilliel-

1354 1756 1415 1776 mus
1435 1747 1470 1777 de
1484 1747 1622 1787 Rogeryo
1638 1748 1788 1788 VallettuS,
1808 1749 1996 1789 Executores,
2016 1761 2047 1783 ut
2060 1751 2220 1790 dicebatur,
2237 1749 2416 1781 Testamenti

1353 1785 1399 1815 seu
1418 1785 1544 1816 Ultimae
1564 1787 1744 1827 Voluntatis,
1758 1789 1862 1819 inclita:
1883 1790 2055 1828 Memoriae,
2075 1788 2225 1820 Deffunc'ti
2246 1790 2265 1808 *ί
2288 1789 2414 1819 Domini

1349 1823 1503 1868 johann-is,
1521 1835 1610 1863 nuper
1631 1825 1723 1858 Ducis
1735 1828 1901 1866 Britanniae,
1919 1827 2043 1860 Comitis
2059 1828 2297 1868 Richemundiae,
2313 1838 2347 1858 ac
2364 1827 2415 1858 Vi-

1354 1863 1751 1907 cecomttis'Lemovicensis,
1778 1865 1911 1897 Nomine
1930 1866 2104 1899 Executorio
2125 1878 2186 1907 quo
2205 1869 2283 1907 supra
2302 1869 2336 1898 &
2356 1876 2418 1897 non

1355 1902 1429 1939 alio,
1447 1911 1477 1932 ut
1492 1902 1641 1943 dicebant,
1660 1906 1791 1935 intrantes
1807 1905 2036 1936 Revesticorium
2051 1908 2132 1947 ipsius
2146 1908 2340 1944 Ecclenae,&
2356 1915 2422 1944 ape-

1357 1942 1463 1971 rierunt
1484 1942 1623 1979 quandam
1642 1943 1768 1974 Archam
1782 1943 1955 1982 Cordatam,
1974 1944 2125 1984 Sigilloque
2158 1947 2248 1979 Periti
2261 1945 2338 1984 Viri,
2357 1945 2423 1976 Do-

1359 1980 1431 2009 mini
1447 1979 1587 2023 Johannis
1608 1981 1769 2012 Renibandi
1785 1982 1958 2022 Presbyteri,
1978 1983 2111 2015 Retstoris
2126 1969 2261 2019 filcclesrae
2273 1988 2310 2019 de
2322 1987 2424 2019 Aibat-

1361 2027 1427 2056 rez,
1447 2018 1578 2049 Dioecese
1600 2019 1700 2050 Nann.
1721 2030 1810 2057 nuper
1830 2020 1985 2061 Argentarii
2003 2023 2143 2054 deffuneti
2163 2026 2231 2056 dum
2245 2028 2374 2067 vivebat,
2391 2034 2423 2056 ut

1359 2057 1521 2096 dicebatur,
1541 2058 1694 2103 sigillatam·
1717 2061 1747 2089 in
1760 2059 1814 2128 {uri
1831 2060 1926 2091 Archa
1940 2062 2104 2099 reperientes
2119 2063 2252 2096 Monetas
2265 2066 2423 2104 infrascrip-

1361 2105 1399 2126 tas
1408 2118 1417 2134 ,
1435 2097 1464 2126 in
1478 2096 1573 2128 Saccis
1587 2084 1746 2129 Lineis’seu.
1784 2099 1876 2129 ochiis
1891 2100 2039 2138 repositas,
2053 2102 2188 2142 certisque
2203 2103 2318 2135 Cedulis
2333 2106 2425 2144 super-

1359 2135 1470 2173 scriptas
1479 2147 1487 2173 ·,

1397 2173 1421 2203 P
1430 2183 1454 2204 R
1465 2183 1476 2204 1
1485 2182 1541 2204 Mo
1550 2197 1560 2212 ,
1585 2175 1640 2205 viz.
1661 2175 1836 2244 {undecies
1850 2174 1980 2206 Centum
1992 2177 2026 2208 ὃς
2037 2177 2201 2210 Tresdecim
2213 2180 2331 2218 duplicis
2345 2183 2425 2214 Auri.

1397 2212 1441 2242 lT
1449 2222 1468 2257 Ε
1478 2222 1525 2252 Μ,
1542 2212 1657 2257 Novies
1676 2254 1680 2258 Ι
1700 2215 1804 2245 'entum
1825 2215 1858 2246 &
1883 2213 1956 2245 Duo
1971 2214 2055 2246 Scuta
2071 2217 2142 2248 Auri
2156 2219 2186 2249 in
2202 2222 2304 2251 eodem
2318 2220 2426 2260 Sacco,

1362 2261 1430 2283 cum
1447 2252 1589 2282 interfinio
1602 2253 1729 2283 modlco.

1400 2289 1444 2320 IT
1454 2301 1471 2321 Ε
1481 2299 1527 2330 Μ,
1544 2291 1712 2323 Ducentum
1729 2291 1841 2329 Viginti
1857 2290 2015 2322 Paviliones
2030 2293 2112 2324 Auri.

1402 2328 1445 2358 Ιτ
1456 2337 1510 2360 ΕΜ
1521 2353 1531 2368 ,
1551 2330 1659 2368 Septies
1676 2331 1786 2369 Viginti
1804 2330 1886 2361 0810
1901 2331 2012 2361 Leones
2026 2332 2103 2362 Auri.

1402 2366 1473 2398 ΙΤΕ
1484 2376 1510 2398 Μ
1520 2393 1529 2406 ,
1550 2368 1718 2399 Ducentum
1735 2370 1850 2400 Decem
1867 2370 1899 2399 ὃς
1915 2369 1997 2400 Otito
2012 2369 2129 2410 Regales
2143 2370 2224 2402 Auri.

1402 2404 1447 2436 IT
1456 2415 1473 2436 Ε
1483 2415 1527 2445 Μ,
1548 2407 1763 2446 Qinquaginta
1782 2408 1854 2438 Tres
1874 2407 2010 2438 Florenos
2025 2409 2176 2441 Florentiae
2190 2411 2269 2442 Auri.

1403 2443 1527 2483 ITEM,
1547 2446 1712 2477 Tresdecim
1737 2447 1869 2477 Coronas
1893 2446 1981 2485 Auri,
1999 2448 2033 2478 ὃς
2049 2447 2127 2479 Duas
2143 2449 2238 2489 Agnas
2252 2450 2325 2481 Auri
2337 2451 2366 2482 in
2380 2461 2431 2483 eo-

1363 2481 1430 2512 dem
1454 2484 1563 2522 Sacco,
1582 2495 1649 2515 cum
1674 2485 1819 2516 Interfinio
1834 2485 2037 2523 Ligaturarum.

1403 2521 1446 2551 IT
1456 2532 1473 2553 Ε
1483 2531 1527 2563 M,
1543 2524 1643 2553 Oeties
1654 2523 1784 2554 Centum
1799 2523 1990 2562 Quatringinti
2006 2523 2121 2555 Decem
2136 2524 2255 2566 Rega-les
2269 2527 2347 2558 Auri.

1402 2560 1447 2590 Ιτ
1457 2571 1475 2592 Ε
1485 2571 1512 2593 M
1523 2586 1538 2602 ,ἱ
1550 2562 1660 2601 Viginti
1674 2563 1706 2593 ὃς
1721 2562 1827 2593 Unum
1843 2562 1994 2593 Parifienfis
2011 2563 2081 2593 Auri
2094 2565 2124 2593 in
2138 2574 2198 2594 uno
2210 2566 2310 2597 Sacco.

1406 2600 1486 2638 Qas
1508 2601 1626 2639 quidem
1645 2600 1776 2631 Monetas
1798 2601 1870 2630 Auri
1893 2601 2027 2638 praefatus
2049 2602 2227 2641 Argentarius
2242 2605 2304 2634 alias
2317 2614 2432 2643 recepe-

1366 2646 1424 2676 rat,
1444 2647 1474 2668 ut
1489 2640 1653 2678 dicebatur,
1672 2641 1737 2670 vice
1752 2640 1784 2670 δε
1808 2638 1941 2670 Nomine
1955 2639 2149 2687 Exequtorum
2165 2643 2382 2681 praedictorum,
2398 2653 2431 2681 a,

1366 2675 1509 2708 Prudente
1533 2678 1624 2716 Viro,
1641 2678 1772 2709 Oliverio
1788 2678 1823 2708 de
1842 2677 1929 2708 Tune
1944 2678 2052 2717 Nova,
2070 2678 2146 2710 Cive
2158 2680 2255 2711 Nann.
2268 2680 2434 2719 Receptore

1366 2725 1419 2755 pro
1440 2717 1520 2747 dieto
1543 2717 1646 2756 Duce,
1663 2717 1733 2747 dum
1754 2717 1885 2755 vivebat,
1901 2718 1930 2747 in
1954 2719 2036 2748 certis
2050 2718 2119 2748 locis
2133 2719 2167 2749 ad
2180 2718 2328 2751 Ducatum
2341 2720 2431 2751 Brita-

1367 2755 1424 2783 niae
1443 2755 1645 2794 spectantibus,
1665 2756 1813 2793 specialiter
1836 2755 1989 2794 deputato,
2007 2757 2126 2795 quasque
2139 2757 2274 2790 Monetas
2286 2760 2373 2800 Auri,
2391 2761 2431 2791 fic

1367 2802 1493 2834 receptas
1507 2817 1517 2832 ,
1543 2795 1632 2825 dictus
1655 2794 1833 2833 Argentarius
1855 2794 1882 2823 in
1905 2794 2024 2832 quadam
2046 2794 2159 2826 Besacia
2182 2796 2321 2829 Coriacea
2340 2800 2433 2832 reclu-

1369 2831 1437 2862 dens
1451 2855 1461 2870 ‚
1484 2834 1557 2863 intra
1579 2833 1685 2863 dietam
1709 2833 1834 2863 Archam
1856 2833 2009 2872 reposuerat
2031 2834 2249 2875 conservandas,
2272 2837 2365 2870 donec
2388 2850 2432 2870 eas

1368 2879 1418 2906 per
1439 2871 1612 2915 Exequtores
1635 2870 1705 2901 dieti
1724 2870 1903 2902 Testamenti
1921 2871 2022 2902 abinde
2042 2871 2156 2904 defferri
2175 2874 2211 2905 ad
2229 2875 2315 2906 alium
2334 2878 2432 2909 locum

1368 2917 1544 2949 consingeres,
1560 2918 1702 2940 [UUOI‘CH'I.

108 2987 186 3019 Ann.
199 2986 239 3017 D.
263 2983 319 3038 R
330 2981 355 3012 E
364 2980 394 3011 X
413 2980 515 3025 Illustri
524 3020 528 3025 .
537 2981 671 3020 Alberto,
681 2981 790 3026 ¹eadem
814 2982 919 3021 gratis,
937 2981 1018 3012 Duci
1036 2982 1177 3026 Austriae,
1192 2983 1327 3025 Tiroliae,
1406 2985 1419 3016 I
1430 2995 1452 3016 N
1463 2995 1474 3016 s
1485 2995 1508 3016 U
1517 2995 1535 3016 P
1545 2995 1562 3016 Ε
1573 2995 1595 3015 R
1604 3008 1614 3024 ,
1631 2986 1660 3015 in
1681 2984 1794 3024 ipsimet
1808 2984 1904 3017 Archa
1915 2987 2083 3027 reperientes
2095 2986 2280 3021 Monetarum
2292 2991 2326 3022 &
2339 2990 2431 3022 Pecu-

130 3034 216 3065 1341,
283 3059 290 3064 ἢ
340 3021 374 3051 6:
399 3019 572 3064 K³F¹¹Jth¹ae²
593 3019 728 3050 Domino
747 3020 908 3059 Carniolae,
927 3019 1087 3059 Marchrae,
1104 3032 1138 3053 ac
1158 3022 1329 3055 Portusuao-
1369 3026 1480 3056 niarum
1502 3025 1622 3055 summas
1644 3024 1826 3064 infrascriptas
1986 3024 2102 3056 Cedulis
2122 3026 2167 3056 seu
2325 3030 2375 3060 ciis
2387 3031 2431 3060 su-

108 3069 162 3094 An,
182 3074 225 3101 ¹5-
260 3066 320 3095 ωε,
337 3057 451 3089 Comiti
471 3068 500 3088 1n
521 3058 710 3102 l-iabepurth,
726 3068 842 3102 necnon
857 3059 1014 3098 Lantgrave
1028 3059 1158 3099 Alsatiae,
1178 3060 1328 3093 Domino·
1369 3064 1527 3103 perscriptis
1548 3063 1711 3100 intitulatas,
1729 3064 1762 3094 ἃ
1786 3065 1815 3094 in
1836 3062 1932 3094 saccis
1952 3063 1997 3094 seu
2013 3063 2126 3094 Pochiis
2139 3066 2281 3104 repositas,
2300 3078 2368 3106 quas
2401 3079 2433 3099 er

109 3107 142 3131 Ε,
183 3126 190 3132 ,
260 3097 553 3167 (ΙηυέεὶοΡὴ-ἰτῐέῑεὲὶυω,
572 3097 677 3128 Amico
695 3098 744 3128 suo
765 3097 922 3136 carissimo,
937 3097 1080 3137 Salutem,
1097 3099 1131 3130 ὃς
1144 3100 1258 3131 fincerae
1270 3100 1330 3132 Di·
1370 3103 1495 3133 Manum
1511 3101 1616 3140 Pagani
1631 3102 1666 3131 de
1683 3101 1795 3132 Cuscha
1810 3102 1924 3140 Valleti,
1945 3102 1980 3132 de
1993 3101 2126 3141 Recepta
2138 3102 2361 3137 Vicecomitatfis
2403 3118 2434 3138 e-

146 3141 211 3170 lid.
272 3145 287 3165 c
321 3146 420 3166 ionisa
446 3147 459 3166 e
494 3146 552 3166 um.

299 3173 475 3215 Recepimus
489 3174 656 3205 Nobilitatis
668 3174 770 3206 vestrae
788 3175 912 3214 LiteraS,
927 3184 992 3213 per,
1010 3175 1150 3207 dileetum
1165 3177 1198 3208 δε
1213 3177 1326 3209 fidelem

260 3212 389 3244 nostrum
410 3213 444 3244 δε
466 3213 608 3252 vestrum,
628 3214 790 3245 Henricum
816 3214 932 3245 Cetzler
956 3214 1103 3254 Militem,
1121 3216 1204 3246 nobis
1218 3218 1329 3256 missas,

259 3253 452 3289 continentes,
469 3253 541 3283 inter
560 3253 628 3290 alia,
646 3263 697 3284 vos
718 3253 789 3283 velle
804 3253 982 3284 Terminum
999 3254 1152 3285 Solutionis
1164 3254 1329 3287 Conventae

260 3288 410 3327 Pecuniae,
430 3301 481 3327 pro
505 3290 658 3329 Maritagio
677 3291 817 3330 Johannae
839 3292 918 3322 Filiae
932 3291 1036 3322 nostrae
1052 3292 1215 3333 cariffimae,
1232 3295 1328 3325 illustri

260 3328 340 3359 Duci
360 3328 504 3360 Friderico
529 3328 662 3360 Fratrueli
684 3330 778 3361 vestro
803 3331 1046 3362 matrimonialiter
1062 3332 1230 3370 copulandae
1251 3357 1261 3372 ,
1292 3334 1330 3365 ad

263 3366 511 3406 Qadriennium,
527 3367 573 3397 vel
589 3367 783 3407 Triennium,
799 3371 876 3408 juxta
888 3367 1114 3409 Requisitionem
1129 3371 1254 3402 nostram
1264 3396 1273 3411 ,
1286 3373 1331 3403 su-

262 3414 312 3474 per
338 3405 396 3436 hoc
417 3406 500 3436 vobis
519 3406 640 3444 faeram,
658 3407 792 3438 benivole
816 3417 984 3447 prorogare,
1001 3419 1035 3439 ac
1058 3409 1094 3440 de
1115 3409 1330 3442 Affecuratione

290 3454 420 3475 rocerum
443 3445 513 3475 dieti
538 3444 634 3483 Regni
651 3445 739 3475 nostri
758 3446 871 3485 Angli-ae
887 3449 1062 3485 contentari,
1081 3448 1129 3485 &,
1147 3457 1284 3486 quantum
1300 3451 1331 3480 in

262 3485 344 3513 vobis
364 3482 423 3521 est,
441 3483 476 3513 ad
495 3483 750 3523 Complementum
774 3484 844 3514 dieti
868 3483 1042 3515 Contractus
1057 3487 1090 3517 ὃς
1108 3487 1252 3518 Amicitiae
1266 3498 1332 3520 mu—

264 3530 321 3552 tuae
339 3521 482 3552 intendere
495 3521 624 3552 sincerius
638 3523 670 3552 ὅ(
686 3523 774 3552 inniti.

301 3560 338 3590 Et
353 3560 468 3597 quidem
486 3558 613 3590 Affectus
627 3561 836 3590 exuberantiam
845 3583 855 3598 ,
872 3569 958 3599 quam
970 3569 1006 3591 ex
1019 3561 1078 3593 hoc
1092 3561 1126 3592 ad
1143 3573 1196 3593 nos
1210 3564 1244 3594 ὅ(
1258 3574 1332 3595 con-

262 3598 333 3628 dieti
356 3597 532 3629 Contractus
554 3597 813 3637 Complementum
833 3599 937 3629 habere
956 3609 1008 3630 vos
1031 3601 1238 3640 conspicimus,
1256 3602 1332 3633 Gra-

263 3647 321 3668 tam
341 3638 474 3667 habemus
494 3636 648 3676 plurimum
670 3638 704 3668 ὃς
725 3646 892 3676 acceptam,
911 3647 1039 3675 gerentes
1057 3640 1087 3669 in
1111 3641 1184 3669 votis
1199 3650 1249 3678 ea,
1266 3651 1332 3680 quae

263 3677 301 3707 [ιε
316 3676 449 3706 condi&a
462 3675 542 3713 sunt,
560 3683 696 3713 quatenus
711 3676 872 3706 commode
888 3678 1062 3716 poterimus,
1080 3678 1236 3708 observare.

300 3715 365 3752 Set,
384 3714 453 3744 cum
477 3714 555 3751 super
577 3713 790 3744 Assecuratione
812 3715 967 3753 praediCta,
992 3717 1073 3746 vobis
1093 3716 1231 3756 facienda,
1256 3718 1329 3749 inter

261 3753 423 3793 Optimates
445 3753 478 3783 ὃς
501 3752 625 3782 Nobiles
648 3752 743 3792 Regni
762 3753 852 3783 nostri
874 3753 1002 3793 praeditsti
1017 3754 1201 3793 tractaretur,
1217 3756 1332 3795 quidam

259 3792 423 3832 inceperunt
445 3793 631 3829 murmurari,
648 3791 774 3822 dicentes
797 3793 854 3829 iarn
870 3794 899 3822 in
914 3793 1036 3830 partibus
1052 3793 1228 3824 Alemanniae
1243 3794 1334 3836 inspe-

261 3838 330 3860 ratas
348 3830 406 3861 fieri
426 3829 679 3860 Novt’rATsss
700 3853 710 3868 ,
736 3831 769 3860 ὃ(
795 3831 875 3869 quod
898 3829 998 3862 ILLE
1026 3831 1335 3872 PRAEcELLENS,

259 3865 296 3896 de
310 3879 370 3906 quo
384 3870 443 3908 plus
456 3867 686 3907 confidebamus,
705 3870 753 3905 qui
771 3870 855 3899 etiam
871 3869 924 3899 fuit
939 3870 1022 3908 hujus
1038 3869 1090 3900 Ne
1110 3871 1161 3900 otii
1175 3873 1336 3911 praecipuus

261 3903 424 3946 Mediator,
443 3906 571 3938 dissoluta
592 3906 666 3946 1„ng
684 3907 836 3938 nobiscum
861 3907 936 3938 faeta
947 3931 956 3946 ,
973 3917 1073 3939 contra
1092 3879 1163 3939 istos
1184 3919 1252 3940 cum
1275 3910 1335 3941 Ad-

259 3944 379 3975 versario
392 3947 490 3977 nostro
504 3946 627 3977 Franciae
640 3946 666 3976 se
682 3946 792 3984 ligavit,
808 3946 885 3985 quod
901 3954 995 3976 tamen
1011 3947 1123 3985 adhuc,
1141 3948 1254 3988 pensati
1267 3948 1337 3980 No-

259 3981 365 4013 bilitate
378 3983 423 4015 sua
438 3984 560 4016 Caefiaria
570 4008 578 4022 ,
596 3984 778 4015 verisimiliter
793 3983 906 4014 credere
922 3994 981 4015 non
999 3986 1133 4016 valemus.

295 4019 351 4059 Et,
371 4031 484 4062 propter
507 4033 633 4054 rumores
654 4022 854 4054 Mutationum
869 4023 1050 4062 hujusmodi,
1068 4033 1128 4055 non
1140 4024 1286 4056 videbatur
1299 4027 1338 4056 cis

261 4057 323 4090 fore
338 4067 432 4091 tutum
451 4061 560 4094 dietam
582 4062 682 4095 Filiam
696 4060 821 4094 nostram
831 4063 858 4100 ja
868 4071 897 4092 m
913 4061 947 4093 ad
964 4071 1055 4102 partes
1068 4063 1125 4096 illas
1136 4064 1337 4103 transmittere,

1371 3141 1537 3171 movicensrs
1555 3150 1606 3179 per
1626 3140 1715 3178 ipsum
1736 3140 1828 3180 faeti,
1847 3140 1988 3171 Nannetis
2008 3140 2107 3171 delatas
2128 3151 2286 3182 receperat,
2307 3155 2373 3184 quas
2392 3146 2434 3177 di-

1368 3180 1433 3249 ἕως
1451 3179 1630 3219 Argentarius
1649 3180 1679 3209 in
1695 3179 1773 3211 dicta
1794 3179 1890 3210 Archa
1903 3180 2056 3217 reposuerat
2070 3180 2134 3211 vice
2148 3180 2181 3211 ὃς
2195 3183 2317 3215 nomine
2333 3185 2437 3223 quibus

1382 3229 1397 3249 u
1421 3228 1462 3248 ra·

1399 3228 1573 3294 ΡΡιῖιΜο,
1591 3255 1738 3295 videlicet,
1756 3255 1923 3286 Ducentum
1940 3254 2135 3296 Qatringinti
2157 3256 2257 3289 Libras
2274 3259 2310 3290 de
2332 3260 2436 3292 Limo-

1392 3306 1438 3327 en.

1371 3305 1391 3336 g
1409 3333 1425 3365 Ι
1432 3341 1538 3373 τΕΜ,
1562 3334 1591 3364 in
1617 3332 1718 3364 eadem
1741 3331 1864 3362 Moneta
1889 3331 2058 3363 Ducentum
2077 3332 2224 3373 Sexaginta
2245 3334 2359 3367 Decem
2380 3336 2434 3368 Li-

1372 3374 1443 3404 bras.

1409 3411 1451 3441 Ιτ
1461 3419 1479 3440 Ε
1489 3417 1532 3448 Μ,
1551 3410 1581 3440 in
1594 3409 1641 3440 inci
1656 3407 1781 3440 Monet&
1796 3406 1964 3440 Ducentum
1979 3409 2124 3448 Sexaginta
2138 3409 2253 3441 Decem
2270 3411 2379 3444 Libras.

1409 3449 1454 3480 IT
1465 3457 1482 3478 Ε
1493 3457 1538 3487 Μ,
1557 3449 1586 3478 in
1609 3447 1653 3478 illa
1668 3446 1790 3478 Moneta
1806 3445 1974 3478 Ducentum
1988 3448 2133 3487 Sexaginta
2151 3449 2257 3479 Libras.

1410 3488 1454 3518 IT
1464 3495 1537 3526 EM,
1555 3487 1585 3516 in
1604 3487 1652 3516 illa
1668 3485 1790 3516 Moneta
1807 3484 1973 3525 Ducentum
1989 3486 2204 3527 Quinquaginta
2218 3487 2324 3520 Libras.

1410 3526 1538 3564 ITEM,
1555 3526 1584 3555 in
1599 3525 1646 3555 illa
1661 3524 1782 3555 Moneta
1797 3523 1924 3554 Centum
1940 3525 2044 3554 Libras.

1409 3565 1453 3595 ΙΤ
1463 3571 1534 3603 ΕΜ,
1553 3564 1582 3593 in
1599 3563 1645 3594 illa
1660 3562 1783 3593 Moneta
1795 3561 1922 3592 Centum
1938 3563 2046 3593 Libras.

1411 3603 1456 3634 Ιτ
1465 3612 1482 3632 Ε
1492 3610 1519 3632 Μ
1528 3626 1537 3641 ,
1554 3603 1582 3632 in
1597 3602 1643 3632 illa
1658 3600 1779 3631 Moneta
1791 3600 1917 3630 Centum
1933 3601 2041 3632 Libras.

1410 3641 1425 3672 I
1432 3650 1455 3671 Τ
1466 3650 1483 3671 Ε
1494 3649 1521 3670 Μ
1530 3665 1539 3680 ,
1558 3642 1586 3671 in
1600 3640 1645 3670 illa
1658 3639 1781 3670 Monet&
1795 3638 1963 3669 Ducentum
1979 3639 2182 3679 Quatringenti
2198 3640 2304 3673 Libras.

1414 3680 1484 3710 ΙΤΕ
1495 3688 1522 3709 Μ
1533 3703 1542 3718 ,
1562 3680 1590 3709 in
1605 3679 1651 3710 illa
1668 3677 1789 3708 Moneta
1804 3677 1982 3717 Septuaginta
1998 3678 2102 3708 Libras.

1411 3718 1424 3749 I
1432 3727 1481 3748 TE
1492 3726 1537 3757 M,
1555 3719 1585 3747 in
1603 3717 1773 3755 Duplicibus
1788 3716 1959 3747 Tricentum
1972 3717 2102 3755 Triginta
2117 3716 2221 3748 Libras.

1413 3757 1485 3787 ΙΤΕ
1496 3764 1543 3794 M,
1561 3757 1590 3785 in
1613 3755 1780 3792 Duplicibus
1802 3753 1974 3785 Tricentum
1992 3756 2185 3794 Qatringinti
2202 3757 2315 3788 Decem
2329 3758 2435 3791 Libras,

1412 3795 1458 3826 Ιτ
1468 3803 1485 3824 Ε
1494 3803 1537 3833 M,
1555 3795 1584 3824 in
1600 3792 1769 3833 Duplicibus
1785 3793 1976 3831 Quadraginta
1989 3794 2061 3824 Tres
2076 3793 2182 3825 Libras.

1412 3834 1425 3864 1
1435 3843 1457 3863 τ
1467 3842 1485 3863 Ε
1496 3841 1539 3871 M,
1555 3834 1584 3862 in
1599 3831 1770 3870 Duplicibus
1785 3831 1884 3861 octies
1895 3831 2007 3869 Viginti
2022 3832 2129 3862 Libras.

1414 3871 1487 3902 ΙΤΕ
1498 3879 1542 3909 M,
1561 3872 1590 3901 in
1613 3869 1717 3901 Obolis
1735 3870 1831 3907 Albis,
1848 3871 1971 3906 quolibet
1989 3880 2042 3909 pro
2058 3870 2176 3902 Decem
2190 3872 2338 3912 Denariis,
2356 3874 2436 3912 Qua-

1376 3918 1440 3942 tuor
1453 3909 1580 3940 Centum
1597 3909 1706 3948 Qater
1719 3909 1825 3947 Viginti
1842 3907 1957 3939 Decem
1970 3909 2077 3939 Libras.

1416 3948 1458 3978 I·r
1467 3958 1485 3979 Ε
1494 3956 1521 3977 Μ
1530 3971 1539 3986 ,
1556 3949 1586 3978 in
1600 3948 1705 3978 eisdem
1721 3946 1824 3977 Obolis
1877 3949 2019 3986 uingentas
2034 3947 2229 3989 Quatringinti
2243 3951 2347 3980 Libras.

1415 3985 1460 4017 IT
1470 3996 1488 4017 Ε
1498 3994 1542 4025 M,
1559 3987 1590 4016 in
1603 3985 1707 4016 Obolis
1722 3986 1801 4015 Albis
1818 3984 1873 4015 Bur
1893 3986 1992 4023 egaliae
2006 3986 2152 4025 Sexaginta
2167 3988 2299 4028 Qatuor
2314 3987 2422 4017 Libras.

1414 4024 1457 4055 IT
1473 4034 1491 4055 E
1502 4033 1548 4063 M,
1565 4026 1595 4055 in
1611 4024 1714 4055 obolis
1727 4024 1807 4054 Arbis
1821 4024 1856 4053 de
1872 4024 2048 4064 Qindecim
2064 4018 2195 4058 Denariis
2211 4025 2439 4065 quolibet,Q1a—

1379 4071 1442 4095 tuor
1456 4062 1583 4095 Centum
1597 4063 1790 4103 Qatringinti
1801 4061 1917 4095 Decem
1929 4063 1963 4096 ὃ(
1974 4063 2058 4096 octo
2070 4064 2179 4097 Libras,
2310 4100 2323 4132 Ι

2333 4106 2438 4137 τΕΜ;

2444 1281 2457 1300 1
2484 1289 2487 1294 s
2504 1281 2528 1302 1.

1342 1324 1459 1355 Veneris
1479 1325 1543 1363 post
1563 1326 1679 1358 Festum
1693 1327 1769 1358 Beati
1783 1327 1916 1357 Barnabae
1933 1325 2080 1365 Apostoli,
2099 1328 2192 1358 statim
2208 1328 2272 1364 post
2287 1328 2399 1358 Horam
2419 1282 2499 1338 Α”Ὴξ
2524 1331 2531 1338 ⁴

2431 1812 2562 1847 *V.259‹'
