2562 4279
590 155 1399 208 CONVENTI'ONES,
1457 153 1847 200 LITERAE‚

141 173 197 218 96

0 252 74 283 Arm.
84 250 127 282 D.
1281 241 1319 272 Et
1334 242 1393 273 hoc
1407 241 1510 281 probat
1522 240 1661 279 Johannis
1679 239 1887 272 Cantuariensis
1901 237 2120 278 Archiepiscopi
2136 239 2324 281 praesumptio
2341 239 2418 271 Ann.
2428 239 2470 270 D.

22 300 111 329 1341.
410 290 413 292 '
1248 280 1385 325 fastuosa,
2359 288 2446 319 1341.

0 331 61 358 ΕΜ
83 340 109 366 3‘
387 342 446 372 Pr⁰
466 336 625 370 cardinali
647 334 781 383 Epist⁰l⁷⁰
800 332 964 377 sabine’fi‘
1266 396 1272 401 ·
1290 320 1372 388 &liiii
1388 357 1498 402 pridem
1509 356 1546 387 de
1559 356 1659 401 Nobis
1678 357 1712 388 ὅ(
1729 355 1832 386 nostris
1846 354 1978 400 quaedam
1986 352 2197 398 Sinistra,ficut
2212 356 2241 400 in
2251 355 2331 400 Lite·
2341 321 2409 346 Ἐάν·
2430 328 2456 355 3.

0 417 48 442 ⁸²²·
68 425 110 451 ¹5·
216 425 240 456 E
252 421 300 462 x,
318 423 481 455 venemur
497 423 525 452 in
539 420 659 452 christo
674 419 749 450 Patri
765 443 774 458 ,
792 419 833 449 R·
852 418 953 449 eadem
968 418 1072 455 aratia.
1091 417 1211 456 Episco-
1250 393 2181 473 aas?Qanffissfflss‘ffssfia{sysararafimffesskssznssrffi
2193 393 2327 471 ffi‘ssiiaz

0 457 17 503 Ξ
45 463 70 489 3·
224 474 262 501 po
277 462 489 499 Londonienli,
507 471 539 490 ac
562 459 774 490 Colledtoribus
796 457 927 488 Decimae
948 454 1084 488 Biennalis
1100 481 1109 495 ,
1128 457 1210 486 nobis

0 493 83 566 ἐξῆ,
88 501 129 557 Ῑξ
144 511 237 570 ἓέἧέῗὲ
239 512 304 570 ¹1per
324 501 445 532 Clerum
459 500 555 539 Regni
570 498 658 529 nostri
674 496 837 535 concessae,
855 497 886 526 in
902 496 1004 526 eodem
1019 493 1209 533 Episcopatu,

1251 473 1303 502 bus
1319 471 1408 503 Locis
1422 472 1578 512 Insignibus
1592 473 1748 511 publicari,

1284 510 1349 548 Jam
1365 511 1506 548 prioribus
1518 510 1628 549 Injuriis
1644 511 1758 549 Injurias
1772 509 1919 540 cumulans
1939 508 2083 548 graviores
2097 531 2107 547 ,
2125 508 2326 542 Excusationes

1250 549 1357 579 nostras
1380 559 1457 579 veras
1479 559 1563 588 quas,
1580 549 1615 579 ad
1631 550 1779 580 Medelam
1797 548 1868 578 laesae
1885 547 2042 585 Dignitatis
2057 548 2091 578 &
2106 547 2204 578 Famae
2220 549 2337 588 Regiae

0 2050 127 2084 *V.240.

5 2859 82 2891 Arm.
92 2859 133 2890 D.

32 2909 117 2939 1341.

1 2942 53 2966 Aa.
75 2948 116 2972 15.

3 2999 87 3048 clanii.
97 3025 138 3050 ¹5.

3 3058 98 3088 1..3·D.
114 3065 136 3081 1.

4 3101 39 3118 m.
58 3102 104 3128 27.

18 4078 61 4102 a'or
65 4098 70 4102 .

0 578 32 595 ἠ’
47 570 91 596 2⁶·
183 578 263 608 Cum
285 587 375 616 nuper
388 600 398 616 ‚
423 577 504 607 certis
520 575 555 605 de
570 574 671 610 causis,
691 581 778 604 certas
793 572 984 604 Pecuniarum
1000 572 1138 609 summas,
1156 579 1210 609 pro

144 617 411 655 procurationibus,
430 615 642 645 Venerabilium
664 612 798 650 Parrum,
815 611 1010 642 Cardinalium
1021 634 1030 649 ,
1049 611 1084 641 ad
1099 610 1167 641 Nos
1181 611 1210 639 in

143 656 275 694 Angliam
296 656 399 685 ultimo
422 665 437 683 a
453 653 590 683 Domino
614 652 738 682 Summo
752 650 895 681 Pontifice
909 649 1148 686 transmissorum,
1167 650 1211 678 in-

144 694 184 724 fra
207 695 344 732 Regnum
365 692 494 723 nostrum
517 690 631 729 Angliae
653 689 785 721 collectas
799 714 809 728 ,
835 690 898 727 capi
918 689 1070 719 fecerimus
1089 688 1123 718 ad
1137 697 1210 725 opus

143 733 273 763 nostrum

180 772 218 802 Et
234 755 421 808 postmodum
438 768 664 799 mandaverimus
679 765 760 805 qu‘od
773 790 783 803 ,
809 766 846 796 de
861 765 962 796 eisdem
978 765 1118 804 Summis,
1136 773 1210 802 prae-

143 809 204 840 fatis
219 809 429 845 thnalibus,
448 808 483 838 de
499 806 627 838 Eritibus
644 805 779 836 Decimae
796 804 956 841 praedifrae,
975 803 1129 838 satisfieret,

182 848 328 886 Vobisque
344 847 567 877 mandaverimus
581 844 661 883 quod
677 852 782 874 tantam
798 842 933 872 Pecuniae
948 843 1087 872 summam
1103 842 1139 871 de
1147 840 1210 872 De-

143 889 240 923 nariis,
259 887 295 917 de
311 887 387 917 dista
402 884 547 923 Decima,
565 884 646 914 nobis
661 893 709 922 per
723 882 843 912 Clerum
856 881 955 911 vestra:
965 880 1107 911 Dioecesis
1124 880 1210 918 (prae-

143 925 198 956 fate
211 926 364 964 Episcope)
382 934 413 955 ut
430 923 608 962 praedicitur,
627 919 779 957 concessit,
796 931 845 957 per
862 929 914 950 vos
930 919 1211 958 (praemriC011eeto-

145 966 198 996 res)
215 967 241 994 in
257 964 357 994 eadem
372 962 522 1000 Diteccse,
542 970 675 999 quantam
689 959 724 989 dc
739 959 820 988 dietis
836 959 1086 988 procurationibus
1101 967 1136 987 ex
1143 967 1210 987 cau-

144 1003 174 1033 sa
190 1003 320 1041 predicta
335 1003 508 1039 recepimus,
528 1000 637 1029 retineri
655 999 687 1029 δε
703 997 778 1027 salvo
793 996 929 1027 custodiri
949 997 983 1027 ad
998 1006 1070 1033 opus
1085 996 1209 1036 ipsorum

143 1041 338 1072 Cardiualium
361 1042 487 1072 facereris
503 1064 512 1076 ,
538 1040 573 1068 ita
595 1036 676 1074 quod
698 1036 817 1066 Denarii
840 1035 878 1066 illi
901 1035 982 1066 dit-”tis
997 1034 1210 1073 cardinalibus,

143 1081 214 1110 curn
230 1091 278 1110 eos
292 1081 395 1110 habere
409 1079 528 1115 vellent,
547 1076 705 1114 promptius
720 1074 959 1112 persolverentur,

132 1140 138 1152 ,
178 1119 301 1158 ijque
315 1128 347 1148 ex'
361 1128 452 1156 parte,
468 1115 642 1146 Venerabilis
658 1114 745 1144 Patris
760 1137 770 1151 ,
788 1112 821 1142 P.
840 1122 909 1144 tunc
930 1112 1001 1143 tituli
1017 1112 1129 1143 Sanstze
1143 1111 1211 1142 Pra-

144 1158 221 1188 xedis
233 1181 242 1195 ,
268 1157 417 1188 Presbiteri
431 1180 441 1193 ,
464 1164 541 1185 nunc
562 1153 697 1191 Episcopi
720 1152 877 1183 Sabinensis
891 1176 900 1189 ‚
919 1153 1000 1182 unius
1013 1150 1209 1181 Cardinalium

144 1196 346 1235 praedieiorum
357 1218 366 1234 ,
384 1195 467 1224 nobis
484 1194 515 1224 sit
531 1192 717 1230 supplicatum
732 1200 763 1221 ut
787 1190 837 1220 sibi
852 1189 887 1220 de
901 1200 936 1221 eo
950 1215 960 1228 ,
977 1189 1057 1228 quod
1071 1189 1105 1220 ad
1122 1188 1212 1227 ipsum

145 1236 264 1273 pertinet
281 1235 315 1264 de
332 1234 464 1271 summis,
483 1242 532 1270 per
547 1231 616 1261 Nos
630 1230 666 1260 de
682 1229 933 1260 Procurationibus
948 1228 1090 1268 praedietis
1113 1237 1212 1268 recep-

144 1275 195 1312 tis,
213 1274 334 1304 celerem
353 1272 533 1303 Solutionem
545 1269 604 1300 fieri
614 1269 713 1308 jubere
727 1268 863 1306 velimus,

182 1313 267 1350 Nos,

184 1351 231 1381 Ad
246 1351 432 1382 reverentiam
447 1348 544 1379 Curiae
561 1347 705 1377 Rornanae
717 1368 726 1382 ,
745 1346 778 1376 &
792 1345 893 1375 intuitu
907 1343 1212 1382 gratiObsequiiquod

146 1390 236 1428 ipsum
252 1389 432 1420 Cardinalem
446 1388 578 1417 novimus
592 1384 692 1415 Nobis
707 1384 739 1414 &
755 1382 873 1413 Nostris
890 1385 919 1413 in
935 1382 1037 1413 eadem
1053 1381 1142 1413 Curia
1158 1384 1213 1412 im-

147 1429 273 1467 pendisse
288 1451 297 1466 ,
322 1428 355 1458 ὃς
376 1427 462 1457 indies
481 1424 644 1462 impendere
660 1448 669 1460 ‚
696 1431 727 1452 ut
751 1422 868 1453 refertur
882 1446 892 1461 ,
918 1422 1047 1454 volentes
1067 1431 1103 1453 eo
1118 1421 1213 1460 potius

148 1467 341 1506 supplicationi
359 1464 499 1503 pioedic'tae
515 1472 637 1493 annuere
651 1463 678 1490 in
695 1460 840 1498 praemiffis

187 1505 279 1536 Vobis
299 1504 464 1535 mandamus
485 1501 564 1540 quod
587 1500 724 1531 Michaeli
739 1499 817 1530 Petri
839 1485 875 1530 de
889 1498 1052 1537 Cuellario,
1070 1499 1213 1529 Procura-

147 1546 203 1575 tori
224 1544 331 1582 praefati
351 1541 504 1573 Cardinalis
527 1540 597 1570 tituli
619 1539 731 1569 Sanetae
753 1537 884 1569 Praxedis
899 1561 908 1577 ,
932 1538 961 1568 id
982 1536 1060 1576 quod
1074 1538 1109 1568 ad
1122 1536 1213 1576 ipsum

146 1584 267 1621 pertinet
287 1582 323 1611 de
345 1581 474 1611 Denariis
487 1604 497 1617 ,
523 1578 559 1609 de
579 1577 832 1608 procurationibus
856 1576 1014 1615 praedietis,
1035 1577 1063 1607 in
1079 1576 1214 1607 Dioecese

146 1620 298 1659 praedieta,
316 1620 351 1650 ad
363 1630 436 1657 opus
451 1617 579 1649 nostrum
596 1617 700 1654 capris,
718 1615 753 1646 de
768 1615 897 1646 Exitibus
910 1615 1045 1646 Decimae
1060 1615 1204 1654 pnediftae

149 1661 178 1690 in
191 1659 289 1690 eadem
308 1657 462 1696 Dioecese,
481 1656 537 1687 fine
551 1655 685 1686 dilatione
704 1653 773 1684 solvi
789 1654 822 1684 &
836 1654 938 1684 habere
955 1654 1122 1692 saciatis3ita
1132 1638 1215 1692 quod

149 1699 245 1728 eidem
264 1697 445 1728 Procuratori
464 1695 530 1725 inde
551 1694 678 1725 celeriter
699 1692 828 1730 satisfiat,
849 1692 1031 1730 Recipientes
1052 1693 1088 1723 ab
1109 1692 1214 1723 eodem

149 1737 339 1768 Procuratore
367 1735 474 1765 Literas
499 1733 556 1763 suas
584 1732 714 1762 Parentes
729 1755 738 1770 ,
760 1731 973 1769 Receptionem
995 1731 1189 1762 Denariorum
1205 1754 1215 1769 ,

148 1785 222 1814 quos
238 1776 263 1805 ei
278 1775 315 1804 sic
329 1773 482 1811 solveritis,
498 1770 704 1802 Testificantes.

187 1814 224 1844 Et
246 1823 297 1844 nos
316 1813 398 1843 vobis
412 1812 495 1849 inde,
513 1811 542 1840 in
557 1809 713 1847 Comporo
728 1807 825 1839 vestro
831 1831 840 1846 ,
858 1807 985 1839 debitam
1001 1807 1213 1840 Allocationem

149 1852 253 1883 habere
267 1852 411 1881 faciemus.

189 1891 277 1921 Teste
293 1890 375 1930 Rege
389 1888 463 1930 apud
480 1886 619 1927 Langeie,
637 1885 775 1917 vicesimo
788 1885 834 1916 die
848 1884 956 1917 Martii.

658 1966 712 1993 Per
726 1967 820 1993 Breve
832 1963 863 1993 de
876 1964 994 1994 Privato
1009 1961 1108 2001 Sigillo.

184 2045 203 2064 *
224 2043 388 2076 Consimilis
411 2041 510 2074 Brevia
532 2042 689 2110 dirigunguf
709 2040 869 2079 subscriptis
885 2063 895 2079 ‚
914 2039 964 2071 sub
976 2039 1077 2071 eadem
1092 2039 1173 2079 dat53

606 2091 635 2111 vi
657 2089 754 2119 ercet,

149 2159 271 2200 Epifiopo
294 2159 464 2201 Norwicenfi
484 2157 522 2194 ὦ·
545 2156 732 2188 ΟσΙΙσιἿονίΙπσ
752 2154 865 2196 ejusdem
887 2159 1005 2186 Decima»
1020 2156 1118 2187 ibidem
1135 2156 1214 2195 depu-

189 2204 266 2229 tatis.

149 2236 272 2276 Epifaepo
288 2239 413 2275 Wynton.
431 2235 469 2271 ὠ·
486 2235 673 2266 ζὀΙΙεέῖονὶὸης
687 2235 783 2265 ibidem
798 2234 943 2272 deputatis.

150 2279 177 2305 E
196 2276 271 2316 istopo
287 2275 393 2315 Cicestr.
410 2274 448 2310 όν
465 2274 648 2306 Οοῖἶεὲἶονίίιιις
662 2274 760 2304 ibidem
773 2274 916 2311 deputatis.

153 2286 276 2355 Essilropo
292 2320 419 2346 coventr.
438 2313 476 2349 &
493 2313 573 2343 Lich.
592 2311 630 2348 ᾤ’
647 2317 668 2342 C
669 2311 835 2342 olleeloribus
850 2311 946 2342 ibidem
961 2311 1106 2350 deputatis.

156 2356 278 2393 Episcopo
294 2354 382 2384 Elien.
399 2351 437 2388 ὠ
452 2352 638 2382 ColleHoribus
651 2352 748 2381 ibidem
761 2352 905 2390 deputatis.

152 2391 275 2432 Episcopo
291 2391 434 2431 Hercfiird.
453 2389 490 2425 (ἐν
505 2390 687 2420 (ὶόΙΙεέΞονὶὸπς
703 2390 800 2419 ibidem
816 2390 961 2428 deputatis.

151 2432 274 2470 Episcopo
290 2432 457 2461 Landaven.
475 2427 513 2463 (ἐν
530 2428 718 2458 ΟοΗεὲἶονίὸιις
732 2429 827 2457 ibidem
841 2429 986 2466 deputatix.

152 2471 207 2507 Epi
220 2478 274 2507 copo
288 2468 405 2499 Karliol.
424 2465 462 2502 ό·
475 2467 660 2497 ΟοΙΙεὲἶονὶόιις
675 2467 770 2496 ibidem
785 2467 926 2504 deputatis.

152 2511 192 2538 Cu
216 2509 258 2537 odi
275 2506 483 2546 Spi2¹ii=ualitatis
503 2503 750 2544 Archiepifiopattis
772 2504 893 2534 Eburum
909 2528 918 2543 ‚
939 2504 1003 2534 Sede
1017 2511 1156 2543 vacante,
1175 2502 1214 2539 ὠ

191 2545 378 2576 allectat-ibus
392 2545 489 2574 ibidem
502 2545 645 2582 deputatis.

152 2584 258 2625 Custodi
280 2583 489 2623 spiritualitatis
509 2581 680 2621 Epiftopattis
698 2580 891 2623 Linrolnienfis
904 2605 914 2621 ,
933 2582 997 2611 Sede
1012 2589 1134 2612 vacante
1148 2605 1159 2621 ,
1175 2580 1214 2617 &-

194 2622 379 2653 Collec‘i‘oribus
392 2622 489 2653 ibidem
503 2622 645 2659 deputatis.

154 2661 342 2692 colleamibus
357 2666 386 2691 in
399 2660 559 2700 Epiftopatu
572 2659 676 2698 Roffbn.

264 2786 322 2817 Pro
347 2786 460 2816 Comite
476 2785 636 2824 Hananiae,
653 2781 744 2827 siaper
765 2779 906 2823 Rcstauro
925 2783 1096 2826 Equorum.

158 2869 214 2924 R
225 2868 289 2900 EX
300 2893 308 2907 ,
328 2868 433 2899 dileei‘)
455 2867 572 2898 Clerico
595 2867 643 2897 suo
657 2891 666 2904 ,
692 2866 855 2896 willielmo
869 2865 905 2896 de
921 2864 1063 2905 Edyndon
1074 2888 1083 2902 ,
1102 2863 1217 2902 Recep-

233 2909 287 2938 tori
307 2906 426 2938 Subfidii
446 2906 548 2936 Nonae
563 2931 572 2942 ,
590 2906 672 2935 nobis
687 2915 735 2943 per
752 2904 1003 2935 Communitatem
1019 2903 1114 2943 Regni
1128 2904 1218 2934 nostri

157 2944 269 2981 Angliae
283 2946 443 2983 concess-e,
461 2947 530 2975 citra
545 2945 700 2982 Troiiam,
720 2944 853 2974 Salutem.

194 2984 275 3016 Cum
292 2993 454 3022 teneamur,
472 2982 578 3013 dilecto
596 2982 683 3012 Fratri
705 2983 737 3013 &
753 2981 973 3020 Consanguineo
996 2980 1114 3018 nostro,

158 3023 269 3054 Comiri
293 3023 456 3060 Hanoniae,
473 3023 502 3052 in
518 3021 553 3051 Vi
574 3022 672 3052 inti&
687 3021 825 3059 Quinque
841 3020 959 3049 Milibus
977 3019 1167 3049 Florenorum
1181 3018 1218 3049 de

158 3061 296 3092 Florentia
307 3085 316 3099 ,
335 3071 386 3099 pro
402 3060 542 3090 Restauro
556 3029 709 3097 {quorum
724 3060 837 3089 suorum
847 3082 856 3097 ,
875 3060 904 3087 in
917 3058 1057 3096 obsequio
1071 3057 1218 3088 &Comi-

154 3100 212 3131 tiva
225 3100 324 3130 nostris
338 3100 412 3138 apud
427 3098 609 3137 Burenfoss'e,
626 3098 660 3129 δε
675 3098 738 3127 alibi
752 3099 780 3127 in
796 3097 979 3128 transmarinis
992 3097 1133 3135 partibus,
1153 3106 1217 3134 per-

152 3140 296 3176 dirorum,

192 3177 277 3215 Nos,
442 3206 443 3209 ,

193 3216 221 3246 V
223 3216 329 3245 olentes
345 3215 438 3245 eidem
454 3213 564 3244 Comiti
579 3212 647 3243 inde
661 3212 799 3249 satisfieri,
818 3220 849 3242 ut
864 3211 905 3241 est
915 3210 1039 3250 justum,

193 3254 285 3284 Vobis
309 3253 474 3283 mandamus
495 3252 574 3290 quod
588 3252 712 3282 Terrico
728 3251 860 3281 Domino
876 3250 910 3280 de
928 3250 1055 3288 Manny,
1073 3251 1106 3281 &
1122 3249 1218 3289 Magi-

158 3293 215 3322 stro
230 3292 325 3322 Clario
340 3291 376 3322 de
397 3291 566 3329 Dordrecli,
584 3290 739 3328 Praeposito
754 3289 789 3319 de
805 3288 1022 3325 Oeldcrbergh,
1042 3288 1167 3318 Nunciis
1183 3290 1216 3319 &

160 3332 312 3362 Artornatis
335 3330 416 3368 iplius
438 3330 561 3359 Comitis
573 3352 583 3366 ,
607 3329 641 3358 ad
666 3328 733 3358 Nos
747 3329 775 3357 in
791 3327 923 3365 Angliam
940 3326 1114 3364 transmiffis,
1132 3326 1217 3357 Mille

156 3372 190 3400 ὃ(
211 3372 386 3408 Quingentas
414 3369 512 3398 Libras
527 3391 537 3405 ,
554 3369 583 3397 in
598 3367 819 3397 subtrac'tionem
835 3366 870 3396 Vi
893 3366 939 3394 inti
955 3366 987 3395 Sc
1003 3365 1143 3403 Qinque
1155 3365 1217 3395 Mi-

154 3407 225 3438 lium
243 3409 429 3438 Florenorum
448 3406 662 3443 praedk‘iomm,
680 3405 716 3434 de
732 3404 860 3435 Exitibus
911 3413 976 3434 ona:
997 3403 1138 3440 praedistae
1154 3413 1217 3442 per-

158 3445 286 3484 solvatis,
305 3446 494 3476 Ordinatione
509 3445 554 3474 seu
569 3442 791 3480 Affignatione,
803 3453 856 3480 pro
869 3443 926 3473 aliis
938 3441 1018 3479 super
1032 3441 1113 3472 dietis
1128 3441 1217 3472 Exiti-

158 3484 211 3513 bus
233 3485 314 3515 saCtis
329 3508 339 3521 ,
366 3495 425 3514 non
447 3483 638 3519 obstantibus3
659 3482 841 3520 Recipicntes
855 3481 890 3510 ab
910 3480 1030 3518 eisdem,
1045 3480 1170 3510 Terrico
1183 3481 1217 3510 &

159 3521 254 3553 Claiio
267 3547 276 3560 ,
303 3523 410 3553 Literas
429 3522 486 3551 suas
512 3521 663 3557 Parentes,
690 3520 902 3557 Receptionem
923 3519 1063 3548 distarum
1085 3518 1168 3548 Mille
1183 3519 1216 3549 &

161 3561 388 3600 Quingentarum
415 3560 565 3590 Librarum
584 3558 780 3589 Testiricantes
796 3581 805 3595 ,
832 3568 882 3595 per
903 3567 969 3594 quas
988 3557 1072 3587 vobis
1086 3556 1170 3594 inde,
1187 3558 1217 3586 in

159 3597 312 3640 Conrpoto
325 3599 418 3629 vestro
431 3599 466 3629 de
482 3598 514 3628 N
517 3598 574 3628 ona
587 3597 739 3635 praedie‘ta,
758 3597 885 3627 debitam
905 3595 1118 3625 Allocationem
1132 3595 1219 3625 habe-

162 3645 192 3665 re
208 3640 349 3667 iaciemus.

201 3674 288 3705 Teste
306 3675 387 3714 Rege
401 3674 473 3714 apud
487 3675 598 3712 Shene,
616 3673 754 3705 vicesimo
765 3673 841 3703 sexto
856 3672 900 3702 die
916 3671 1025 3702 Martii.

662 3752 715 3779 Per
729 3752 822 3779 Breve
835 3749 866 3778 de
880 3750 1001 3778 Privato
1015 3746 1115 3785 Sigillo.

13 3808 91 3838 Ann.
103 3806 146 3838 D.
714 3829 729 3830 ἡ

13 3856 131 3921 ,254³-
360 3874 468 3904 Contra
490 3871 746 3919 Arcliiepistopum
764 3871 1019 3916 Canttmrienftm.

12 3928 149 3998 {bis-3¹5·
170 3954 302 4013 REX
318 3978 327 3993 ,
341 3953 502 4000 Vener-abili
524 3957 553 3986 in
568 3957 686 3988 Christo
699 3957 775 3987 Patri
789 3956 829 3990 R.
847 3955 947 3987 eadem
960 3955 1062 3995 gratia,
1079 3955 1222 3996 Episcopo

15 4002 44 4027 Σ,
58 4006 113 4036 3.p.
129 4010 151 4028 ι,
248 3993 460 4030 Londonienli,
477 3993 608 4023 Salutem.

16 4046 51 4066 m.
69 4047 114 4072 29,
203 4032 327 4062 Cicatrix
347 4029 489 4060 Cordium
510 4030 643 4067 Superbia
657 4055 667 4069 ,
693 4043 757 4069 quae
778 4033 886 4069 semper
898 4032 1037 4070 ascendit,
1054 4032 1223 4071 plerumque

164 4079 278 4117 generat
293 4069 420 4102 Morbos
433 4077 466 4098 ex
480 4067 642 4107 Remedns,
660 4071 692 4100 &
707 4080 741 4100 ex
756 4069 905 4110 Medieinfi
920 4070 1093 4109 Langorern.

1250 588 1428 625 providimus
1440 610 1449 625 ,
1477 587 1580 618 nostris
1603 588 1745 618 Fidelibus
1767 588 1913 624 intimari,
1937 587 2034 616 nititur
2050 586 2191 624 exquisitis
2208 586 2324 618 Machi-

1249 627 1409 656 nationibus
1432 627 1596 694 impugnare
1612 648 1621 663 ‚
1644 627 1677 657 &
1694 637 1742 663 per
1758 626 1862 657 Novas
1879 625 1987 655 Literas
1997 647 2006 663 ‚
2020 625 2104 655 vobis
2118 625 2153 656 &
2167 625 2225 656 aliis
2238 628 2324 658 novi-

1249 673 1292 694 ter
1309 664 1455 695 destinatas
1469 689 1478 703 ,
1538 664 1716 702 alumpnioso
1729 664 1870 702 Calamo,
1888 664 2018 702 Stiloque
2033 662 2192 703 Mendaci,
2209 666 2322 703 gravius

1249 703 1283 734 δε
1296 704 1390 733 durius
1405 702 1564 733 diffamare.

1286 741 1324 771 Et
1335 742 1414 772 licet
1436 742 1467 772 sit
1489 741 1525 771 de
1538 751 1622 771 more
1635 740 1826 773 Summorum
1840 739 2035 779 Pontificum,
2054 739 2269 782 Cardinalium,
2286 743 2322 774 &

1248 779 1436 811 Praelatorum
1458 780 1625 810 inferiorum
1639 802 1648 818 ,
1674 779 1775 810 affatus
1796 780 1828 810 &
1854 781 1961 811 Literas
1987 780 2091 820 Regias
2114 782 2323 813 reverenter&

1249 819 1372 858 benigne
1392 818 1526 856 suscipere
1541 842 1550 856 ,
1576 818 1634 856 ipse
1650 827 1745 848 tamen
1761 818 1848 848 dietas
1863 819 2043 850 excusatorias
2060 818 2186 858 nostras,
2197 819 2270 859 just-a
2286 822 2322 852 &

1248 868 1316 888 vera
1340 857 1432 895 (quod
1453 857 1586 896 congruis
1607 857 1676 887 loco
1697 858 1730 888 &
1746 865 1878 894 tempore
1893 857 1968 887 clare
1983 858 2105 895 probare
2119 859 2320 897 proponimus)

1248 897 1428 926 continentes
1441 919 1450 934 ,
1476 895 1666 926 Detestabiles
1680 897 1713 927 ὃς
1731 895 1858 925 Libellos
1872 894 2007 925 Famosos
2021 896 2157 935 intitulat,
2177 899 2207 927 in
2222 897 2322 929 nostro

1249 934 1386 964 Nomine
1409 934 1558 965 Maculam
1580 934 1673 965 falsam
1696 944 1831 972 ponens,
1859 934 1924 971 quia
1939 956 1950 971 ,
1973 933 1993 963 si
2014 935 2091 972 quis,
2108 945 2209 975 gerens
2223 936 2323 967 Salutis

1249 973 1372 1011 publicae
1391 972 1562 1004 Custodiam
1579 995 1588 1011 ,
1607 972 1717 1010 Scripta
1731 973 1853 1013 probare
1866 970 2000 1002 Crimina
2013 972 2045 1002 iit
2060 983 2186 1013 paratus,
2203 975 2222 1004 fi
2238 975 2324 1005 affer-

1249 1013 1374 1042 tionibus
1389 1011 1440 1042 suis
1455 1011 1590 1050 opitulata
1603 1011 1686 1041 fucrit
1701 1011 1761 1041 veri
1781 1010 1868 1049 fides,
1883 1011 1900 1040 a
1920 1009 2004 1048 culpa
2018 1009 2118 1042 famofi
2132 1015 2259 1044 criminis
2275 1024 2324 1045 ex-

1250 1051 1358 1082 cusatur
1367 1075 1376 1088 ,
1395 1051 1429 1081 &
1442 1051 1561 1081 habetur
1577 1059 1611 1080 &1
1625 1049 1683 1080 hoc
1697 1049 1778 1080 laude
1790 1049 1901 1093 dignus.

1288 1089 1349 1127 Ipse
1362 1091 1461 1128 etiam,
1480 1099 1540 1120 non
1555 1088 1662 1119 servato
1676 1099 1758 1119 more
1773 1087 1939 1132 Majorum,
1958 1088 2008 1132 qui
2023 1086 2169 1127 Principes
2183 1091 2245 1122 suos
2267 1103 2320 1124 co-

1251 1127 1310 1159 lere
1324 1128 1414 1159 solent
1431 1130 1464 1160 &
1483 1129 1501 1148 ²*
1526 1127 1659 1167 diligere,
1676 1128 1710 1159 δε
1726 1137 1779 1165 pro
1794 1137 1833 1157 eis
1849 1125 2084 1165 obsecrationes,
2103 1126 2322 1171 Postulationes,
2337 1129 2356 1149 '¹‘
2368 1131 2472 1166 V·²4¹·

1251 1177 1284 1198 ac
1303 1167 1469 1198 Gratiarum
1488 1166 1628 1198 Ac‘tiones
1643 1189 1653 1203 ,
1677 1177 1692 1196 a
1709 1165 1735 1197 se
1750 1189 1760 1205 ,
1781 1167 1815 1197 &
1833 1164 1893 1196 aliis
1911 1165 1972 1196 fieri
1990 1165 2086 1196 facere
2101 1189 2111 1204 ,
2135 1167 2169 1198 &
2189 1169 2260 1206 ipsos
2277 1172 2323 1201 in..

1252 1205 1358 1236 struere
1377 1207 1404 1236 in
1421 1205 1528 1244 Spiritu
1547 1204 1683 1236 Lenitatis
1701 1212 1801 1236 contra
1819 1204 1888 1234 Nos
1901 1229 1911 1244 ‚
1927 1205 1962 1235 &
1982 1203 2123 1235 Laterales
2142 1204 2255 1236 nostros
2268 1231 2278 1246 ,
2293 1210 2323 1240 in

1251 1244 1386 1275 Elationis
1409 1244 1516 1282 Spiritu
1529 1268 1539 1281 ,
1564 1245 1723 1275 temerariae
1750 1243 1895 1274 Fafflonis
1920 1244 1954 1274 ὃ(
1980 1241 2158 1274 Inventionis
2187 1247 2325 1283 perversae

1250 1283 1357 1314 Telam
1376 1283 1503 1323 orditur,
1523 1282 1703 1321 Iniquitatem
1722 1282 1798 1314 suam
1818 1282 1921 1321 prolon
1941 1281 2034 1320 ando,
2053 1282 2103 1321 δε,
2122 1293 2251 1321 quaerens
2270 1284 2327 1316 So-

1250 1322 1350 1352 latium
1373 1321 1548 1353 Miserorum
1568 1322 1672 1361 (plures
1686 1345 1696 1360 ‚
1712 1321 1847 1352 videlicet
1858 1344 1868 1360 ,
1886 1321 1921 1351 ha
1943 1331 1989 1351 ere
2007 1321 2154 1352 consortes
2170 1323 2201 1352 in
2217 1321 2329 1363 Poena,

1251 1361 1285 1391 &
1300 1384 1310 1399 ‚
1337 1360 1415 1400 quod
1433 1361 1556 1392 deterius
1574 1360 1617 1391 est
1631 1383 1641 1399 ,
1665 1362 1694 1391 in
1713 1360 1851 1397 Peccato)
1873 1359 2074 1399 Suffraganeos
2092 1359 2155 1391 suos
2169 1384 2180 1399 ,
2205 1361 2240 1392 &
2258 1362 2329 1393 alios

1252 1399 1388 1431 Devotos
1409 1401 1442 1431 ὃς
1467 1399 1576 1430 Fideles
1597 1398 1732 1438 nostros,
1758 1398 1908 1429 Mendacii
1925 1398 2114 1430 Sermonibus
2127 1423 2138 1438 ,
2163 1400 2194 1431 in
2215 1400 2328 1432 nostros

1251 1440 1428 1477 praecipitare
1443 1439 1540 1477 satagit
1554 1438 1772 1469 lrreverentiam
1787 1438 1821 1468 &
1838 1436 2062 1475 Contemptum.

1289 1477 1346 1516 Et,
1364 1479 1494 1516 quamvis
1506 1476 1581 1516 apud
1594 1476 1696 1507 Deum
1711 1486 1774 1507 non
1788 1475 1903 1507 Gradus
1918 1475 2098 1515 Elegantior,
2114 1477 2154 1508 set
2171 1477 2247 1509 Vitae
2262 1488 2326 1510 me-

1253 1515 1330 1546 lioris
1347 1516 1436 1547 Αέὶὶο
1453 1516 1678 1555 comprobetur,
1699 1515 1823 1553 glorians
1838 1515 1868 1545 in
1889 1514 2048 1546 Altitudine
2068 1515 2162 1547 Status
2182 1516 2240 1556 sui,
2260 1517 2328 1556 fibi,

1252 1563 1386 1593 tanquam
1408 1554 1518 1586 Christi
1541 1554 1670 1595 Legato,
1688 1554 1897 1586 Reverentiam
1917 1555 2020 1594 exigit,
2035 1563 2122 1593 quam
2142 1555 2244 1595 nobis,
2263 1556 2279 1587 *a
2299 1556 2329 1588 se

1251 1593 1394 1631 debitam,
1412 1604 1472 1624 non
1490 1594 1637 1633 impendit.

1291 1632 1375 1672 Qiin
1393 1634 1507 1672 immo,
1524 1633 1594 1663 cum
1617 1631 1696 1671 Ipse,
1714 1632 1748 1663 &
1769 1632 1814 1663 alii
1833 1631 1930 1671 Regni
1950 1631 2042 1662 nostri
2063 1631 2176 1663 Praelati
2189 1655 2200 1672 ,
2238 1635 2267 1665 ui
2289 1633 2328 1665 de

1253 1672 1335 1702 nobis
1350 1671 1542 1702 Ecclefiarum
1557 1672 1667 1702 suamm
1682 1670 1868 1711 Temporalia
1879 1671 2038 1710 recipiunt,
2056 1680 2090 1702 ex
2102 1671 2203 1703 debito
2248 1672 2330 1704 ideli-

1252 1711 1314 1741 tatis
1331 1710 1455 1749 Juratae,
1474 1710 1575 1742 Fidem
1611 1709 1770 1740 Honorem
1779 1733 1790 1749 ,
1808 1710 1842 1742 ὃς
1856 1709 2061 1741 Reverentiam
2075 1709 2198 1742 debeant
2211 1712 2329 1743 exhibe-

1252 1759 1300 1786 re,
1319 1749 1391 1779 solus
1406 1748 1483 1788 Ipse,
1501 1760 1554 1788 pro
1571 1733 1639 1779 side
1654 1748 1823 1786 Perfidiam,
1841 1758 1894 1788 pro
1907 1748 2033 1780 Honore
2050 1747 2328 1791 Contumeliam,&

1254 1787 1467 1826 Contemptum
1481 1797 1536 1827 pro
1550 1787 1744 1826 Reverentia,
1762 1785 1880 1818 reddere
1894 1797 1955 1817 non
1967 1796 2090 1818 veretur.

1293 1826 1402 1865 Unde,
1420 1827 1469 1858 etsi
1482 1828 1568 1865 parati
1581 1826 1684 1865 simus,
1702 1826 1736 1857 &
1749 1825 1859 1865 semper
1871 1825 2024 1864 fuerimus,
2042 1825 2138 1858 Patres
2151 1826 2328 1868 spirituales,

1253 1873 1283 1896 ut
1298 1866 1454 1904 convenit,
1472 1866 1612 1903 revereri,
1631 1874 1735 1895 eorum
1756 1873 1853 1896 tamen
1873 1863 2007 1895 offensas
2034 1865 2115 1903 (quas
2133 1867 2162 1895 in
2186 1866 2328 1899 nostri&

1255 1903 1351 1944 Regni
1365 1904 1455 1934 nostri
1470 1904 1628 1945 periculum
1641 1902 1797 1935 redundare
1805 1903 2008 1942 conspicimus)
2023 1913 2085 1935 non
2096 1903 2235 1936 debemus
2241 1904 2326 1936 Con-

1253 1944 1416 1974 niventibus
1428 1942 1530 1975 Oculis
1545 1943 1696 1983 praeterire.

1292 1980 1490 2021 Conqueritur
1505 1990 1600 2013 autem
1614 1981 1691 2012 idem
1707 1979 1947 2022 Archiepiscopus
1959 1988 2060 2012 contra
2081 1979 2135 2019 Se,
2154 1981 2331 2022 Absentem,

1253 2019 1431 2060 Inaudirum‚
1449 2022 1483 2053 ὅτ,
1501 2020 1683 2052 Indefensum
1698 2043 1708 2059 ,
1726 2019 1859 2051 Crimina
1880 2019 2012 2058 quaedam
2030 2020 2060 2050 in
2082 2018 2204 2057 praefatis
2226 2020 2331 2051 Literis

1252 2059 1355 2090 nostris
1370 2060 1559 2092 Excusatoriis
1572 2059 1686 2099 objeeta
1697 2058 1797 2098 fuisse,
1815 2060 1849 2090 &
1865 2057 1892 2089 se
1915 2058 2014 2089 Reum
2036 2057 2209 2096 Capitalium
2231 2058 2330 2090 Scele-

1254 2109 1318 2129 rum
1336 2098 1516 2138 Judicatum3
1534 2108 1568 2130 ac
1591 2098 1612 2129 sl
1630 2108 1702 2137 nOS,
1721 2106 1752 2130 ut
1765 2098 1836 2129 salso
1851 2096 2020 2136 praetendit,
2038 2097 2256 2135 processerimus
2269 2099 2329 2129 cri-

1253 2138 1392 2169 minaliter
1407 2138 1442 2168 ad
1457 2138 1634 2170 Sententiam
1649 2145 1750 2168 contra
1764 2146 1848 2168 eum:
1869 2135 1947 2175 quod
1962 2136 2061 2174 utique
2077 2145 2137 2166 non
2151 2134 2193 2166 est
2207 2146 2327 2176 verum,

1253 2178 1325 2208 curn
1349 2177 1432 2208 solius
1452 2176 1630 2208 Excusatoris
1652 2177 1728 2207 vices
1748 2175 1896 2206 dumtaxat
1925 2174 2106 2213 implevimus
2121 2198 2131 2214 ,
2163 2174 2328 2208 necessitate

1253 2216 1394 2255 compulsi
1431 2217 1469 2247 ne
1484 2216 1602 2247 Famam
1615 2214 1744 2246 nostram
1757 2214 1902 2254 negligere
1914 2213 2087 2246 videremur.

1289 2255 1337 2287 Set
1357 2257 1385 2286 vi
1408 2264 1451 2286 eat
1473 2253 1692 2293 Calumpniosus
1713 2253 1914 2294 Reprehensor
1936 2252 1957 2283 si
1978 2253 2008 2283 in
2030 2251 2132 2291 Capud
2152 2252 2234 2284 suum
2255 2253 2322 2285 haec

1254 2293 1380 2332 Qierela
1389 2293 1464 2333 juste
1479 2294 1568 2325 valeat
1586 2294 1761 2332 retorqueri,
1779 2293 1828 2332 qui
1841 2291 1929 2330 Nos,
1946 2290 2065 2328 Regem
2079 2292 2180 2331 suum,
2199 2291 2327 2324 &Con-

1253 2333 1366 2363 liliarios
1387 2333 1502 2364 nostros
1517 2356 1526 2371 ‚
1545 2332 1701 2370 AbsenteS,
1719 2331 1861 2362 lnauditos
1876 2354 1886 2370 ‚
1904 2332 1938 2362 ὃς
1959 2329 2124 2361 Indefensos
2139 2353 2149 2369 ,
2166 2341 2221 2362 nec
2244 2330 2330 2363 Con-

1252 2372 1363 2410 viitos,
1383 2370 1574 2410 Oppressores
1590 2371 1624 2401 &
1639 2370 1868 2410 Transgressores
1879 2369 2013 2408 Jurium,
2031 2368 2102 2400 falso
2117 2369 2151 2401 &
2173 2369 2331 2410 malitiose,

1255 2411 1350 2441 verbis
1363 2410 1498 2442 assertivis
1512 2409 1672 2448 descripsit,
1692 2419 1778 2448 eum,
1795 2418 1918 2447 nempe,
1937 2409 2043 2439 merito
2060 2407 2155 2446 Culpa
2169 2408 2327 2449 redarguit,

1252 2451 1318 2488 qui,
1335 2449 1538 2488 Reprobatum
1559 2458 1576 2479 a
1596 2449 1624 2479 se
1636 2472 1646 2487 ,
1665 2446 1787 2479 Crimen
1807 2449 1923 2479 incurrit
1935 2471 1946 2485 ,
1965 2448 2017 2485 δε,
2037 2447 2067 2477 in
2091 2457 2152 2486 quo
2170 2447 2260 2478 alium
2280 2448 2326 2486 ju-

1252 2489 1345 2534 dicat,
1363 2488 1390 2519 se
1410 2488 1502 2527 ipsum
1524 2487 1738 2527 condempnat,
1757 2487 1830 2518 dum
1852 2487 1882 2518 in
1900 2485 2006 2519 eodem
2028 2484 2090 2524 Ipse
2109 2485 2267 2523 Reprobus
2279 2487 2325 2516 in-

1252 2537 1373 2560 venitur.

1289 2567 1337 2597 Ad
1351 2567 1433 2604 haec,
1450 2566 1516 2597 licet
1531 2575 1591 2597 non
1607 2564 1707 2596 nostris
1727 2564 1926 2601 Utilitatibus‚
1943 2562 1982 2593 iet
2003 2560 2129 2604 Propriis
2152 2559 2327 2600 Cupiditati·

1253 2606 1305 2636 bus
1328 2605 1464 2636 studuerit
1483 2604 1614 2635 inservire
1627 2627 1637 2644 ,
1662 2605 1837 2641 improperat
1854 2610 1948 2632 tamen
1964 2622 1974 2637 ‚
2001 2599 2040 2642 Sc·
2051 2598 2159 2637 Jactitat
2180 2600 2206 2630 se
2224 2601 2328 2640 Regiis

1254 2643 1388 2682 Negotiis
1404 2644 1448 2681 (ut
1462 2643 1556 2673 verbis
1566 2653 1622 2682 ejus
1636 2641 1759 2677 utamur)
1774 2640 1922 2670 Laborum
1939 2636 2063 2676 Fastigro
2077 2637 2322 2681 desudfiffe3unde

1253 2681 1313 2712 Dei
1326 2684 1360 2713 δε
1374 2681 1542 2712 Hominum
1553 2681 1581 2711 se
1596 2681 1678 2710 timet
1689 2677 1863 2716 gravissimas
1877 2675 2008 2707 Offensas
2022 2675 2214 2714 multipliciter
2227 2680 2325 2709 incur-

1252 2720 1334 2758 risse3
1350 2720 1383 2750 &
1399 2719 1458 2750 hoc
1470 2718 1545 2757 juste
1557 2719 1659 2749 timere
1672 2717 1797 2756 poterit,
1815 2717 1884 2746 cum
1902 2716 1932 2745 in
1947 2715 2063 2745 illorum
2075 2715 2151 2745 sorte
2166 2716 2322 2755 censentur,

1254 2759 1328 2797 qui,
1353 2760 1427 2796 juxta
1450 2756 1660 2795 Propheticum
1683 2756 1912 2798 improperium,
1936 2754 2097 2784 docuerunt
2117 2752 2241 2794 Linguas
2262 2755 2324 2787 suas

1254 2796 1445 2827 Mendacium
1455 2818 1465 2834 ,
1483 2796 1517 2826 &
1530 2804 1562 2825 ut
1575 2795 1672 2833 inique
1686 2803 1802 2833 agerent
1814 2793 1988 2824 laborarunt.

1292 2835 1461 2873 Caeterum,
1479 2834 1514 2865 ad
1529 2834 1580 2865 alia
1593 2832 1724 2872 quaedam
1739 2831 1874 2863 Fabulosa
1887 2833 1920 2863 &
1935 2831 1958 2861 F
1961 2840 2041 2863 ucata
2056 2829 2168 2869 Verba,
2186 2831 2216 2862 in
2239 2832 2323 2870 ipsius

1253 2874 1470 2915 Archiepiscopi
1490 2873 1590 2904 Literis
1613 2871 1817 2910 comprehensa
1830 2895 1840 2909 ,
1859 2870 1928 2902 licet
1950 2880 1982 2901 ea
2003 2869 2146 2909 possemus
2168 2871 2326 2902 rationibus

1253 2914 1317 2944 luce
1331 2913 1493 2943 clarioribus
1508 2911 1672 2949 confutare,
1687 2911 1724 2940 ne
1737 2910 1910 2941 Sermonem
1923 2910 2135 2948 protrahamus,
2152 2908 2280 2940 duximus
2287 2910 2322 2941 ad

1254 2952 1370 2990 praesens
1384 2961 1444 2982 non
1456 2950 1521 2981 dare
1534 2950 1723 2988 Responsum.

1291 2991 1354 3029 Set,
1374 2991 1437 3029 quia
1451 2999 1511 3020 non
1525 2988 1607 3019 decet
1619 2998 1688 3020 curn
1702 2987 1835 3019 Homine
1851 2985 2042 3018 Contentioso
2064 2986 2174 3017 Funem
2193 2985 2322 3026 trahere,

1254 3039 1308 3060 nec
1325 3032 1381 3069 ejus
1398 3027 1628 3059 Perversitatibus
1643 3027 1818 3064 consentire,
1837 3025 1930 3056 Vobis
1946 3027 1975 3056 in
1991 3025 2060 3055 Fide
2081 3025 2115 3055 &
2135 3023 2322 3064 Dilestione,

1253 3069 1356 3107 quibus
1371 3068 1454 3098 nobis
1468 3067 1621 3104 tenemini,
1639 3065 1757 3096 firmiter
1770 3063 2134 3103 injungendo,mandamus
2148 3062 2247 3102 quod,
2256 3073 2320 3095 non

1253 3107 1385 3138 obstante
1399 3115 1574 3144 quocunque
1588 3103 1728 3135 Mandato
1743 3104 1825 3142 ipsius
1837 3102 2053 3140 Archiepiscopi
2067 3101 2156 3140 (Cui,
2173 3103 2202 3132 in
2216 3101 2319 3133 Dero-

1253 3148 1397 3186 gationem
1415 3145 1547 3175 Honoris
1560 3143 1677 3182 &juris
1692 3142 1796 3182 Regii,
1814 3150 1915 3172 contra
1930 3139 2080 3171 Fidelitatis
2098 3139 2319 3180 Juramentum,

1252 3185 1338 3215 nobis
1360 3183 1535 3223 praestitum,
1550 3181 1669 3213 obedire
1689 3191 1749 3212 non
1771 3180 1890 3216 debetis)
1906 3178 1941 3209 ad
1954 3178 2182 3210 Publicationem
2196 3189 2320 3219 eorum,
2367 3194 2369 3196 ·

1251 3233 1317 3262 quae
1332 3224 1361 3252 in
1376 3222 1497 3260 praefatis
1510 3220 1612 3251 nostris
1628 3220 1728 3250 Literis
1743 3217 1920 3249 excusatoriis
1941 3219 2142 3257 continentur,
2154 3218 2231 3258 juxta
2250 3218 2320 3257 ipsa-

1252 3272 1317 3291 rum
1331 3261 1448 3298 seriem,
1469 3259 1632 3297 procedatis.

1289 3299 1343 3338 Et,
1362 3301 1426 3336 quia
1445 3298 1482 3329 de
1502 3297 1730 3327 Conservatione
1750 3294 1864 3333 Jurium
1884 3295 1919 3326 &
1932 3294 2186 3336 Praerogativamm
2205 3295 2319 3327 nostro-

1252 3349 1317 3368 rum
1334 3337 1502 3377 Regalium,
1521 3345 1586 3372 quse
1607 3333 1831 3371 Progenitorum
1847 3334 2030 3372 nostrorum,
2048 3334 2166 3373 Regum
2189 3333 2320 3374 Angliae,

1251 3376 1337 3444 {ligne
1352 3374 1500 3443 refqlenda
1517 3373 1649 3404 Prioritas
1664 3372 1818 3411 magnifice
1831 3372 1984 3403 defensavit
1993 3373 2161 3412 ,sumus,ut
2167 3372 2319 3413 debemus,

1263 3416 1363 3445 umine
1388 3414 1477 3444 oiciti

1293 3453 1336 3483 Ac
1353 3452 1432 3483 idern
1446 3436 1684 3489 Ar³chiepiscopus
1697 3449 1733 3480 ad
1749 3448 1955 3481 concitandum
1968 3457 2067 3481 contra
2075 3449 2146 3480 Nos
2154 3448 2317 3481 Clerum&

1252 3491 1396 3529 Populum
1412 3515 1422 3529 ,
1456 3491 1489 3522 δε
1512 3489 1547 3519 ad
1569 3488 1786 3528 impediendum
1806 3488 2030 3526 Expeditionem
2051 3488 2176 3519 Guerrae
2197 3487 2318 3525 nostrae,

1253 3540 1338 3568 quarn
1354 3540 1403 3567 per
1417 3530 1474 3567 ejus
1488 3527 1650 3558 Consilium
1664 3527 1852 3566 principaliter
1874 3526 1964 3558 assum
1987 3527 2086 3566 simus,
2104 3526 2235 3566 quasdam
2255 3525 2320 3557 De-

1253 3571 1446 3599 nunciationes
1461 3568 1494 3598 &
1510 3566 1720 3597 Publicationes
1733 3565 1941 3596 Sententiarum
1985 3566 2319 3602 xcommufflcafionum,

1253 3617 1287 3637 ac
1302 3607 1486 3637 Monitiones
1497 3604 1658 3644 Injuriosas,
1674 3615 1708 3636 ac
1717 3603 1781 3642 Juri
1796 3602 1925 3635 Coronae
1938 3605 1972 3636 ὃς
1986 3603 2089 3644 Regiae
2105 3603 2258 3643 Dignitatis
2265 3612 2320 3633 no-

1254 3645 1317 3675 strae
1331 3644 1548 3683 praejudiciales,

1293 3683 1374 3714 Cum
1396 3693 1446 3721 per
1467 3693 1511 3713 eas
1525 3683 1644 3719 nitatur,
1660 3682 1690 3711 in
1705 3681 1801 3712 multis
1816 3680 1969 3718 Articulis,
1986 3691 2003 3712 a
2014 3680 2099 3712 nobis
2110 3680 2218 3711 auferre
2226 3678 2317 3717 Juris-

1255 3721 1431 3760 didtionem,
1451 3721 1535 3751 nobis
1555 3721 1670 3751 notorie
1692 3728 1926 3758 competentem,
1944 3719 2022 3757 cujus
2046 3720 2128 3757 (cum
2152 3718 2235 3748 fimus
2250 3715 2315 3746 Rex

1256 3759 1405 3796 Inunetus)
1421 3759 1548 3798 Capaces
1561 3758 1618 3789 effe
1632 3759 1823 3796 dinoscimur,
1841 3759 1875 3789 &
1889 3768 1955 3796 quae
1973 3757 2042 3788 Nos
2061 3758 2096 3788 Sc
2118 3755 2317 3794 Progenitores

1257 3798 1363 3837 nostri,
1381 3798 1539 3829 Scientibus
1553 3798 1587 3828 &
1601 3797 1805 3828 Tolerantibus
1825 3796 1950 3828 Summis
1968 3795 2173 3831 Pontificibus,
2187 3802 2220 3823 ac
2240 3792 2320 3825 Prae-

1257 3837 1316 3868 latis
1325 3860 1333 3875 ,
1351 3838 1384 3868 ὃς
1400 3836 1490 3867 Clero
1504 3836 1602 3874 Regni
1615 3835 1720 3874 nostri,
1737 3835 1776 3866 usi
1790 3836 1883 3865 sumus
1896 3833 2016 3872 pacifice
2030 3834 2067 3863 ab
2079 3833 2213 3874 antiquo,

1297 3876 1394 3913 Fecit,
1410 3877 1443 3906 ὅ(
1456 3885 1506 3913 per
1519 3876 1587 3905 alios
1600 3874 1659 3904 fieri
1672 3875 1706 3906 &
1742 3873 1858 3905 ublicari
1874 3872 2034 3909 mandavit,
2050 3871 2082 3900 in
2097 3869 2249 3907 Majestatis
2264 3881 2319 3901 no-

1259 3913 1323 3944 strae
1337 3914 1536 3952 lcefionem,&
1546 3913 1660 3952 Jurium
1677 3922 1710 3943 ac
1744 3912 1974 3951 raerogativarum
1985 3907 2149 3939 nostrorum
2164 3907 2320 3949 Regalium

1259 3951 1341 3982 Dero
1362 3954 1489 3982 ationem
1504 3951 1695 3989 manifestam,

1296 3990 1344 4019 Vo
1366 3992 1387 4020 is
1407 3990 1549 4028 districte,
1567 3991 1601 4021 &
1621 3990 1671 4020 stlb
1694 3989 1872 4025 incumbenti
1891 3984 2022 4029 Periculo
2038 4007 2049 4022 ‚
2067 3983 2259 4016 Prohibemus
2282 3987 2321 4016 ne

1258 4028 1483 4065 Publicationes.¹
1502 4028 1764 4064 Denunciadones,
1781 4026 1827 4056 seu
1843 4023 2022 4054 Monmones
2037 4023 2194 4054 hu'usmodi
2211 4023 2324 4055 indebi-

1257 4076 1296 4100 tas
1310 4089 1321 4106 ‚
1352 4068 1386 4099 ὃ(
1403 4066 1521 4105 juribus
1540 4077 1574 4098 ac
1596 4065 1795 4105 Praerogativis
1817 4061 1919 4092 nostris
1942 4061 2039 4101 Regiis
2098 4064 2272 4132 erogatorials²
2289 4063 2324 4093 &c

2273 4109 2325 4130 [Ἔ-
