2562 4279
181 192 261 230 194

29 259 106 292 Ann.
118 262 159 293 D.
213 260 262 294 De
277 263 353 300 cujus
367 258 480 299 quidem
495 260 595 291 Karoli
608 268 702 290 morte
717 268 834 290 rumore
847 267 964 296 recepto
974 281 984 296 ,
1001 258 1081 296 super
1096 258 1154 288 hoc
1162 267 1230 301 cum

51 308 62 329 x
72 303 137 340 34³·
178 300 300 331 Praelatis
310 323 319 338 ,
338 301 371 329 ὃ(
387 300 586 339 Magnatibus,
604 308 637 328 ac
651 298 708 328 aliis
717 297 794 336 Juris
805 298 916 336 peritis,
935 296 1028 326 statim
1042 296 1231 327 Deliberatio-

27 341 95 369 zilv.
117 351 142 377 3.

88 1121 93 1127 ·
139 1135 145 1140 ,
164 1108 190 1137 ei
205 1107 310 1143 plures,
328 1107 361 1138 &
381 1108 398 1125 ²*
420 1108 478 1144 plus

178 349 246 369 nem
261 338 407 369 habuimus
419 340 452 369 &
468 338 644 367 Traeiatum.

214 377 267 414 Et,
288 378 348 414 quia
358 376 410 414 Jus
425 375 554 406 nostrum
569 375 602 405 ad
618 383 756 405 coronam
771 373 897 404 Franciae
918 373 955 404 sic
975 372 1046 411 fuit,
1061 374 1096 405 δε
1115 372 1174 411 est,
1193 372 1233 402 sa-

174 417 208 446 tis
230 416 354 453 clarum,
371 413 407 444 de
426 415 581 444 deliberato
601 413 744 443 dictorum
766 412 973 449 Praelatorum,
991 411 1180 451 Magnatum,
1198 413 1232 442 &

176 454 335 484 Peritorum
351 452 630 491 Conlili0,misimus
643 460 736 481 certos
753 450 888 481 Nuncios
905 450 1015 480 nostros
1027 451 1056 480 in
1074 450 1232 488 Franciam,

174 491 208 522 ad
221 491 429 531 agnoscendum
444 492 477 521 δε
494 490 645 528 petendum
661 489 867 520 Haereditatem
881 489 962 519 nobis
982 488 1020 519 sic
1041 488 1178 527 delatam,
1197 490 1230 520 &

174 530 208 560 ad
222 530 248 560 se
265 529 480 559 immiscendum
494 530 596 559 eidem.

211 567 259 598 Set
275 568 402 604 praefatus
420 567 579 605 Philippus,
598 566 680 596 Filius
696 565 842 596 Avunculi
857 564 926 595 disti
941 564 1058 602 Karoli,
1077 565 1110 596 &
1130 565 1168 596 {ic
1188 566 1232 604 ip-

172 606 233 637 sum
251 607 279 635 in
300 606 385 645 gradu
408 607 556 636 remotiori
579 604 837 641 Consanguinitatis
855 605 1007 643 attingens,
1025 604 1136 635 dictum
1152 604 1231 642 Reg-

173 655 243 674 num
259 644 400 681 Franciae,
418 645 490 675 dum
507 645 543 675 sic
559 654 667 674 eramus
684 644 712 673 in
726 642 816 673 Annis
833 641 998 672 Minoribus
1011 642 1230 679 constituti,sibi

171 693 221 720 per
236 683 394 713 Potentiam
405 706 413 721 ,
433 682 703 720 contraJustiriam,
722 681 879 719 usurpavit,
895 682 1034 712 incutiens
1049 680 1132 711 distis
1140 681 1230 711 Nun-

170 723 220 752 ciis
247 731 353 751 metum
375 723 473 752 mortis
493 722 526 752 &
549 723 706 751 cruciatum
727 719 881 758 corporis,
907 730 966 757 quo
990 729 1124 757 praetexru
1143 719 1228 750 iidem

171 760 205 790 N
209 761 300 796 uncii,
316 760 393 789 sacris
410 759 661 790 Prorestationibus
675 758 711 788 de
723 758 937 788 conservatione
953 757 1030 796 Juris
1042 757 1147 796 nostri,
1166 768 1226 789 non

170 799 226 828 line
240 800 317 835 gravi
332 800 427 828 mortis
442 798 567 835 periculo
583 799 664 828 vacui
679 797 827 827 redierunt.

205 836 284 866 idem
299 847 414 874 quoque
427 835 589 874 Philippus,
609 837 690 866 tantis
711 835 819 878 InJ‘uriis
839 844 899 864 non
921 843 1089 873 contentus,
1107 835 1144 865 set
1166 845 1227 866 ma-

167 876 281 906 chinans
296 876 417 906 omnino
433 885 484 905 nos
495 875 669 912 deprimere,
687 883 717 905 ut
732 878 768 904 lic
782 873 906 910 usurpata
920 873 999 911 super
1014 883 1066 904 nos
1082 872 1167 911 poffit
1181 885 1226 904 re-

169 916 255 944 tinere
269 914 400 952 liberius,
419 914 452 944 &
466 913 515 944 sibi
529 914 636 944 facilius
655 912 790 943 attrahere
812 911 952 942 residuum
973 911 1051 950 quod
1072 912 1225 951 habemus,

168 952 310 982 Guerram
330 952 435 982 fortem
457 953 539 982 nobis
561 961 678 982 movere
697 952 788 987 cepit,
806 950 940 981 invadens
959 951 1061 981 Terras
1072 951 1180 982 nostras
1194 953 1224 982 in

166 990 282 1021 Ducatu
296 990 474 1028 Aquitaniae,
492 992 524 1022 &
541 990 651 1028 Scotis,
666 989 831 1020 Rebellibus
847 988 961 1026 nostris,
979 989 1005 1019 se
1019 989 1180 1029 adjungens.

203 1028 238 1059 Et
255 1039 323 1067 nos,
341 1030 374 1059 ad
392 1029 536 1060 vitandum
550 1028 726 1059 Guerrurum
740 1028 928 1066 Discrimina,
941 1027 1124 1058 desiderantes
1139 1030 1224 1059 etiarn

164 1068 301 1098 redimere
320 1067 421 1098 Pacem
434 1068 470 1097 ab
485 1067 607 1106 eodem,
625 1067 749 1097 misimus
771 1066 804 1096 ad
828 1076 894 1096 eum
917 1066 1054 1106 diversos,
1071 1065 1224 1098 offerentes

492 1107 579 1143 quiim
594 1105 787 1142 rationabiles,
806 1105 862 1134 vias
877 1106 968 1144 pacis,

200 1144 394 1213 Ivyildelicet,
414 1145 597 1184 Maritagium
621 1145 683 1176 Filii
704 1143 793 1175 nostri
813 1142 1017 1183 Primogeniti,
1031 1144 1090 1182 jam
1112 1144 1223 1175 Princi-

184 1194 203 1213 is
262 1194 274 1213 a
288 1185 328 1212 liae

162 1194 181 1222 p
199 1221 233 1252 ss.
256 1206 436 1266 lx‹larir'agium
446 1245 455 1260 ,
473 1221 556 1253 clarae
571 1223 732 1259 memoriae,
744 1221 884 1260 Johannis
900 1219 1025 1251 Comitis
1041 1220 1221 1261 Cornubiae,

163 1260 263 1290 Fratris
279 1260 383 1299 nosti-1,
400 1270 469 1292 tunc
486 1262 621 1298 viventis,

200 1298 251 1329 Ill.
272 1298 457 1336 Miriragium
473 1298 580 1329 Sororis
593 1298 714 1336 nostrae,
728 1298 787 1336 jam
804 1297 966 1328 Comitiffae
982 1297 1108 1337 Gelriae,

200 1337 251 1368 lv.
270 1337 424 1368 Pecuniam
437 1339 511 1375 juxta
527 1337 565 1367 sui
582 1338 695 1368 libitum
711 1335 931 1374 moderandam,

198 1376 235 1406 V.
255 1376 406 1406 Personam
430 1375 555 1407 nostram
574 1375 607 1405 ad
628 1374 860 1405 transfretandum
881 1375 995 1413 secum,
1014 1385 1067 1413 pro
1078 1374 1219 1406 Succursu

160 1414 261 1446 Terrae
282 1414 410 1453 Sanciae,
430 1425 492 1453 quae
516 1424 564 1452 per
585 1413 720 1444 Ininiicos
739 1412 842 1444 Crucis
854 1412 979 1451 Christi,
996 1415 1023 1444 in
1040 1413 1219 1445 Christiano-

160 1464 225 1484 rum
247 1455 437 1491 ignominiam
462 1453 526 1491 (pro
548 1452 666 1488 dolorl)
691 1461 849 1489 occupatur
865 1476 874 1490 ,
901 1461 932 1483 ut
954 1451 990 1482 sic
1012 1452 1217 1483 restitutionem

160 1492 314 1522 Terrarum
337 1492 494 1522 nostrarum
517 1492 544 1521 in
564 1490 678 1521 Ducam
698 1491 855 1528 praedidto,
873 1491 917 1521 vel
932 1490 1020 1522 saltim
1033 1491 1156 1523 celerem
1167 1491 1218 1531 Ju-

161 1529 263 1561 stitiam
278 1531 355 1568 super
369 1531 443 1568 hoc,
461 1530 542 1560 nobis
554 1528 613 1560 fieri
629 1529 730 1560 faceret
745 1539 813 1559 cum
827 1528 943 1560 effectu.

196 1569 243 1600 Set
259 1569 331 1606 ipse,
349 1569 397 1599 diu
413 1579 460 1605 per
474 1568 621 1599 Tradiatus
642 1567 802 1606 hujusmodi
821 1577 873 1599 nos
898 1568 1062 1606 protrahens
1086 1568 1217 1600 fallaciter

158 1607 207 1638 sub
223 1610 347 1646 incerm,
366 1609 398 1638 δε
416 1606 548 1644 Expensis
561 1607 690 1646 gravibus
704 1617 756 1637 nos
770 1615 915 1644 exponens
924 1630 933 1645 ,
947 1608 1033 1638 nichil
1045 1608 1129 1638 nobis
1141 1608 1217 1638 face-

159 1656 190 1676 re
203 1646 290 1677 voluit
306 1647 333 1676 in
346 1646 468 1683 effeciu,
486 1645 523 1676 set
538 1646 662 1684 semper,
679 1645 729 1676 sub
741 1645 886 1676 dierorum
903 1646 1004 1676 umbra
1017 1646 1217 1686 Trac‘tatuum,

158 1685 312 1715 cumulavit
332 1684 498 1722 peramplius
519 1683 598 1714 Mala
619 1683 722 1722 Malis,
740 1694 791 1714 nos
811 1684 844 1714 &
861 1683 969 1715 nostros
984 1685 1149 1723 persequens
1163 1686 1216 1716 ho-

159 1722 268 1761 stiliter,
288 1724 346 1753 tiim
366 1724 395 1752 in
416 1722 526 1761 Terra,
544 1724 631 1760 quam
653 1724 681 1752 in
703 1722 797 1760 Mari,
813 1723 845 1753 ἃ
869 1724 898 1765 in
921 1723 1134 1754 subversionem
1146 1724 1216 1755 Lin-

157 1771 219 1801 gu2e
236 1762 405 1799 Anglicanae
419 1763 566 1792 cominans
579 1771 632 1799 pro
649 1762 752 1792 viribus
765 1762 798 1792 ὃς
813 1762 987 1799 conlpirans,

193 1800 283 1837 Sane,
299 1802 367 1830 crim
387 1800 420 1830 ad
445 1802 580 1837 majorem
605 1799 732 1830 AEtatem
754 1799 874 1830 essemus
889 1800 1038 1842 proveffi,
1057 1809 1215 1833 metuentes

154 1847 240 1877 grave
254 1839 335 1868 nobis
349 1839 427 1875 polie
440 1837 634 1875 praeiudicium
646 1839 787 1877 generari,
806 1838 825 1868 si
839 1838 1083 1870 diliimulassemus
1099 1841 1215 1871 ulterius

155 1878 192 1906 de
209 1877 392 1907 immiscendo
407 1887 458 1906 nos
472 1876 638 1907 Haeredirati
654 1876 758 1907 nostrae
774 1877 933 1915 praedicrae,
951 1879 1049 1908 omnia
1065 1879 1098 1909 &
1121 1879 1214 1920 singu-

154 1914 178 1946 la
188 1939 196 1953 ,
219 1916 235 1945 li
251 1925 314 1953 quse
333 1925 380 1953 per
394 1915 611 1945 imbecillitatem
627 1915 659 1946 &
675 1915 881 1953 simplicitatem
896 1918 1015 1947 minoris
1030 1916 1132 1949 AEtatis
1147 1928 1214 1956 pos·

156 1954 238 1984 simus
259 1954 314 1983 dici
335 1953 447 1991 r'eciss'e,
465 1955 547 1983 nobis
571 1954 764 1992 praejudicialia
784 1955 812 1983 in
833 1955 885 1985 hac
900 1964 992 1993 parte,
1014 1955 1107 1987 statim
1145 1967 1214 1995 qua-

155 2001 234 2023 tenus
248 1992 283 2022 de
299 1991 384 2022 Fadio
401 1992 604 2031 processerant,
622 1993 691 2023 cum
706 1992 742 2023 de
753 1992 824 2032 Jure
843 2003 903 2024 non
926 2003 1092 2034 tenuerant,
1143 2006 1212 2027 evo-

153 2032 279 2061 cavimus
293 2030 479 2061 effe&ualiter
493 2031 525 2062 δε
541 2031 681 2069 expresse,

190 2069 244 2106 Ei,
261 2069 298 2099 de
311 2069 440 2100 Conlilio
454 2069 638 2100 Praelatorum
659 2070 692 2101 δ’
721 2069 893 2107 Magnarum
916 2071 1136 2111 praedictorum,
1152 2074 1212 2105 tam

152 2118 205 2146 pro
219 2107 379 2139 defenfione
394 2108 544 2139 necessiria
556 2108 648 2148 Regni
663 2108 750 2139 nostri
766 2110 892 2147 Angliae,
909 2111 944 2141 &
965 2111 1078 2142 aliarum
1106 2113 1212 2143 Terra-

151 2156 215 2177 rum
230 2146 403 2186 nostrarum,
421 2157 454 2177 ac
470 2147 651 2185 propulsanda
666 2148 772 2186 prtefati
786 2148 910 2187 Philippi
929 2149 1101 2188 Tirannide,
1123 2153 1210 2190 quam

151 2195 205 2225 pro
219 2185 391 2222 adipiscenda
405 2185 580 2216 Posieffione
593 2186 770 2217 l-laereditatis
786 2187 909 2226 nostr-ae,
927 2198 975 2226 per
998 2189 1088 2227 ipsum
1111 2192 1211 2228 nequi-

152 2232 193 2254 ter
206 2234 369 2263 occupatae,
387 2225 469 2254 nobis
490 2226 666 2264 attraximus,
685 2236 756 2264 quos
779 2228 941 2264 potuimus,
960 2227 1112 2268 Alligatos,
1132 2239 1210 2260 mare

150 2262 317 2293 transeuntes
331 2264 473 2303 potentius
506 2274 564 2302 quo
577 2265 719 2301 potuimus
754 2274 788 2294 ex
801 2266 854 2295 hac
869 2265 967 2305 caus-fi,

188 2300 236 2331 Ser
251 2301 413 2339 Progressus
428 2286 521 2332 nolier
538 2312 586 2340 per
602 2312 693 2333 certos
709 2287 888 2342 Carffinales,
907 2306 955 2342 qui
978 2315 1027 2343 per
1042 2304 1209 2337 Dominum

150 2338 304 2370 Summum
318 2340 507 2379 Pontificem,
524 2350 554 2371 ut
572 2340 743 2371 Mediatores
759 2341 853 2380 Pacis,
871 2343 1015 2374 transmiffi
1028 2343 1209 2383 fuerant,diu

152 2377 204 2408 fuit
219 2378 299 2415 (sicut
316 2378 444 2409 Mundus
456 2380 548 2416 novit)
567 2380 682 2411 inaniter
700 2381 866 2418 impeditus:

189 2415 224 2446 Et
239 2417 433 2455 subsequenter
448 2417 528 2448 nobis
545 2419 746 2449 revertentibus
761 2420 790 2449 in
804 2419 927 2458 Anglia,
945 2421 979 2451 &
993 2420 1139 2459 resumptis
1164 2423 1210 2452 vi-

152 2455 226 2497 ribus
242 2455 418 2486 redeuntibus
433 2457 461 2485 in
474 2455 638 2494 Franciam,
654 2458 687 2488 ὃς
704 2457 906 2488 Obsidentibus
922 2459 1078 2490 Civitatem
1094 2461 1209 2490 Torna-

152 2498 264 2523 cenlem
278 2516 287 2531 ,
313 2504 362 2533 per
390 2494 525 2533 Alligatos
548 2495 689 2533 utriusque
711 2496 798 2526 Partisv
827 2498 905 2526 initae
925 2497 1033 2527 fuerant
1056 2499 1093 2528 ibi
1114 2499 1210 2529 Treu-

151 2541 215 2575 gae,
233 2542 282 2599 Ξεῑ
297 2542 407 2563 certum
421 2542 533 2570 tempus
547 2532 703 2572 duraturae,
722 2534 771 2565 sub
786 2534 833 2573 spe
845 2536 938 2574 pacis,
955 2536 1052 2567 medio
1068 2546 1210 2577 tempore,

151 2580 234 2600 ineun
256 2580 296 2608 ae,

186 2608 301 2648 Quibus
315 2608 498 2646 pendentibus
510 2608 618 2640 nullum
631 2610 803 2641 Trachtum
819 2613 893 2649 pacis
914 2613 1107 2644 rationabilem
1130 2615 1209 2645 inve-

149 2648 210 2677 nire
224 2649 382 2685 potuimus,
404 2646 441 2678 set
454 2647 578 2685 semper,
597 2648 648 2679 sub
663 2649 764 2680 umbi-:⁴1
778 2650 917 2681 dic'tarum
931 2652 1010 2681 Treu
1031 2654 1209 2690 arum,mul—

149 2686 304 2724 tiplicavit,
323 2687 351 2716 in
366 2685 453 2716 nostri
471 2687 503 2716 ὃ(
519 2686 684 2717 nostrorum
698 2686 930 2719 Destruetionem
947 2691 980 2721 Sc
1036 2690 1207 2730 elusionem,

149 2723 228 2754 Mala
245 2735 307 2762 que
323 2733 430 2762 poterat
445 2723 511 2754 Pars
525 2724 644 2756 adversa.

186 2762 307 2801 Propter
323 2763 418 2802 quod,
436 2761 518 2793 finitis
530 2763 609 2794 dietis
630 2764 770 2801 Treugis,
788 2764 857 2795 Vim
879 2765 1043 2805 Armatam,
1063 2766 1133 2798 ficut
1154 2768 1209 2798 im-

147 2800 268 2839 pellebat
286 2801 446 2838 necessitas,
462 2801 619 2841 induimus,
637 2803 802 2843 applicantes
823 2805 851 2834 in
872 2803 1030 2842 Britannia,
1047 2807 1093 2836 ubi
1116 2805 1210 2844 super-

149 2847 287 2869 venerunt
300 2840 344 2869 alii
359 2839 519 2870 Cardinales
529 2864 538 2878 ,
555 2850 588 2871 ex
602 2851 681 2879 parte
695 2841 817 2872 Domini
829 2842 942 2873 Summi
956 2843 1119 2882 Pontificis,
1137 2855 1207 2875 cum

148 2877 275 2908 instantia
289 2888 340 2908 nos
352 2887 483 2914 rogantes
504 2887 535 2908 ut
555 2882 672 2919 treugis,
688 2889 758 2910 cum
780 2881 896 2918 praefato
911 2881 1064 2921 Philippo,
1083 2883 1117 2912 ad
1133 2893 1208 2914 tern-

149 2926 216 2954 pus,
234 2916 303 2947 infra
319 2917 397 2955 quod
411 2926 509 2947 coram
529 2916 609 2947 dieto
633 2917 769 2949 Domino
790 2919 914 2949 Summo
930 2920 1068 2951 Pontifice
1081 2921 1118 2952 de
1134 2921 1208 2952 Pace

150 2954 223 2985 finali
238 2955 350 2985 [radiari
366 2955 605 2993 posset,ineundis
621 2957 778 2987 consentire
791 2958 942 2996 vellemus,
960 2959 1118 2996 adjicientes
1127 2961 1208 2999 quOd

150 2993 226 3023 idem
247 2993 393 3024 Dominus
414 2994 547 3024 Summus
568 2993 700 3026 Pontifex
722 2997 796 3027 viam
816 2997 953 3027 inveniret
975 3008 1023 3035 per
1047 3008 1132 3036 quam
1155 3008 1208 3037 pax

150 3033 240 3069 posset
255 3031 413 3062 commod'e
430 3031 586 3062 reformari.

188 3070 328 3114 Nosque,
346 3072 430 3100 nimis
445 3070 570 3109 creduli,
585 3070 654 3102 sicut
667 3071 729 3102 sunt
750 3072 881 3102 homines
907 3074 992 3105 bonae
1013 3074 1095 3113 fidei,
1112 3075 1209 3106 Treu-

150 3109 190 3146 gis
204 3109 410 3146 consenlimus,
426 3119 476 3146 per
491 3119 603 3140 certum
617 3118 728 3147 tempus
742 3110 887 3140 duraturis.

189 3145 225 3176 Et
241 3148 327 3185 crim,
345 3147 392 3177 sub
408 3148 546 3178 difflarum
561 3148 742 3188 Treugarum
757 3148 1032 3187 fiducia,redeuntes
1046 3153 1073 3180 in
1092 3151 1208 3190 Anglii,

149 3184 266 3215 dimiisis
281 3188 373 3223 paucis
390 3186 529 3216 Fidelibus
544 3186 646 3216 nostris
667 3187 694 3216 in
718 3186 872 3225 Britannia,
891 3198 942 3225 pro
963 3191 1097 3228 regimine
1119 3190 1208 3221 dic'ia-

149 3232 214 3253 rum
230 3222 370 3261 Partium,
388 3224 590 3255 ordinaffemus
605 3224 815 3263 Nuncios,pro
831 3225 968 3257 Trachru
984 3230 1076 3266 picis,
1094 3228 1127 3258 ad
1137 3239 1209 3266 prae—

149 3261 263 3292 sentiam
284 3262 405 3293 Domini
424 3264 536 3293 Summi
560 3262 705 3294 Pontificis
718 3286 728 3302 ,
761 3273 846 3301 prout
867 3266 896 3294 in
916 3268 1047 3302 captione
1068 3266 1207 3297 diciarum

149 3299 330 3337 Treugarum
351 3301 520 3332 condictum
542 3301 646 3339 fuerat,
666 3301 890 3332 transmittendos
911 3308 1005 3342 (prout
1028 3307 1060 3335 ἕξ
1083 3306 1209 3336 milimus

148 3345 278 3376 tempore
300 3341 487 3376 competenti)
511 3339 728 3377 supervenerunt
748 3341 830 3370 nobis
854 3340 944 3371 Nova
959 3350 1035 3373 certa
1049 3343 1085 3373 de
1099 3353 1208 3381 morte,

149 3376 295 3415 videlicet,
313 3377 490 3416 quorundam
515 3377 671 3408 Nobilium
686 3402 695 3416 ,
715 3379 799 3408 nobis
819 3379 1041 3418 adhaeieiitium,
1057 3391 1207 3418 captorum

150 3424 199 3454 per
213 3415 324 3446 Partem
338 3416 405 3446 dieii
421 3415 544 3453 Philippi
559 3417 587 3445 in
600 3416 759 3454 Britannis,
775 3418 808 3447 ὃς
821 3417 856 3447 de
869 3418 977 3455 speciali
991 3419 1142 3457 Praecepto
1159 3420 1207 3450 suo

152 3452 266 3483 Parisius
281 3454 476 3493 ignominiosa:
491 3454 584 3484 Morti
598 3456 764 3486 traditorum
773 3478 783 3493 ,

188 3491 319 3522 Necnon
336 3492 372 3522 de
383 3492 480 3533 Strage
493 3494 527 3523 ὃς
544 3491 776 3531 Depopulatione
791 3493 892 3534 magna
914 3494 1070 3533 Fidelium,
1090 3494 1208 3526 Castro-

150 3531 281 3573 rqu&
294 3530 442 3561 Locorum
457 3531 621 3562 nostrorum
637 3534 664 3561 iri
680 3531 838 3570 Britannia,
859 3532 1010 3572 Vasconis,
1027 3534 1060 3564 ὃ(
1079 3534 1143 3564 alibi
1156 3545 1210 3565 oc-

151 3576 300 3604 cupatione
313 3570 444 3606 injuriosa
451 3593 460 3607 ,

188 3606 233 3636 Ac
254 3607 434 3638 Traclatibus
454 3607 578 3638 subdolis
602 3609 635 3640 ὃς
656 3609 788 3646 occultis,
807 3618 876 3639 curn
895 3609 1021 3648 Alligatis
1041 3610 1074 3641 δε
1089 3609 1211 3641 Subditis

151 3642 252 3686 nostris
266 3645 365 3676 habitis
380 3647 464 3684 (quos
477 3645 527 3675 sibi
541 3646 727 3677 fraudulenter
741 3648 876 3677 attrahere
891 3648 963 3677 nisus
979 3647 1032 3684 est)
1045 3658 1077 3678 ac
1091 3649 1148 3678 aliis
1157 3649 1208 3687 ,de

153 3678 226 3724 facili
247 3693 305 3713 non
326 3683 523 3722 numerandis,
538 3683 645 3722 Injuriis
666 3694 765 3716 contra
784 3685 872 3716 dicias
884 3686 1012 3723 Treugas
1028 3696 1076 3724 per
1094 3685 1209 3718 Partem

153 3716 223 3747 dish
238 3718 359 3759 Philippi
371 3723 452 3752 fac‘hs
466 3723 500 3752 &
515 3725 680 3761 attemptatis
689 3746 699 3761 ,

177 3754 244 3798 ,Per
259 3768 323 3802 quae
336 3759 420 3790 dierae
433 3760 560 3799 Treugae
572 3762 776 3800 noscebantur,
794 3762 827 3793 ὃς
841 3761 1011 3801 noscuntur,
1028 3773 1078 3801 per
1094 3762 1210 3794 Partem

154 3792 224 3823 dieii
237 3793 357 3838 Philippi
369 3799 483 3828 notorie
497 3798 647 3830 diffolutae.
1042 3828 1046 3833 ‹

192 3831 248 3870 Et,
262 3831 425 3876 licetltunc,
443 3837 645 3879 propterhoc,
664 3837 757 3869 statim
771 3838 956 3876 potuissemus
970 3837 1114 3869 Guerrarn
1135 3850 1209 3871 con-

153 3877 196 3900 tra
211 3879 277 3900 eum
291 3871 368 3901 licite
382 3874 552 3916 resumplisse
561 3900 570 3912 ,
588 3876 714 3906 volentes
728 3885 822 3906 tamen
837 3878 966 3914 primitus
979 3879 1099 3914 experiri
1115 3878 1208 3916 fipos-

154 3908 244 3939 semus
256 3907 500 3954 Reformationem
512 3913 654 3944 dictorum
671 3915 910 3952 Attemptarorum
926 3916 1108 3946 amicabiliter
1130 3918 1207 3954 opti-

153 3956 237 3990 nere,
251 3946 376 3978 misimus
390 3948 487 3991 pluries
502 3950 622 3982 diversos
641 3952 795 3991 Nuncios‚
813 3953 961 3984 sufficienti
984 3954 1120 3990 potestate
1141 3965 1208 3985 mu-

152 3993 242 4022 nltos,
260 3985 295 4015 ad
310 3984 481 4023 praesentiatn
497 3988 565 4019 disti
581 3989 706 4021 Domini
721 3991 835 4021 Summi
849 3991 1012 4030 Pontificis,
1032 3993 1091 4022 tam
1104 3992 1139 4022 ad
1152 4002 1207 4022 tra-

150 4022 285 4054 §randum
300 4023 336 4054 de
344 4023 442 4069 Pace,
464 4027 549 4062 quam
562 4027 596 4057 ad
609 4029 763 4064 petendum
777 4028 1032 4059 Reformationem
1047 4030 1209 4070 Atteinpra-

148 4068 244 4093 torum
264 4062 491 4101 praedrdlwrurn,
510 4064 643 4097 reservata
663 4068 745 4098 nobis
769 4067 878 4105 semper
896 4069 1028 4099 libertate
1049 4069 1206 4100 resumendi

632 168 1435 224 CONVENTioNEQ

1492 169 1873 224 LITERAE‚

1269 254 1431 294 Guerram,
1449 264 1500 293 per
1520 255 1634 294 culpam
1652 256 1758 296 praefati
1777 256 1899 296 Philippi
1921 258 2022 297 nobis,
2040 265 2073 290 ut
2086 259 2264 300 praedicitur,
2282 264 2332 295 ad·
2346 258 2424 291 Ann.
2441 260 2484 294 D.

1273 293 1379 331 quisita.

1306 331 1345 362 Et
1359 333 1423 370 quia
1439 332 1568 370 praefatus
1582 331 1730 372 Philippus
1748 333 1920 372 Attemptata
1937 335 1957 355 ³¹*
1976 335 2113 374 praedicta
2129 338 2158 368 in
2171 338 2266 378 aliquo
2287 350 2332 371 re-

1270 369 1392 400 formare
1407 381 1466 402 non
1481 372 1792 411 curavit,quamquam
1807 383 1856 409 per
1871 373 1984 404 dierum
2000 373 2165 406 Dominum
2179 377 2335 410 Summum

1271 407 1462 447 Pontificem,
1480 410 1550 441 sicut
1563 419 1599 441 ex
1612 410 1712 442 Literis
1727 410 2180 452 Apostolicis—accepimus,super
2194 416 2252 448 hoc
2267 418 2335 448 fuis—

1269 447 1308 477 set
1320 447 1422 485 pluries
1436 449 1595 487 requisitus,
1613 449 1650 480 set
1671 449 1780 488 semper
1800 457 1952 481 creverunt
1971 451 2040 481 disti
2062 451 2185 491 Philippi
2197 455 2335 487 Tiranni-

1270 484 1318 515 des
1339 487 1373 516 ὃς
1397 485 1525 525 Injuriae,
1544 489 1574 518 in
1598 488 1809 519 subversionem
1828 488 1972 528 nostram,
1992 499 2092 521 contra
2105 491 2232 524 formam
2246 495 2335 526 diera-

1271 533 1335 553 rum
1351 524 1535 562 Treugarum
1551 526 1670 557 subdole
1684 527 1866 565 machinatae,

1307 562 1377 606 Nos
1391 564 1452 606 (qui
1467 574 1521 594 nec
1537 563 1790 596 Refer-mationem
1805 565 2066 606 Attemptatorum,
2083 578 2137 601 nec
2150 571 2230 602 viam
2250 570 2334 604 Pacis

1269 601 1438 646 rationabilis
1460 603 1588 633 invenire
1608 605 1770 643 potuimus,
1789 604 1858 636 sicut
1879 605 1981 644 licuit,
1999 609 2147 646 oportuit,
2166 610 2201 640 &
2221 609 2330 649 decuit)

1269 638 1407 677 demum,
1423 650 1453 670 in
1466 640 1612 671 defetstum
1621 641 1743 684 Jpstitiae
1763 644 1885 674 minime
1903 644 1987 674 nobis
2004 645 2103 685 faeoe,
2121 647 2266 680 Guerram
2285 660 2331 681 re-

1269 677 1434 716 sumpfimus
1451 680 1545 715 (novit
1557 679 1725 717 Altissimus)
1741 682 1775 712 &
1789 683 1888 721 inviti,
1906 683 1995 721 ipsum
2011 683 2177 723 Philippum
2191 697 2221 718 ur
2231 688 2329 719 Viola-

1269 725 1361 746 torem
1373 716 1515 748 dictarum
1528 718 1723 758 Treugarum,
1741 721 1775 750 &
1791 720 1837 751 Re
1857 723 1885 752 ni
1898 721 1986 752 nostri
1999 722 2143 763 Franciae,
2159 726 2192 756 &
2207 726 2329 759 aliorum

1268 754 1425 798 Terrarum
1444 757 1478 787 &
1494 756 1607 795 Jurium
1628 757 1808 795 nostrorum,
1858 768 2043 798 ccupatorem
2064 762 2098 794 &
2111 761 2273 796 Invasorem
2286 767 2329 797 in-

1263 793 1370 831 justum
1379 818 1388 831 ,
1405 797 1475 825 licut
1487 795 1630 826 necessitas
1643 796 1777 835 impellit,
1796 796 1981 830 Diffidando·

1305 832 1493 877 protestantes
1513 844 1566 865 nos
1590 834 1667 864 nolle
1687 835 1859 873 quicquam,
1877 837 1908 866 in
1929 824 2066 869 offenfiim
2085 838 2166 871 Sedis
2180 840 2328 880 Apostoli-

1266 880 1325 909 cae,
1344 881 1398 901 nec
1414 882 1441 901 in
1456 873 1572 911 alicujus
1585 874 1715 912 injuriam
1728 882 1911 912 attemptare,
1928 874 1966 906 set
1980 875 2089 916 solum,
2107 889 2176 910 cum
2193 880 2328 914 ordinato

1265 909 1558 980 moderamine,lgura
1576 911 1672 943 nostra
1692 913 1840 951 prosequi,
1859 914 1894 944 &
1915 913 2066 946 defendere
2083 927 2136 948 nos
2159 918 2193 949 ὃς
2212 919 2325 959 nostra,

1265 957 1349 991 parati
1363 949 1471 987 semper
1509 960 1591 981 acem
1604 951 1799 983 rationabilem
1811 951 1976 992 admittere,
1994 953 2065 984 curn
2076 964 2139 987 eam
2152 957 2256 989 habere
2271 969 2325 997 po-

1266 993 1381 1018 terimus
1397 988 1477 1019 bono
1490 989 1589 1020 modo.

1304 1025 1412 1070 Unde,
1432 1028 1502 1058 cum
1517 1027 1594 1058 idem
1610 1027 1758 1067 Philippus
1774 1029 1784 1067 (
1807 1039 1914 1060 uaerens
1924 1030 2049 1061 omnino
2071 1031 2140 1063 Nos
2160 1034 2195 1065 &
2213 1035 2328 1068 nostros

1263 1072 1506 1109 exterminare,ac
1521 1066 1728 1098 Haereditatem
1744 1078 1785 1098 no
1825 1078 1871 1099 am
1886 1068 2212 1104 continuatisErroribus
2226 1074 2327 1113 damp—

1263 1103 1390 1134 nabiliter
1411 1105 1549 1142 detinere)
1573 1107 1724 1137 maximam
1749 1115 1826 1145 paret
1844 1106 1974 1139 Claflem
1995 1107 2145 1148 Navium,
2163 1111 2198 1141 &
2217 1114 2326 1145 validos

1262 1151 1417 1186 congreget
1430 1142 1577 1174 Exercitus
1590 1152 1781 1183 armatorum,
1800 1145 1920 1184 &ipsos
1937 1147 1965 1176 in
1988 1145 2147 1187 vasconia,
2167 1148 2326 1192 Britannia,

1263 1179 1383 1224 Anglii,
1401 1183 1434 1213 &
1450 1183 1478 1212 in
1493 1182 1590 1214 Scotia
1606 1185 1717 1214 mittere
1725 1185 1785 1223 jam
1807 1184 1854 1214 dis
1867 1193 1951 1222 onat,
1970 1186 2123 1218 consultius
2144 1189 2326 1226 praevidimus

1260 1217 1311 1248 sibi
1328 1221 1403 1258 prius
1418 1230 1551 1258 potenter
1562 1231 1731 1262 occurrere,
1750 1224 1838 1262 quarn
1942 1225 1947 1229 '

1260 1257 1323 1287 cula
1335 1259 1487 1292 socorditer
1499 1261 1654 1298 expectare.

1296 1295 1334 1327 Et
1356 1298 1439 1336 ideo,
1459 1309 1518 1328 non
1541 1299 1578 1330 de
1596 1300 1725 1331 Terrena
1742 1299 1843 1331 confisi
1865 1300 2016 1341 Potentii,
2034 1301 2073 1333 set
2091 1301 2142 1334 sub
2160 1304 2207 1342 spe
2220 1304 2324 1337 Divini

1259 1335 1378 1372 praefidii
1393 1337 1438 1373 (ad
1455 1337 1533 1376 quod
1546 1339 1649 1377 gratius
1662 1339 1895 1377 consequendum
1909 1339 2069 1372 vestrorum
2083 1343 2118 1374 &
2129 1343 2249 1374 aliorum
2261 1343 2324 1375 De-

1260 1382 1396 1405 votorum
1412 1374 1587 1407 Orationum
1600 1377 1742 1446 Suffragia
1754 1378 1897 1409 credimus
1911 1379 2070 1416 plurimum
2085 1383 2239 1421 oportuna)
2253 1393 2324 1414 nec-

1259 1421 1337 1451 non,
1355 1413 1405 1444 sub
1425 1414 1546 1452 Justitiae
1565 1415 1671 1447 nostrae
1715 1416 1813 1455 ducis,
1832 1416 1904 1447 Pars
1933 1419 1992 1448 ‘um
2005 1417 2154 1458 nostrum,
2171 1420 2206 1451 ad
2220 1431 2324 1452 occur-

1259 1452 1381 1483 rendum
1403 1452 1453 1483 sibi
1465 1477 1474 1491 ,
1494 1454 1623 1485 duximus
1643 1456 1771 1486 celeriter
1789 1455 1908 1486 ordinan
1931 1466 1980 1486 um
1995 1469 2006 1495 .·,
2023 1467 2161 1495 ponentes
2183 1461 2211 1489 in
2235 1470 2322 1492 manu

1258 1488 1361 1521 summi
1373 1491 1483 1530 Judicis
1497 1492 1618 1524 Causam
1632 1493 1758 1525 nostram
1769 1517 1779 1533 ,
1796 1495 1844 1533 qui
1860 1495 1897 1525 ab
1914 1495 2033 1526 homine
2053 1497 2151 1536 iniquo
2171 1499 2206 1529 δε
2219 1499 2322 1530 doloso

1255 1538 1367 1568 eruere,
1385 1531 1559 1569 quaesumus,
1576 1542 1628 1563 nos
1641 1533 1669 1563 d'
1692 1542 1789 1572 netur,
1806 1535 1842 1565 &
1854 1533 1981 1564 alleviare
2002 1533 2101 1566 Onera
2120 1538 2229 1576 gravia,
2248 1547 2322 1576 prae-

1257 1575 1334 1599 textu
1351 1569 1489 1607 praesentis
1501 1570 1624 1602 Guerrae
1636 1571 1675 1602 Su
1697 1571 1762 1602 ditis
1775 1571 1878 1603 nostris
1893 1573 2105 1612 incumbentia,
2121 1584 2188 1614 quae
2207 1578 2322 1616 revera,

1257 1606 1318 1644 plus
1331 1608 1420 1646 quam
1434 1610 1593 1646 exprimere
1606 1610 1769 1649 possumus,
1787 1621 1840 1641 nos
1852 1610 2028 1643 contristant.

1294 1645 1362 1678 Dat.
1376 1647 1450 1686 apud
1465 1647 1775 1689 Westmonasterium,
1793 1649 1910 1680 decimo
1925 1651 2027 1689 quinto
2041 1650 2086 1683 die
2100 1651 2211 1684 Martii.

1888 1233 1949 1254 omi
1961 1226 2135 1258 comminata
2149 1228 2235 1258 nobis
2248 1227 2334 1260 Peri-1

1285 1722 1408 1767 ‘Eodem
1423 1726 1513 1756 modo
1528 1725 1692 1770 mandatum
1707 1725 1749 1756 est
1762 1725 1900 1759 Priori&
1915 1725 2082 1760 Conventui
2105 1728 2203 1762 Sancti
2224 1730 2324 1771 Augu·

1257 1760 1321 1791 stini
1341 1763 1475 1794 London.
1492 1771 1606 1797 mutatis
1620 1764 1770 1796 mutandis.

1333 1800 1423 1835 Teste
1437 1812 1467 1835 ut
1482 1802 1570 1843 supra.
1605 1825 1611 1831 -

1253 1946 1302 1976 De
1323 1944 1465 1985 Potestate
1481 1973 1490 1989 ‚
1533 1944 1579 1978 ad
1600 1945 1824 1991 Ratficandum
1849 1948 1997 1981 Trac‘lata
2021 1946 2058 1980 de
2087 1951 2292 1982 Matrimonia
2309 1976 2319 1991 ‚

1309 1996 1385 2026 inter
1411 1997 1647 2042 Primogenitum
1674 1998 1762 2043 Regis
1787 1994 1912 2039 Castellae
1940 2000 1978 2035 ᾤ’*
2003 1994 2186 2043 Johannam
2205 1997 2319 2030 Filiam

1308 2044 1407 2089 Regis.

2369 301 2457 340 1346.

2350 341 2415 367 Edv.
2438 350 2463 376 3.

2349 376 2364 393 ¹¹²
2377 379 2481 414 V.498.

1324 2136 1469 2177 Niversis,
1487 2138 1635 2177 praesentes
1662 2139 1768 2170 Literas
1791 2139 1972 2178 inspe&uris,
1990 2138 2239 2185 Edwardus,pDei
2256 2150 2319 2180 gra-
2336 2137 2413 2169 Ann.
2429 2138 2472 2176 Dq'

1341 2177 1395 2216 tid,
1414 2177 1480 2208 Rex
1496 2178 1622 2208 Franciae
1637 2178 1670 2209 ὃς
1687 2179 1818 2218 Angliae,
1834 2179 1866 2210 &
1882 2178 2030 2210 Dominus
2050 2179 2219 2218 Hibermae,
2237 2179 2317 2212 Salu-

1252 2224 1441 2285 tenIlloveritis
1455 2254 1536 2293 quod
1545 2280 1554 2293 ,

2358 2178 2445 2218 1346.

2337 2221 2390 2245 An.
2406 2228 2452 2245 20.

2338 2260 2368 2284 E.
2390 2266 2414 2292 3.

1289 2293 1491 2324 Praemeditatis
1505 2295 1608 2324 mutuis
1622 2294 1785 2325 utilitatibus
1800 2304 1864 2334 quae
1875 2318 1885 2334 ,
1902 2295 1962 2326 tarn
1983 2294 2144 2335 modernis,
2182 2297 2252 2328 uam
2273 2296 2318 2327 fu·
2334 2299 2473 2324 Franc.2o.·

1250 2334 1333 2371 turis,
1352 2333 1546 2372 temporibus,
1566 2332 1674 2374 Regnis
1698 2334 1732 2364 ὃς
1753 2334 1877 2365 Subditis
1897 2334 2011 2374 Angliae
2033 2335 2068 2366 &
2090 2332 2176 2366 Caste
2237 2343 2319 2373 pote-

1251 2381 1332 2409 runt,
1352 2372 1464 2401 favente
1480 2370 1633 2410 Domino,
1648 2372 1833 2404 verifimiliter
1849 2376 2000 2410 provenire
2013 2383 2047 2404 ex
2061 2373 2262 2413 TraCtatibus,
2274 2374 2319 2404 su-

1249 2419 1298 2454 per
1320 2409 1495 2448 infrascripto
1513 2408 1662 2450 Conjugio
1676 2435 1686 2450 ‚
1704 2411 1821 2443 audiere
1841 2411 1978 2444 Domino
1991 2436 2003 2452 ,
2025 2412 2221 2444 contrahendo
2239 2413 2321 2444 habi-

1251 2457 1286 2479 tis

1288 2471 1321 2518 fn
1336 2487 1462 2526 Tribus,
1480 2486 1604 2526 ejusdem
1616 2487 1759 2528 Tenoris,
1785 2488 1904 2529 Literis‚
2181 2504 2185 2508 ¹

1289 2527 1350 2557 Sub
1370 2526 1447 2557 Datfi
1468 2527 1542 2565 apud
1565 2526 1618 2557 Ma
1629 2528 1758 2567 oricam,
1775 2527 1821 2559 die
1842 2528 1926 2560 Sexrfi
1948 2527 2061 2560 Mensis
2075 2528 2200 2567 Januarii
2213 2551 2223 2565 ,
2242 2536 2319 2558 anno

1251 2565 1414 2596 Nativitatis
1436 2564 1562 2596 Domini
1625 2565 1733 2596 ilelimo
1759 2566 1990 2598 Trescentesimo
2008 2565 2234 2613 Qadragesimo
2249 2564 2319 2596 Sex-

1250 2614 1298 2642 to,
1317 2605 1349 2634 &
1367 2604 1522 2634 secundum
1538 2614 1650 2634 morem
1663 2603 1872 2642 Hispannicum
1895 2604 1969 2635 AEri
1985 2603 2160 2643 Mileffima,
2179 2604 2321 2635 Trescen·

1249 2642 1364 2679 telima,
1387 2642 1449 2672 O&
1485 2642 1587 2680 elima,
1607 2643 1732 2686 Qartfi,
1752 2644 1910 2710 congeritis,
1938 2681 1944 2686 .
2043 2681 2048 2686 .
2073 2681 2088 2686 ..
2186 2681 2191 2686 ι

1285 2681 1323 2711 Et
1346 2680 1462 2719 Sigillis,
1510 2681 1656 2711 enerabilis
1676 2682 1704 2710 in
1727 2679 1799 2710 Chri
1827 2690 1847 2711 o
1870 2680 1976 2718 Patris,
1995 2678 2089 2718 Egidii
2103 2680 2210 2711 Archie
2231 2680 2318 2719 iscopi

1249 2718 1446 2749 Toletanensis
1461 2741 1471 2756 ,
1498 2720 1531 2749 δε
1554 2718 1664 2749 Alfonsi
1683 2718 1801 2748 Ferandi
1824 2717 1955 2748 Coronel
1980 2716 2105 2757 Militis,
2139 2729 2172 2750 ac
2224 2719 2318 2749 erandi

1250 2759 1344 2788 Sancii
1364 2757 1401 2786 de
1424 2756 1556 2786 Valioleti
1576 2756 1696 2793 Militis,
1715 2756 1827 2794 majoris
1848 2755 1966 2788 Notarii
1986 2755 2075 2796 Regis
2094 2759 2123 2787 in
2138 2756 2245 2796 Regno
2260 2757 2319 2788 Ca-

1250 2796 1335 2826 stellae
1346 2819 1355 2834 ,
1374 2793 1791 2832 Conliliariorum,s'ereniffimi
1807 2793 2100 2834 Principis,Domini
2115 2796 2245 2835 Alfonsi,
2259 2796 2319 2827 Dei

1249 2835 1351 2874 gratia,
1370 2832 1461 2870 Regis
1477 2831 1626 2870 Castellae,
1644 2831 1854 2877 Confiinguinei
1867 2833 1958 2864 nostri
1973 2833 2124 2872 carissimi,

1288 2873 1340 2911 Et,
1356 2871 1519 2901 venerabilis
1540 2870 1617 2902 Petri
1640 2870 1677 2901 de
1697 2871 1828 2903 Servieto
1843 2895 1853 2910 ,
1880 2872 1999 2904 Abbatis
2022 2871 2194 2903 Monasterii
2212 2872 2316 2904 sancte

1250 2911 1353 2942 Crucis
1367 2909 1443 2940 Burd
1479 2910 1557 2948 aliae,
1575 2911 1626 2948 &,
1643 2909 1814 2941 diledromm
1835 2910 2018 2950 nostrorum,
2038 2911 2090 2942 Ma
2111 2910 2170 2941 istri
2192 2911 2316 2943 Andreae

1249 2951 1286 2980 de
1308 2948 1435 2986 Offord,
1471 2949 1526 2978 uris
1544 2947 1646 2978 Civilis
1668 2947 1852 2986 Professoris,
1871 2950 1906 2980 &
1928 2949 2059 2993 Magistri
2111 2949 2194 2980 eraldi
2207 2949 2244 2980 de
2258 2950 2318 2981 Po-

1249 2989 1315 3026 dio,
1331 2987 1441 3026 Judicis
1455 2986 1546 3017 nostri
1563 2986 1730 3024 Vasconiae,
1749 2986 1879 3018 Sacristae
1892 2987 2030 3019 Ecclesiae
2047 2987 2273 3027 Burdegalensis,

1287 3027 1333 3057 Ad
1348 3026 1526 3057 tractandum
1540 3026 1572 3056 ὃς
1588 3026 1825 3057 concordandum
1839 3026 1920 3065 super
1935 3026 2114 3065 infrascriptis
2129 3027 2158 3057 in
2172 3026 2225 3058 hac
2238 3035 2314 3065 parte

1250 3065 1464 3103 Deputatorum
1473 3087 1484 3102 ,

1284 3104 1433 3143 Sigillatis,
1453 3103 1514 3134 &c.

1290 3143 1344 3172 Per
1361 3142 1429 3172 Nos
1443 3142 1525 3178 plene
1540 3141 1704 3180 inrelled‘ris,

1287 3181 1389 3219 Igitur,
1408 3181 1477 3210 cum
1499 3180 1551 3217 ipsa
1571 3180 1721 3217 Tradiata,
1740 3179 1824 3210 velud
1844 3179 1982 3220 honesta,
2000 3179 2035 3210 de
2059 3180 2140 3218 ipsius
2156 3180 2244 3220 Regis
2257 3180 2316 3212 Ca·-

1250 3219 1334 3249 stellae
1348 3227 1431 3256 atque
1444 3217 1542 3248 nostro
1556 3217 1664 3256 speciali
1680 3217 1813 3248 mandato
1826 3219 2012 3255 procellerint
2024 3220 2058 3250 &
2073 3219 2197 3258 assensu,
2213 3220 2313 3251 volen-

1250 3267 1290 3288 tes
1309 3258 1389 3295 quod
1411 3257 1506 3286 omnia
1530 3256 1564 3287 &
1587 3256 1706 3296 singula,
1725 3258 1753 3286 in
1776 3256 1916 3293 praedietis
1930 3257 2035 3296 tribus,
2053 3257 2176 3295 ejusdem
2191 3259 2313 3296 terioris,

1249 3296 1333 3326 literis
1353 3303 1504 3333 contenta,
1521 3295 1651 3325 debitum
1675 3295 1821 3325 sortiantur
1841 3295 1860 3314 '¹‘
1879 3294 2018 3326 effeistum
2033 3320 2042 3334 ,
2061 3305 2095 3326 ex
2118 3295 2313 3328 nostra-certa

1249 3334 1363 3364 scientia
1377 3334 1510 3369 facimus,
1529 3331 1743 3371 constituimus,
1761 3333 1795 3364 &
1808 3334 1894 3364 etiam
1917 3334 2078 3366 ordinamus
2098 3333 2212 3366 nostros
2231 3345 2314 3367 veros

1250 3374 1283 3404 &
1299 3382 1391 3403 certos
1405 3371 1606 3402 Procuratores
1621 3371 1761 3409 generales
1768 3395 1778 3410 ‚
1793 3373 1827 3404 &
1841 3371 1979 3404 Nuncios
1993 3372 2136 3411 speciales,
2255 3387 2258 3389 >

1287 3456 1485 3487 Venerabilem
1499 3458 1528 3486 in
1542 3455 1660 3488 Christo
1677 3455 1790 3488 Patrem
1799 3480 1810 3496 ,
1828 3460 1939 3487 Petrum
1954 3455 2109 3496 Episcopum
2123 3458 2251 3493 Baiana,

1286 3496 1351 3531 Ac,
1369 3495 1548 3532 Religiosum
1568 3495 1687 3533 Virum,
1706 3498 1818 3525 Petrum
1838 3497 1870 3526 de
1889 3500 2028 3534 Servieto,
2045 3495 2190 3526 Abbatem
2210 3499 2312 3527 Mona-

1318 3532 1397 3572 sterii
1411 3536 1518 3562 San-Hie
1533 3538 1623 3564 Crucis·
1637 3534 1828 3572 Burdegaliae,

1251 3572 1306 3609 Et,
1323 3571 1459 3602 discretos
1475 3571 1577 3611 Viros,
1599 3572 1769 3611 Magistros,

1287 3610 1435 3640 Geraldnm
1449 3611 1480 3640 de
1497 3611 1595 3649 Pedio,
1612 3610 1755 3651 Sacristam
1767 3610 1891 3652 Ecclefiae
1912 3610 2100 3650 Burdegaliae,
2119 3610 2246 3650 Judicem
2264 3620 2314 3640 no-

1319 3648 1409 3687 strum
1423 3650 1572 3688 Vasconiae,

1252 3685 1430 3724 Praeditstos,

1289 3725 1421 3754 Necnon
1431 3748 1440 3762 ,
1894 3733 1904 3742 ·
2243 3752 2246 3754 .

1288 3763 1467 3792 ldelielrmtm
1485 3764 1517 3793 de
1531 3762 1686 3804 Ludfford,
1703 3768 1866 3794 eanonicam
1879 3763 2001 3806 Ecclqfiae
2015 3762 2222 3805 Londofflenfis,

1287 3800 1326 3832 Et
1341 3802 1485 3831 Ricardum
1500 3803 1532 3831 de
1543 3802 1660 3840 Saham,
1677 3802 1761 3841 Juris
1773 3807 1908 3842 peritum,

1288 3877 1401 3908 Omnes
1418 3876 1546 3916 insimul,
1564 3878 1598 3908 &
1613 3879 1768 3916 quemlibet
1781 3889 1881 3910 eorum
1896 3880 1926 3909 in
1939 3878 2080 3917 solidum,
2097 3879 2136 3908 ita
2155 3876 2236 3916 quod
2250 3886 2312 3908 non

1249 3914 1282 3946 sit
1294 3916 1396 3946 melior
1412 3926 1486 3946 occu
1523 3917 1596 3954 ntis,
1613 3917 1658 3947 seu
1674 3919 1877 3955 occupantium
1887 3940 1897 3956 ,
1915 3916 2064 3954 conditio;

1285 3953 1393 3985 Dantes
1412 3955 1447 3985 &
1519 3955 1669 3986 necdentes
1690 3955 1795 3986 eisdem
1816 3955 2053 3986 Procuratoribus
2065 3952 2183 3992 nostris,
2201 3954 2235 3985 δε
2250 3954 2313 3984 cui-

1248 3992 1317 4023 libet
1333 4001 1433 4022 eorum
1445 3993 1476 4021 in
1489 3993 1627 4032 solidum,
1643 3994 1755 4032 plenam
1769 3994 1804 4025 &
1818 3994 1938 4024 liberam
1949 3991 2123 4023 Potestatem
2143 3992 2176 4024 δε
2197 3991 2214 4022 s
2262 3992 2313 4022 iale

1249 4029 1423 4061 Mandatum
1446 4030 1481 4060 ad
1501 4031 1695 4062 ratificandum
1718 4041 1768 4070 ea,
1786 4042 1849 4069 quae
1869 4041 1937 4062 cum
1951 4029 2090 4069 praeditsto
2102 4030 2186 4070 Rege
2247 4029 2313 4061 stel-

1248 4068 1301 4107 lae,
1318 4068 1397 4106 super
1421 4067 1600 4107 sponsalibus
1619 4071 1653 4101 ὃς
1675 4069 1867 4102 Matrimonio
1880 4071 1972 4107 inter,
1989 4066 2243 4139 Consanguineusxg
2256 4077 2313 4098 no,-

1874 4141 1880 4146 .
2244 4115 2313 4144 ΨΒ,

2338 2338 2369 2362 E.
2390 2343 2417 2370 3.
2435 2340 2461 2370 p.

2341 2382 2364 2401 Ι.
2377 2381 2467 2401 ''n-22·

2332 3318 2351 3338 *
2362 3321 2463 3356 V·499-
