<?xml version="1.0" encoding="UTF-8"?>
<!DOCTYPE html PUBLIC "-//W3C//DTD XHTML 1.0 Transitional//EN"
    "http://www.w3.org/TR/xhtml1/DTD/xhtml1-transitional.dtd">
<html xmlns="http://www.w3.org/1999/xhtml" xml:lang="en" lang="en">
 <head>
  <title>
</title>
<meta http-equiv="Content-Type" content="text/html;charset=utf-8" />
  <meta name='ocr-system' content='tesseract 3.04.00' />
  <meta name='ocr-capabilities' content='ocr_page ocr_carea ocr_par ocr_line ocrx_word'/>
</head>
<body>
  <div class='ocr_page' id='page_1' title='image "./fderaconventione02ryme_0162.png"; bbox 0 0 2562 4279; ppageno 0'>
   <div class='ocr_carea' id='block_1_1' title="bbox 664 69 1891 125">
    <p class='ocr_par' dir='ltr' id='par_1_1' title="bbox 664 69 1891 125">
     <span class='ocr_line' id='line_1_1' title="bbox 664 69 1891 125; baseline -0.011 0"><span class='ocrx_word' id='word_1_1' title='bbox 664 69 1448 125; x_wconf 88' lang='lat' dir='ltr'>CONVENTIONES,</span> <span class='ocrx_word' id='word_1_2' title='bbox 1503 69 1891 123; x_wconf 69' lang='lat' dir='ltr'>LITERAEg</span> 
     </span>
    </p>
   </div>
   <div class='ocr_carea' id='block_1_2' title="bbox 1282 154 2500 280">
    <p class='ocr_par' dir='ltr' id='par_1_2' title="bbox 1282 154 2500 280">
     <span class='ocr_line' id='line_1_2' title="bbox 1288 154 2500 205; baseline 0.001 -15"><span class='ocrx_word' id='word_1_3' title='bbox 1288 160 1452 205; x_wconf 81' lang='lat' dir='ltr'>conatibus,</span> <span class='ocrx_word' id='word_1_4' title='bbox 1470 159 1616 203; x_wconf 81' lang='lat' dir='ltr'>oportunis</span> <span class='ocrx_word' id='word_1_5' title='bbox 1631 159 1748 190; x_wconf 86' lang='lat' dir='ltr'>obviare</span> <span class='ocrx_word' id='word_1_6' title='bbox 1764 156 1894 202; x_wconf 83' lang='lat' dir='ltr'>remediis</span> <span class='ocrx_word' id='word_1_7' title='bbox 1906 158 1924 201; x_wconf 37' lang='lat'>,-</span> <span class='ocrx_word' id='word_1_8' title='bbox 1939 154 2098 201; x_wconf 67' lang='lat' dir='ltr'>cupientes,</span> <span class='ocrx_word' id='word_1_9' title='bbox 2115 157 2150 190; x_wconf 75' lang='lat'>&amp;1</span> <span class='ocrx_word' id='word_1_10' title='bbox 2165 159 2201 191; x_wconf 85' lang='lat' dir='ltr'>ad</span> <span class='ocrx_word' id='word_1_11' title='bbox 2219 160 2249 192; x_wconf 89' lang='lat' dir='ltr'>id</span> <span class='ocrx_word' id='word_1_12' title='bbox 2267 170 2352 201; x_wconf 71' lang='lat' dir='ltr'>expe·</span> <span class='ocrx_word' id='word_1_13' title='bbox 2367 163 2443 196; x_wconf 83' lang='lat' dir='ltr'>Ann.</span> <span class='ocrx_word' id='word_1_14' title='bbox 2459 161 2500 194; x_wconf 72' lang='lat' dir='ltr'>D:</span> 
     </span>
     <span class='ocr_line' id='line_1_3' title="bbox 1285 196 2476 243; baseline 0.002 -15"><span class='ocrx_word' id='word_1_15' title='bbox 1285 198 1345 242; x_wconf 81' lang='lat' dir='ltr'>dire</span> <span class='ocrx_word' id='word_1_16' title='bbox 1362 197 1699 241; x_wconf 30' lang='lat' dir='ltr'>censentes,spintua1em&#39;</span> <span class='ocrx_word' id='word_1_17' title='bbox 1710 196 1836 241; x_wconf 76' lang='lat' dir='ltr'>gladium</span> <span class='ocrx_word' id='word_1_18' title='bbox 1854 205 1926 240; x_wconf 63' lang='lat' dir='ltr'>citeri</span> <span class='ocrx_word' id='word_1_19' title='bbox 1943 206 1972 225; x_wconf 90' lang='lat' dir='ltr'>in</span> <span class='ocrx_word' id='word_1_20' title='bbox 1989 206 2089 243; x_wconf 72' lang='lat' dir='ltr'>omnes</span> <span class='ocrx_word' id='word_1_21' title='bbox 2108 198 2350 242; x_wconf 56' lang='lat' dir='ltr'>&amp;singulosssu-</span> <span class='ocrx_word' id='word_1_22' title='bbox 2390 211 2476 241; x_wconf 76' lang='lat'>13¹7-</span> 
     </span>
     <span class='ocr_line' id='line_1_4' title="bbox 1282 234 2484 280; baseline -0.002 -12"><span class='ocrx_word' id='word_1_23' title='bbox 1282 237 1437 280; x_wconf 75' lang='lat' dir='ltr'>Juscunque</span> <span class='ocrx_word' id='word_1_24' title='bbox 1455 237 1506 268; x_wconf 90' lang='lat' dir='ltr'>sint</span> <span class='ocrx_word' id='word_1_25' title='bbox 1523 245 1743 274; x_wconf 79' lang='lat' dir='ltr'>praemlnentiae,</span> <span class='ocrx_word' id='word_1_26' title='bbox 1758 235 1914 272; x_wconf 80' lang='lat' dir='ltr'>dignitatis,</span> <span class='ocrx_word' id='word_1_27' title='bbox 1927 243 1973 265; x_wconf 90' lang='lat' dir='ltr'>aut</span> <span class='ocrx_word' id='word_1_28' title='bbox 1990 234 2091 274; x_wconf 89' lang='lat' dir='ltr'>status,</span> <span class='ocrx_word' id='word_1_29' title='bbox 2108 246 2157 276; x_wconf 86' lang='lat' dir='ltr'>qui</span> <span class='ocrx_word' id='word_1_30' title='bbox 2175 236 2291 276; x_wconf 88' lang='lat' dir='ltr'><strong>Regem</strong></span> <span class='ocrx_word' id='word_1_31' title='bbox 2307 242 2351 278; x_wconf 81' lang='lat' dir='ltr'>ip-</span> <span class='ocrx_word' id='word_1_32' title='bbox 2370 244 2437 271; x_wconf 58' lang='grc' dir='ltr'>ξαν.</span> <span class='ocrx_word' id='word_1_33' title='bbox 2457 252 2484 270; x_wconf 84' lang='lat'>2.</span> 
     </span>
    </p>
   </div>
   <div class='ocr_carea' id='block_1_3' title="bbox 182 90 258 131">
    <p class='ocr_par' dir='ltr' id='par_1_3' title="bbox 182 90 258 131">
     <span class='ocr_line' id='line_1_5' title="bbox 182 90 258 131; baseline 0 0"><span class='ocrx_word' id='word_1_34' title='bbox 182 90 258 131; x_wconf 84' lang='lat'>118</span> 
     </span>
    </p>
   </div>
   <div class='ocr_carea' id='block_1_4' title="bbox 33 164 1247 254">
    <p class='ocr_par' dir='ltr' id='par_1_4' title="bbox 33 164 1247 254">
     <span class='ocr_line' id='line_1_6' title="bbox 33 164 1247 215; baseline -0.009 -9"><span class='ocrx_word' id='word_1_35' title='bbox 33 174 109 206; x_wconf 73' lang='lat' dir='ltr'>Ann.</span> <span class='ocrx_word' id='word_1_36' title='bbox 125 172 166 205; x_wconf 87' lang='lat' dir='ltr'>D.</span> <span class='ocrx_word' id='word_1_37' title='bbox 182 175 276 215; x_wconf 81' lang='lat' dir='ltr'>nenfi,</span> <span class='ocrx_word' id='word_1_38' title='bbox 291 185 340 215; x_wconf 86' lang='lat' dir='ltr'>per</span> <span class='ocrx_word' id='word_1_39' title='bbox 353 173 492 213; x_wconf 88' lang='lat' dir='ltr'>Regnum</span> <span class='ocrx_word' id='word_1_40' title='bbox 507 171 640 210; x_wconf 82' lang='lat' dir='ltr'>Angliae,</span> <span class='ocrx_word' id='word_1_41' title='bbox 657 170 691 200; x_wconf 88' lang='lat'>&amp;</span> <span class='ocrx_word' id='word_1_42' title='bbox 707 176 793 207; x_wconf 90' lang='lat' dir='ltr'>partes</span> <span class='ocrx_word' id='word_1_43' title='bbox 813 167 931 207; x_wconf 85' lang='lat' dir='ltr'>Valliae,</span> <span class='ocrx_word' id='word_1_44' title='bbox 944 176 979 199; x_wconf 88' lang='lat' dir='ltr'>ac</span> <span class='ocrx_word' id='word_1_45' title='bbox 998 165 1145 198; x_wconf 81' lang='lat' dir='ltr'>Hiberniae</span> <span class='ocrx_word' id='word_1_46' title='bbox 1161 164 1247 202; x_wconf 89' lang='lat' dir='ltr'>depu-</span> 
     </span>
     <span class='ocr_line' id='line_1_7' title="bbox 56 207 918 254; baseline -0.017 -5"><span class='ocrx_word' id='word_1_47' title='bbox 56 222 141 253; x_wconf 84' lang='lat'>1317·</span> <span class='ocrx_word' id='word_1_48' title='bbox 183 217 259 254; x_wconf 84' lang='lat' dir='ltr'>tatis,</span> <span class='ocrx_word' id='word_1_49' title='bbox 273 215 397 246; x_wconf 86' lang='lat' dir='ltr'>Salutem</span> <span class='ocrx_word' id='word_1_50' title='bbox 416 214 449 244; x_wconf 89' lang='lat'>&amp;</span> <span class='ocrx_word' id='word_1_51' title='bbox 465 211 659 250; x_wconf 89' lang='lat' dir='ltr'>Apostolicam</span> <span class='ocrx_word' id='word_1_52' title='bbox 674 207 918 238; x_wconf 73' lang='lat' dir='ltr'>Beiiediffionem.</span> 
     </span>
    </p>
   </div>
   <div class='ocr_carea' id='block_1_5' title="bbox 35 254 143 282">
    <p class='ocr_par' dir='ltr' id='par_1_5' title="bbox 35 254 143 282">
     <span class='ocr_line' id='line_1_8' title="bbox 35 254 143 282; baseline -0.009 -2"><span class='ocrx_word' id='word_1_53' title='bbox 35 254 102 280; x_wconf 79' lang='lat' dir='ltr'>Edv.</span> <span class='ocrx_word' id='word_1_54' title='bbox 115 262 143 282; x_wconf 86' lang='lat'>2.</span> 
     </span>
    </p>
   </div>
   <div class='ocr_carea' id='block_1_6' title="bbox 48 652 131 725">
    <p class='ocr_par' dir='ltr' id='par_1_6' title="bbox 48 652 131 725">
     <span class='ocr_line' id='line_1_9' title="bbox 48 652 131 679; baseline -0.024 0"><span class='ocrx_word' id='word_1_55' title='bbox 48 652 131 679; x_wconf 66' lang='lat' dir='ltr'>*HL</span> 
     </span>
     <span class='ocr_line' id='line_1_10' title="bbox 59 692 124 725; baseline 0 -9"><span class='ocrx_word' id='word_1_56' title='bbox 59 692 124 725; x_wconf 83' lang='lat'><em>619.</em></span> 
     </span>
    </p>
   </div>
   <div class='ocr_carea' id='block_1_7' title="bbox 20 1900 153 1934">
    <p class='ocr_par' dir='ltr' id='par_1_7' title="bbox 20 1900 153 1934">
     <span class='ocr_line' id='line_1_11' title="bbox 20 1900 153 1934; baseline -0.03 0"><span class='ocrx_word' id='word_1_57' title='bbox 20 1903 95 1934; x_wconf 81' lang='lat' dir='ltr'>Ann.</span> <span class='ocrx_word' id='word_1_58' title='bbox 111 1900 153 1932; x_wconf 91' lang='lat' dir='ltr'>D.</span> 
     </span>
    </p>
   </div>
   <div class='ocr_carea' id='block_1_8' title="bbox 16 1950 135 2131">
    <p class='ocr_par' dir='ltr' id='par_1_8' title="bbox 16 1950 135 2131">
     <span class='ocr_line' id='line_1_12' title="bbox 40 1950 128 1981; baseline -0.023 -11"><span class='ocrx_word' id='word_1_59' title='bbox 40 1950 128 1981; x_wconf 81' lang='lat'>1317.</span> 
     </span>
     <span class='ocr_line' id='line_1_13' title="bbox 17 1985 135 2008; baseline -0.017 0"><span class='ocrx_word' id='word_1_60' title='bbox 17 1985 72 2008; x_wconf 72' lang='lat' dir='ltr'>An.</span> <span class='ocrx_word' id='word_1_61' title='bbox 95 1990 135 2007; x_wconf 88' lang='lat'>10.</span> 
     </span>
     <span class='ocr_line' id='line_1_14' title="bbox 17 2023 108 2048; baseline -0.011 -2"><span class='ocrx_word' id='word_1_62' title='bbox 17 2023 49 2046; x_wconf 80' lang='grc' dir='ltr'>Ε.</span> <span class='ocrx_word' id='word_1_63' title='bbox 83 2029 108 2048; x_wconf 86' lang='lat'>2.</span> 
     </span>
     <span class='ocr_line' id='line_1_15' title="bbox 17 2061 133 2085; baseline 0.017 -2"><span class='ocrx_word' id='word_1_64' title='bbox 17 2061 57 2083; x_wconf 68' lang='lat' dir='ltr'>Ex</span> <span class='ocrx_word' id='word_1_65' title='bbox 76 2061 133 2085; x_wconf 84' lang='lat' dir='ltr'>Au-</span> 
     </span>
     <span class='ocr_line' id='line_1_16' title="bbox 16 2103 79 2131; baseline 0.032 -9"><span class='ocrx_word' id='word_1_66' title='bbox 16 2103 79 2131; x_wconf 79' lang='lat' dir='ltr'>togr.</span> 
     </span>
    </p>
   </div>
   <div class='ocr_carea' id='block_1_9' title="bbox 14 3366 145 3399">
    <p class='ocr_par' dir='ltr' id='par_1_9' title="bbox 14 3366 145 3399">
     <span class='ocr_line' id='line_1_17' title="bbox 14 3366 145 3399; baseline 0 0"><span class='ocrx_word' id='word_1_67' title='bbox 14 3368 91 3399; x_wconf 82' lang='lat' dir='ltr'>Ann.</span> <span class='ocrx_word' id='word_1_68' title='bbox 104 3366 145 3399; x_wconf 89' lang='lat' dir='ltr'>D.</span> 
     </span>
    </p>
   </div>
   <div class='ocr_carea' id='block_1_10' title="bbox 14 3415 119 3509">
    <p class='ocr_par' dir='ltr' id='par_1_10' title="bbox 14 3415 119 3509">
     <span class='ocr_line' id='line_1_18' title="bbox 35 3415 119 3444; baseline 0 -9"><span class='ocrx_word' id='word_1_69' title='bbox 35 3415 119 3444; x_wconf 76' lang='lat'><em>1317.</em></span> 
     </span>
     <span class='ocr_line' id='line_1_19' title="bbox 15 3449 115 3472; baseline -0.01 0"><span class='ocrx_word' id='word_1_70' title='bbox 15 3449 52 3472; x_wconf 80' lang='lat' dir='ltr'>A.</span> <span class='ocrx_word' id='word_1_71' title='bbox 73 3454 115 3471; x_wconf 84' lang='lat' dir='ltr'>io.</span> 
     </span>
     <span class='ocr_line' id='line_1_20' title="bbox 14 3487 94 3509; baseline -0.013 0"><span class='ocrx_word' id='word_1_72' title='bbox 14 3487 47 3509; x_wconf 80' lang='grc' dir='ltr'>Ε.</span> <span class='ocrx_word' id='word_1_73' title='bbox 69 3492 94 3508; x_wconf 82' lang='lat'>2.</span> 
     </span>
    </p>
   </div>
   <div class='ocr_carea' id='block_1_11' title="bbox 175 242 1247 1216">
    <p class='ocr_par' dir='ltr' id='par_1_11' title="bbox 181 242 1247 517">
     <span class='ocr_line' id='line_1_21' title="bbox 220 242 1246 290; baseline -0.014 -3"><span class='ocrx_word' id='word_1_74' title='bbox 220 254 255 286; x_wconf 94' lang='lat' dir='ltr'>In</span> <span class='ocrx_word' id='word_1_75' title='bbox 273 254 411 290; x_wconf 89' lang='lat' dir='ltr'>vestram,</span> <span class='ocrx_word' id='word_1_76' title='bbox 424 252 458 283; x_wconf 72' lang='grc' dir='ltr'>δε</span> <span class='ocrx_word' id='word_1_77' title='bbox 474 248 598 280; x_wconf 78' lang='lat' dir='ltr'>vestrfim</span> <span class='ocrx_word' id='word_1_78' title='bbox 614 246 757 284; x_wconf 85' lang='lat' dir='ltr'>cujussibet</span> <span class='ocrx_word' id='word_1_79' title='bbox 774 244 940 276; x_wconf 84' lang='lat' dir='ltr'>deducimus</span> <span class='ocrx_word' id='word_1_80' title='bbox 956 253 1053 276; x_wconf 90' lang='lat' dir='ltr'>tenore</span> <span class='ocrx_word' id='word_1_81' title='bbox 1067 242 1246 283; x_wconf 81' lang='lat' dir='ltr'>praesentium</span> 
     </span>
     <span class='ocr_line' id='line_1_22' title="bbox 183 279 1247 331; baseline -0.012 -7"><span class='ocrx_word' id='word_1_82' title='bbox 183 294 329 331; x_wconf 88' lang='lat' dir='ltr'>notitiam,</span> <span class='ocrx_word' id='word_1_83' title='bbox 343 291 421 330; x_wconf 80' lang='lat' dir='ltr'>quod</span> <span class='ocrx_word' id='word_1_84' title='bbox 435 299 486 319; x_wconf 92' lang='lat' dir='ltr'>nos</span> <span class='ocrx_word' id='word_1_85' title='bbox 500 285 710 318; x_wconf 65' lang='lat' dir='ltr'>collectionem</span> <span class='ocrx_word' id='word_1_86' title='bbox 730 283 864 315; x_wconf 85' lang='lat' dir='ltr'>Decimae</span> <span class='ocrx_word' id='word_1_87' title='bbox 876 284 920 315; x_wconf 85' lang='lat' dir='ltr'>sex</span> <span class='ocrx_word' id='word_1_88' title='bbox 937 294 1088 320; x_wconf 88' lang='lat' dir='ltr'>annorum,</span> <span class='ocrx_word' id='word_1_89' title='bbox 1108 292 1171 320; x_wconf 86' lang='lat' dir='ltr'>per,</span> <span class='ocrx_word' id='word_1_90' title='bbox 1186 279 1247 310; x_wconf 90' lang='lat' dir='ltr'>feli-</span> 
     </span>
     <span class='ocr_line' id='line_1_23' title="bbox 184 320 1245 366; baseline -0.012 -3"><span class='ocrx_word' id='word_1_91' title='bbox 184 333 226 363; x_wconf 91' lang='lat' dir='ltr'>cis</span> <span class='ocrx_word' id='word_1_92' title='bbox 243 329 455 366; x_wconf 73' lang='lat' dir='ltr'>recordationis,</span> <span class='ocrx_word' id='word_1_93' title='bbox 475 325 671 361; x_wconf 89' lang='lat' dir='ltr'>Clementem,</span> <span class='ocrx_word' id='word_1_94' title='bbox 686 323 747 354; x_wconf 60' lang='lat' dir='ltr'>&amp;a</span> <span class='ocrx_word' id='word_1_95' title='bbox 765 333 828 361; x_wconf 88' lang='lat' dir='ltr'>quae</span> <span class='ocrx_word' id='word_1_96' title='bbox 848 333 901 361; x_wconf 90' lang='lat' dir='ltr'>pro</span> <span class='ocrx_word' id='word_1_97' title='bbox 923 333 984 353; x_wconf 93' lang='lat' dir='ltr'>uno</span> <span class='ocrx_word' id='word_1_98' title='bbox 1004 331 1113 353; x_wconf 87' lang='lat' dir='ltr'>tantum</span> <span class='ocrx_word' id='word_1_99' title='bbox 1125 329 1200 350; x_wconf 91' lang='lat' dir='ltr'>anno</span> <span class='ocrx_word' id='word_1_100' title='bbox 1215 320 1245 348; x_wconf 87' lang='lat' dir='ltr'>in</span> 
     </span>
     <span class='ocr_line' id='line_1_24' title="bbox 184 356 1245 410; baseline -0.013 -9"><span class='ocrx_word' id='word_1_101' title='bbox 184 371 290 410; x_wconf 85' lang='lat' dir='ltr'>Regno</span> <span class='ocrx_word' id='word_1_102' title='bbox 309 368 441 404; x_wconf 82' lang='lat' dir='ltr'>Angliae,</span> <span class='ocrx_word' id='word_1_103' title='bbox 464 365 498 395; x_wconf 86' lang='lat'>&amp;</span> <span class='ocrx_word' id='word_1_104' title='bbox 515 365 545 393; x_wconf 91' lang='lat' dir='ltr'>in</span> <span class='ocrx_word' id='word_1_105' title='bbox 564 362 687 400; x_wconf 88' lang='lat' dir='ltr'>partibus</span> <span class='ocrx_word' id='word_1_106' title='bbox 704 361 820 400; x_wconf 87' lang='lat' dir='ltr'>Valliae,</span> <span class='ocrx_word' id='word_1_107' title='bbox 842 363 874 393; x_wconf 73' lang='grc' dir='ltr'>δε</span> <span class='ocrx_word' id='word_1_108' title='bbox 893 360 1040 392; x_wconf 85' lang='lat' dir='ltr'>Hiberniae</span> <span class='ocrx_word' id='word_1_109' title='bbox 1054 370 1103 398; x_wconf 91' lang='lat' dir='ltr'>per</span> <span class='ocrx_word' id='word_1_110' title='bbox 1121 368 1171 389; x_wconf 92' lang='lat' dir='ltr'>vos</span> <span class='ocrx_word' id='word_1_111' title='bbox 1187 356 1245 395; x_wconf 89' lang='lat' dir='ltr'>est,</span> 
     </span>
     <span class='ocr_line' id='line_1_25' title="bbox 183 397 1245 440; baseline -0.013 0"><span class='ocrx_word' id='word_1_112' title='bbox 183 409 252 440; x_wconf 79' lang='lat' dir='ltr'>sicut</span> <span class='ocrx_word' id='word_1_113' title='bbox 270 407 425 438; x_wconf 89' lang='lat' dir='ltr'>audivimus</span> <span class='ocrx_word' id='word_1_114' title='bbox 459 404 488 432; x_wconf 93' lang='lat' dir='ltr'>in</span> <span class='ocrx_word' id='word_1_115' title='bbox 506 409 615 439; x_wconf 90' lang='lat' dir='ltr'>totum,</span> <span class='ocrx_word' id='word_1_116' title='bbox 627 402 672 432; x_wconf 87' lang='lat' dir='ltr'>vel</span> <span class='ocrx_word' id='word_1_117' title='bbox 685 402 715 430; x_wconf 91' lang='lat' dir='ltr'>in</span> <span class='ocrx_word' id='word_1_118' title='bbox 731 408 805 438; x_wconf 89' lang='lat' dir='ltr'>parte</span> <span class='ocrx_word' id='word_1_119' title='bbox 821 400 955 439; x_wconf 58' lang='lat' dir='ltr'>collecta,</span> <span class='ocrx_word' id='word_1_120' title='bbox 969 409 1021 437; x_wconf 84' lang='lat' dir='ltr'>pro</span> <span class='ocrx_word' id='word_1_121' title='bbox 1035 398 1144 428; x_wconf 85' lang='lat' dir='ltr'>restanti</span> <span class='ocrx_word' id='word_1_122' title='bbox 1164 397 1245 434; x_wconf 90' lang='lat' dir='ltr'>quin-</span> 
     </span>
     <span class='ocr_line' id='line_1_26' title="bbox 181 427 1244 485; baseline -0.012 -8"><span class='ocrx_word' id='word_1_123' title='bbox 181 444 405 485; x_wconf 70' lang='lat' dir='ltr'>quennio,certa</span> <span class='ocrx_word' id='word_1_124' title='bbox 422 427 548 472; x_wconf 74' lang='lat' dir='ltr'>suadente</span> <span class='ocrx_word' id='word_1_125' title='bbox 563 438 660 478; x_wconf 62' lang='lat' dir='ltr'>causa,</span> <span class='ocrx_word' id='word_1_126' title='bbox 675 438 848 477; x_wconf 80' lang='lat' dir='ltr'>providimus</span> <span class='ocrx_word' id='word_1_127' title='bbox 863 438 947 477; x_wconf 87' lang='lat' dir='ltr'>usque</span> <span class='ocrx_word' id='word_1_128' title='bbox 961 438 997 468; x_wconf 92' lang='lat' dir='ltr'>ad</span> <span class='ocrx_word' id='word_1_129' title='bbox 1010 437 1179 474; x_wconf 84' lang='lat' dir='ltr'>triennium,</span> <span class='ocrx_word' id='word_1_130' title='bbox 1191 444 1244 464; x_wconf 91' lang='lat' dir='ltr'>nu-</span> 
     </span>
     <span class='ocr_line' id='line_1_27' title="bbox 183 477 910 517; baseline -0.011 -2"><span class='ocrx_word' id='word_1_131' title='bbox 183 484 349 515; x_wconf 91' lang='lat' dir='ltr'>merandum</span> <span class='ocrx_word' id='word_1_132' title='bbox 363 493 377 513; x_wconf 91' lang='lat' dir='ltr'>a</span> <span class='ocrx_word' id='word_1_133' title='bbox 392 481 458 512; x_wconf 90' lang='lat' dir='ltr'>dato</span> <span class='ocrx_word' id='word_1_134' title='bbox 478 478 670 517; x_wconf 78' lang='lat' dir='ltr'>praesentium,</span> <span class='ocrx_word' id='word_1_135' title='bbox 685 477 910 516; x_wconf 87' lang='lat' dir='ltr'>suspendendam.</span> 
     </span>
    </p>

    <p class='ocr_par' dir='ltr' id='par_1_12' title="bbox 176 512 1246 1056">
     <span class='ocr_line' id='line_1_28' title="bbox 219 512 1246 560; baseline -0.009 -8"><span class='ocrx_word' id='word_1_136' title='bbox 219 522 257 552; x_wconf 88' lang='lat' dir='ltr'>Et</span> <span class='ocrx_word' id='word_1_137' title='bbox 273 520 407 560; x_wconf 89' lang='lat' dir='ltr'>quiequid</span> <span class='ocrx_word' id='word_1_138' title='bbox 422 529 470 557; x_wconf 87' lang='lat' dir='ltr'>per</span> <span class='ocrx_word' id='word_1_139' title='bbox 488 527 554 556; x_wconf 79' lang='lat' dir='ltr'>VOS,</span> <span class='ocrx_word' id='word_1_140' title='bbox 571 517 604 548; x_wconf 91' lang='lat'>&amp;</span> <span class='ocrx_word' id='word_1_141' title='bbox 624 516 746 547; x_wconf 89' lang='lat' dir='ltr'>vestrum</span> <span class='ocrx_word' id='word_1_142' title='bbox 767 516 939 554; x_wconf 79' lang='lat' dir='ltr'>quemlibet,</span> <span class='ocrx_word' id='word_1_143' title='bbox 949 515 1009 553; x_wconf 86' lang='lat' dir='ltr'>jam</span> <span class='ocrx_word' id='word_1_144' title='bbox 1024 514 1065 545; x_wconf 86' lang='lat' dir='ltr'>est</span> <span class='ocrx_word' id='word_1_145' title='bbox 1079 514 1109 544; x_wconf 93' lang='lat' dir='ltr'>in</span> <span class='ocrx_word' id='word_1_146' title='bbox 1124 512 1246 552; x_wconf 80' lang='lat' dir='ltr'>Regno,</span> 
     </span>
     <span class='ocr_line' id='line_1_29' title="bbox 181 553 1244 598; baseline -0.011 -6"><span class='ocrx_word' id='word_1_147' title='bbox 181 562 213 592; x_wconf 84' lang='lat'>&amp;</span> <span class='ocrx_word' id='word_1_148' title='bbox 232 561 352 598; x_wconf 85' lang='lat' dir='ltr'>partibus</span> <span class='ocrx_word' id='word_1_149' title='bbox 366 556 512 589; x_wconf 68' lang='lat' dir='ltr'>antedietis</span> <span class='ocrx_word' id='word_1_150' title='bbox 524 555 560 586; x_wconf 92' lang='lat' dir='ltr'>de</span> <span class='ocrx_word' id='word_1_151' title='bbox 575 554 701 586; x_wconf 70' lang='lat' dir='ltr'>Decima</span> <span class='ocrx_word' id='word_1_152' title='bbox 722 555 782 593; x_wconf 70' lang='lat' dir='ltr'>ipsa</span> <span class='ocrx_word' id='word_1_153' title='bbox 803 554 974 591; x_wconf 68' lang='lat' dir='ltr'>coneetum,</span> <span class='ocrx_word' id='word_1_154' title='bbox 990 553 1034 583; x_wconf 91' lang='lat' dir='ltr'>seu</span> <span class='ocrx_word' id='word_1_155' title='bbox 1051 553 1174 583; x_wconf 81' lang='lat' dir='ltr'>levatum</span> <span class='ocrx_word' id='word_1_156' title='bbox 1193 559 1244 588; x_wconf 90' lang='lat' dir='ltr'>pro</span> 
     </span>
     <span class='ocr_line' id='line_1_30' title="bbox 180 589 1244 637; baseline -0.01 -7"><span class='ocrx_word' id='word_1_157' title='bbox 180 610 256 630; x_wconf 87' lang='lat' dir='ltr'>anno</span> <span class='ocrx_word' id='word_1_158' title='bbox 276 596 470 637; x_wconf 70' lang='lat' dir='ltr'>praedic‘to,&amp;</span> <span class='ocrx_word' id='word_1_159' title='bbox 484 597 592 625; x_wconf 88' lang='lat' dir='ltr'>inantea</span> <span class='ocrx_word' id='word_1_160' title='bbox 604 596 754 631; x_wconf 86' lang='lat' dir='ltr'>continget</span> <span class='ocrx_word' id='word_1_161' title='bbox 768 593 870 631; x_wconf 87' lang='lat' dir='ltr'>levari,</span> <span class='ocrx_word' id='word_1_162' title='bbox 883 593 926 623; x_wconf 88' lang='lat' dir='ltr'>vel</span> <span class='ocrx_word' id='word_1_163' title='bbox 948 592 1045 629; x_wconf 80' lang='lat' dir='ltr'>colligi</span> <span class='ocrx_word' id='word_1_164' title='bbox 1066 600 1118 628; x_wconf 85' lang='lat' dir='ltr'>pro</span> <span class='ocrx_word' id='word_1_165' title='bbox 1139 589 1244 631; x_wconf 83' lang='lat' dir='ltr'>eodem</span> 
     </span>
     <span class='ocr_line' id='line_1_31' title="bbox 180 626 1245 668; baseline -0.012 0"><span class='ocrx_word' id='word_1_166' title='bbox 180 637 322 668; x_wconf 87' lang='lat' dir='ltr'>carissimo</span> <span class='ocrx_word' id='word_1_167' title='bbox 337 637 366 666; x_wconf 89' lang='lat' dir='ltr'>in</span> <span class='ocrx_word' id='word_1_168' title='bbox 386 633 504 665; x_wconf 91' lang='lat' dir='ltr'>Christo</span> <span class='ocrx_word' id='word_1_169' title='bbox 521 633 596 663; x_wconf 86' lang='lat' dir='ltr'>Filio</span> <span class='ocrx_word' id='word_1_170' title='bbox 614 632 712 663; x_wconf 88' lang='lat' dir='ltr'>nostro</span> <span class='ocrx_word' id='word_1_171' title='bbox 732 632 752 652; x_wconf 70' lang='lat'>²*</span> <span class='ocrx_word' id='word_1_172' title='bbox 770 631 901 663; x_wconf 84' lang='lat' dir='ltr'>Edvardo</span> <span class='ocrx_word' id='word_1_173' title='bbox 919 631 1002 667; x_wconf 84' lang='lat' dir='ltr'><strong>Rege</strong></span> <span class='ocrx_word' id='word_1_174' title='bbox 1020 629 1131 668; x_wconf 81' lang='lat' dir='ltr'>Angliae</span> <span class='ocrx_word' id='word_1_175' title='bbox 1150 626 1245 658; x_wconf 89' lang='lat' dir='ltr'>illustri</span> 
     </span>
     <span class='ocr_line' id='line_1_32' title="bbox 181 664 1245 714; baseline -0.011 -8"><span class='ocrx_word' id='word_1_176' title='bbox 181 687 236 714; x_wconf 86' lang='lat' dir='ltr'>pro</span> <span class='ocrx_word' id='word_1_177' title='bbox 255 674 469 705; x_wconf 86' lang='lat' dir='ltr'>imminentibus</span> <span class='ocrx_word' id='word_1_178' title='bbox 480 673 530 703; x_wconf 91' lang='lat' dir='ltr'>sibi</span> <span class='ocrx_word' id='word_1_179' title='bbox 545 671 766 709; x_wconf 71' lang='lat' dir='ltr'>necessitatibus,</span> <span class='ocrx_word' id='word_1_180' title='bbox 785 671 864 708; x_wconf 89' lang='lat' dir='ltr'>super</span> <span class='ocrx_word' id='word_1_181' title='bbox 887 671 986 709; x_wconf 85' lang='lat' dir='ltr'>quibus</span> <span class='ocrx_word' id='word_1_182' title='bbox 1002 669 1052 699; x_wconf 90' lang='lat' dir='ltr'>sibi</span> <span class='ocrx_word' id='word_1_183' title='bbox 1069 676 1184 705; x_wconf 83' lang='lat' dir='ltr'>paterno</span> <span class='ocrx_word' id='word_1_184' title='bbox 1204 664 1245 695; x_wconf 88' lang='lat' dir='ltr'>af-</span> 
     </span>
     <span class='ocr_line' id='line_1_33' title="bbox 180 703 1244 752; baseline -0.011 -7"><span class='ocrx_word' id='word_1_185' title='bbox 180 714 259 745; x_wconf 71' lang='lat' dir='ltr'>fectu</span> <span class='ocrx_word' id='word_1_186' title='bbox 272 713 481 751; x_wconf 88' lang='lat' dir='ltr'>compatimur,</span> <span class='ocrx_word' id='word_1_187' title='bbox 494 721 543 752; x_wconf 91' lang='lat' dir='ltr'>per</span> <span class='ocrx_word' id='word_1_188' title='bbox 557 719 624 748; x_wconf 78' lang='lat' dir='ltr'>VOS,</span> <span class='ocrx_word' id='word_1_189' title='bbox 643 711 676 741; x_wconf 92' lang='lat'>&amp;</span> <span class='ocrx_word' id='word_1_190' title='bbox 693 707 817 741; x_wconf 66' lang='lat' dir='ltr'>vestrum</span> <span class='ocrx_word' id='word_1_191' title='bbox 836 708 989 746; x_wconf 81' lang='lat' dir='ltr'>quemlibet</span> <span class='ocrx_word' id='word_1_192' title='bbox 1009 706 1141 737; x_wconf 89' lang='lat' dir='ltr'>volumus</span> <span class='ocrx_word' id='word_1_193' title='bbox 1147 703 1244 743; x_wconf 89' lang='lat' dir='ltr'>,ipsius</span> 
     </span>
     <span class='ocr_line' id='line_1_34' title="bbox 180 744 1246 791; baseline -0.01 -8"><span class='ocrx_word' id='word_1_194' title='bbox 180 753 269 791; x_wconf 86' lang='lat' dir='ltr'>Regis</span> <span class='ocrx_word' id='word_1_195' title='bbox 286 753 315 782; x_wconf 90' lang='lat' dir='ltr'>in</span> <span class='ocrx_word' id='word_1_196' title='bbox 335 753 388 782; x_wconf 90' lang='lat' dir='ltr'>hac</span> <span class='ocrx_word' id='word_1_197' title='bbox 406 759 484 789; x_wconf 89' lang='lat' dir='ltr'>parte</span> <span class='ocrx_word' id='word_1_198' title='bbox 498 749 578 780; x_wconf 69' lang='lat' dir='ltr'>duc&#39;ti</span> <span class='ocrx_word' id='word_1_199' title='bbox 594 748 799 786; x_wconf 86' lang='lat' dir='ltr'>supplicationis</span> <span class='ocrx_word' id='word_1_200' title='bbox 816 746 959 784; x_wconf 73' lang='lat' dir='ltr'>instantia,</span> <span class='ocrx_word' id='word_1_201' title='bbox 972 755 1005 775; x_wconf 82' lang='lat' dir='ltr'>ex</span> <span class='ocrx_word' id='word_1_202' title='bbox 1029 744 1125 781; x_wconf 61' lang='lat' dir='ltr'>causi,</span> <span class='ocrx_word' id='word_1_203' title='bbox 1142 744 1175 774; x_wconf 88' lang='lat'>&amp;</span> <span class='ocrx_word' id='word_1_204' title='bbox 1193 752 1246 772; x_wconf 89' lang='lat' dir='ltr'>no-</span> 
     </span>
     <span class='ocr_line' id='line_1_35' title="bbox 181 781 1245 829; baseline -0.012 -6"><span class='ocrx_word' id='word_1_205' title='bbox 181 793 259 822; x_wconf 90' lang='lat' dir='ltr'>mine</span> <span class='ocrx_word' id='word_1_206' title='bbox 274 791 383 829; x_wconf 89' lang='lat' dir='ltr'>mutui,</span> <span class='ocrx_word' id='word_1_207' title='bbox 398 790 566 827; x_wconf 82' lang='lat' dir='ltr'>integraliter</span> <span class='ocrx_word' id='word_1_208' title='bbox 581 787 729 825; x_wconf 86' lang='lat' dir='ltr'>assignari,</span> <span class='ocrx_word' id='word_1_209' title='bbox 745 787 811 817; x_wconf 89' lang='lat' dir='ltr'>ultra</span> <span class='ocrx_word' id='word_1_210' title='bbox 826 785 853 815; x_wconf 92' lang='lat' dir='ltr'>id</span> <span class='ocrx_word' id='word_1_211' title='bbox 869 785 943 822; x_wconf 89' lang='lat' dir='ltr'>quod</span> <span class='ocrx_word' id='word_1_212' title='bbox 956 785 1016 822; x_wconf 85' lang='lat' dir='ltr'>jam</span> <span class='ocrx_word' id='word_1_213' title='bbox 1030 783 1070 813; x_wconf 90' lang='lat' dir='ltr'>est</span> <span class='ocrx_word' id='word_1_214' title='bbox 1084 783 1134 812; x_wconf 89' lang='lat' dir='ltr'>sibi</span> <span class='ocrx_word' id='word_1_215' title='bbox 1150 791 1183 811; x_wconf 87' lang='lat' dir='ltr'>ex</span> <span class='ocrx_word' id='word_1_216' title='bbox 1197 781 1245 811; x_wconf 71' lang='lat' dir='ltr'>ezi—</span> 
     </span>
     <span class='ocr_line' id='line_1_36' title="bbox 178 819 1242 867; baseline -0.012 -6"><span class='ocrx_word' id='word_1_217' title='bbox 178 831 246 861; x_wconf 90' lang='lat' dir='ltr'>dem</span> <span class='ocrx_word' id='word_1_218' title='bbox 265 829 346 860; x_wconf 62' lang='lat' dir='ltr'>causi</span> <span class='ocrx_word' id='word_1_219' title='bbox 362 839 411 867; x_wconf 88' lang='lat' dir='ltr'>per</span> <span class='ocrx_word' id='word_1_220' title='bbox 431 838 498 866; x_wconf 87' lang='lat' dir='ltr'>vos,</span> <span class='ocrx_word' id='word_1_221' title='bbox 516 826 562 857; x_wconf 92' lang='lat' dir='ltr'>vel</span> <span class='ocrx_word' id='word_1_222' title='bbox 579 825 701 856; x_wconf 90' lang='lat' dir='ltr'>vestrum</span> <span class='ocrx_word' id='word_1_223' title='bbox 720 826 826 862; x_wconf 87' lang='lat' dir='ltr'>aliquos</span> <span class='ocrx_word' id='word_1_224' title='bbox 842 824 1024 860; x_wconf 80' lang='lat' dir='ltr'>assignatum,</span> <span class='ocrx_word' id='word_1_225' title='bbox 1043 819 1242 851; x_wconf 86' lang='lat' dir='ltr'>restituendum</span> 
     </span>
     <span class='ocr_line' id='line_1_37' title="bbox 178 858 1244 908; baseline -0.013 -7"><span class='ocrx_word' id='word_1_226' title='bbox 178 880 228 908; x_wconf 87' lang='lat' dir='ltr'>per</span> <span class='ocrx_word' id='word_1_227' title='bbox 245 879 313 899; x_wconf 90' lang='lat' dir='ltr'>eum</span> <span class='ocrx_word' id='word_1_228' title='bbox 328 867 505 899; x_wconf 84' lang='lat' dir='ltr'>infallibiliter</span> <span class='ocrx_word' id='word_1_229' title='bbox 519 866 552 896; x_wconf 93' lang='lat'>&amp;</span> <span class='ocrx_word' id='word_1_230' title='bbox 569 864 732 895; x_wconf 89' lang='lat' dir='ltr'>solvendum</span> <span class='ocrx_word' id='word_1_231' title='bbox 751 864 887 893; x_wconf 88' lang='lat' dir='ltr'>Romano</span> <span class='ocrx_word' id='word_1_232' title='bbox 906 860 1053 898; x_wconf 88' lang='lat' dir='ltr'>Pontifici,</span> <span class='ocrx_word' id='word_1_233' title='bbox 1067 859 1111 889; x_wconf 88' lang='lat' dir='ltr'>vel</span> <span class='ocrx_word' id='word_1_234' title='bbox 1125 858 1244 896; x_wconf 89' lang='lat' dir='ltr'>cui,seu</span> 
     </span>
     <span class='ocr_line' id='line_1_38' title="bbox 177 897 1241 947; baseline -0.013 -8"><span class='ocrx_word' id='word_1_235' title='bbox 177 909 278 947; x_wconf 88' lang='lat' dir='ltr'>quibus</span> <span class='ocrx_word' id='word_1_236' title='bbox 294 906 350 945; x_wconf 89' lang='lat' dir='ltr'>ipse</span> <span class='ocrx_word' id='word_1_237' title='bbox 372 903 643 942; x_wconf 85' lang='lat' dir='ltr'>mandaverit,infra</span> <span class='ocrx_word' id='word_1_238' title='bbox 659 903 881 940; x_wconf 84' lang='lat' dir='ltr'>quinquennium</span> <span class='ocrx_word' id='word_1_239' title='bbox 901 911 915 930; x_wconf 87' lang='lat' dir='ltr'>a</span> <span class='ocrx_word' id='word_1_240' title='bbox 931 900 976 929; x_wconf 91' lang='lat' dir='ltr'>die</span> <span class='ocrx_word' id='word_1_241' title='bbox 994 899 1047 929; x_wconf 83' lang='lat' dir='ltr'>dat.</span> <span class='ocrx_word' id='word_1_242' title='bbox 1065 897 1241 935; x_wconf 85' lang='lat' dir='ltr'>praesentium</span> 
     </span>
     <span class='ocr_line' id='line_1_39' title="bbox 176 935 1242 983; baseline -0.013 -5"><span class='ocrx_word' id='word_1_243' title='bbox 176 945 398 983; x_wconf 80' lang='lat' dir='ltr'>numerandum,</span> <span class='ocrx_word' id='word_1_244' title='bbox 412 944 495 983; x_wconf 89' lang='lat' dir='ltr'>usque</span> <span class='ocrx_word' id='word_1_245' title='bbox 511 942 545 974; x_wconf 92' lang='lat' dir='ltr'>ad</span> <span class='ocrx_word' id='word_1_246' title='bbox 561 941 655 981; x_wconf 85' lang='lat' dir='ltr'>quod,</span> <span class='ocrx_word' id='word_1_247' title='bbox 674 942 829 972; x_wconf 89' lang='lat' dir='ltr'>terminum</span> <span class='ocrx_word' id='word_1_248' title='bbox 846 939 988 969; x_wconf 86' lang='lat' dir='ltr'>solutionis</span> <span class='ocrx_word' id='word_1_249' title='bbox 1003 935 1169 979; x_wconf 39' lang='lat' dir='ltr'>hujusmodi·</span> <span class='ocrx_word' id='word_1_250' title='bbox 1179 945 1242 972; x_wconf 88' lang='lat' dir='ltr'>gra-</span> 
     </span>
     <span class='ocr_line' id='line_1_40' title="bbox 176 974 1241 1021; baseline -0.013 -4"><span class='ocrx_word' id='word_1_251' title='bbox 176 987 247 1017; x_wconf 78' lang='lat' dir='ltr'>tiose</span> <span class='ocrx_word' id='word_1_252' title='bbox 263 985 313 1016; x_wconf 91' lang='lat' dir='ltr'>sibi</span> <span class='ocrx_word' id='word_1_253' title='bbox 331 984 460 1015; x_wconf 85' lang='lat' dir='ltr'>duximus</span> <span class='ocrx_word' id='word_1_254' title='bbox 472 979 686 1021; x_wconf 86' lang='lat' dir='ltr'>prorogandum</span> <span class='ocrx_word' id='word_1_255' title='bbox 702 979 738 1010; x_wconf 91' lang='lat' dir='ltr'>de</span> <span class='ocrx_word' id='word_1_256' title='bbox 753 979 879 1009; x_wconf 80' lang='lat' dir='ltr'>Fratrum</span> <span class='ocrx_word' id='word_1_257' title='bbox 895 976 1058 1007; x_wconf 90' lang='lat' dir='ltr'>nostrorum</span> <span class='ocrx_word' id='word_1_258' title='bbox 1073 974 1191 1006; x_wconf 82' lang='lat' dir='ltr'>consilio</span> <span class='ocrx_word' id='word_1_259' title='bbox 1207 974 1241 1004; x_wconf 91' lang='lat'>&amp;</span> 
     </span>
     <span class='ocr_line' id='line_1_41' title="bbox 176 1024 290 1056; baseline -0.018 0"><span class='ocrx_word' id='word_1_260' title='bbox 176 1024 290 1056; x_wconf 84' lang='lat' dir='ltr'>assensu.</span> 
     </span>
    </p>

    <p class='ocr_par' dir='ltr' id='par_1_13' title="bbox 175 1052 1242 1216">
     <span class='ocr_line' id='line_1_42' title="bbox 213 1052 1241 1102; baseline -0.013 -8"><span class='ocrx_word' id='word_1_261' title='bbox 213 1063 360 1102; x_wconf 85' lang='lat' dir='ltr'>roirca</span> <span class='ocrx_word' id='word_1_262' title='bbox 374 1061 455 1091; x_wconf 89' lang='lat' dir='ltr'>vobis</span> <span class='ocrx_word' id='word_1_263' title='bbox 481 1081 492 1097; x_wconf 89' lang='lat'>,</span> <span class='ocrx_word' id='word_1_264' title='bbox 527 1058 561 1089; x_wconf 60' lang='grc' dir='ltr'>ὃς</span> <span class='ocrx_word' id='word_1_265' title='bbox 586 1056 715 1089; x_wconf 69' lang='lat' dir='ltr'>vestrum</span> <span class='ocrx_word' id='word_1_266' title='bbox 741 1055 853 1092; x_wconf 85' lang='lat' dir='ltr'>singulis</span> <span class='ocrx_word' id='word_1_267' title='bbox 877 1054 1054 1093; x_wconf 78' lang='lat' dir='ltr'>praesentium</span> <span class='ocrx_word' id='word_1_268' title='bbox 1080 1052 1241 1083; x_wconf 58' lang='lat' dir='ltr'>suffitoritate</span> 
     </span>
     <span class='ocr_line' id='line_1_43' title="bbox 179 1091 1242 1134; baseline -0.012 -1"><span class='ocrx_word' id='word_1_269' title='bbox 179 1103 343 1133; x_wconf 86' lang='lat' dir='ltr'>mandamus</span> <span class='ocrx_word' id='word_1_270' title='bbox 376 1100 482 1130; x_wconf 87' lang='lat' dir='ltr'>uatinus</span> <span class='ocrx_word' id='word_1_271' title='bbox 496 1105 585 1128; x_wconf 89' lang='lat' dir='ltr'>totam</span> <span class='ocrx_word' id='word_1_272' title='bbox 600 1097 747 1134; x_wconf 82' lang='lat' dir='ltr'>pecuniam</span> <span class='ocrx_word' id='word_1_273' title='bbox 763 1094 942 1124; x_wconf 83' lang='lat' dir='ltr'>Decimalem</span> <span class='ocrx_word' id='word_1_274' title='bbox 961 1092 1041 1130; x_wconf 86' lang='lat' dir='ltr'>ipsius</span> <span class='ocrx_word' id='word_1_275' title='bbox 1059 1093 1143 1130; x_wconf 90' lang='lat' dir='ltr'>primi</span> <span class='ocrx_word' id='word_1_276' title='bbox 1160 1091 1242 1128; x_wconf 84' lang='lat' dir='ltr'>anni,</span> 
     </span>
     <span class='ocr_line' id='line_1_44' title="bbox 178 1129 1242 1179; baseline -0.012 -8"><span class='ocrx_word' id='word_1_277' title='bbox 178 1152 230 1179; x_wconf 88' lang='lat' dir='ltr'>per</span> <span class='ocrx_word' id='word_1_278' title='bbox 248 1151 298 1170; x_wconf 92' lang='lat' dir='ltr'>vos</span> <span class='ocrx_word' id='word_1_279' title='bbox 312 1140 341 1169; x_wconf 92' lang='lat' dir='ltr'>in</span> <span class='ocrx_word' id='word_1_280' title='bbox 387 1147 481 1175; x_wconf 83' lang='lat' dir='ltr'>egno,</span> <span class='ocrx_word' id='word_1_281' title='bbox 494 1136 527 1167; x_wconf 90' lang='lat'>&amp;</span> <span class='ocrx_word' id='word_1_282' title='bbox 548 1136 670 1173; x_wconf 89' lang='lat' dir='ltr'>partibus</span> <span class='ocrx_word' id='word_1_283' title='bbox 683 1134 841 1164; x_wconf 76' lang='lat' dir='ltr'>memoratis</span> <span class='ocrx_word' id='word_1_284' title='bbox 860 1131 1010 1162; x_wconf 59' lang='lat' dir='ltr'>collectam</span> <span class='ocrx_word' id='word_1_285' title='bbox 1031 1132 1182 1167; x_wconf 56' lang='lat' dir='ltr'>haesenus,</span> <span class='ocrx_word' id='word_1_286' title='bbox 1197 1129 1242 1159; x_wconf 92' lang='lat' dir='ltr'>vel</span> 
     </span>
     <span class='ocr_line' id='line_1_45' title="bbox 175 1167 1241 1216; baseline -0.012 -6"><span class='ocrx_word' id='word_1_287' title='bbox 175 1181 312 1216; x_wconf 83' lang='lat' dir='ltr'>levatam,</span> <span class='ocrx_word' id='word_1_288' title='bbox 329 1179 362 1208; x_wconf 91' lang='lat'>&amp;</span> <span class='ocrx_word' id='word_1_289' title='bbox 379 1175 566 1214; x_wconf 83' lang='lat' dir='ltr'>colligendam</span> <span class='ocrx_word' id='word_1_290' title='bbox 586 1175 711 1210; x_wconf 86' lang='lat' dir='ltr'>inantea,</span> <span class='ocrx_word' id='word_1_291' title='bbox 728 1172 772 1202; x_wconf 84' lang='lat' dir='ltr'>seu</span> <span class='ocrx_word' id='word_1_292' title='bbox 792 1170 958 1208; x_wconf 89' lang='lat' dir='ltr'>levandam,</span> <span class='ocrx_word' id='word_1_293' title='bbox 972 1169 1065 1200; x_wconf 90' lang='lat' dir='ltr'>eidem</span> <span class='ocrx_word' id='word_1_294' title='bbox 1081 1169 1176 1207; x_wconf 84' lang='lat' dir='ltr'>Regi,</span> <span class='ocrx_word' id='word_1_295' title='bbox 1196 1167 1241 1198; x_wconf 86' lang='lat' dir='ltr'>vel</span> 
     </span>
    </p>
   </div>
   <div class='ocr_carea' id='block_1_12' title="bbox 171 1207 1242 1564">
    <p class='ocr_par' dir='ltr' id='par_1_14' title="bbox 171 1207 1242 1564">
     <span class='ocr_line' id='line_1_46' title="bbox 175 1207 1242 1277; baseline -0.012 -28"><span class='ocrx_word' id='word_1_296' title='bbox 175 1227 254 1249; x_wconf 81' lang='lat' dir='ltr'>certo</span> <span class='ocrx_word' id='word_1_297' title='bbox 268 1217 316 1247; x_wconf 88' lang='lat' dir='ltr'>suo</span> <span class='ocrx_word' id='word_1_298' title='bbox 331 1216 452 1247; x_wconf 92' lang='lat' dir='ltr'>Nuncio</span> <span class='ocrx_word' id='word_1_299' title='bbox 469 1223 520 1251; x_wconf 92' lang='lat' dir='ltr'>pro</span> <span class='ocrx_word' id='word_1_300' title='bbox 536 1213 654 1250; x_wconf 86' lang='lat' dir='ltr'>eodem,</span> <span class='ocrx_word' id='word_1_301' title='bbox 671 1211 738 1241; x_wconf 85' lang='lat' dir='ltr'>ultra</span> <span class='ocrx_word' id='word_1_302' title='bbox 752 1210 779 1240; x_wconf 95' lang='lat' dir='ltr'>id</span> <span class='ocrx_word' id='word_1_303' title='bbox 792 1209 867 1250; x_wconf 88' lang='lat' dir='ltr'>quod</span> <span class='ocrx_word' id='word_1_304' title='bbox 874 1219 938 1277; x_wconf 65' lang='lat' dir='ltr'>llam</span> <span class='ocrx_word' id='word_1_305' title='bbox 950 1207 990 1238; x_wconf 87' lang='lat' dir='ltr'>est</span> <span class='ocrx_word' id='word_1_306' title='bbox 1015 1208 1066 1238; x_wconf 89' lang='lat' dir='ltr'>sibi</span> <span class='ocrx_word' id='word_1_307' title='bbox 1080 1230 1090 1246; x_wconf 91' lang='lat'>,</span> <span class='ocrx_word' id='word_1_308' title='bbox 1116 1215 1145 1237; x_wconf 91' lang='lat' dir='ltr'>ut</span> <span class='ocrx_word' id='word_1_309' title='bbox 1169 1216 1242 1244; x_wconf 82' lang='lat' dir='ltr'>prae-</span> 
     </span>
     <span class='ocr_line' id='line_1_47' title="bbox 174 1246 1242 1293; baseline -0.01 -6"><span class='ocrx_word' id='word_1_310' title='bbox 174 1258 307 1293; x_wconf 84' lang='lat' dir='ltr'>mittitur,</span> <span class='ocrx_word' id='word_1_311' title='bbox 323 1260 425 1285; x_wconf 83' lang='lat' dir='ltr'>mutuo</span> <span class='ocrx_word' id='word_1_312' title='bbox 443 1252 629 1289; x_wconf 87' lang='lat' dir='ltr'>assignatum,</span> <span class='ocrx_word' id='word_1_313' title='bbox 647 1249 743 1280; x_wconf 87' lang='lat' dir='ltr'>nostro</span> <span class='ocrx_word' id='word_1_314' title='bbox 761 1249 794 1279; x_wconf 86' lang='lat'>&amp;</span> <span class='ocrx_word' id='word_1_315' title='bbox 812 1247 873 1278; x_wconf 88' lang='lat' dir='ltr'>Ecc</span> <span class='ocrx_word' id='word_1_316' title='bbox 884 1247 946 1277; x_wconf 84' lang='lat' dir='ltr'>esiae</span> <span class='ocrx_word' id='word_1_317' title='bbox 965 1246 1106 1277; x_wconf 81' lang='lat' dir='ltr'>Romanae</span> <span class='ocrx_word' id='word_1_318' title='bbox 1122 1246 1242 1276; x_wconf 88' lang='lat' dir='ltr'>nomine</span> 
     </span>
     <span class='ocr_line' id='line_1_48' title="bbox 171 1286 1240 1326; baseline -0.012 0"><span class='ocrx_word' id='word_1_319' title='bbox 171 1305 206 1326; x_wconf 82' lang='lat' dir='ltr'>ex</span> <span class='ocrx_word' id='word_1_320' title='bbox 227 1296 309 1325; x_wconf 82' lang='lat' dir='ltr'>causa</span> <span class='ocrx_word' id='word_1_321' title='bbox 326 1294 416 1324; x_wconf 90' lang='lat' dir='ltr'>mutui</span> <span class='ocrx_word' id='word_1_322' title='bbox 433 1291 539 1322; x_wconf 81' lang='lat' dir='ltr'>tradere</span> <span class='ocrx_word' id='word_1_323' title='bbox 557 1291 590 1321; x_wconf 89' lang='lat'>&amp;</span> <span class='ocrx_word' id='word_1_324' title='bbox 608 1289 744 1326; x_wconf 86' lang='lat' dir='ltr'>assignare</span> <span class='ocrx_word' id='word_1_325' title='bbox 761 1296 828 1318; x_wconf 89' lang='lat' dir='ltr'>cum</span> <span class='ocrx_word' id='word_1_326' title='bbox 845 1287 1002 1323; x_wconf 88' lang='lat' dir='ltr'>integritate</span> <span class='ocrx_word' id='word_1_327' title='bbox 1021 1286 1240 1322; x_wconf 81' lang='lat' dir='ltr'>curetiS,recep-</span> 
     </span>
     <span class='ocr_line' id='line_1_49' title="bbox 173 1323 1240 1370; baseline -0.01 -5"><span class='ocrx_word' id='word_1_328' title='bbox 173 1335 226 1365; x_wconf 86' lang='lat' dir='ltr'>turi</span> <span class='ocrx_word' id='word_1_329' title='bbox 242 1334 278 1364; x_wconf 90' lang='lat' dir='ltr'>ab</span> <span class='ocrx_word' id='word_1_330' title='bbox 295 1332 371 1370; x_wconf 86' lang='lat' dir='ltr'>ipso,</span> <span class='ocrx_word' id='word_1_331' title='bbox 389 1331 506 1361; x_wconf 90' lang='lat' dir='ltr'>nomine</span> <span class='ocrx_word' id='word_1_332' title='bbox 524 1338 582 1369; x_wconf 91' lang='lat' dir='ltr'>quo</span> <span class='ocrx_word' id='word_1_333' title='bbox 599 1327 695 1365; x_wconf 90' lang='lat' dir='ltr'>supra,</span> <span class='ocrx_word' id='word_1_334' title='bbox 710 1326 877 1356; x_wconf 84' lang='lat' dir='ltr'>sufficientes</span> <span class='ocrx_word' id='word_1_335' title='bbox 893 1324 1073 1365; x_wconf 79' lang='lat' dir='ltr'>obligatorias</span> <span class='ocrx_word' id='word_1_336' title='bbox 1088 1323 1189 1353; x_wconf 85' lang='lat' dir='ltr'>litteras</span> <span class='ocrx_word' id='word_1_337' title='bbox 1204 1323 1240 1354; x_wconf 87' lang='lat' dir='ltr'>de</span> 
     </span>
     <span class='ocr_line' id='line_1_50' title="bbox 174 1363 1241 1405; baseline -0.011 -2"><span class='ocrx_word' id='word_1_338' title='bbox 174 1372 326 1404; x_wconf 88' lang='lat' dir='ltr'>traditione</span> <span class='ocrx_word' id='word_1_339' title='bbox 361 1369 563 1405; x_wconf 73' lang='lat' dir='ltr'>assignatione,</span> <span class='ocrx_word' id='word_1_340' title='bbox 581 1367 614 1397; x_wconf 72' lang='grc' dir='ltr'>ὃ(</span> <span class='ocrx_word' id='word_1_341' title='bbox 630 1376 693 1396; x_wconf 84' lang='lat' dir='ltr'>rece</span> <span class='ocrx_word' id='word_1_342' title='bbox 714 1366 791 1395; x_wconf 90' lang='lat' dir='ltr'>tione</span> <span class='ocrx_word' id='word_1_343' title='bbox 808 1363 965 1402; x_wconf 88' lang='lat' dir='ltr'>hujusmodi</span> <span class='ocrx_word' id='word_1_344' title='bbox 983 1363 1098 1401; x_wconf 88' lang='lat' dir='ltr'>mutui,</span> <span class='ocrx_word' id='word_1_345' title='bbox 1122 1371 1155 1392; x_wconf 91' lang='lat' dir='ltr'>ac</span> <span class='ocrx_word' id='word_1_346' title='bbox 1174 1372 1241 1400; x_wconf 89' lang='lat' dir='ltr'>pro-</span> 
     </span>
     <span class='ocr_line' id='line_1_51' title="bbox 175 1394 1239 1442; baseline -0.011 0"><span class='ocrx_word' id='word_1_347' title='bbox 175 1410 305 1442; x_wconf 84' lang='lat' dir='ltr'>miffione</span> <span class='ocrx_word' id='word_1_348' title='bbox 324 1394 429 1440; x_wconf 63' lang='lat' dir='ltr'>solenni</span> <span class='ocrx_word' id='word_1_349' title='bbox 445 1406 587 1437; x_wconf 87' lang='lat' dir='ltr'>solutionis</span> <span class='ocrx_word' id='word_1_350' title='bbox 611 1404 679 1435; x_wconf 84' lang='lat' dir='ltr'>illius</span> <span class='ocrx_word' id='word_1_351' title='bbox 731 1413 838 1433; x_wconf 89' lang='lat' dir='ltr'>omano</span> <span class='ocrx_word' id='word_1_352' title='bbox 861 1401 1015 1440; x_wconf 84' lang='lat' dir='ltr'>Pontifici,</span> <span class='ocrx_word' id='word_1_353' title='bbox 1038 1401 1083 1431; x_wconf 91' lang='lat' dir='ltr'>seu</span> <span class='ocrx_word' id='word_1_354' title='bbox 1105 1401 1170 1439; x_wconf 92' lang='lat' dir='ltr'>cui,</span> <span class='ocrx_word' id='word_1_355' title='bbox 1194 1400 1239 1431; x_wconf 90' lang='lat' dir='ltr'>vel</span> 
     </span>
     <span class='ocr_line' id='line_1_52' title="bbox 173 1439 1240 1488; baseline -0.01 -8"><span class='ocrx_word' id='word_1_356' title='bbox 173 1450 272 1488; x_wconf 88' lang='lat' dir='ltr'>quibus</span> <span class='ocrx_word' id='word_1_357' title='bbox 289 1448 344 1486; x_wconf 88' lang='lat' dir='ltr'>ipse</span> <span class='ocrx_word' id='word_1_358' title='bbox 362 1445 533 1476; x_wconf 85' lang='lat' dir='ltr'>mandaverit</span> <span class='ocrx_word' id='word_1_359' title='bbox 549 1442 620 1473; x_wconf 89' lang='lat' dir='ltr'>infra</span> <span class='ocrx_word' id='word_1_360' title='bbox 638 1441 748 1472; x_wconf 60' lang='lat' dir='ltr'>diiium</span> <span class='ocrx_word' id='word_1_361' title='bbox 767 1443 919 1472; x_wconf 90' lang='lat' dir='ltr'>terminum</span> <span class='ocrx_word' id='word_1_362' title='bbox 934 1439 1034 1479; x_wconf 79' lang='lat' dir='ltr'>absque</span> <span class='ocrx_word' id='word_1_363' title='bbox 1048 1439 1240 1470; x_wconf 85' lang='lat' dir='ltr'>diminutione</span> 
     </span>
     <span class='ocr_line' id='line_1_53' title="bbox 174 1479 1239 1527; baseline -0.01 -9"><span class='ocrx_word' id='word_1_364' title='bbox 174 1488 296 1527; x_wconf 87' lang='lat' dir='ltr'>qualibet</span> <span class='ocrx_word' id='word_1_365' title='bbox 314 1484 450 1517; x_wconf 71' lang='lat' dir='ltr'>faciendae</span> <span class='ocrx_word' id='word_1_366' title='bbox 481 1493 547 1521; x_wconf 89' lang='lat' dir='ltr'>quas</span> <span class='ocrx_word' id='word_1_367' title='bbox 563 1481 687 1519; x_wconf 85' lang='lat' dir='ltr'>ejusdem</span> <span class='ocrx_word' id='word_1_368' title='bbox 704 1480 819 1518; x_wconf 80' lang='lat' dir='ltr'>litteras,</span> <span class='ocrx_word' id='word_1_369' title='bbox 834 1479 903 1510; x_wconf 87' lang='lat' dir='ltr'>sicut</span> <span class='ocrx_word' id='word_1_370' title='bbox 920 1489 963 1509; x_wconf 90' lang='lat' dir='ltr'>eas</span> <span class='ocrx_word' id='word_1_371' title='bbox 978 1479 1150 1516; x_wconf 86' lang='lat' dir='ltr'>receperitis,</span> <span class='ocrx_word' id='word_1_372' title='bbox 1172 1479 1239 1508; x_wconf 89' lang='lat' dir='ltr'>mit-</span> 
     </span>
     <span class='ocr_line' id='line_1_54' title="bbox 173 1506 1240 1564; baseline -0.01 -6"><span class='ocrx_word' id='word_1_373' title='bbox 173 1537 233 1558; x_wconf 83' lang='lat' dir='ltr'>tere</span> <span class='ocrx_word' id='word_1_374' title='bbox 248 1527 345 1564; x_wconf 90' lang='lat' dir='ltr'>nobis,</span> <span class='ocrx_word' id='word_1_375' title='bbox 360 1524 394 1555; x_wconf 88' lang='lat' dir='ltr'>ad</span> <span class='ocrx_word' id='word_1_376' title='bbox 408 1506 534 1553; x_wconf 65' lang='lat' dir='ltr'>nostram</span> <span class='ocrx_word' id='word_1_377' title='bbox 542 1543 553 1560; x_wconf 93' lang='lat'>,</span> <span class='ocrx_word' id='word_1_378' title='bbox 564 1522 598 1551; x_wconf 88' lang='lat'>&amp;</span> <span class='ocrx_word' id='word_1_379' title='bbox 613 1520 756 1558; x_wconf 61' lang='lat' dir='ltr'>praedidleae</span> <span class='ocrx_word' id='word_1_380' title='bbox 769 1518 906 1549; x_wconf 69' lang='lat' dir='ltr'>Ecclesiae</span> <span class='ocrx_word' id='word_1_381' title='bbox 921 1517 1077 1556; x_wconf 82' lang='lat' dir='ltr'>cautelam,</span> <span class='ocrx_word' id='word_1_382' title='bbox 1089 1516 1240 1548; x_wconf 87' lang='lat' dir='ltr'>nullatenus</span> 
     </span>
    </p>
   </div>
   <div class='ocr_carea' id='block_1_13' title="bbox 171 1566 1239 1638">
    <p class='ocr_par' dir='ltr' id='par_1_15' title="bbox 171 1566 1239 1638">
     <span class='ocr_line' id='line_1_55' title="bbox 171 1566 1239 1638; baseline -0.009 -4"><span class='ocrx_word' id='word_1_383' title='bbox 171 1566 435 1634; x_wconf 47' lang='lat' dir='ltr'>Obssiitttsniiisinion.</span> <span class='ocrx_word' id='word_1_384' title='bbox 453 1606 554 1638; x_wconf 82' lang='lat' dir='ltr'>quarto</span> <span class='ocrx_word' id='word_1_385' title='bbox 571 1596 637 1628; x_wconf 89' lang='lat' dir='ltr'>Kal.</span> <span class='ocrx_word' id='word_1_386' title='bbox 652 1596 774 1637; x_wconf 86' lang='lat' dir='ltr'>Aprilis,</span> <span class='ocrx_word' id='word_1_387' title='bbox 792 1593 979 1627; x_wconf 77' lang='lat' dir='ltr'>Pontificatsis</span> <span class='ocrx_word' id='word_1_388' title='bbox 994 1593 1081 1625; x_wconf 86' lang='lat' dir='ltr'>nostri</span> <span class='ocrx_word' id='word_1_389' title='bbox 1096 1603 1171 1625; x_wconf 88' lang='lat' dir='ltr'>anno</span> <span class='ocrx_word' id='word_1_390' title='bbox 1183 1595 1239 1633; x_wconf 87' lang='lat' dir='ltr'>pri-</span> 
     </span>
    </p>
   </div>
   <div class='ocr_carea' id='block_1_14' title="bbox 172 1651 1195 1713">
    <p class='ocr_par' dir='ltr' id='par_1_16' title="bbox 172 1651 1195 1713">
     <span class='ocr_line' id='line_1_56' title="bbox 172 1651 1195 1713; baseline 0.027 -40"><span class='ocrx_word' id='word_1_391' title='bbox 172 1651 231 1673; x_wconf 84' lang='lat' dir='ltr'>mo.</span> <span class='ocrx_word' id='word_1_392' title='bbox 923 1671 976 1702; x_wconf 80' lang='lat' dir='ltr'>Sub</span> <span class='ocrx_word' id='word_1_393' title='bbox 986 1671 1047 1713; x_wconf 80' lang='lat' dir='ltr'>filis</span> <span class='ocrx_word' id='word_1_394' title='bbox 1064 1671 1195 1702; x_wconf 78' lang='lat' dir='ltr'>canabeis.</span> 
     </span>
    </p>
   </div>
   <div class='ocr_carea' id='block_1_15' title="bbox 331 1798 1083 1850">
    <p class='ocr_par' dir='ltr' id='par_1_17' title="bbox 331 1798 1083 1850">
     <span class='ocr_line' id='line_1_57' title="bbox 331 1798 1083 1850; baseline -0.009 -12"><span class='ocrx_word' id='word_1_395' title='bbox 331 1807 425 1850; x_wconf 83' lang='lat' dir='ltr'>Super</span> <span class='ocrx_word' id='word_1_396' title='bbox 440 1801 582 1836; x_wconf 83' lang='lat' dir='ltr'>dilatione</span> <span class='ocrx_word' id='word_1_397' title='bbox 593 1801 750 1847; x_wconf 73' lang='lat' dir='ltr'>sblurionis</span> <span class='ocrx_word' id='word_1_398' title='bbox 765 1798 801 1833; x_wconf 87' lang='lat' dir='ltr'>de</span> <span class='ocrx_word' id='word_1_399' title='bbox 815 1809 920 1832; x_wconf 87' lang='lat' dir='ltr'>mutuo</span> <span class='ocrx_word' id='word_1_400' title='bbox 933 1798 1083 1845; x_wconf 72' lang='lat' dir='ltr'>praediHo.</span> 
     </span>
    </p>
   </div>
   <div class='ocr_carea' id='block_1_16' title="bbox 161 1883 1240 3081">
    <p class='ocr_par' dir='ltr' id='par_1_18' title="bbox 199 1883 1238 1927">
     <span class='ocr_line' id='line_1_58' title="bbox 199 1883 1238 1927; baseline -0.007 -4"><span class='ocrx_word' id='word_1_401' title='bbox 199 1892 336 1923; x_wconf 87' lang='lat' dir='ltr'>Ohannes</span> <span class='ocrx_word' id='word_1_402' title='bbox 358 1889 380 1921; x_wconf 86' lang='lat' dir='ltr'>E</span> <span class='ocrx_word' id='word_1_403' title='bbox 401 1888 509 1927; x_wconf 90' lang='lat' dir='ltr'>iscopus</span> <span class='ocrx_word' id='word_1_404' title='bbox 523 1911 532 1926; x_wconf 92' lang='lat'>,</span> <span class='ocrx_word' id='word_1_405' title='bbox 557 1888 618 1918; x_wconf 72' lang='lat' dir='ltr'>&amp;c</span> <span class='ocrx_word' id='word_1_406' title='bbox 643 1885 782 1917; x_wconf 74' lang='lat' dir='ltr'>carissimo</span> <span class='ocrx_word' id='word_1_407' title='bbox 804 1886 833 1915; x_wconf 92' lang='lat' dir='ltr'>in</span> <span class='ocrx_word' id='word_1_408' title='bbox 855 1884 972 1916; x_wconf 87' lang='lat' dir='ltr'>Christo</span> <span class='ocrx_word' id='word_1_409' title='bbox 996 1884 1067 1916; x_wconf 89' lang='lat' dir='ltr'>Filio</span> <span class='ocrx_word' id='word_1_410' title='bbox 1088 1883 1238 1923; x_wconf 89' lang='lat' dir='ltr'>Eduardo,</span> 
     </span>
    </p>

    <p class='ocr_par' dir='ltr' id='par_1_19' title="bbox 217 1922 1238 1967">
     <span class='ocr_line' id='line_1_59' title="bbox 217 1922 1238 1967; baseline -0.008 -6"><span class='ocrx_word' id='word_1_411' title='bbox 217 1931 297 1967; x_wconf 86' lang='lat' dir='ltr'>Regi</span> <span class='ocrx_word' id='word_1_412' title='bbox 317 1929 386 1966; x_wconf 88' lang='lat' dir='ltr'>Ang</span> <span class='ocrx_word' id='word_1_413' title='bbox 398 1930 432 1958; x_wconf 78' lang='lat' dir='ltr'>iae</span> <span class='ocrx_word' id='word_1_414' title='bbox 455 1926 569 1964; x_wconf 87' lang='lat' dir='ltr'>illustri,</span> <span class='ocrx_word' id='word_1_415' title='bbox 592 1925 716 1956; x_wconf 86' lang='lat' dir='ltr'>Salutem</span> <span class='ocrx_word' id='word_1_416' title='bbox 735 1925 769 1955; x_wconf 63' lang='grc' dir='ltr'>ὃς</span> <span class='ocrx_word' id='word_1_417' title='bbox 788 1924 981 1962; x_wconf 89' lang='lat' dir='ltr'>Apostolicam</span> <span class='ocrx_word' id='word_1_418' title='bbox 999 1922 1238 1954; x_wconf 66' lang='lat' dir='ltr'>Benedictionem.</span> 
     </span>
    </p>

    <p class='ocr_par' dir='ltr' id='par_1_20' title="bbox 166 1961 1240 2277">
     <span class='ocr_line' id='line_1_60' title="bbox 210 1961 1238 2006; baseline -0.007 -7"><span class='ocrx_word' id='word_1_419' title='bbox 210 1969 252 1999; x_wconf 79' lang='lat' dir='ltr'>Ex</span> <span class='ocrx_word' id='word_1_420' title='bbox 268 1976 344 2006; x_wconf 86' lang='lat' dir='ltr'>parte</span> <span class='ocrx_word' id='word_1_421' title='bbox 361 1967 410 1997; x_wconf 64' lang='lat' dir='ltr'>tufi</span> <span class='ocrx_word' id='word_1_422' title='bbox 425 1965 477 1996; x_wconf 89' lang='lat' dir='ltr'>fuit</span> <span class='ocrx_word' id='word_1_423' title='bbox 492 1964 647 2002; x_wconf 81' lang='lat' dir='ltr'>expositum</span> <span class='ocrx_word' id='word_1_424' title='bbox 666 1972 766 1994; x_wconf 86' lang='lat' dir='ltr'>coram</span> <span class='ocrx_word' id='word_1_425' title='bbox 782 1963 865 1992; x_wconf 89' lang='lat' dir='ltr'>nobis</span> <span class='ocrx_word' id='word_1_426' title='bbox 880 1985 891 2001; x_wconf 94' lang='lat'>,</span> <span class='ocrx_word' id='word_1_427' title='bbox 911 1962 987 2000; x_wconf 89' lang='lat' dir='ltr'>quod</span> <span class='ocrx_word' id='word_1_428' title='bbox 1006 1969 1035 1992; x_wconf 87' lang='lat' dir='ltr'>tu</span> <span class='ocrx_word' id='word_1_429' title='bbox 1054 1973 1070 1992; x_wconf 91' lang='lat' dir='ltr'>a</span> <span class='ocrx_word' id='word_1_430' title='bbox 1086 1961 1238 1993; x_wconf 74' lang='grc' dir='ltr'>0011εᾶ0-</span> 
     </span>
     <span class='ocr_line' id='line_1_61' title="bbox 171 1998 1238 2039; baseline -0.007 -1"><span class='ocrx_word' id='word_1_431' title='bbox 171 2008 248 2038; x_wconf 88' lang='lat' dir='ltr'>ribus</span> <span class='ocrx_word' id='word_1_432' title='bbox 261 2006 393 2037; x_wconf 85' lang='lat' dir='ltr'>Decimae</span> <span class='ocrx_word' id='word_1_433' title='bbox 406 2006 450 2035; x_wconf 85' lang='lat' dir='ltr'>sex</span> <span class='ocrx_word' id='word_1_434' title='bbox 463 2013 600 2034; x_wconf 89' lang='lat' dir='ltr'>annorum</span> <span class='ocrx_word' id='word_1_435' title='bbox 613 2011 679 2039; x_wconf 89' lang='lat' dir='ltr'>per,</span> <span class='ocrx_word' id='word_1_436' title='bbox 702 2001 790 2031; x_wconf 88' lang='lat' dir='ltr'>felicis</span> <span class='ocrx_word' id='word_1_437' title='bbox 811 2000 1029 2038; x_wconf 89' lang='lat' dir='ltr'>recordationis,</span> <span class='ocrx_word' id='word_1_438' title='bbox 1051 1998 1238 2031; x_wconf 88' lang='lat' dir='ltr'>Clementem</span> 
     </span>
     <span class='ocr_line' id='line_1_62' title="bbox 170 2037 1240 2084; baseline -0.01 -6"><span class='ocrx_word' id='word_1_439' title='bbox 170 2045 276 2084; x_wconf 87' lang='lat' dir='ltr'>Papam</span> <span class='ocrx_word' id='word_1_440' title='bbox 293 2045 435 2084; x_wconf 77' lang='lat' dir='ltr'>Quintum</span> <span class='ocrx_word' id='word_1_441' title='bbox 451 2065 460 2080; x_wconf 80' lang='lat'>,</span> <span class='ocrx_word' id='word_1_442' title='bbox 486 2040 725 2072; x_wconf 87' lang='lat' dir='ltr'>Praedecessorem</span> <span class='ocrx_word' id='word_1_443' title='bbox 747 2037 873 2069; x_wconf 91' lang='lat' dir='ltr'>nostrum</span> <span class='ocrx_word' id='word_1_444' title='bbox 887 2062 897 2077; x_wconf 93' lang='lat'>,</span> <span class='ocrx_word' id='word_1_445' title='bbox 921 2047 973 2077; x_wconf 87' lang='lat' dir='ltr'>pro</span> <span class='ocrx_word' id='word_1_446' title='bbox 992 2037 1111 2068; x_wconf 89' lang='lat' dir='ltr'>subsidio</span> <span class='ocrx_word' id='word_1_447' title='bbox 1123 2037 1240 2077; x_wconf 83' lang='lat' dir='ltr'>passagii</span> 
     </span>
     <span class='ocr_line' id='line_1_63' title="bbox 169 2075 1239 2123; baseline -0.008 -7"><span class='ocrx_word' id='word_1_448' title='bbox 169 2084 322 2123; x_wconf 79' lang='lat' dir='ltr'>generalis,</span> <span class='ocrx_word' id='word_1_449' title='bbox 340 2093 390 2121; x_wconf 89' lang='lat' dir='ltr'>per</span> <span class='ocrx_word' id='word_1_450' title='bbox 408 2079 543 2112; x_wconf 89' lang='lat' dir='ltr'>universas</span> <span class='ocrx_word' id='word_1_451' title='bbox 561 2078 661 2110; x_wconf 91' lang='lat' dir='ltr'>mundi</span> <span class='ocrx_word' id='word_1_452' title='bbox 679 2086 766 2116; x_wconf 88' lang='lat' dir='ltr'>partes</span> <span class='ocrx_word' id='word_1_453' title='bbox 783 2078 921 2116; x_wconf 82' lang='lat' dir='ltr'>impositae</span> <span class='ocrx_word' id='word_1_454' title='bbox 942 2078 974 2108; x_wconf 91' lang='lat' dir='ltr'>in</span> <span class='ocrx_word' id='word_1_455' title='bbox 995 2075 1134 2108; x_wconf 85' lang='lat' dir='ltr'>Concilio</span> <span class='ocrx_word' id='word_1_456' title='bbox 1148 2076 1239 2108; x_wconf 91' lang='lat' dir='ltr'>Vien-</span> 
     </span>
     <span class='ocr_line' id='line_1_64' title="bbox 166 2115 1239 2161; baseline -0.008 -6"><span class='ocrx_word' id='word_1_457' title='bbox 166 2123 261 2161; x_wconf 87' lang='lat' dir='ltr'>nensi,</span> <span class='ocrx_word' id='word_1_458' title='bbox 276 2133 338 2161; x_wconf 82' lang='lat' dir='ltr'>quae</span> <span class='ocrx_word' id='word_1_459' title='bbox 356 2131 408 2161; x_wconf 88' lang='lat' dir='ltr'>pro</span> <span class='ocrx_word' id='word_1_460' title='bbox 426 2129 486 2151; x_wconf 93' lang='lat' dir='ltr'>uno</span> <span class='ocrx_word' id='word_1_461' title='bbox 503 2127 611 2150; x_wconf 85' lang='lat' dir='ltr'>tantum</span> <span class='ocrx_word' id='word_1_462' title='bbox 628 2126 702 2148; x_wconf 91' lang='lat' dir='ltr'>anno</span> <span class='ocrx_word' id='word_1_463' title='bbox 721 2118 751 2147; x_wconf 90' lang='lat' dir='ltr'>in</span> <span class='ocrx_word' id='word_1_464' title='bbox 770 2116 877 2156; x_wconf 81' lang='lat' dir='ltr'>Regno</span> <span class='ocrx_word' id='word_1_465' title='bbox 893 2115 1010 2154; x_wconf 87' lang='lat' dir='ltr'>Angliae</span> <span class='ocrx_word' id='word_1_466' title='bbox 1023 2139 1033 2155; x_wconf 93' lang='lat'>,</span> <span class='ocrx_word' id='word_1_467' title='bbox 1060 2116 1094 2147; x_wconf 67' lang='grc' dir='ltr'>ὃς</span> <span class='ocrx_word' id='word_1_468' title='bbox 1109 2118 1138 2146; x_wconf 91' lang='lat' dir='ltr'>in</span> <span class='ocrx_word' id='word_1_469' title='bbox 1155 2116 1239 2154; x_wconf 79' lang='lat' dir='ltr'>parti-</span> 
     </span>
     <span class='ocr_line' id='line_1_65' title="bbox 167 2154 1239 2200; baseline -0.008 -7"><span class='ocrx_word' id='word_1_470' title='bbox 167 2164 218 2193; x_wconf 86' lang='lat' dir='ltr'>bus</span> <span class='ocrx_word' id='word_1_471' title='bbox 236 2161 368 2200; x_wconf 80' lang='lat' dir='ltr'>Walliae,</span> <span class='ocrx_word' id='word_1_472' title='bbox 384 2161 418 2192; x_wconf 90' lang='lat'>&amp;</span> <span class='ocrx_word' id='word_1_473' title='bbox 436 2158 605 2195; x_wconf 87' lang='lat' dir='ltr'>Hiberniae,</span> <span class='ocrx_word' id='word_1_474' title='bbox 624 2166 672 2195; x_wconf 88' lang='lat' dir='ltr'>per</span> <span class='ocrx_word' id='word_1_475' title='bbox 685 2155 800 2187; x_wconf 87' lang='lat' dir='ltr'>eosdem</span> <span class='ocrx_word' id='word_1_476' title='bbox 817 2155 858 2186; x_wconf 90' lang='lat' dir='ltr'>est</span> <span class='ocrx_word' id='word_1_477' title='bbox 877 2154 1054 2186; x_wconf 71' lang='lat' dir='ltr'>Colleetores</span> <span class='ocrx_word' id='word_1_478' title='bbox 1077 2155 1107 2184; x_wconf 89' lang='lat' dir='ltr'>in</span> <span class='ocrx_word' id='word_1_479' title='bbox 1128 2162 1239 2193; x_wconf 82' lang='lat' dir='ltr'>torum,</span> 
     </span>
     <span class='ocr_line' id='line_1_66' title="bbox 167 2193 1238 2238; baseline -0.007 -7"><span class='ocrx_word' id='word_1_480' title='bbox 167 2202 212 2231; x_wconf 86' lang='lat' dir='ltr'>vel</span> <span class='ocrx_word' id='word_1_481' title='bbox 232 2202 261 2230; x_wconf 89' lang='lat' dir='ltr'>in</span> <span class='ocrx_word' id='word_1_482' title='bbox 282 2208 358 2238; x_wconf 79' lang='lat' dir='ltr'>parte</span> <span class='ocrx_word' id='word_1_483' title='bbox 378 2197 497 2229; x_wconf 65' lang='lat' dir='ltr'>collecta</span> <span class='ocrx_word' id='word_1_484' title='bbox 510 2220 519 2235; x_wconf 93' lang='lat'>,</span> <span class='ocrx_word' id='word_1_485' title='bbox 546 2204 654 2227; x_wconf 88' lang='lat' dir='ltr'>certam</span> <span class='ocrx_word' id='word_1_486' title='bbox 670 2196 800 2233; x_wconf 86' lang='lat' dir='ltr'>pecuniae</span> <span class='ocrx_word' id='word_1_487' title='bbox 827 2193 967 2225; x_wconf 87' lang='lat' dir='ltr'>summam</span> <span class='ocrx_word' id='word_1_488' title='bbox 993 2203 1046 2234; x_wconf 90' lang='lat' dir='ltr'>pro</span> <span class='ocrx_word' id='word_1_489' title='bbox 1075 2193 1238 2232; x_wconf 89' lang='lat' dir='ltr'>urgentibus</span> 
     </span>
     <span class='ocr_line' id='line_1_67' title="bbox 166 2232 953 2277; baseline -0.01 -7"><span class='ocrx_word' id='word_1_490' title='bbox 166 2241 235 2277; x_wconf 80' lang='lat' dir='ltr'>tuis,</span> <span class='ocrx_word' id='word_1_491' title='bbox 255 2240 288 2269; x_wconf 83' lang='lat'>&amp;</span> <span class='ocrx_word' id='word_1_492' title='bbox 305 2238 401 2275; x_wconf 82' lang='lat' dir='ltr'>Regni</span> <span class='ocrx_word' id='word_1_493' title='bbox 415 2237 455 2266; x_wconf 92' lang='lat' dir='ltr'>tui</span> <span class='ocrx_word' id='word_1_494' title='bbox 469 2234 674 2265; x_wconf 89' lang='lat' dir='ltr'>necessitatibus</span> <span class='ocrx_word' id='word_1_495' title='bbox 691 2242 792 2263; x_wconf 88' lang='lat' dir='ltr'>mutuo</span> <span class='ocrx_word' id='word_1_496' title='bbox 814 2232 953 2271; x_wconf 87' lang='lat' dir='ltr'>recepisti.</span> 
     </span>
    </p>

    <p class='ocr_par' dir='ltr' id='par_1_21' title="bbox 202 2269 1236 2315">
     <span class='ocr_line' id='line_1_68' title="bbox 202 2269 1236 2315; baseline -0.008 -7"><span class='ocrx_word' id='word_1_497' title='bbox 202 2278 337 2315; x_wconf 85' lang='lat' dir='ltr'>Cumque</span> <span class='ocrx_word' id='word_1_498' title='bbox 354 2283 467 2313; x_wconf 89' lang='lat' dir='ltr'>propter</span> <span class='ocrx_word' id='word_1_499' title='bbox 485 2282 645 2309; x_wconf 84' lang='lat' dir='ltr'>guerrarum</span> <span class='ocrx_word' id='word_1_500' title='bbox 663 2271 789 2308; x_wconf 88' lang='lat' dir='ltr'>strepitus</span> <span class='ocrx_word' id='word_1_501' title='bbox 803 2293 813 2309; x_wconf 94' lang='lat'>,</span> <span class='ocrx_word' id='word_1_502' title='bbox 840 2271 873 2301; x_wconf 90' lang='lat'>&amp;</span> <span class='ocrx_word' id='word_1_503' title='bbox 897 2270 1085 2301; x_wconf 78' lang='lat' dir='ltr'>Inimicorum</span> <span class='ocrx_word' id='word_1_504' title='bbox 1108 2269 1236 2309; x_wconf 92' lang='lat' dir='ltr'>insultus,</span> 
     </span>
    </p>

    <p class='ocr_par' dir='ltr' id='par_1_22' title="bbox 190 2308 1237 2353">
     <span class='ocr_line' id='line_1_69' title="bbox 190 2308 1237 2353; baseline -0.007 -7"><span class='ocrx_word' id='word_1_505' title='bbox 190 2317 269 2346; x_wconf 91' lang='lat' dir='ltr'>uibus</span> <span class='ocrx_word' id='word_1_506' title='bbox 283 2313 422 2351; x_wconf 87' lang='lat' dir='ltr'>resistere,</span> <span class='ocrx_word' id='word_1_507' title='bbox 440 2311 566 2353; x_wconf 78' lang='lat' dir='ltr'>ipsosque</span> <span class='ocrx_word' id='word_1_508' title='bbox 581 2309 728 2347; x_wconf 85' lang='lat' dir='ltr'>repellere,</span> <span class='ocrx_word' id='word_1_509' title='bbox 746 2309 896 2347; x_wconf 78' lang='lat' dir='ltr'>praesertim</span> <span class='ocrx_word' id='word_1_510' title='bbox 914 2317 966 2347; x_wconf 89' lang='lat' dir='ltr'>pro</span> <span class='ocrx_word' id='word_1_511' title='bbox 983 2308 1142 2338; x_wconf 71' lang='lat' dir='ltr'>defensione</span> <span class='ocrx_word' id='word_1_512' title='bbox 1155 2308 1237 2346; x_wconf 89' lang='lat' dir='ltr'>ipsius</span> 
     </span>
    </p>

    <p class='ocr_par' dir='ltr' id='par_1_23' title="bbox 166 2347 1236 2579">
     <span class='ocr_line' id='line_1_70' title="bbox 202 2347 1235 2392; baseline -0.008 -8"><span class='ocrx_word' id='word_1_513' title='bbox 202 2355 269 2392; x_wconf 88' lang='lat' dir='ltr'>egni</span> <span class='ocrx_word' id='word_1_514' title='bbox 287 2353 400 2389; x_wconf 73' lang='lat' dir='ltr'>Angliae</span> <span class='ocrx_word' id='word_1_515' title='bbox 416 2349 570 2381; x_wconf 81' lang='lat' dir='ltr'>necessario</span> <span class='ocrx_word' id='word_1_516' title='bbox 588 2357 615 2378; x_wconf 91' lang='lat' dir='ltr'>te</span> <span class='ocrx_word' id='word_1_517' title='bbox 633 2356 760 2386; x_wconf 85' lang='lat' dir='ltr'>oportet,</span> <span class='ocrx_word' id='word_1_518' title='bbox 775 2357 808 2378; x_wconf 86' lang='lat' dir='ltr'>ac</span> <span class='ocrx_word' id='word_1_519' title='bbox 829 2355 942 2385; x_wconf 88' lang='lat' dir='ltr'>propter</span> <span class='ocrx_word' id='word_1_520' title='bbox 957 2348 1030 2378; x_wconf 87' lang='lat' dir='ltr'>varia</span> <span class='ocrx_word' id='word_1_521' title='bbox 1049 2369 1058 2384; x_wconf 90' lang='lat'>,</span> <span class='ocrx_word' id='word_1_522' title='bbox 1075 2347 1235 2386; x_wconf 85' lang='lat' dir='ltr'>diversaque</span> 
     </span>
     <span class='ocr_line' id='line_1_71' title="bbox 169 2385 1236 2425; baseline -0.008 -1"><span class='ocrx_word' id='word_1_523' title='bbox 169 2393 365 2424; x_wconf 88' lang='lat' dir='ltr'>incumbentia</span> <span class='ocrx_word' id='word_1_524' title='bbox 379 2390 431 2420; x_wconf 90' lang='lat' dir='ltr'>tibi</span> <span class='ocrx_word' id='word_1_525' title='bbox 446 2388 561 2425; x_wconf 87' lang='lat' dir='ltr'>negotia</span> <span class='ocrx_word' id='word_1_526' title='bbox 580 2409 590 2425; x_wconf 95' lang='lat'>,</span> <span class='ocrx_word' id='word_1_527' title='bbox 617 2396 729 2416; x_wconf 89' lang='lat' dir='ltr'>necnon</span> <span class='ocrx_word' id='word_1_528' title='bbox 753 2388 847 2423; x_wconf 87' lang='lat' dir='ltr'>gravia</span> <span class='ocrx_word' id='word_1_529' title='bbox 861 2396 943 2416; x_wconf 89' lang='lat' dir='ltr'>onera</span> <span class='ocrx_word' id='word_1_530' title='bbox 959 2385 1156 2423; x_wconf 76' lang='lat' dir='ltr'>expenfiirum‚</span> <span class='ocrx_word' id='word_1_531' title='bbox 1172 2395 1236 2424; x_wconf 82' lang='lat' dir='ltr'>quae</span> 
     </span>
     <span class='ocr_line' id='line_1_72' title="bbox 166 2423 1234 2468; baseline -0.009 -5"><span class='ocrx_word' id='word_1_532' title='bbox 166 2439 288 2468; x_wconf 87' lang='lat' dir='ltr'>urgente</span> <span class='ocrx_word' id='word_1_533' title='bbox 305 2428 462 2459; x_wconf 81' lang='lat' dir='ltr'>necessitate</span> <span class='ocrx_word' id='word_1_534' title='bbox 477 2425 600 2464; x_wconf 91' lang='lat' dir='ltr'>subiisti,</span> <span class='ocrx_word' id='word_1_535' title='bbox 615 2426 647 2456; x_wconf 89' lang='lat'>&amp;</span> <span class='ocrx_word' id='word_1_536' title='bbox 661 2425 750 2455; x_wconf 91' lang='lat' dir='ltr'>subire</span> <span class='ocrx_word' id='word_1_537' title='bbox 763 2425 937 2462; x_wconf 88' lang='lat' dir='ltr'>compelleris</span> <span class='ocrx_word' id='word_1_538' title='bbox 952 2447 962 2462; x_wconf 90' lang='lat'>,</span> <span class='ocrx_word' id='word_1_539' title='bbox 988 2424 1023 2454; x_wconf 86' lang='lat' dir='ltr'>de</span> <span class='ocrx_word' id='word_1_540' title='bbox 1037 2423 1093 2461; x_wconf 69' lang='lat' dir='ltr'>ipsa</span> <span class='ocrx_word' id='word_1_541' title='bbox 1108 2425 1234 2461; x_wconf 82' lang='lat' dir='ltr'>pecuniae</span> 
     </span>
     <span class='ocr_line' id='line_1_73' title="bbox 166 2462 1235 2502; baseline -0.009 -1"><span class='ocrx_word' id='word_1_542' title='bbox 166 2470 278 2501; x_wconf 79' lang='lat' dir='ltr'>summa</span> <span class='ocrx_word' id='word_1_543' title='bbox 292 2467 501 2498; x_wconf 67' lang='lat' dir='ltr'>Collerstoribus</span> <span class='ocrx_word' id='word_1_544' title='bbox 522 2465 583 2502; x_wconf 87' lang='lat' dir='ltr'>ipsis</span> <span class='ocrx_word' id='word_1_545' title='bbox 599 2463 750 2494; x_wconf 75' lang='lat' dir='ltr'>satisfacere</span> <span class='ocrx_word' id='word_1_546' title='bbox 768 2463 844 2501; x_wconf 83' lang='lat' dir='ltr'>juxta</span> <span class='ocrx_word' id='word_1_547' title='bbox 860 2470 1035 2493; x_wconf 88' lang='lat' dir='ltr'>conventum</span> <span class='ocrx_word' id='word_1_548' title='bbox 1053 2472 1111 2492; x_wconf 94' lang='lat' dir='ltr'>non</span> <span class='ocrx_word' id='word_1_549' title='bbox 1131 2462 1235 2501; x_wconf 87' lang='lat' dir='ltr'>poffis,</span> 
     </span>
     <span class='ocr_line' id='line_1_74' title="bbox 167 2500 1234 2544; baseline -0.008 -5"><span class='ocrx_word' id='word_1_550' title='bbox 167 2517 197 2539; x_wconf 89' lang='lat' dir='ltr'>ut</span> <span class='ocrx_word' id='word_1_551' title='bbox 215 2508 322 2544; x_wconf 61' lang='lat' dir='ltr'>ass‘eris,</span> <span class='ocrx_word' id='word_1_552' title='bbox 340 2516 391 2544; x_wconf 88' lang='lat' dir='ltr'>pro</span> <span class='ocrx_word' id='word_1_553' title='bbox 408 2514 435 2535; x_wconf 91' lang='lat' dir='ltr'>te</span> <span class='ocrx_word' id='word_1_554' title='bbox 453 2504 536 2534; x_wconf 86' lang='lat' dir='ltr'>nobis</span> <span class='ocrx_word' id='word_1_555' title='bbox 554 2503 641 2533; x_wconf 85' lang='lat' dir='ltr'>extitit</span> <span class='ocrx_word' id='word_1_556' title='bbox 659 2501 797 2532; x_wconf 88' lang='lat' dir='ltr'>humiliter</span> <span class='ocrx_word' id='word_1_557' title='bbox 815 2501 1000 2539; x_wconf 75' lang='lat' dir='ltr'>supplicatum</span> <span class='ocrx_word' id='word_1_558' title='bbox 1014 2524 1023 2539; x_wconf 90' lang='lat'>,</span> <span class='ocrx_word' id='word_1_559' title='bbox 1049 2509 1078 2531; x_wconf 90' lang='lat' dir='ltr'>ut</span> <span class='ocrx_word' id='word_1_560' title='bbox 1096 2500 1131 2531; x_wconf 91' lang='lat' dir='ltr'>de</span> <span class='ocrx_word' id='word_1_561' title='bbox 1147 2511 1234 2540; x_wconf 88' lang='lat' dir='ltr'>opor-</span> 
     </span>
     <span class='ocr_line' id='line_1_75' title="bbox 167 2539 1158 2579; baseline -0.008 -2"><span class='ocrx_word' id='word_1_562' title='bbox 167 2555 243 2577; x_wconf 73' lang='lat' dir='ltr'>tunae</span> <span class='ocrx_word' id='word_1_563' title='bbox 262 2546 398 2576; x_wconf 88' lang='lat' dir='ltr'>dilationis</span> <span class='ocrx_word' id='word_1_564' title='bbox 418 2542 543 2573; x_wconf 88' lang='lat' dir='ltr'>remedio</span> <span class='ocrx_word' id='word_1_565' title='bbox 559 2541 705 2579; x_wconf 84' lang='lat' dir='ltr'>providere</span> <span class='ocrx_word' id='word_1_566' title='bbox 722 2540 773 2570; x_wconf 91' lang='lat' dir='ltr'>tibi</span> <span class='ocrx_word' id='word_1_567' title='bbox 791 2539 868 2577; x_wconf 90' lang='lat' dir='ltr'>super</span> <span class='ocrx_word' id='word_1_568' title='bbox 888 2541 944 2570; x_wconf 91' lang='lat' dir='ltr'>hoc</span> <span class='ocrx_word' id='word_1_569' title='bbox 969 2540 1158 2577; x_wconf 87' lang='lat' dir='ltr'>dignaremur.</span> 
     </span>
    </p>

    <p class='ocr_par' dir='ltr' id='par_1_24' title="bbox 161 2577 1230 2808">
     <span class='ocr_line' id='line_1_76' title="bbox 204 2577 1230 2621; baseline -0.006 -6"><span class='ocrx_word' id='word_1_570' title='bbox 204 2585 269 2615; x_wconf 86' lang='lat' dir='ltr'>Nos</span> <span class='ocrx_word' id='word_1_571' title='bbox 288 2585 378 2621; x_wconf 87' lang='lat' dir='ltr'>itaque</span> <span class='ocrx_word' id='word_1_572' title='bbox 393 2606 403 2620; x_wconf 88' lang='lat'>,</span> <span class='ocrx_word' id='word_1_573' title='bbox 425 2581 584 2619; x_wconf 88' lang='lat' dir='ltr'>hujusmodi</span> <span class='ocrx_word' id='word_1_574' title='bbox 609 2588 723 2610; x_wconf 89' lang='lat' dir='ltr'>tuorum</span> <span class='ocrx_word' id='word_1_575' title='bbox 741 2579 1009 2616; x_wconf 84' lang='lat' dir='ltr'>impedimentorum</span> <span class='ocrx_word' id='word_1_576' title='bbox 1028 2579 1135 2608; x_wconf 87' lang='lat' dir='ltr'>conscii</span> <span class='ocrx_word' id='word_1_577' title='bbox 1153 2600 1161 2616; x_wconf 92' lang='lat'>,</span> <span class='ocrx_word' id='word_1_578' title='bbox 1196 2577 1230 2609; x_wconf 87' lang='lat'>&amp;</span> 
     </span>
     <span class='ocr_line' id='line_1_77' title="bbox 166 2615 1230 2659; baseline -0.008 -5"><span class='ocrx_word' id='word_1_579' title='bbox 166 2632 288 2654; x_wconf 88' lang='lat' dir='ltr'>onerum</span> <span class='ocrx_word' id='word_1_580' title='bbox 306 2633 366 2652; x_wconf 92' lang='lat' dir='ltr'>non</span> <span class='ocrx_word' id='word_1_581' title='bbox 384 2622 491 2658; x_wconf 83' lang='lat' dir='ltr'>ignari,</span> <span class='ocrx_word' id='word_1_582' title='bbox 506 2620 585 2656; x_wconf 89' lang='lat' dir='ltr'>super</span> <span class='ocrx_word' id='word_1_583' title='bbox 602 2618 652 2648; x_wconf 86' lang='lat' dir='ltr'>illis</span> <span class='ocrx_word' id='word_1_584' title='bbox 672 2626 786 2659; x_wconf 82' lang='lat' dir='ltr'>paterno</span> <span class='ocrx_word' id='word_1_585' title='bbox 804 2618 857 2648; x_wconf 89' lang='lat' dir='ltr'>tibi</span> <span class='ocrx_word' id='word_1_586' title='bbox 882 2618 1085 2654; x_wconf 81' lang='lat' dir='ltr'>compatientes</span> <span class='ocrx_word' id='word_1_587' title='bbox 1105 2615 1210 2646; x_wconf 62' lang='lat' dir='ltr'>assediu</span> <span class='ocrx_word' id='word_1_588' title='bbox 1220 2639 1230 2655; x_wconf 94' lang='lat'>,</span> 
     </span>
     <span class='ocr_line' id='line_1_78' title="bbox 166 2654 1230 2695; baseline -0.008 -2"><span class='ocrx_word' id='word_1_589' title='bbox 166 2673 201 2693; x_wconf 83' lang='lat' dir='ltr'>ac</span> <span class='ocrx_word' id='word_1_590' title='bbox 218 2662 341 2692; x_wconf 87' lang='lat' dir='ltr'>volentes</span> <span class='ocrx_word' id='word_1_591' title='bbox 359 2669 386 2690; x_wconf 89' lang='lat' dir='ltr'>te</span> <span class='ocrx_word' id='word_1_592' title='bbox 405 2659 501 2689; x_wconf 89' lang='lat' dir='ltr'>favore</span> <span class='ocrx_word' id='word_1_593' title='bbox 520 2656 645 2695; x_wconf 84' lang='lat' dir='ltr'>prosequi</span> <span class='ocrx_word' id='word_1_594' title='bbox 662 2656 791 2694; x_wconf 86' lang='lat' dir='ltr'>speciali,</span> <span class='ocrx_word' id='word_1_595' title='bbox 813 2656 864 2686; x_wconf 86' lang='lat' dir='ltr'>tuis</span> <span class='ocrx_word' id='word_1_596' title='bbox 882 2655 1125 2693; x_wconf 81' lang='lat' dir='ltr'>supplicationibus</span> <span class='ocrx_word' id='word_1_597' title='bbox 1147 2654 1230 2685; x_wconf 87' lang='lat' dir='ltr'>incli-</span> 
     </span>
     <span class='ocr_line' id='line_1_79' title="bbox 164 2693 1229 2738; baseline -0.008 -7"><span class='ocrx_word' id='word_1_598' title='bbox 164 2702 245 2738; x_wconf 86' lang='lat' dir='ltr'>nati,</span> <span class='ocrx_word' id='word_1_599' title='bbox 273 2699 438 2729; x_wconf 86' lang='lat' dir='ltr'>dilationem</span> <span class='ocrx_word' id='word_1_600' title='bbox 458 2697 597 2726; x_wconf 90' lang='lat' dir='ltr'>solutionis</span> <span class='ocrx_word' id='word_1_601' title='bbox 617 2694 760 2733; x_wconf 58' lang='lat' dir='ltr'>praediciti:</span> <span class='ocrx_word' id='word_1_602' title='bbox 780 2694 898 2724; x_wconf 75' lang='lat' dir='ltr'>summa:</span> <span class='ocrx_word' id='word_1_603' title='bbox 917 2694 1044 2732; x_wconf 82' lang='lat' dir='ltr'>pecuniae</span> <span class='ocrx_word' id='word_1_604' title='bbox 1057 2717 1066 2732; x_wconf 90' lang='lat'>,</span> <span class='ocrx_word' id='word_1_605' title='bbox 1097 2693 1181 2731; x_wconf 88' lang='lat' dir='ltr'>usque</span> <span class='ocrx_word' id='word_1_606' title='bbox 1195 2693 1229 2724; x_wconf 92' lang='lat' dir='ltr'>ad</span> 
     </span>
     <span class='ocr_line' id='line_1_80' title="bbox 161 2733 1229 2777; baseline -0.007 -9"><span class='ocrx_word' id='word_1_607' title='bbox 161 2739 386 2777; x_wconf 84' lang='lat' dir='ltr'>quinquennium</span> <span class='ocrx_word' id='word_1_608' title='bbox 403 2747 418 2766; x_wconf 88' lang='lat' dir='ltr'>a</span> <span class='ocrx_word' id='word_1_609' title='bbox 431 2735 497 2765; x_wconf 90' lang='lat' dir='ltr'>dato</span> <span class='ocrx_word' id='word_1_610' title='bbox 512 2734 684 2772; x_wconf 72' lang='lat' dir='ltr'>praesentium</span> <span class='ocrx_word' id='word_1_611' title='bbox 702 2733 909 2763; x_wconf 79' lang='lat' dir='ltr'>numerandum</span> <span class='ocrx_word' id='word_1_612' title='bbox 924 2756 933 2771; x_wconf 91' lang='lat'>,</span> <span class='ocrx_word' id='word_1_613' title='bbox 955 2733 1007 2763; x_wconf 88' lang='lat' dir='ltr'>tibi</span> <span class='ocrx_word' id='word_1_614' title='bbox 1019 2733 1138 2772; x_wconf 73' lang='lat' dir='ltr'>gratiose</span> <span class='ocrx_word' id='word_1_615' title='bbox 1158 2741 1229 2762; x_wconf 90' lang='lat' dir='ltr'>con-</span> 
     </span>
     <span class='ocr_line' id='line_1_81' title="bbox 165 2771 960 2808; baseline -0.008 -1"><span class='ocrx_word' id='word_1_616' title='bbox 165 2776 294 2808; x_wconf 86' lang='lat' dir='ltr'>cedimus</span> <span class='ocrx_word' id='word_1_617' title='bbox 306 2775 342 2805; x_wconf 88' lang='lat' dir='ltr'>de</span> <span class='ocrx_word' id='word_1_618' title='bbox 358 2775 482 2804; x_wconf 86' lang='lat' dir='ltr'>Fratrum</span> <span class='ocrx_word' id='word_1_619' title='bbox 499 2772 658 2802; x_wconf 87' lang='lat' dir='ltr'>nostrorum</span> <span class='ocrx_word' id='word_1_620' title='bbox 671 2772 787 2802; x_wconf 88' lang='lat' dir='ltr'>consilio</span> <span class='ocrx_word' id='word_1_621' title='bbox 800 2772 834 2802; x_wconf 85' lang='lat'>&amp;</span> <span class='ocrx_word' id='word_1_622' title='bbox 847 2771 960 2802; x_wconf 80' lang='lat' dir='ltr'>assensu.</span> 
     </span>
    </p>

    <p class='ocr_par' dir='ltr' id='par_1_25' title="bbox 163 2809 1229 3038">
     <span class='ocr_line' id='line_1_82' title="bbox 201 2809 1229 2850; baseline -0.005 -6"><span class='ocrx_word' id='word_1_623' title='bbox 201 2814 342 2845; x_wconf 88' lang='lat' dir='ltr'>Volumus</span> <span class='ocrx_word' id='word_1_624' title='bbox 360 2821 453 2843; x_wconf 89' lang='lat' dir='ltr'>autem</span> <span class='ocrx_word' id='word_1_625' title='bbox 472 2811 568 2850; x_wconf 78' lang='lat' dir='ltr'>quod,</span> <span class='ocrx_word' id='word_1_626' title='bbox 582 2811 601 2840; x_wconf 91' lang='lat' dir='ltr'>si</span> <span class='ocrx_word' id='word_1_627' title='bbox 622 2810 763 2848; x_wconf 70' lang='lat' dir='ltr'>praefatam</span> <span class='ocrx_word' id='word_1_628' title='bbox 783 2810 1012 2847; x_wconf 84' lang='lat' dir='ltr'>supplicationem</span> <span class='ocrx_word' id='word_1_629' title='bbox 1031 2818 1127 2847; x_wconf 88' lang='lat' dir='ltr'>tuam,</span> <span class='ocrx_word' id='word_1_630' title='bbox 1140 2810 1173 2841; x_wconf 90' lang='lat'>&amp;</span> <span class='ocrx_word' id='word_1_631' title='bbox 1187 2809 1229 2840; x_wconf 88' lang='lat' dir='ltr'>di-</span> 
     </span>
     <span class='ocr_line' id='line_1_83' title="bbox 163 2848 1229 2886; baseline -0.006 -2"><span class='ocrx_word' id='word_1_632' title='bbox 163 2854 300 2885; x_wconf 83' lang='lat' dir='ltr'>lationem</span> <span class='ocrx_word' id='word_1_633' title='bbox 319 2851 444 2881; x_wconf 83' lang='lat' dir='ltr'>nostram</span> <span class='ocrx_word' id='word_1_634' title='bbox 463 2858 529 2879; x_wconf 87' lang='lat' dir='ltr'>ratas</span> <span class='ocrx_word' id='word_1_635' title='bbox 547 2850 672 2879; x_wconf 86' lang='lat' dir='ltr'>habueris</span> <span class='ocrx_word' id='word_1_636' title='bbox 687 2872 697 2886; x_wconf 89' lang='lat'>,</span> <span class='ocrx_word' id='word_1_637' title='bbox 722 2848 800 2885; x_wconf 83' lang='lat' dir='ltr'>super</span> <span class='ocrx_word' id='word_1_638' title='bbox 816 2850 872 2879; x_wconf 85' lang='lat' dir='ltr'>hoc</span> <span class='ocrx_word' id='word_1_639' title='bbox 891 2857 1010 2886; x_wconf 88' lang='lat' dir='ltr'>patentes</span> <span class='ocrx_word' id='word_1_640' title='bbox 1033 2848 1130 2878; x_wconf 84' lang='lat' dir='ltr'>litteras</span> <span class='ocrx_word' id='word_1_641' title='bbox 1154 2857 1229 2886; x_wconf 89' lang='lat' dir='ltr'>tuas,</span> 
     </span>
     <span class='ocr_line' id='line_1_84' title="bbox 164 2886 1226 2925; baseline -0.006 -2"><span class='ocrx_word' id='word_1_642' title='bbox 164 2893 262 2923; x_wconf 88' lang='lat' dir='ltr'>harum</span> <span class='ocrx_word' id='word_1_643' title='bbox 281 2890 381 2921; x_wconf 78' lang='lat' dir='ltr'>seriem</span> <span class='ocrx_word' id='word_1_644' title='bbox 396 2889 588 2925; x_wconf 86' lang='lat' dir='ltr'>continentes,</span> <span class='ocrx_word' id='word_1_645' title='bbox 601 2896 650 2917; x_wconf 89' lang='lat' dir='ltr'>tuo</span> <span class='ocrx_word' id='word_1_646' title='bbox 666 2886 750 2923; x_wconf 84' lang='lat' dir='ltr'>regali</span> <span class='ocrx_word' id='word_1_647' title='bbox 767 2886 855 2925; x_wconf 79' lang='lat' dir='ltr'>sigillo</span> <span class='ocrx_word' id='word_1_648' title='bbox 873 2889 991 2917; x_wconf 88' lang='lat' dir='ltr'>munitas</span> <span class='ocrx_word' id='word_1_649' title='bbox 997 2887 1096 2925; x_wconf 88' lang='lat' dir='ltr'>,nobis</span> <span class='ocrx_word' id='word_1_650' title='bbox 1102 2886 1155 2925; x_wconf 88' lang='lat' dir='ltr'>,ad</span> <span class='ocrx_word' id='word_1_651' title='bbox 1169 2886 1226 2917; x_wconf 90' lang='lat' dir='ltr'>Ec-</span> 
     </span>
     <span class='ocr_line' id='line_1_85' title="bbox 164 2924 1228 2964; baseline -0.007 -3"><span class='ocrx_word' id='word_1_652' title='bbox 164 2930 255 2962; x_wconf 81' lang='lat' dir='ltr'>clefiae</span> <span class='ocrx_word' id='word_1_653' title='bbox 272 2929 415 2959; x_wconf 86' lang='lat' dir='ltr'>Romanae</span> <span class='ocrx_word' id='word_1_654' title='bbox 433 2926 585 2964; x_wconf 85' lang='lat' dir='ltr'>cautelam,</span> <span class='ocrx_word' id='word_1_655' title='bbox 606 2925 679 2955; x_wconf 87' lang='lat' dir='ltr'>infra</span> <span class='ocrx_word' id='word_1_656' title='bbox 698 2924 809 2955; x_wconf 70' lang='lat' dir='ltr'>festum</span> <span class='ocrx_word' id='word_1_657' title='bbox 826 2924 934 2956; x_wconf 87' lang='lat' dir='ltr'>Natalis</span> <span class='ocrx_word' id='word_1_658' title='bbox 956 2925 1078 2955; x_wconf 88' lang='lat' dir='ltr'>Domini</span> <span class='ocrx_word' id='word_1_659' title='bbox 1093 2926 1228 2962; x_wconf 79' lang='lat' dir='ltr'>proximo</span> 
     </span>
     <span class='ocr_line' id='line_1_86' title="bbox 163 2963 1229 3005; baseline -0.006 -6"><span class='ocrx_word' id='word_1_660' title='bbox 163 2970 308 3005; x_wconf 88' lang='lat' dir='ltr'>futurum,</span> <span class='ocrx_word' id='word_1_661' title='bbox 325 2967 408 2997; x_wconf 91' lang='lat' dir='ltr'>facias</span> <span class='ocrx_word' id='word_1_662' title='bbox 426 2965 546 2995; x_wconf 84' lang='lat' dir='ltr'>exhiberi</span> <span class='ocrx_word' id='word_1_663' title='bbox 562 2976 572 3002; x_wconf 88' lang='lat'>·,</span> <span class='ocrx_word' id='word_1_664' title='bbox 597 2964 721 3001; x_wconf 88' lang='lat' dir='ltr'>alioquin</span> <span class='ocrx_word' id='word_1_665' title='bbox 744 2963 877 3000; x_wconf 68' lang='lat' dir='ltr'>praedieta</span> <span class='ocrx_word' id='word_1_666' title='bbox 898 2963 993 2994; x_wconf 84' lang='lat' dir='ltr'>dilatio</span> <span class='ocrx_word' id='word_1_667' title='bbox 1004 2963 1104 2994; x_wconf 84' lang='lat' dir='ltr'>nullius</span> <span class='ocrx_word' id='word_1_668' title='bbox 1121 2963 1229 3001; x_wconf 76' lang='lat' dir='ltr'>penitus</span> 
     </span>
     <span class='ocr_line' id='line_1_87' title="bbox 163 3004 547 3038; baseline -0.016 0"><span class='ocrx_word' id='word_1_669' title='bbox 163 3008 193 3038; x_wconf 87' lang='lat' dir='ltr'>sit</span> <span class='ocrx_word' id='word_1_670' title='bbox 210 3007 317 3037; x_wconf 88' lang='lat' dir='ltr'>roboris</span> <span class='ocrx_word' id='word_1_671' title='bbox 333 3005 378 3035; x_wconf 92' lang='lat' dir='ltr'>vel</span> <span class='ocrx_word' id='word_1_672' title='bbox 399 3004 547 3034; x_wconf 89' lang='lat' dir='ltr'>momenti.</span> 
     </span>
    </p>

    <p class='ocr_par' dir='ltr' id='par_1_26' title="bbox 202 3039 1229 3081">
     <span class='ocr_line' id='line_1_88' title="bbox 202 3039 1229 3081; baseline -0.004 -6"><span class='ocrx_word' id='word_1_673' title='bbox 202 3045 267 3075; x_wconf 88' lang='lat' dir='ltr'>Dat.</span> <span class='ocrx_word' id='word_1_674' title='bbox 286 3044 424 3075; x_wconf 90' lang='lat' dir='ltr'>Avinion.</span> <span class='ocrx_word' id='word_1_675' title='bbox 437 3050 533 3081; x_wconf 88' lang='lat' dir='ltr'>quarto</span> <span class='ocrx_word' id='word_1_676' title='bbox 547 3039 610 3071; x_wconf 85' lang='lat' dir='ltr'>Kal.</span> <span class='ocrx_word' id='word_1_677' title='bbox 625 3040 744 3078; x_wconf 88' lang='lat' dir='ltr'>Aprilis,</span> <span class='ocrx_word' id='word_1_678' title='bbox 764 3039 946 3071; x_wconf 80' lang='lat' dir='ltr'>Pontificatiis</span> <span class='ocrx_word' id='word_1_679' title='bbox 965 3039 1053 3072; x_wconf 89' lang='lat' dir='ltr'>nostri</span> <span class='ocrx_word' id='word_1_680' title='bbox 1074 3050 1150 3072; x_wconf 88' lang='lat' dir='ltr'>anno</span> <span class='ocrx_word' id='word_1_681' title='bbox 1171 3041 1229 3079; x_wconf 88' lang='lat' dir='ltr'>pri-</span> 
     </span>
    </p>
   </div>
   <div class='ocr_carea' id='block_1_17' title="bbox 161 3093 1052 3157">
    <p class='ocr_par' dir='ltr' id='par_1_27' title="bbox 161 3093 1052 3157">
     <span class='ocr_line' id='line_1_89' title="bbox 161 3093 220 3114; baseline -0.017 0"><span class='ocrx_word' id='word_1_682' title='bbox 161 3093 220 3114; x_wconf 92' lang='lat' dir='ltr'>mo.</span> 
     </span>
     <span class='ocr_line' id='line_1_90' title="bbox 841 3116 1052 3157; baseline 0.005 -10"><span class='ocrx_word' id='word_1_683' title='bbox 841 3117 930 3155; x_wconf 82' lang='lat' dir='ltr'>Sigillo</span> <span class='ocrx_word' id='word_1_684' title='bbox 948 3116 1052 3157; x_wconf 75' lang='lat' dir='ltr'>avulsb.</span> 
     </span>
    </p>
   </div>
   <div class='ocr_carea' id='block_1_18' title="bbox 159 3194 1223 3208">
    <p class='ocr_par' dir='ltr' id='par_1_28' title="bbox 159 3194 1223 3208">
     <span class='ocr_line' id='line_1_91' title="bbox 159 3194 1223 3208; baseline 0 1071"><span class='ocrx_word' id='word_1_685' title='bbox 159 3194 1223 3208; x_wconf 95' lang='lat' dir='ltr'> </span> 
     </span>
    </p>
   </div>
   <div class='ocr_carea' id='block_1_19' title="bbox 199 3245 1188 3337">
    <p class='ocr_par' dir='ltr' id='par_1_29' title="bbox 199 3245 1188 3337">
     <span class='ocr_line' id='line_1_92' title="bbox 199 3245 1188 3290; baseline -0.004 -11"><span class='ocrx_word' id='word_1_686' title='bbox 199 3246 290 3280; x_wconf 80' lang='lat' dir='ltr'>Bulla</span> <span class='ocrx_word' id='word_1_687' title='bbox 309 3247 640 3279; x_wconf 77' lang='lat' dir='ltr'>Excommunicationis</span> <span class='ocrx_word' id='word_1_688' title='bbox 660 3252 762 3276; x_wconf 82' lang='lat' dir='ltr'>contra</span> <span class='ocrx_word' id='word_1_689' title='bbox 780 3254 875 3275; x_wconf 81' lang='lat' dir='ltr'>omnes</span> <span class='ocrx_word' id='word_1_690' title='bbox 893 3245 1035 3275; x_wconf 74' lang='lat' dir='ltr'>Inimicos</span> <span class='ocrx_word' id='word_1_691' title='bbox 1052 3245 1137 3290; x_wconf 84' lang='lat' dir='ltr'>Regis</span> <span class='ocrx_word' id='word_1_692' title='bbox 1151 3247 1188 3282; x_wconf 57' lang='grc' dir='ltr'>(ζτ-</span> 
     </span>
     <span class='ocr_line' id='line_1_93' title="bbox 612 3293 779 3337; baseline 0 -12"><span class='ocrx_word' id='word_1_693' title='bbox 612 3293 779 3337; x_wconf 75' lang='lat' dir='ltr'>Invaftres.</span> 
     </span>
    </p>
   </div>
   <div class='ocr_carea' id='block_1_20' title="bbox 156 3355 1227 3439">
    <p class='ocr_par' dir='ltr' id='par_1_30' title="bbox 156 3355 1227 3439">
     <span class='ocr_line' id='line_1_94' title="bbox 156 3355 1227 3436; baseline -0.005 -42"><span class='ocrx_word' id='word_1_694' title='bbox 156 3362 324 3436; x_wconf 84' lang='lat' dir='ltr'>JOhannes</span> <span class='ocrx_word' id='word_1_695' title='bbox 340 3360 514 3400; x_wconf 83' lang='lat' dir='ltr'>Episcopus,</span> <span class='ocrx_word' id='word_1_696' title='bbox 531 3358 623 3389; x_wconf 89' lang='lat' dir='ltr'>servus</span> <span class='ocrx_word' id='word_1_697' title='bbox 638 3358 781 3402; x_wconf 79' lang='lat' dir='ltr'>servorum</span> <span class='ocrx_word' id='word_1_698' title='bbox 799 3355 857 3387; x_wconf 91' lang='lat' dir='ltr'>Dei</span> <span class='ocrx_word' id='word_1_699' title='bbox 870 3379 881 3394; x_wconf 93' lang='lat'>,</span> <span class='ocrx_word' id='word_1_700' title='bbox 911 3356 1110 3387; x_wconf 86' lang='lat' dir='ltr'>venerabilibus</span> <span class='ocrx_word' id='word_1_701' title='bbox 1128 3357 1227 3389; x_wconf 84' lang='lat' dir='ltr'>Fratri-</span> 
     </span>
     <span class='ocr_line' id='line_1_95' title="bbox 208 3394 1133 3439; baseline -0.006 -7"><span class='ocrx_word' id='word_1_702' title='bbox 208 3402 274 3439; x_wconf 86' lang='lat' dir='ltr'>bus,</span> <span class='ocrx_word' id='word_1_703' title='bbox 291 3399 515 3438; x_wconf 87' lang='lat' dir='ltr'>Archiepiscopo</span> <span class='ocrx_word' id='word_1_704' title='bbox 534 3395 740 3433; x_wconf 85' lang='lat' dir='ltr'>Cantuariensi,</span> <span class='ocrx_word' id='word_1_705' title='bbox 759 3396 792 3426; x_wconf 91' lang='lat'>&amp;</span> <span class='ocrx_word' id='word_1_706' title='bbox 867 3394 1056 3425; x_wconf 88' lang='lat' dir='ltr'>Wintoniensi</span> <span class='ocrx_word' id='word_1_707' title='bbox 1067 3418 1076 3433; x_wconf 94' lang='lat'>,</span> <span class='ocrx_word' id='word_1_708' title='bbox 1099 3405 1133 3426; x_wconf 89' lang='lat' dir='ltr'>ac</span> 
     </span>
    </p>
   </div>
   <div class='ocr_carea' id='block_1_21' title="bbox 164 3432 1226 3509">
    <p class='ocr_par' dir='ltr' id='par_1_31' title="bbox 164 3432 1226 3509">
     <span class='ocr_line' id='line_1_96' title="bbox 164 3432 1117 3479; baseline -0.005 -10"><span class='ocrx_word' id='word_1_709' title='bbox 164 3438 272 3479; x_wconf 80' lang='lat' dir='ltr'>Elyensi</span> <span class='ocrx_word' id='word_1_710' title='bbox 286 3439 450 3479; x_wconf 84' lang='lat' dir='ltr'>Episcopis,</span> <span class='ocrx_word' id='word_1_711' title='bbox 470 3436 592 3467; x_wconf 88' lang='lat' dir='ltr'>Salutem</span> <span class='ocrx_word' id='word_1_712' title='bbox 607 3435 640 3465; x_wconf 88' lang='lat'>&amp;</span> <span class='ocrx_word' id='word_1_713' title='bbox 659 3433 855 3471; x_wconf 83' lang='lat' dir='ltr'>Apostolicam</span> <span class='ocrx_word' id='word_1_714' title='bbox 874 3432 1117 3464; x_wconf 67' lang='lat' dir='ltr'>Beneditstionem.</span> 
     </span>
     <span class='ocr_line' id='line_1_97' title="bbox 203 3470 1226 3509; baseline -0.003 -3"><span class='ocrx_word' id='word_1_715' title='bbox 203 3479 221 3497; x_wconf 75' lang='lat'>³¹⁵</span> <span class='ocrx_word' id='word_1_716' title='bbox 242 3476 388 3508; x_wconf 84' lang='lat' dir='ltr'>Personam</span> <span class='ocrx_word' id='word_1_717' title='bbox 406 3475 536 3507; x_wconf 76' lang='lat' dir='ltr'>carissimi</span> <span class='ocrx_word' id='word_1_718' title='bbox 555 3475 583 3504; x_wconf 92' lang='lat' dir='ltr'>in</span> <span class='ocrx_word' id='word_1_719' title='bbox 602 3472 718 3502; x_wconf 86' lang='lat' dir='ltr'>Christo</span> <span class='ocrx_word' id='word_1_720' title='bbox 734 3471 781 3501; x_wconf 87' lang='lat' dir='ltr'>filii</span> <span class='ocrx_word' id='word_1_721' title='bbox 806 3471 894 3501; x_wconf 90' lang='lat' dir='ltr'>nostri</span> <span class='ocrx_word' id='word_1_722' title='bbox 910 3470 1031 3501; x_wconf 85' lang='lat' dir='ltr'>Edvaidi</span> <span class='ocrx_word' id='word_1_723' title='bbox 1056 3471 1146 3509; x_wconf 90' lang='lat' dir='ltr'>Regis</span> <span class='ocrx_word' id='word_1_724' title='bbox 1165 3473 1226 3504; x_wconf 93' lang='lat' dir='ltr'>An—</span> 
     </span>
    </p>
   </div>
   <div class='ocr_carea' id='block_1_22' title="bbox 15 3509 1227 3558">
    <p class='ocr_par' dir='ltr' id='par_1_32' title="bbox 15 3509 1227 3558">
     <span class='ocr_line' id='line_1_98' title="bbox 15 3509 1227 3558; baseline -0.004 -11"><span class='ocrx_word' id='word_1_725' title='bbox 15 3525 56 3548; x_wconf 68' lang='grc' dir='ltr'>Ἐκ</span> <span class='ocrx_word' id='word_1_726' title='bbox 90 3524 147 3547; x_wconf 81' lang='lat' dir='ltr'>Au-</span> <span class='ocrx_word' id='word_1_727' title='bbox 167 3515 233 3554; x_wconf 80' lang='lat' dir='ltr'>gliae</span> <span class='ocrx_word' id='word_1_728' title='bbox 249 3514 372 3558; x_wconf 83' lang='lat' dir='ltr'>illustris,</span> <span class='ocrx_word' id='word_1_729' title='bbox 386 3515 496 3553; x_wconf 87' lang='lat' dir='ltr'>ejusque</span> <span class='ocrx_word' id='word_1_730' title='bbox 516 3512 652 3550; x_wconf 81' lang='lat' dir='ltr'>Regnum</span> <span class='ocrx_word' id='word_1_731' title='bbox 667 3510 813 3547; x_wconf 91' lang='lat' dir='ltr'>inclitum,</span> <span class='ocrx_word' id='word_1_732' title='bbox 832 3509 866 3540; x_wconf 66' lang='lat' dir='ltr'>eii</span> <span class='ocrx_word' id='word_1_733' title='bbox 888 3509 1049 3540; x_wconf 60' lang='lat' dir='ltr'>dilectionis</span> <span class='ocrx_word' id='word_1_734' title='bbox 1073 3511 1227 3542; x_wconf 90' lang='lat' dir='ltr'>sinceritate</span> 
     </span>
    </p>
   </div>
   <div class='ocr_carea' id='block_1_23' title="bbox 16 3566 119 3661">
    <p class='ocr_par' dir='ltr' id='par_1_33' title="bbox 16 3566 119 3661">
     <span class='ocr_line' id='line_1_99' title="bbox 16 3566 80 3593; baseline -0.031 -8"><span class='ocrx_word' id='word_1_735' title='bbox 16 3566 80 3593; x_wconf 76' lang='lat' dir='ltr'>togr.</span> 
     </span>
     <span class='ocr_line' id='line_1_100' title="bbox 34 3596 119 3623; baseline 0.012 -1"><span class='ocrx_word' id='word_1_736' title='bbox 34 3596 54 3613; x_wconf 69' lang='lat'>³¹²</span> <span class='ocrx_word' id='word_1_737' title='bbox 65 3597 119 3623; x_wconf 82' lang='lat'>111.</span> 
     </span>
     <span class='ocr_line' id='line_1_101' title="bbox 45 3636 111 3661; baseline 0.015 -1"><span class='ocrx_word' id='word_1_738' title='bbox 45 3636 111 3661; x_wconf 89' lang='lat'><strong>620.</strong></span> 
     </span>
    </p>
   </div>
   <div class='ocr_carea' id='block_1_24' title="bbox 162 3548 1228 4010">
    <p class='ocr_par' dir='ltr' id='par_1_34' title="bbox 162 3548 1228 3894">
     <span class='ocr_line' id='line_1_102' title="bbox 167 3548 1228 3592; baseline -0.005 -8"><span class='ocrx_word' id='word_1_739' title='bbox 167 3554 359 3592; x_wconf 85' lang='lat' dir='ltr'>prosequimur</span> <span class='ocrx_word' id='word_1_740' title='bbox 374 3576 384 3591; x_wconf 88' lang='lat'>,</span> <span class='ocrx_word' id='word_1_741' title='bbox 400 3562 429 3583; x_wconf 91' lang='lat' dir='ltr'>ur</span> <span class='ocrx_word' id='word_1_742' title='bbox 446 3553 526 3582; x_wconf 87' lang='lat' dir='ltr'>suurn</span> <span class='ocrx_word' id='word_1_743' title='bbox 541 3551 665 3586; x_wconf 66' lang='lat' dir='ltr'>dictique</span> <span class='ocrx_word' id='word_1_744' title='bbox 683 3549 779 3585; x_wconf 80' lang='lat' dir='ltr'>Regni</span> <span class='ocrx_word' id='word_1_745' title='bbox 799 3548 914 3585; x_wconf 88' lang='lat' dir='ltr'>statum,</span> <span class='ocrx_word' id='word_1_746' title='bbox 928 3558 943 3577; x_wconf 90' lang='lat' dir='ltr'>a</span> <span class='ocrx_word' id='word_1_747' title='bbox 958 3556 1117 3587; x_wconf 87' lang='lat' dir='ltr'>guerrarum</span> <span class='ocrx_word' id='word_1_748' title='bbox 1134 3549 1228 3579; x_wconf 66' lang='grc' dir='ltr'>8υὲὶί-</span> 
     </span>
     <span class='ocr_line' id='line_1_103' title="bbox 167 3587 1226 3627; baseline -0.004 -6"><span class='ocrx_word' id='word_1_749' title='bbox 167 3594 217 3622; x_wconf 90' lang='lat' dir='ltr'>bus</span> <span class='ocrx_word' id='word_1_750' title='bbox 231 3592 368 3627; x_wconf 79' lang='lat' dir='ltr'>liberum,</span> <span class='ocrx_word' id='word_1_751' title='bbox 387 3592 419 3622; x_wconf 77' lang='grc' dir='ltr'>δε</span> <span class='ocrx_word' id='word_1_752' title='bbox 437 3602 452 3622; x_wconf 87' lang='lat' dir='ltr'>a</span> <span class='ocrx_word' id='word_1_753' title='bbox 469 3590 672 3621; x_wconf 90' lang='lat' dir='ltr'>discriminibus</span> <span class='ocrx_word' id='word_1_754' title='bbox 686 3587 847 3617; x_wconf 87' lang='lat' dir='ltr'>turbationis</span> <span class='ocrx_word' id='word_1_755' title='bbox 863 3588 1164 3623; x_wconf 88' lang='lat' dir='ltr'>immunem,paternis</span> <span class='ocrx_word' id='word_1_756' title='bbox 1177 3587 1226 3617; x_wconf 94' lang='lat' dir='ltr'>de-</span> 
     </span>
     <span class='ocr_line' id='line_1_104' title="bbox 166 3624 1227 3665; baseline -0.006 -5"><span class='ocrx_word' id='word_1_757' title='bbox 166 3630 267 3660; x_wconf 83' lang='lat' dir='ltr'>sideriis</span> <span class='ocrx_word' id='word_1_758' title='bbox 286 3629 444 3659; x_wconf 69' lang='lat' dir='ltr'>affettantes</span> <span class='ocrx_word' id='word_1_759' title='bbox 476 3629 511 3659; x_wconf 89' lang='lat' dir='ltr'>ad</span> <span class='ocrx_word' id='word_1_760' title='bbox 530 3625 736 3665; x_wconf 90' lang='lat' dir='ltr'>procurandum</span> <span class='ocrx_word' id='word_1_761' title='bbox 753 3624 966 3662; x_wconf 80' lang='lat' dir='ltr'>tranquilitatem</span> <span class='ocrx_word' id='word_1_762' title='bbox 991 3624 1023 3654; x_wconf 72' lang='grc' dir='ltr'>ἃ</span> <span class='ocrx_word' id='word_1_763' title='bbox 1049 3626 1173 3664; x_wconf 87' lang='lat' dir='ltr'>quietem</span> <span class='ocrx_word' id='word_1_764' title='bbox 1194 3625 1227 3654; x_wconf 90' lang='lat' dir='ltr'>il—</span> 
     </span>
     <span class='ocr_line' id='line_1_105' title="bbox 164 3652 1227 3705; baseline -0.003 -8"><span class='ocrx_word' id='word_1_765' title='bbox 164 3668 232 3705; x_wconf 86' lang='lat' dir='ltr'>lius,</span> <span class='ocrx_word' id='word_1_766' title='bbox 248 3676 418 3703; x_wconf 87' lang='lat' dir='ltr'>oportunum</span> <span class='ocrx_word' id='word_1_767' title='bbox 437 3652 611 3705; x_wconf 44' lang='lat' dir='ltr'>lipostolicae</span> <span class='ocrx_word' id='word_1_768' title='bbox 629 3665 708 3695; x_wconf 88' lang='lat' dir='ltr'>Sedis</span> <span class='ocrx_word' id='word_1_769' title='bbox 723 3666 848 3694; x_wconf 82' lang='lat' dir='ltr'>favorem</span> <span class='ocrx_word' id='word_1_770' title='bbox 871 3686 881 3701; x_wconf 82' lang='lat'>,</span> <span class='ocrx_word' id='word_1_771' title='bbox 918 3670 1051 3699; x_wconf 84' lang='lat' dir='ltr'>quantum</span> <span class='ocrx_word' id='word_1_772' title='bbox 1070 3672 1139 3692; x_wconf 90' lang='lat' dir='ltr'>cum</span> <span class='ocrx_word' id='word_1_773' title='bbox 1158 3662 1227 3694; x_wconf 90' lang='lat' dir='ltr'>Deo</span> 
     </span>
     <span class='ocr_line' id='line_1_106' title="bbox 162 3700 1226 3747; baseline -0.003 -12"><span class='ocrx_word' id='word_1_774' title='bbox 162 3706 310 3744; x_wconf 74' lang='lat' dir='ltr'>possumus</span> <span class='ocrx_word' id='word_1_775' title='bbox 324 3728 334 3747; x_wconf 52' lang='grc' dir='ltr'>Σ</span> <span class='ocrx_word' id='word_1_776' title='bbox 364 3705 507 3735; x_wconf 85' lang='lat' dir='ltr'>liberaliter</span> <span class='ocrx_word' id='word_1_777' title='bbox 525 3704 735 3742; x_wconf 85' lang='lat' dir='ltr'>impendamus,</span> <span class='ocrx_word' id='word_1_778' title='bbox 758 3702 885 3739; x_wconf 89' lang='lat' dir='ltr'>quatinus</span> <span class='ocrx_word' id='word_1_779' title='bbox 904 3700 966 3730; x_wconf 83' lang='lat' dir='ltr'>Rex</span> <span class='ocrx_word' id='word_1_780' title='bbox 982 3700 1038 3737; x_wconf 88' lang='lat' dir='ltr'>ipse</span> <span class='ocrx_word' id='word_1_781' title='bbox 1054 3723 1063 3737; x_wconf 93' lang='lat'>,</span> <span class='ocrx_word' id='word_1_782' title='bbox 1085 3700 1226 3732; x_wconf 87' lang='lat' dir='ltr'>securitate</span> 
     </span>
     <span class='ocr_line' id='line_1_107' title="bbox 164 3739 1224 3779; baseline -0.005 -5"><span class='ocrx_word' id='word_1_783' title='bbox 164 3745 216 3774; x_wconf 91' lang='lat' dir='ltr'>sibi</span> <span class='ocrx_word' id='word_1_784' title='bbox 234 3743 269 3773; x_wconf 94' lang='lat' dir='ltr'>ab</span> <span class='ocrx_word' id='word_1_785' title='bbox 287 3743 386 3772; x_wconf 87' lang='lat' dir='ltr'>insidiis</span> <span class='ocrx_word' id='word_1_786' title='bbox 404 3744 570 3773; x_wconf 78' lang='lat' dir='ltr'>aemulorum</span> <span class='ocrx_word' id='word_1_787' title='bbox 588 3741 878 3779; x_wconf 64' lang='lat' dir='ltr'>indults,utilitatibus</span> <span class='ocrx_word' id='word_1_788' title='bbox 896 3739 1015 3777; x_wconf 87' lang='lat' dir='ltr'>propriis</span> <span class='ocrx_word' id='word_1_789' title='bbox 1032 3739 1147 3770; x_wconf 79' lang='lat' dir='ltr'>liberius</span> <span class='ocrx_word' id='word_1_790' title='bbox 1160 3749 1224 3777; x_wconf 91' lang='lat' dir='ltr'>pos—</span> 
     </span>
     <span class='ocr_line' id='line_1_108' title="bbox 164 3777 1224 3818; baseline -0.004 -6"><span class='ocrx_word' id='word_1_791' title='bbox 164 3782 197 3812; x_wconf 87' lang='lat' dir='ltr'>sit</span> <span class='ocrx_word' id='word_1_792' title='bbox 216 3780 374 3818; x_wconf 80' lang='lat' dir='ltr'>intendere,</span> <span class='ocrx_word' id='word_1_793' title='bbox 392 3781 471 3818; x_wconf 84' lang='lat' dir='ltr'>seque</span> <span class='ocrx_word' id='word_1_794' title='bbox 490 3781 524 3811; x_wconf 91' lang='lat' dir='ltr'>ad</span> <span class='ocrx_word' id='word_1_795' title='bbox 539 3779 735 3810; x_wconf 88' lang='lat' dir='ltr'>assumendum</span> <span class='ocrx_word' id='word_1_796' title='bbox 753 3779 901 3815; x_wconf 84' lang='lat' dir='ltr'>negotium</span> <span class='ocrx_word' id='word_1_797' title='bbox 918 3777 1015 3807; x_wconf 79' lang='lat' dir='ltr'>Terrae</span> <span class='ocrx_word' id='word_1_798' title='bbox 1032 3777 1151 3816; x_wconf 64' lang='lat' dir='ltr'>szin&amp;ae,</span> <span class='ocrx_word' id='word_1_799' title='bbox 1171 3788 1224 3808; x_wconf 90' lang='lat' dir='ltr'>no-</span> 
     </span>
     <span class='ocr_line' id='line_1_109' title="bbox 164 3815 1223 3857; baseline -0.004 -6"><span class='ocrx_word' id='word_1_800' title='bbox 164 3820 225 3851; x_wconf 90' lang='lat' dir='ltr'>stris</span> <span class='ocrx_word' id='word_1_801' title='bbox 238 3818 398 3857; x_wconf 82' lang='lat' dir='ltr'>praecordiis</span> <span class='ocrx_word' id='word_1_802' title='bbox 416 3829 475 3848; x_wconf 85' lang='lat' dir='ltr'>non</span> <span class='ocrx_word' id='word_1_803' title='bbox 494 3819 673 3849; x_wconf 86' lang='lat' dir='ltr'>mediocriter</span> <span class='ocrx_word' id='word_1_804' title='bbox 690 3817 826 3855; x_wconf 88' lang='lat' dir='ltr'>insidens,</span> <span class='ocrx_word' id='word_1_805' title='bbox 838 3816 873 3847; x_wconf 91' lang='lat' dir='ltr'>ad</span> <span class='ocrx_word' id='word_1_806' title='bbox 893 3815 985 3854; x_wconf 88' lang='lat' dir='ltr'>quod,</span> <span class='ocrx_word' id='word_1_807' title='bbox 997 3822 1027 3846; x_wconf 88' lang='lat' dir='ltr'>ut</span> <span class='ocrx_word' id='word_1_808' title='bbox 1046 3815 1154 3854; x_wconf 78' lang='lat' dir='ltr'>asserit,</span> <span class='ocrx_word' id='word_1_809' title='bbox 1168 3815 1223 3848; x_wconf 91' lang='lat' dir='ltr'>fer-</span> 
     </span>
     <span class='ocr_line' id='line_1_110' title="bbox 163 3856 815 3894; baseline -0.008 -5"><span class='ocrx_word' id='word_1_810' title='bbox 163 3866 261 3891; x_wconf 86' lang='lat' dir='ltr'>venter</span> <span class='ocrx_word' id='word_1_811' title='bbox 273 3856 397 3894; x_wconf 83' lang='lat' dir='ltr'>anhelat,</span> <span class='ocrx_word' id='word_1_812' title='bbox 417 3857 533 3886; x_wconf 77' lang='lat' dir='ltr'>habilius</span> <span class='ocrx_word' id='word_1_813' title='bbox 551 3857 639 3887; x_wconf 87' lang='lat' dir='ltr'>valeat</span> <span class='ocrx_word' id='word_1_814' title='bbox 655 3865 815 3893; x_wconf 85' lang='lat' dir='ltr'>praeparare.</span> 
     </span>
    </p>

    <p class='ocr_par' dir='ltr' id='par_1_35' title="bbox 162 3891 1221 4010">
     <span class='ocr_line' id='line_1_111' title="bbox 201 3891 1221 3931; baseline -0.003 -5"><span class='ocrx_word' id='word_1_815' title='bbox 201 3895 281 3926; x_wconf 80' lang='lat' dir='ltr'>Cum</span> <span class='ocrx_word' id='word_1_816' title='bbox 299 3896 337 3924; x_wconf 87' lang='lat' dir='ltr'>ita</span> <span class='ocrx_word' id='word_1_817' title='bbox 358 3904 410 3931; x_wconf 88' lang='lat' dir='ltr'>ue,</span> <span class='ocrx_word' id='word_1_818' title='bbox 423 3894 490 3924; x_wconf 88' lang='lat' dir='ltr'>sicut</span> <span class='ocrx_word' id='word_1_819' title='bbox 508 3894 680 3931; x_wconf 89' lang='lat' dir='ltr'>displicenter</span> <span class='ocrx_word' id='word_1_820' title='bbox 697 3893 866 3930; x_wconf 56' lang='lat' dir='ltr'>audivimus,</span> <span class='ocrx_word' id='word_1_821' title='bbox 883 3892 1014 3923; x_wconf 89' lang='lat' dir='ltr'>nonnulli</span> <span class='ocrx_word' id='word_1_822' title='bbox 1030 3891 1169 3930; x_wconf 82' lang='lat' dir='ltr'>Nobiles,</span> <span class='ocrx_word' id='word_1_823' title='bbox 1187 3892 1221 3923; x_wconf 75' lang='grc' dir='ltr'>δε</span> 
     </span>
     <span class='ocr_line' id='line_1_112' title="bbox 162 3930 1219 3974; baseline -0.006 -8"><span class='ocrx_word' id='word_1_824' title='bbox 162 3934 324 3974; x_wconf 85' lang='lat' dir='ltr'>Magnates,</span> <span class='ocrx_word' id='word_1_825' title='bbox 367 3941 450 3968; x_wconf 89' lang='lat' dir='ltr'>egem</span> <span class='ocrx_word' id='word_1_826' title='bbox 468 3932 555 3968; x_wconf 85' lang='lat' dir='ltr'>ipsum</span> <span class='ocrx_word' id='word_1_827' title='bbox 567 3954 576 3969; x_wconf 92' lang='lat'>,</span> <span class='ocrx_word' id='word_1_828' title='bbox 594 3933 626 3962; x_wconf 84' lang='lat'>&amp;</span> <span class='ocrx_word' id='word_1_829' title='bbox 646 3932 785 3968; x_wconf 84' lang='lat' dir='ltr'>Regnum</span> <span class='ocrx_word' id='word_1_830' title='bbox 804 3931 933 3968; x_wconf 87' lang='lat' dir='ltr'>Angliae,</span> <span class='ocrx_word' id='word_1_831' title='bbox 952 3940 985 3962; x_wconf 86' lang='lat' dir='ltr'>ac</span> <span class='ocrx_word' id='word_1_832' title='bbox 1007 3930 1127 3960; x_wconf 86' lang='lat' dir='ltr'>Terram</span> <span class='ocrx_word' id='word_1_833' title='bbox 1143 3930 1219 3960; x_wconf 91' lang='lat' dir='ltr'>suam</span> 
     </span>
     <span class='ocr_line' id='line_1_113' title="bbox 162 3968 1218 4010; baseline -0.007 -5"><span class='ocrx_word' id='word_1_834' title='bbox 162 3973 324 4010; x_wconf 84' lang='lat' dir='ltr'>Hiberniae,</span> <span class='ocrx_word' id='word_1_835' title='bbox 343 3969 471 4001; x_wconf 87' lang='lat' dir='ltr'>invadere</span> <span class='ocrx_word' id='word_1_836' title='bbox 488 3969 550 4000; x_wconf 82' lang='lat' dir='ltr'>ausu</span> <span class='ocrx_word' id='word_1_837' title='bbox 568 3970 686 4000; x_wconf 86' lang='lat' dir='ltr'>nitantur</span> <span class='ocrx_word' id='word_1_838' title='bbox 705 3969 894 4007; x_wconf 76' lang='lat' dir='ltr'>illicito3nos,</span> <span class='ocrx_word' id='word_1_839' title='bbox 910 3978 1010 3999; x_wconf 86' lang='lat' dir='ltr'>eorum</span> <span class='ocrx_word' id='word_1_840' title='bbox 1027 3969 1056 3999; x_wconf 90' lang='lat' dir='ltr'>in</span> <span class='ocrx_word' id='word_1_841' title='bbox 1073 3968 1128 4000; x_wconf 67' lang='lat' dir='ltr'>hfic</span> <span class='ocrx_word' id='word_1_842' title='bbox 1144 3977 1218 4006; x_wconf 79' lang='lat' dir='ltr'>parte</span> 
     </span>
    </p>
   </div>
   <div class='ocr_carea' id='block_1_25' title="bbox 1275 273 2352 1202">
    <p class='ocr_par' dir='ltr' id='par_1_36' title="bbox 1281 273 2352 659">
     <span class='ocr_line' id='line_1_114' title="bbox 1285 273 2352 317; baseline 0.002 -11"><span class='ocrx_word' id='word_1_843' title='bbox 1285 279 1365 314; x_wconf 81' lang='lat' dir='ltr'>lum,</span> <span class='ocrx_word' id='word_1_844' title='bbox 1382 276 1537 313; x_wconf 84' lang='lat' dir='ltr'>Regnum,</span> <span class='ocrx_word' id='word_1_845' title='bbox 1553 275 1587 306; x_wconf 89' lang='lat'>&amp;</span> <span class='ocrx_word' id='word_1_846' title='bbox 1604 275 1726 305; x_wconf 88' lang='lat' dir='ltr'>Terram</span> <span class='ocrx_word' id='word_1_847' title='bbox 1746 273 1883 312; x_wconf 66' lang='lat' dir='ltr'>praedieta</span> <span class='ocrx_word' id='word_1_848' title='bbox 1899 273 2031 304; x_wconf 82' lang='lat' dir='ltr'>invadere</span> <span class='ocrx_word' id='word_1_849' title='bbox 2042 296 2052 312; x_wconf 91' lang='lat'>,</span> <span class='ocrx_word' id='word_1_850' title='bbox 2077 283 2124 305; x_wconf 89' lang='lat' dir='ltr'>aut</span> <span class='ocrx_word' id='word_1_851' title='bbox 2148 274 2288 314; x_wconf 86' lang='lat' dir='ltr'>Regnum</span> <span class='ocrx_word' id='word_1_852' title='bbox 2306 280 2352 317; x_wconf 87' lang='lat' dir='ltr'>ip-</span> 
     </span>
     <span class='ocr_line' id='line_1_115' title="bbox 1284 311 2350 354; baseline -0.001 -9"><span class='ocrx_word' id='word_1_853' title='bbox 1284 314 1363 354; x_wconf 90' lang='lat' dir='ltr'>sum,</span> <span class='ocrx_word' id='word_1_854' title='bbox 1380 315 1413 346; x_wconf 89' lang='lat'>&amp;</span> <span class='ocrx_word' id='word_1_855' title='bbox 1431 314 1551 345; x_wconf 87' lang='lat' dir='ltr'>Terram</span> <span class='ocrx_word' id='word_1_856' title='bbox 1565 323 1663 344; x_wconf 90' lang='lat' dir='ltr'>contra</span> <span class='ocrx_word' id='word_1_857' title='bbox 1682 313 1797 350; x_wconf 85' lang='lat' dir='ltr'>Regem</span> <span class='ocrx_word' id='word_1_858' title='bbox 1817 311 1938 342; x_wconf 89' lang='lat' dir='ltr'>eundem</span> <span class='ocrx_word' id='word_1_859' title='bbox 1951 335 1961 351; x_wconf 96' lang='lat'>,</span> <span class='ocrx_word' id='word_1_860' title='bbox 1990 322 2058 343; x_wconf 88' lang='lat' dir='ltr'>cum</span> <span class='ocrx_word' id='word_1_861' title='bbox 2083 313 2178 344; x_wconf 91' lang='lat' dir='ltr'>Armis</span> <span class='ocrx_word' id='word_1_862' title='bbox 2192 337 2202 353; x_wconf 92' lang='lat'>,</span> <span class='ocrx_word' id='word_1_863' title='bbox 2227 316 2272 347; x_wconf 89' lang='lat' dir='ltr'>vel</span> <span class='ocrx_word' id='word_1_864' title='bbox 2293 317 2350 348; x_wconf 82' lang='lat' dir='ltr'>fine</span> 
     </span>
     <span class='ocr_line' id='line_1_116' title="bbox 1285 351 2350 396; baseline 0.004 -14"><span class='ocrx_word' id='word_1_865' title='bbox 1285 352 1383 396; x_wconf 65' lang='lat' dir='ltr'>Armis</span> <span class='ocrx_word' id='word_1_866' title='bbox 1399 354 1500 384; x_wconf 85' lang='lat' dir='ltr'>intrare</span> <span class='ocrx_word' id='word_1_867' title='bbox 1514 351 1749 393; x_wconf 83' lang='lat' dir='ltr'>praesumpserint,</span> <span class='ocrx_word' id='word_1_868' title='bbox 1764 351 1809 382; x_wconf 87' lang='lat' dir='ltr'>vel</span> <span class='ocrx_word' id='word_1_869' title='bbox 1826 351 1890 381; x_wconf 74' lang='lat' dir='ltr'>alias</span> <span class='ocrx_word' id='word_1_870' title='bbox 1908 351 2071 382; x_wconf 90' lang='lat' dir='ltr'>intrantibus</span> <span class='ocrx_word' id='word_1_871' title='bbox 2085 352 2201 391; x_wconf 82' lang='lat' dir='ltr'>ipsis,ut</span> <span class='ocrx_word' id='word_1_872' title='bbox 2219 357 2350 392; x_wconf 86' lang='lat' dir='ltr'>praemit-</span> 
     </span>
     <span class='ocr_line' id='line_1_117' title="bbox 1282 389 2349 431; baseline 0.003 -10"><span class='ocrx_word' id='word_1_873' title='bbox 1282 399 1365 430; x_wconf 84' lang='lat' dir='ltr'>titur,</span> <span class='ocrx_word' id='word_1_874' title='bbox 1382 391 1426 422; x_wconf 89' lang='lat' dir='ltr'>seu</span> <span class='ocrx_word' id='word_1_875' title='bbox 1444 391 1628 428; x_wconf 88' lang='lat' dir='ltr'>invasoribus,</span> <span class='ocrx_word' id='word_1_876' title='bbox 1647 393 1674 420; x_wconf 89' lang='lat' dir='ltr'>in</span> <span class='ocrx_word' id='word_1_877' title='bbox 1693 389 1834 427; x_wconf 56' lang='lat' dir='ltr'>Pecunia,</span> <span class='ocrx_word' id='word_1_878' title='bbox 1852 389 1955 427; x_wconf 89' lang='lat' dir='ltr'>Equis,</span> <span class='ocrx_word' id='word_1_879' title='bbox 1973 390 2086 428; x_wconf 84' lang='lat' dir='ltr'>Armis,</span> <span class='ocrx_word' id='word_1_880' title='bbox 2101 390 2145 421; x_wconf 92' lang='lat' dir='ltr'>vel</span> <span class='ocrx_word' id='word_1_881' title='bbox 2163 391 2222 422; x_wconf 84' lang='lat' dir='ltr'>aliis</span> <span class='ocrx_word' id='word_1_882' title='bbox 2239 393 2349 431; x_wconf 76' lang='lat' dir='ltr'>praesti-</span> 
     </span>
     <span class='ocr_line' id='line_1_118' title="bbox 1282 428 2330 467; baseline 0.003 -8"><span class='ocrx_word' id='word_1_883' title='bbox 1282 431 1363 460; x_wconf 90' lang='lat' dir='ltr'>terint</span> <span class='ocrx_word' id='word_1_884' title='bbox 1380 430 1530 467; x_wconf 84' lang='lat' dir='ltr'>auxilium,</span> <span class='ocrx_word' id='word_1_885' title='bbox 1548 430 1711 467; x_wconf 90' lang='lat' dir='ltr'>consilium,</span> <span class='ocrx_word' id='word_1_886' title='bbox 1726 429 1772 459; x_wconf 86' lang='lat' dir='ltr'>vel</span> <span class='ocrx_word' id='word_1_887' title='bbox 1788 428 1920 458; x_wconf 86' lang='lat' dir='ltr'>favorem</span> <span class='ocrx_word' id='word_1_888' title='bbox 1937 428 2104 467; x_wconf 89' lang='lat' dir='ltr'>publicum,</span> <span class='ocrx_word' id='word_1_889' title='bbox 2120 429 2165 460; x_wconf 89' lang='lat' dir='ltr'>vel</span> <span class='ocrx_word' id='word_1_890' title='bbox 2182 432 2330 462; x_wconf 88' lang='lat' dir='ltr'>occultum</span> 
     </span>
     <span class='ocr_line' id='line_1_119' title="bbox 1283 455 2348 511; baseline 0.004 -13"><span class='ocrx_word' id='word_1_891' title='bbox 1283 464 1596 511; x_wconf 79' lang='lat' dir='ltr'>Excommunicationis</span> <span class='ocrx_word' id='word_1_892' title='bbox 1614 467 1775 497; x_wconf 87' lang='lat' dir='ltr'>sententiam</span> <span class='ocrx_word' id='word_1_893' title='bbox 1797 466 2025 505; x_wconf 80' lang='lat' dir='ltr'>promulgamus,</span> <span class='ocrx_word' id='word_1_894' title='bbox 2041 478 2057 498; x_wconf 90' lang='lat' dir='ltr'>a</span> <span class='ocrx_word' id='word_1_895' title='bbox 2077 468 2131 505; x_wconf 56' lang='lat' dir='ltr'>quii</span> <span class='ocrx_word' id='word_1_896' title='bbox 2151 478 2198 499; x_wconf 93' lang='lat' dir='ltr'>eos</span> <span class='ocrx_word' id='word_1_897' title='bbox 2215 470 2271 501; x_wconf 89' lang='lat' dir='ltr'>sine</span> <span class='ocrx_word' id='word_1_898' title='bbox 2287 455 2348 508; x_wconf 69' lang='lat' dir='ltr'>spe³</span> 
     </span>
     <span class='ocr_line' id='line_1_120' title="bbox 1281 504 2331 550; baseline 0.005 -15"><span class='ocrx_word' id='word_1_899' title='bbox 1281 506 1346 536; x_wconf 87' lang='lat' dir='ltr'>ciali</span> <span class='ocrx_word' id='word_1_900' title='bbox 1357 508 1498 550; x_wconf 36' lang='lat' dir='ltr'>&#39;mandato</span> <span class='ocrx_word' id='word_1_901' title='bbox 1516 505 1593 536; x_wconf 88' lang='lat' dir='ltr'>Sedis</span> <span class='ocrx_word' id='word_1_902' title='bbox 1616 505 1792 544; x_wconf 82' lang='lat' dir='ltr'>Apostolicae</span> <span class='ocrx_word' id='word_1_903' title='bbox 1818 528 1829 543; x_wconf 86' lang='lat'>,</span> <span class='ocrx_word' id='word_1_904' title='bbox 1863 505 1914 534; x_wconf 89' lang='lat' dir='ltr'>nisi</span> <span class='ocrx_word' id='word_1_905' title='bbox 1937 504 2028 535; x_wconf 90' lang='lat' dir='ltr'>forsan</span> <span class='ocrx_word' id='word_1_906' title='bbox 2046 507 2076 535; x_wconf 91' lang='lat' dir='ltr'>in</span> <span class='ocrx_word' id='word_1_907' title='bbox 2095 508 2195 538; x_wconf 87' lang='lat' dir='ltr'>mortis</span> <span class='ocrx_word' id='word_1_908' title='bbox 2211 510 2331 540; x_wconf 90' lang='lat' dir='ltr'>articulo</span> 
     </span>
     <span class='ocr_line' id='line_1_121' title="bbox 1281 534 2350 588; baseline 0.002 -14"><span class='ocrx_word' id='word_1_909' title='bbox 1281 545 1463 588; x_wconf 80' lang='lat' dir='ltr'>prohibemus</span> <span class='ocrx_word' id='word_1_910' title='bbox 1480 544 1596 575; x_wconf 81' lang='lat' dir='ltr'>absolvi:</span> <span class='ocrx_word' id='word_1_911' title='bbox 1616 544 1650 575; x_wconf 92' lang='lat' dir='ltr'>In</span> <span class='ocrx_word' id='word_1_912' title='bbox 1669 554 1726 582; x_wconf 90' lang='lat' dir='ltr'>quo</span> <span class='ocrx_word' id='word_1_913' title='bbox 1743 545 1763 574; x_wconf 91' lang='lat' dir='ltr'>si</span> <span class='ocrx_word' id='word_1_914' title='bbox 1780 543 1885 574; x_wconf 89' lang='lat' dir='ltr'>fuerint</span> <span class='ocrx_word' id='word_1_915' title='bbox 1902 542 2036 582; x_wconf 77' lang='lat' dir='ltr'>absoluti,</span> <span class='ocrx_word' id='word_1_916' title='bbox 2053 545 2087 575; x_wconf 90' lang='lat'>&amp;</span> <span class='ocrx_word' id='word_1_917' title='bbox 2106 544 2177 583; x_wconf 88' lang='lat' dir='ltr'>ipsos</span> <span class='ocrx_word' id='word_1_918' title='bbox 2196 534 2350 585; x_wconf 71' lang='lat' dir='ltr'>contigerii&#39;:</span> 
     </span>
     <span class='ocr_line' id='line_1_122' title="bbox 1281 581 2350 627; baseline 0.005 -15"><span class='ocrx_word' id='word_1_919' title='bbox 1281 583 1384 627; x_wconf 74' lang='lat' dir='ltr'>sanitati</span> <span class='ocrx_word' id='word_1_920' title='bbox 1402 583 1525 622; x_wconf 88' lang='lat' dir='ltr'>restitui,</span> <span class='ocrx_word' id='word_1_921' title='bbox 1542 583 1591 613; x_wconf 88' lang='lat' dir='ltr'>nifi</span> <span class='ocrx_word' id='word_1_922' title='bbox 1608 582 1783 614; x_wconf 84' lang='lat' dir='ltr'>satisfecerint</span> <span class='ocrx_word' id='word_1_923' title='bbox 1801 581 1871 613; x_wconf 85' lang='lat' dir='ltr'>infra</span> <span class='ocrx_word' id='word_1_924' title='bbox 1889 581 2021 612; x_wconf 86' lang='lat' dir='ltr'>Mensem</span> <span class='ocrx_word' id='word_1_925' title='bbox 2027 582 2148 622; x_wconf 70' lang='lat' dir='ltr'>‚eadem</span> <span class='ocrx_word' id='word_1_926' title='bbox 2165 584 2298 617; x_wconf 60' lang='lat' dir='ltr'>sententis</span> <span class='ocrx_word' id='word_1_927' title='bbox 2314 586 2350 617; x_wconf 89' lang='lat' dir='ltr'>li-</span> 
     </span>
     <span class='ocr_line' id='line_1_123' title="bbox 1281 621 1622 659; baseline 0.003 -8"><span class='ocrx_word' id='word_1_928' title='bbox 1281 630 1342 659; x_wconf 81' lang='lat' dir='ltr'>gart</span> <span class='ocrx_word' id='word_1_929' title='bbox 1359 621 1491 652; x_wconf 89' lang='lat' dir='ltr'>volumus</span> <span class='ocrx_word' id='word_1_930' title='bbox 1504 631 1540 652; x_wconf 90' lang='lat' dir='ltr'>eo</span> <span class='ocrx_word' id='word_1_931' title='bbox 1553 621 1622 659; x_wconf 83' lang='lat' dir='ltr'>ipso.</span> 
     </span>
    </p>

    <p class='ocr_par' dir='ltr' id='par_1_37' title="bbox 1277 658 2352 850">
     <span class='ocr_line' id='line_1_124' title="bbox 1321 658 2352 704; baseline 0.004 -14"><span class='ocrx_word' id='word_1_932' title='bbox 1321 660 1467 704; x_wconf 84' lang='lat' dir='ltr'>roirca</span> <span class='ocrx_word' id='word_1_933' title='bbox 1486 660 1656 690; x_wconf 85' lang='lat' dir='ltr'>Fraternitati</span> <span class='ocrx_word' id='word_1_934' title='bbox 1674 659 1772 691; x_wconf 84' lang='lat' dir='ltr'>vestrae</span> <span class='ocrx_word' id='word_1_935' title='bbox 1790 670 1839 698; x_wconf 88' lang='lat' dir='ltr'>per</span> <span class='ocrx_word' id='word_1_936' title='bbox 1862 658 2028 698; x_wconf 88' lang='lat' dir='ltr'>Apostolica</span> <span class='ocrx_word' id='word_1_937' title='bbox 2053 659 2152 698; x_wconf 87' lang='lat' dir='ltr'>scripta</span> <span class='ocrx_word' id='word_1_938' title='bbox 2169 662 2352 701; x_wconf 61' lang='lat' dir='ltr'>mandamus,</span> 
     </span>
     <span class='ocr_line' id='line_1_125' title="bbox 1281 697 2351 742; baseline 0.005 -15"><span class='ocrx_word' id='word_1_939' title='bbox 1281 707 1406 742; x_wconf 79' lang='lat' dir='ltr'>quatinus</span> <span class='ocrx_word' id='word_1_940' title='bbox 1423 708 1489 742; x_wconf 75' lang='lat' dir='ltr'>vos,</span> <span class='ocrx_word' id='word_1_941' title='bbox 1503 697 1549 729; x_wconf 90' lang='lat' dir='ltr'>vel</span> <span class='ocrx_word' id='word_1_942' title='bbox 1566 698 1631 741; x_wconf 78' lang='lat' dir='ltr'>alter</span> <span class='ocrx_word' id='word_1_943' title='bbox 1648 698 1791 737; x_wconf 70' lang='lat' dir='ltr'>vestrum,</span> <span class='ocrx_word' id='word_1_944' title='bbox 1809 708 1858 736; x_wconf 89' lang='lat' dir='ltr'>per</span> <span class='ocrx_word' id='word_1_945' title='bbox 1874 708 1940 737; x_wconf 89' lang='lat' dir='ltr'>vos,</span> <span class='ocrx_word' id='word_1_946' title='bbox 1959 698 2005 729; x_wconf 92' lang='lat' dir='ltr'>vel</span> <span class='ocrx_word' id='word_1_947' title='bbox 2021 699 2123 737; x_wconf 87' lang='lat' dir='ltr'>alium,</span> <span class='ocrx_word' id='word_1_948' title='bbox 2139 699 2184 730; x_wconf 90' lang='lat' dir='ltr'>seu</span> <span class='ocrx_word' id='word_1_949' title='bbox 2199 701 2283 740; x_wconf 91' lang='lat' dir='ltr'>alios,</span> <span class='ocrx_word' id='word_1_950' title='bbox 2298 702 2351 732; x_wconf 91' lang='lat' dir='ltr'>hu-</span> 
     </span>
     <span class='ocr_line' id='line_1_126' title="bbox 1277 736 2350 780; baseline 0.004 -14"><span class='ocrx_word' id='word_1_951' title='bbox 1277 736 1401 780; x_wconf 79' lang='lat' dir='ltr'>jusmodi</span> <span class='ocrx_word' id='word_1_952' title='bbox 1420 737 1735 780; x_wconf 77' lang='lat' dir='ltr'>Excommunicationis</span> <span class='ocrx_word' id='word_1_953' title='bbox 1752 737 1933 776; x_wconf 85' lang='lat' dir='ltr'>sententiam,</span> <span class='ocrx_word' id='word_1_954' title='bbox 1948 738 2111 775; x_wconf 89' lang='lat' dir='ltr'>ubicunque</span> <span class='ocrx_word' id='word_1_955' title='bbox 2123 738 2254 776; x_wconf 81' lang='lat' dir='ltr'>expedire</span> <span class='ocrx_word' id='word_1_956' title='bbox 2271 740 2350 770; x_wconf 90' lang='lat' dir='ltr'>vide-</span> 
     </span>
     <span class='ocr_line' id='line_1_127' title="bbox 1282 774 2350 843; baseline 0.006 -39"><span class='ocrx_word' id='word_1_957' title='bbox 1282 784 1358 843; x_wconf 47' lang='lat' dir='ltr'>rithl,</span> <span class='ocrx_word' id='word_1_958' title='bbox 1380 776 1413 805; x_wconf 86' lang='lat'>&amp;</span> <span class='ocrx_word' id='word_1_959' title='bbox 1432 775 1577 813; x_wconf 79' lang='lat' dir='ltr'>praecipue</span> <span class='ocrx_word' id='word_1_960' title='bbox 1601 785 1631 804; x_wconf 85' lang='lat' dir='ltr'>tn</span> <span class='ocrx_word' id='word_1_961' title='bbox 1648 774 1718 805; x_wconf 88' lang='lat' dir='ltr'>locis</span> <span class='ocrx_word' id='word_1_962' title='bbox 1737 775 1909 813; x_wconf 82' lang='lat' dir='ltr'>Maritimis,</span> <span class='ocrx_word' id='word_1_963' title='bbox 1922 775 1968 807; x_wconf 88' lang='lat' dir='ltr'>seu</span> <span class='ocrx_word' id='word_1_964' title='bbox 1990 775 2067 807; x_wconf 89' lang='lat' dir='ltr'>Mari</span> <span class='ocrx_word' id='word_1_965' title='bbox 2090 777 2189 807; x_wconf 89' lang='lat' dir='ltr'>vicinis</span> <span class='ocrx_word' id='word_1_966' title='bbox 2203 777 2350 810; x_wconf 84' lang='lat' dir='ltr'>solenniter</span> 
     </span>
     <span class='ocr_line' id='line_1_128' title="bbox 1279 822 1436 850; baseline 0 -7"><span class='ocrx_word' id='word_1_967' title='bbox 1279 822 1318 850; x_wconf 89' lang='lat' dir='ltr'>pu</span> <span class='ocrx_word' id='word_1_968' title='bbox 1350 823 1436 844; x_wconf 88' lang='lat' dir='ltr'>icetis.</span> 
     </span>
    </p>

    <p class='ocr_par' dir='ltr' id='par_1_38' title="bbox 1275 851 2352 1152">
     <span class='ocr_line' id='line_1_129' title="bbox 1319 851 2352 894; baseline 0.004 -13"><span class='ocrx_word' id='word_1_969' title='bbox 1319 852 1392 881; x_wconf 91' lang='lat' dir='ltr'>Non</span> <span class='ocrx_word' id='word_1_970' title='bbox 1409 851 1537 882; x_wconf 86' lang='lat' dir='ltr'>obstante</span> <span class='ocrx_word' id='word_1_971' title='bbox 1552 851 1572 882; x_wconf 77' lang='lat' dir='ltr'>si</span> <span class='ocrx_word' id='word_1_972' title='bbox 1592 851 1694 890; x_wconf 86' lang='lat' dir='ltr'>alicui,</span> <span class='ocrx_word' id='word_1_973' title='bbox 1715 852 1761 883; x_wconf 89' lang='lat' dir='ltr'>vel</span> <span class='ocrx_word' id='word_1_974' title='bbox 1780 851 1915 890; x_wconf 91' lang='lat' dir='ltr'>aliquibus</span> <span class='ocrx_word' id='word_1_975' title='bbox 1929 875 1939 890; x_wconf 91' lang='lat'>,</span> <span class='ocrx_word' id='word_1_976' title='bbox 1966 851 2017 884; x_wconf 92' lang='lat' dir='ltr'>sub</span> <span class='ocrx_word' id='word_1_977' title='bbox 2037 853 2217 893; x_wconf 63' lang='lat' dir='ltr'>quicumque</span> <span class='ocrx_word' id='word_1_978' title='bbox 2235 853 2352 894; x_wconf 68' lang='lat' dir='ltr'>forma,</span> 
     </span>
     <span class='ocr_line' id='line_1_130' title="bbox 1280 889 2351 931; baseline 0.006 -12"><span class='ocrx_word' id='word_1_979' title='bbox 1280 890 1325 920; x_wconf 85' lang='lat' dir='ltr'>vel</span> <span class='ocrx_word' id='word_1_980' title='bbox 1341 892 1534 928; x_wconf 88' lang='lat' dir='ltr'>conceptione</span> <span class='ocrx_word' id='word_1_981' title='bbox 1549 891 1720 928; x_wconf 89' lang='lat' dir='ltr'>verborum,</span> <span class='ocrx_word' id='word_1_982' title='bbox 1736 901 1752 921; x_wconf 87' lang='lat' dir='ltr'>a</span> <span class='ocrx_word' id='word_1_983' title='bbox 1769 889 1840 920; x_wconf 87' lang='lat' dir='ltr'>Sede</span> <span class='ocrx_word' id='word_1_984' title='bbox 1859 890 2022 928; x_wconf 87' lang='lat' dir='ltr'>Apostolica</span> <span class='ocrx_word' id='word_1_985' title='bbox 2040 893 2072 923; x_wconf 91' lang='lat' dir='ltr'>sit</span> <span class='ocrx_word' id='word_1_986' title='bbox 2091 893 2231 924; x_wconf 90' lang='lat' dir='ltr'>indultum</span> <span class='ocrx_word' id='word_1_987' title='bbox 2273 894 2351 931; x_wconf 92' lang='lat' dir='ltr'>quod</span> 
     </span>
     <span class='ocr_line' id='line_1_131' title="bbox 1279 916 2351 970; baseline 0.004 -12"><span class='ocrx_word' id='word_1_988' title='bbox 1279 930 1524 959; x_wconf 80' lang='lat' dir='ltr'>excommunicari</span> <span class='ocrx_word' id='word_1_989' title='bbox 1542 938 1600 958; x_wconf 92' lang='lat' dir='ltr'>non</span> <span class='ocrx_word' id='word_1_990' title='bbox 1619 927 1722 966; x_wconf 85' lang='lat' dir='ltr'>possint</span> <span class='ocrx_word' id='word_1_991' title='bbox 1736 938 1784 966; x_wconf 88' lang='lat' dir='ltr'>per</span> <span class='ocrx_word' id='word_1_992' title='bbox 1800 929 1899 958; x_wconf 84' lang='lat' dir='ltr'>litteras</span> <span class='ocrx_word' id='word_1_993' title='bbox 1917 929 1995 959; x_wconf 90' lang='lat' dir='ltr'>Sedis</span> <span class='ocrx_word' id='word_1_994' title='bbox 2013 930 2156 970; x_wconf 90' lang='lat' dir='ltr'>ejusdem,</span> <span class='ocrx_word' id='word_1_995' title='bbox 2169 942 2228 962; x_wconf 92' lang='lat' dir='ltr'>non</span> <span class='ocrx_word' id='word_1_996' title='bbox 2240 916 2351 962; x_wconf 74' lang='lat' dir='ltr'>²facien-</span> 
     </span>
     <span class='ocr_line' id='line_1_132' title="bbox 1278 966 2349 1011; baseline 0.005 -14"><span class='ocrx_word' id='word_1_997' title='bbox 1278 974 1318 1010; x_wconf 76' lang='lat' dir='ltr'>tes</span> <span class='ocrx_word' id='word_1_998' title='bbox 1335 967 1463 1011; x_wconf 82' lang='lat' dir='ltr'>plenam,</span> <span class='ocrx_word' id='word_1_999' title='bbox 1480 968 1513 998; x_wconf 88' lang='lat'>&amp;</span> <span class='ocrx_word' id='word_1_1000' title='bbox 1530 966 1745 1005; x_wconf 85' lang='lat' dir='ltr'>expressam,ac</span> <span class='ocrx_word' id='word_1_1001' title='bbox 1763 966 1797 996; x_wconf 91' lang='lat' dir='ltr'>de</span> <span class='ocrx_word' id='word_1_1002' title='bbox 1813 966 1902 997; x_wconf 87' lang='lat' dir='ltr'>verbo</span> <span class='ocrx_word' id='word_1_1003' title='bbox 1918 968 1952 997; x_wconf 88' lang='lat' dir='ltr'>ad</span> <span class='ocrx_word' id='word_1_1004' title='bbox 1969 969 2089 999; x_wconf 90' lang='lat' dir='ltr'>verbum</span> <span class='ocrx_word' id='word_1_1005' title='bbox 2108 969 2145 1000; x_wconf 87' lang='lat' dir='ltr'>de</span> <span class='ocrx_word' id='word_1_1006' title='bbox 2163 969 2271 1001; x_wconf 91' lang='lat' dir='ltr'>indulto</span> <span class='ocrx_word' id='word_1_1007' title='bbox 2295 971 2349 1002; x_wconf 86' lang='lat' dir='ltr'>hu—</span> 
     </span>
     <span class='ocr_line' id='line_1_133' title="bbox 1275 1005 2348 1050; baseline 0.006 -15"><span class='ocrx_word' id='word_1_1008' title='bbox 1275 1005 1398 1050; x_wconf 77' lang='lat' dir='ltr'>jusmodi</span> <span class='ocrx_word' id='word_1_1009' title='bbox 1413 1006 1609 1043; x_wconf 88' lang='lat' dir='ltr'>mentionem,</span> <span class='ocrx_word' id='word_1_1010' title='bbox 1626 1005 1659 1035; x_wconf 92' lang='lat'>&amp;</span> <span class='ocrx_word' id='word_1_1011' title='bbox 1676 1005 1800 1048; x_wconf 74' lang='lat' dir='ltr'>qualibet</span> <span class='ocrx_word' id='word_1_1012' title='bbox 1817 1005 1872 1035; x_wconf 70' lang='lat' dir='ltr'>alia</span> <span class='ocrx_word' id='word_1_1013' title='bbox 1888 1005 1974 1036; x_wconf 63' lang='lat' dir='ltr'>dietae</span> <span class='ocrx_word' id='word_1_1014' title='bbox 1991 1006 2070 1036; x_wconf 90' lang='lat' dir='ltr'>Sedis</span> <span class='ocrx_word' id='word_1_1015' title='bbox 2087 1007 2265 1046; x_wconf 73' lang='lat' dir='ltr'>indulgentia</span> <span class='ocrx_word' id='word_1_1016' title='bbox 2300 1018 2348 1049; x_wconf 89' lang='lat' dir='ltr'>ge-</span> 
     </span>
     <span class='ocr_line' id='line_1_134' title="bbox 1278 1032 2329 1084; baseline 0.005 -10"><span class='ocrx_word' id='word_1_1017' title='bbox 1278 1044 1382 1084; x_wconf 87' lang='lat' dir='ltr'>nerali,</span> <span class='ocrx_word' id='word_1_1018' title='bbox 1400 1044 1445 1075; x_wconf 89' lang='lat' dir='ltr'>vel</span> <span class='ocrx_word' id='word_1_1019' title='bbox 1464 1044 1592 1082; x_wconf 87' lang='lat' dir='ltr'>speciali,</span> <span class='ocrx_word' id='word_1_1020' title='bbox 1612 1044 1804 1082; x_wconf 80' lang='lat' dir='ltr'>cu&#39;uscunque</span> <span class='ocrx_word' id='word_1_1021' title='bbox 1825 1044 1928 1073; x_wconf 88' lang='lat' dir='ltr'>tenoris</span> <span class='ocrx_word' id='word_1_1022' title='bbox 1942 1065 1952 1082; x_wconf 87' lang='lat'>‚</span> <span class='ocrx_word' id='word_1_1023' title='bbox 1973 1044 2019 1074; x_wconf 86' lang='lat' dir='ltr'>vel</span> <span class='ocrx_word' id='word_1_1024' title='bbox 2037 1046 2216 1083; x_wconf 77' lang='lat' dir='ltr'>expressionis</span> <span class='ocrx_word' id='word_1_1025' title='bbox 2234 1032 2329 1079; x_wconf 69' lang='lat' dir='ltr'>exisiat</span> 
     </span>
     <span class='ocr_line' id='line_1_135' title="bbox 1279 1072 2350 1152; baseline 0.005 -39"><span class='ocrx_word' id='word_1_1026' title='bbox 1279 1092 1328 1121; x_wconf 87' lang='lat' dir='ltr'>per</span> <span class='ocrx_word' id='word_1_1027' title='bbox 1346 1093 1431 1152; x_wconf 62' lang='lat' dir='ltr'>quam</span> <span class='ocrx_word' id='word_1_1028' title='bbox 1447 1082 1565 1114; x_wconf 71' lang='lat' dir='ltr'>effeetus</span> <span class='ocrx_word' id='word_1_1029' title='bbox 1577 1092 1635 1121; x_wconf 76' lang='lat' dir='ltr'>prae</span> <span class='ocrx_word' id='word_1_1030' title='bbox 1648 1083 1753 1113; x_wconf 89' lang='lat' dir='ltr'>entium</span> <span class='ocrx_word' id='word_1_1031' title='bbox 1776 1081 1907 1119; x_wconf 88' lang='lat' dir='ltr'>impediri</span> <span class='ocrx_word' id='word_1_1032' title='bbox 1928 1081 2011 1120; x_wconf 88' lang='lat' dir='ltr'>possit</span> <span class='ocrx_word' id='word_1_1033' title='bbox 2025 1105 2036 1121; x_wconf 88' lang='lat'>,</span> <span class='ocrx_word' id='word_1_1034' title='bbox 2065 1083 2112 1114; x_wconf 89' lang='lat' dir='ltr'>vel</span> <span class='ocrx_word' id='word_1_1035' title='bbox 2130 1072 2350 1123; x_wconf 79' lang='lat' dir='ltr'>quomodolibe&#39;t</span> 
     </span>
     <span class='ocr_line' id='line_1_136' title="bbox 1277 1130 1414 1152; baseline 0.007 -1"><span class='ocrx_word' id='word_1_1036' title='bbox 1277 1130 1346 1152; x_wconf 88' lang='lat' dir='ltr'>retar</span> <span class='ocrx_word' id='word_1_1037' title='bbox 1367 1132 1414 1152; x_wconf 85' lang='lat' dir='ltr'>ari.</span> 
     </span>
    </p>

    <p class='ocr_par' dir='ltr' id='par_1_39' title="bbox 1314 1158 2350 1202">
     <span class='ocr_line' id='line_1_137' title="bbox 1314 1158 2350 1202; baseline 0.005 -12"><span class='ocrx_word' id='word_1_1038' title='bbox 1314 1159 1382 1191; x_wconf 87' lang='lat' dir='ltr'>Dat.</span> <span class='ocrx_word' id='word_1_1039' title='bbox 1401 1160 1538 1193; x_wconf 88' lang='lat' dir='ltr'>Avinion.</span> <span class='ocrx_word' id='word_1_1040' title='bbox 1552 1167 1653 1201; x_wconf 87' lang='lat' dir='ltr'>quarto</span> <span class='ocrx_word' id='word_1_1041' title='bbox 1668 1158 1731 1191; x_wconf 89' lang='lat' dir='ltr'>Kal.</span> <span class='ocrx_word' id='word_1_1042' title='bbox 1749 1158 1872 1198; x_wconf 87' lang='lat' dir='ltr'>Aprilis,</span> <span class='ocrx_word' id='word_1_1043' title='bbox 1890 1158 2072 1192; x_wconf 70' lang='lat' dir='ltr'>Pontificatiis</span> <span class='ocrx_word' id='word_1_1044' title='bbox 2094 1161 2182 1193; x_wconf 89' lang='lat' dir='ltr'>nostri</span> <span class='ocrx_word' id='word_1_1045' title='bbox 2203 1173 2279 1195; x_wconf 86' lang='lat' dir='ltr'>anno</span> <span class='ocrx_word' id='word_1_1046' title='bbox 2292 1165 2350 1202; x_wconf 90' lang='lat' dir='ltr'>pri-</span> 
     </span>
    </p>
   </div>
   <div class='ocr_carea' id='block_1_26' title="bbox 1279 1208 2309 1282">
    <p class='ocr_par' dir='ltr' id='par_1_40' title="bbox 1279 1208 2309 1282">
     <span class='ocr_line' id='line_1_138' title="bbox 1279 1208 1340 1229; baseline 0.016 -1"><span class='ocrx_word' id='word_1_1047' title='bbox 1279 1208 1340 1229; x_wconf 91' lang='lat' dir='ltr'>mo.</span> 
     </span>
     <span class='ocr_line' id='line_1_139' title="bbox 2034 1237 2309 1282; baseline 0.004 -13"><span class='ocrx_word' id='word_1_1048' title='bbox 2034 1238 2087 1269; x_wconf 81' lang='lat' dir='ltr'>Sub</span> <span class='ocrx_word' id='word_1_1049' title='bbox 2096 1237 2158 1282; x_wconf 85' lang='lat' dir='ltr'>filis</span> <span class='ocrx_word' id='word_1_1050' title='bbox 2176 1240 2309 1271; x_wconf 82' lang='lat' dir='ltr'>canabeis.</span> 
     </span>
    </p>
   </div>
   <div class='ocr_carea' id='block_1_27' title="bbox 1281 1315 2345 1328">
    <p class='ocr_par' dir='ltr' id='par_1_41' title="bbox 1281 1315 2345 1328">
     <span class='ocr_line' id='line_1_140' title="bbox 1281 1315 2345 1328; baseline 0 2951"><span class='ocrx_word' id='word_1_1051' title='bbox 1281 1315 2345 1328; x_wconf 95' lang='lat' dir='ltr'> </span> 
     </span>
    </p>
   </div>
   <div class='ocr_carea' id='block_1_28' title="bbox 1299 1361 2328 1444">
    <p class='ocr_par' dir='ltr' id='par_1_42' title="bbox 1299 1361 2328 1444">
     <span class='ocr_line' id='line_1_141' title="bbox 1299 1361 2328 1410; baseline 0.002 -13"><span class='ocrx_word' id='word_1_1052' title='bbox 1299 1365 1393 1410; x_wconf 80' lang='lat' dir='ltr'>Super</span> <span class='ocrx_word' id='word_1_1053' title='bbox 1416 1361 1542 1397; x_wconf 78' lang='lat' dir='ltr'>Roberto</span> <span class='ocrx_word' id='word_1_1054' title='bbox 1567 1361 1604 1395; x_wconf 86' lang='lat' dir='ltr'>de</span> <span class='ocrx_word' id='word_1_1055' title='bbox 1629 1365 1725 1407; x_wconf 83' lang='lat' dir='ltr'>Brus,</span> <span class='ocrx_word' id='word_1_1056' title='bbox 1751 1366 1787 1401; x_wconf 58' lang='grc' dir='ltr'>(ῥ’</span> <span class='ocrx_word' id='word_1_1057' title='bbox 1814 1361 1963 1396; x_wconf 68' lang='lat' dir='ltr'>edwardo</span> <span class='ocrx_word' id='word_1_1058' title='bbox 1988 1366 2098 1397; x_wconf 82' lang='lat' dir='ltr'>Fratre</span> <span class='ocrx_word' id='word_1_1059' title='bbox 2122 1368 2328 1399; x_wconf 84' lang='lat' dir='ltr'>excommuni-</span> 
     </span>
     <span class='ocr_line' id='line_1_142' title="bbox 1748 1410 1862 1444; baseline 0 0"><span class='ocrx_word' id='word_1_1060' title='bbox 1748 1410 1862 1444; x_wconf 74' lang='lat' dir='ltr'>randis.</span> 
     </span>
    </p>
   </div>
   <div class='ocr_carea' id='block_1_29' title="bbox 1276 1496 2349 1809">
    <p class='ocr_par' dir='ltr' id='par_1_43' title="bbox 1305 1496 2348 1538">
     <span class='ocr_line' id='line_1_143' title="bbox 1305 1496 2348 1538; baseline 0.004 -9"><span class='ocrx_word' id='word_1_1061' title='bbox 1305 1497 1441 1530; x_wconf 90' lang='lat' dir='ltr'>Ohannes</span> <span class='ocrx_word' id='word_1_1062' title='bbox 1457 1498 1633 1538; x_wconf 86' lang='lat' dir='ltr'>Episcopus,</span> <span class='ocrx_word' id='word_1_1063' title='bbox 1647 1497 1736 1529; x_wconf 87' lang='lat' dir='ltr'>servus</span> <span class='ocrx_word' id='word_1_1064' title='bbox 1755 1498 1897 1529; x_wconf 84' lang='lat' dir='ltr'>servorum</span> <span class='ocrx_word' id='word_1_1065' title='bbox 1917 1496 1993 1536; x_wconf 85' lang='lat' dir='ltr'>Dei,</span> <span class='ocrx_word' id='word_1_1066' title='bbox 2012 1496 2225 1532; x_wconf 87' lang='lat' dir='ltr'>Venerabilibus</span> <span class='ocrx_word' id='word_1_1067' title='bbox 2244 1500 2348 1533; x_wconf 87' lang='lat' dir='ltr'>Fratri-</span> 
     </span>
    </p>

    <p class='ocr_par' dir='ltr' id='par_1_44' title="bbox 1276 1536 2346 1652">
     <span class='ocr_line' id='line_1_144' title="bbox 1322 1536 2346 1583; baseline 0.004 -15"><span class='ocrx_word' id='word_1_1068' title='bbox 1322 1539 1374 1569; x_wconf 90' lang='lat' dir='ltr'>bus</span> <span class='ocrx_word' id='word_1_1069' title='bbox 1404 1578 1408 1583; x_wconf 27' lang='lat'><em>*</em></span> <span class='ocrx_word' id='word_1_1070' title='bbox 1424 1579 1428 1582; x_wconf 43' lang='grc'>-</span> <span class='ocrx_word' id='word_1_1071' title='bbox 1479 1539 1663 1576; x_wconf 83' lang='lat' dir='ltr'>Dublinensi,</span> <span class='ocrx_word' id='word_1_1072' title='bbox 1678 1538 1711 1568; x_wconf 74' lang='grc' dir='ltr'>δε</span> <span class='ocrx_word' id='word_1_1073' title='bbox 1817 1536 1976 1567; x_wconf 82' lang='lat' dir='ltr'>Caffellensi</span> <span class='ocrx_word' id='word_1_1074' title='bbox 1994 1536 2241 1578; x_wconf 74' lang='lat' dir='ltr'>Archiepiscopis3</span> <span class='ocrx_word' id='word_1_1075' title='bbox 2256 1551 2289 1572; x_wconf 87' lang='lat' dir='ltr'>ac</span> <span class='ocrx_word' id='word_1_1076' title='bbox 2302 1542 2346 1571; x_wconf 92' lang='lat' dir='ltr'>di-</span> 
     </span>
     <span class='ocr_line' id='line_1_145' title="bbox 1276 1574 2345 1618; baseline 0.007 -14"><span class='ocrx_word' id='word_1_1077' title='bbox 1276 1574 1355 1607; x_wconf 64' lang='lat' dir='ltr'>lecto</span> <span class='ocrx_word' id='word_1_1078' title='bbox 1380 1577 1451 1608; x_wconf 82' lang='lat' dir='ltr'>Filio</span> <span class='ocrx_word' id='word_1_1079' title='bbox 1598 1576 1723 1607; x_wconf 84' lang='lat' dir='ltr'>Decano</span> <span class='ocrx_word' id='word_1_1080' title='bbox 1749 1575 1885 1606; x_wconf 82' lang='lat' dir='ltr'>Ecclesiae</span> <span class='ocrx_word' id='word_1_1081' title='bbox 1908 1575 2089 1607; x_wconf 81' lang='lat' dir='ltr'>Dublinensis</span> <span class='ocrx_word' id='word_1_1082' title='bbox 2105 1600 2115 1616; x_wconf 94' lang='lat'>,</span> <span class='ocrx_word' id='word_1_1083' title='bbox 2140 1578 2283 1618; x_wconf 85' lang='lat' dir='ltr'>Salutem,</span> <span class='ocrx_word' id='word_1_1084' title='bbox 2311 1581 2345 1611; x_wconf 90' lang='lat'>&amp;</span> 
     </span>
     <span class='ocr_line' id='line_1_146' title="bbox 1276 1614 1741 1652; baseline -0.002 -8"><span class='ocrx_word' id='word_1_1085' title='bbox 1276 1614 1476 1652; x_wconf 87' lang='lat' dir='ltr'>Apostolicam</span> <span class='ocrx_word' id='word_1_1086' title='bbox 1497 1615 1741 1646; x_wconf 76' lang='lat' dir='ltr'>Benedictionem.</span> 
     </span>
    </p>

    <p class='ocr_par' dir='ltr' id='par_1_45' title="bbox 1276 1650 2349 1809">
     <span class='ocr_line' id='line_1_147' title="bbox 1314 1650 2346 1698; baseline 0.004 -14"><span class='ocrx_word' id='word_1_1087' title='bbox 1314 1653 1410 1698; x_wconf 84' lang='lat' dir='ltr'>Habet</span> <span class='ocrx_word' id='word_1_1088' title='bbox 1422 1655 1583 1691; x_wconf 88' lang='lat' dir='ltr'>insinuatio,</span> <span class='ocrx_word' id='word_1_1089' title='bbox 1607 1664 1660 1692; x_wconf 90' lang='lat' dir='ltr'>pro</span> <span class='ocrx_word' id='word_1_1090' title='bbox 1677 1661 1753 1691; x_wconf 87' lang='lat' dir='ltr'>parte</span> <span class='ocrx_word' id='word_1_1091' title='bbox 1770 1650 1902 1684; x_wconf 73' lang='lat' dir='ltr'>carissimi</span> <span class='ocrx_word' id='word_1_1092' title='bbox 1920 1653 1950 1683; x_wconf 90' lang='lat' dir='ltr'>in</span> <span class='ocrx_word' id='word_1_1093' title='bbox 1968 1651 2085 1684; x_wconf 88' lang='lat' dir='ltr'>Christo</span> <span class='ocrx_word' id='word_1_1094' title='bbox 2105 1654 2167 1686; x_wconf 87' lang='lat' dir='ltr'>Filii</span> <span class='ocrx_word' id='word_1_1095' title='bbox 2184 1655 2272 1687; x_wconf 88' lang='lat' dir='ltr'>nostri</span> <span class='ocrx_word' id='word_1_1096' title='bbox 2288 1656 2346 1688; x_wconf 91' lang='lat' dir='ltr'>Ed-</span> 
     </span>
     <span class='ocr_line' id='line_1_148' title="bbox 1277 1692 2328 1732; baseline 0.005 -10"><span class='ocrx_word' id='word_1_1097' title='bbox 1277 1692 1365 1723; x_wconf 80' lang='lat' dir='ltr'>wardt</span> <span class='ocrx_word' id='word_1_1098' title='bbox 1386 1692 1475 1731; x_wconf 90' lang='lat' dir='ltr'>Regis</span> <span class='ocrx_word' id='word_1_1099' title='bbox 1493 1693 1626 1732; x_wconf 83' lang='lat' dir='ltr'>Angliae,</span> <span class='ocrx_word' id='word_1_1100' title='bbox 1644 1694 1754 1722; x_wconf 90' lang='lat' dir='ltr'>noviter</span> <span class='ocrx_word' id='word_1_1101' title='bbox 1770 1692 1843 1722; x_wconf 65' lang='lat' dir='ltr'>facta</span> <span class='ocrx_word' id='word_1_1102' title='bbox 1858 1692 1940 1721; x_wconf 92' lang='lat' dir='ltr'>nobis</span> <span class='ocrx_word' id='word_1_1103' title='bbox 1967 1693 2046 1730; x_wconf 85' lang='lat' dir='ltr'>quod</span> <span class='ocrx_word' id='word_1_1104' title='bbox 2060 1693 2203 1725; x_wconf 90' lang='lat' dir='ltr'>Robertus</span> <span class='ocrx_word' id='word_1_1105' title='bbox 2217 1695 2254 1726; x_wconf 88' lang='lat' dir='ltr'>de</span> <span class='ocrx_word' id='word_1_1106' title='bbox 2261 1695 2328 1727; x_wconf 90' lang='lat' dir='ltr'>Brus</span> 
     </span>
     <span class='ocr_line' id='line_1_149' title="bbox 1276 1714 2347 1775; baseline 0.004 -15"><span class='ocrx_word' id='word_1_1107' title='bbox 1276 1730 1384 1774; x_wconf 82' lang='lat' dir='ltr'>dudum</span> <span class='ocrx_word' id='word_1_1108' title='bbox 1403 1731 1513 1762; x_wconf 88' lang='lat' dir='ltr'>Comes</span> <span class='ocrx_word' id='word_1_1109' title='bbox 1530 1733 1566 1762; x_wconf 91' lang='lat' dir='ltr'>de</span> <span class='ocrx_word' id='word_1_1110' title='bbox 1586 1731 1703 1775; x_wconf 76' lang='lat' dir='ltr'>Carrik,</span> <span class='ocrx_word' id='word_1_1111' title='bbox 1723 1731 1755 1774; x_wconf 70' lang='grc' dir='ltr'>ὃς</span> <span class='ocrx_word' id='word_1_1112' title='bbox 1774 1729 1926 1761; x_wconf 84' lang='lat' dir='ltr'>Edwardus</span> <span class='ocrx_word' id='word_1_1113' title='bbox 1944 1714 2034 1761; x_wconf 55' lang='lat' dir='ltr'>Erater</span> <span class='ocrx_word' id='word_1_1114' title='bbox 2049 1732 2106 1769; x_wconf 89' lang='lat' dir='ltr'>ejus</span> <span class='ocrx_word' id='word_1_1115' title='bbox 2121 1755 2132 1770; x_wconf 94' lang='lat'>,</span> <span class='ocrx_word' id='word_1_1116' title='bbox 2161 1734 2190 1762; x_wconf 93' lang='lat' dir='ltr'>in</span> <span class='ocrx_word' id='word_1_1117' title='bbox 2216 1744 2279 1765; x_wconf 89' lang='lat' dir='ltr'>eam</span> <span class='ocrx_word' id='word_1_1118' title='bbox 2296 1720 2347 1766; x_wconf 48' lang='lat' dir='ltr'>abi</span> 
     </span>
     <span class='ocr_line' id='line_1_150' title="bbox 1276 1768 2349 1809; baseline 0.007 -11"><span class='ocrx_word' id='word_1_1119' title='bbox 1276 1769 1348 1799; x_wconf 89' lang='lat' dir='ltr'>olim</span> <span class='ocrx_word' id='word_1_1120' title='bbox 1364 1778 1517 1809; x_wconf 89' lang='lat' dir='ltr'>prorupere</span> <span class='ocrx_word' id='word_1_1121' title='bbox 1539 1769 1639 1801; x_wconf 84' lang='lat' dir='ltr'>furoris</span> <span class='ocrx_word' id='word_1_1122' title='bbox 1655 1769 1802 1800; x_wconf 80' lang='lat' dir='ltr'>audaciam</span> <span class='ocrx_word' id='word_1_1123' title='bbox 1819 1791 1829 1807; x_wconf 95' lang='lat'>,</span> <span class='ocrx_word' id='word_1_1124' title='bbox 1852 1768 1931 1807; x_wconf 76' lang='lat' dir='ltr'>quod</span> <span class='ocrx_word' id='word_1_1125' title='bbox 1953 1768 2135 1807; x_wconf 80' lang='lat' dir='ltr'>Homagium</span> <span class='ocrx_word' id='word_1_1126' title='bbox 2161 1772 2195 1802; x_wconf 89' lang='lat'>&amp;</span> <span class='ocrx_word' id='word_1_1127' title='bbox 2214 1772 2349 1805; x_wconf 87' lang='lat' dir='ltr'>fidelitatis</span> 
     </span>
    </p>
   </div>
   <div class='ocr_carea' id='block_1_30' title="bbox 1246 1806 2348 1853">
    <p class='ocr_par' dir='ltr' id='par_1_46' title="bbox 1246 1806 2348 1853">
     <span class='ocr_line' id='line_1_151' title="bbox 1246 1806 2348 1853; baseline 0.005 -15"><span class='ocrx_word' id='word_1_1128' title='bbox 1246 1826 1250 1831; x_wconf 91' lang='lat'><em>-</em></span> <span class='ocrx_word' id='word_1_1129' title='bbox 1275 1806 1470 1846; x_wconf 81' lang='lat' dir='ltr'>juramentum</span> <span class='ocrx_word' id='word_1_1130' title='bbox 1500 1809 1565 1847; x_wconf 91' lang='lat' dir='ltr'>(per</span> <span class='ocrx_word' id='word_1_1131' title='bbox 1589 1819 1636 1839; x_wconf 88' lang='lat' dir='ltr'>eos</span> <span class='ocrx_word' id='word_1_1132' title='bbox 1648 1807 1774 1853; x_wconf 33' lang='lat' dir='ltr'>&#39;praestita</span> <span class='ocrx_word' id='word_1_1133' title='bbox 1789 1829 1799 1845; x_wconf 87' lang='lat'>,</span> <span class='ocrx_word' id='word_1_1134' title='bbox 1821 1806 1903 1837; x_wconf 81' lang='lat' dir='ltr'>clarae</span> <span class='ocrx_word' id='word_1_1135' title='bbox 1918 1807 2084 1847; x_wconf 72' lang='lat' dir='ltr'>memoriae,</span> <span class='ocrx_word' id='word_1_1136' title='bbox 2106 1808 2249 1841; x_wconf 89' lang='lat' dir='ltr'>Edwardo</span> <span class='ocrx_word' id='word_1_1137' title='bbox 2267 1812 2348 1850; x_wconf 86' lang='lat' dir='ltr'>Regi</span> 
     </span>
    </p>
   </div>
   <div class='ocr_carea' id='block_1_31' title="bbox 1256 1845 2351 4038">
    <p class='ocr_par' dir='ltr' id='par_1_47' title="bbox 1273 1845 2351 2354">
     <span class='ocr_line' id='line_1_152' title="bbox 1277 1845 2347 1891; baseline 0.002 -13"><span class='ocrx_word' id='word_1_1138' title='bbox 1277 1846 1406 1891; x_wconf 74' lang='lat' dir='ltr'>Angliae,</span> <span class='ocrx_word' id='word_1_1139' title='bbox 1418 1847 1508 1885; x_wconf 89' lang='lat' dir='ltr'>Regis</span> <span class='ocrx_word' id='word_1_1140' title='bbox 1521 1847 1654 1878; x_wconf 87' lang='lat' dir='ltr'>Genitori</span> <span class='ocrx_word' id='word_1_1141' title='bbox 1670 1845 1815 1885; x_wconf 66' lang='lat' dir='ltr'>praedicti)</span> <span class='ocrx_word' id='word_1_1142' title='bbox 1833 1847 1986 1877; x_wconf 88' lang='lat' dir='ltr'>temeritate</span> <span class='ocrx_word' id='word_1_1143' title='bbox 2001 1855 2193 1884; x_wconf 79' lang='lat' dir='ltr'>praetereuntes</span> <span class='ocrx_word' id='word_1_1144' title='bbox 2208 1849 2347 1888; x_wconf 88' lang='lat' dir='ltr'>dampna-</span> 
     </span>
     <span class='ocr_line' id='line_1_153' title="bbox 1277 1884 2331 1924; baseline 0.005 -9"><span class='ocrx_word' id='word_1_1145' title='bbox 1277 1885 1389 1924; x_wconf 81' lang='lat' dir='ltr'>bili‚&amp;</span> <span class='ocrx_word' id='word_1_1146' title='bbox 1402 1886 1586 1918; x_wconf 69' lang='lat' dir='ltr'>observantiae</span> <span class='ocrx_word' id='word_1_1147' title='bbox 1602 1885 1712 1917; x_wconf 57' lang='lat' dir='ltr'>cultura</span> <span class='ocrx_word' id='word_1_1148' title='bbox 1725 1884 1828 1914; x_wconf 83' lang='lat' dir='ltr'>debitae</span> <span class='ocrx_word' id='word_1_1149' title='bbox 1841 1894 1902 1914; x_wconf 90' lang='lat' dir='ltr'>non</span> <span class='ocrx_word' id='word_1_1150' title='bbox 1918 1884 2057 1923; x_wconf 70' lang='lat' dir='ltr'>colentes,</span> <span class='ocrx_word' id='word_1_1151' title='bbox 2079 1885 2173 1917; x_wconf 89' lang='lat' dir='ltr'>eidem</span> <span class='ocrx_word' id='word_1_1152' title='bbox 2195 1887 2331 1920; x_wconf 89' lang='lat' dir='ltr'>Genitori</span> 
     </span>
     <span class='ocr_line' id='line_1_154' title="bbox 1277 1913 2347 1964; baseline 0.005 -10"><span class='ocrx_word' id='word_1_1153' title='bbox 1277 1923 1347 1954; x_wconf 90' lang='lat' dir='ltr'>dum</span> <span class='ocrx_word' id='word_1_1154' title='bbox 1369 1926 1495 1964; x_wconf 88' lang='lat' dir='ltr'>viveret,</span> <span class='ocrx_word' id='word_1_1155' title='bbox 1508 1925 1538 1955; x_wconf 90' lang='lat' dir='ltr'>in</span> <span class='ocrx_word' id='word_1_1156' title='bbox 1552 1924 1646 1955; x_wconf 69' lang='lat' dir='ltr'>Terra</span> <span class='ocrx_word' id='word_1_1157' title='bbox 1659 1923 1705 1954; x_wconf 74' lang='lat' dir='ltr'>sua</span> <span class='ocrx_word' id='word_1_1158' title='bbox 1719 1922 1825 1953; x_wconf 84' lang='lat' dir='ltr'>Scotiae</span> <span class='ocrx_word' id='word_1_1159' title='bbox 1842 1921 1989 1954; x_wconf 81' lang='lat' dir='ltr'>effraenatis</span> <span class='ocrx_word' id='word_1_1160' title='bbox 2011 1924 2117 1955; x_wconf 87' lang='lat' dir='ltr'>ausibus</span> <span class='ocrx_word' id='word_1_1161' title='bbox 2136 1934 2264 1962; x_wconf 86' lang='lat' dir='ltr'>guerram</span> <span class='ocrx_word' id='word_1_1162' title='bbox 2281 1913 2347 1959; x_wconf 46' lang='lat' dir='ltr'>moi</span> 
     </span>
     <span class='ocr_line' id='line_1_155' title="bbox 1276 1960 2348 2007; baseline 0.005 -15"><span class='ocrx_word' id='word_1_1163' title='bbox 1276 1971 1394 2007; x_wconf 82' lang='lat' dir='ltr'>verunt,</span> <span class='ocrx_word' id='word_1_1164' title='bbox 1427 1974 1491 1995; x_wconf 87' lang='lat' dir='ltr'>uam</span> <span class='ocrx_word' id='word_1_1165' title='bbox 1505 1963 1613 1994; x_wconf 76' lang='lat' dir='ltr'>nedum</span> <span class='ocrx_word' id='word_1_1166' title='bbox 1628 1970 1728 1994; x_wconf 90' lang='lat' dir='ltr'>contra</span> <span class='ocrx_word' id='word_1_1167' title='bbox 1742 1960 1860 1998; x_wconf 87' lang='lat' dir='ltr'>Regem</span> <span class='ocrx_word' id='word_1_1168' title='bbox 1872 1961 1962 1999; x_wconf 89' lang='lat' dir='ltr'>ipsum</span> <span class='ocrx_word' id='word_1_1169' title='bbox 1970 1962 2051 2000; x_wconf 88' lang='lat' dir='ltr'>,post</span> <span class='ocrx_word' id='word_1_1170' title='bbox 2064 1964 2252 2000; x_wconf 86' lang='lat' dir='ltr'>gubernacula</span> <span class='ocrx_word' id='word_1_1171' title='bbox 2264 1965 2348 2005; x_wconf 81' lang='lat' dir='ltr'>Reg-</span> 
     </span>
     <span class='ocr_line' id='line_1_156' title="bbox 1276 1999 2351 2046; baseline 0.005 -16"><span class='ocrx_word' id='word_1_1172' title='bbox 1276 2010 1308 2030; x_wconf 90' lang='lat' dir='ltr'>ni</span> <span class='ocrx_word' id='word_1_1173' title='bbox 1320 2003 1358 2045; x_wconf 76' lang='lat' dir='ltr'>ab</span> <span class='ocrx_word' id='word_1_1174' title='bbox 1371 2002 1402 2046; x_wconf 82' lang='lat' dir='ltr'>ip</span> <span class='ocrx_word' id='word_1_1175' title='bbox 1412 2012 1433 2032; x_wconf 92' lang='lat' dir='ltr'>o</span> <span class='ocrx_word' id='word_1_1176' title='bbox 1447 2001 1566 2040; x_wconf 88' lang='lat' dir='ltr'>suscepta</span> <span class='ocrx_word' id='word_1_1177' title='bbox 1575 2000 1712 2041; x_wconf 69' lang='lat' dir='ltr'>,reproba</span> <span class='ocrx_word' id='word_1_1178' title='bbox 1731 2000 1923 2031; x_wconf 84' lang='lat' dir='ltr'>continuantes</span> <span class='ocrx_word' id='word_1_1179' title='bbox 1942 1999 2150 2040; x_wconf 81' lang='lat' dir='ltr'>prosecutione,</span> <span class='ocrx_word' id='word_1_1180' title='bbox 2162 2005 2232 2042; x_wconf 90' lang='lat' dir='ltr'>quin</span> <span class='ocrx_word' id='word_1_1181' title='bbox 2244 2005 2328 2035; x_wconf 83' lang='lat' dir='ltr'>etiam</span> <span class='ocrx_word' id='word_1_1182' title='bbox 2347 2011 2351 2017; x_wconf 87' lang='grc'>·</span> 
     </span>
     <span class='ocr_line' id='line_1_157' title="bbox 1276 2030 2350 2081; baseline 0.003 -11"><span class='ocrx_word' id='word_1_1183' title='bbox 1276 2038 1337 2070; x_wconf 82' lang='lat' dir='ltr'>Dei</span> <span class='ocrx_word' id='word_1_1184' title='bbox 1359 2048 1462 2070; x_wconf 85' lang='lat' dir='ltr'>timore</span> <span class='ocrx_word' id='word_1_1185' title='bbox 1481 2040 1636 2078; x_wconf 88' lang='lat' dir='ltr'>postposito</span> <span class='ocrx_word' id='word_1_1186' title='bbox 1650 2063 1661 2079; x_wconf 92' lang='lat'>,</span> <span class='ocrx_word' id='word_1_1187' title='bbox 1686 2039 1720 2070; x_wconf 73' lang='grc' dir='ltr'>δε</span> <span class='ocrx_word' id='word_1_1188' title='bbox 1738 2039 1767 2068; x_wconf 90' lang='lat' dir='ltr'>in</span> <span class='ocrx_word' id='word_1_1189' title='bbox 1784 2038 1868 2069; x_wconf 88' lang='lat' dir='ltr'>omni</span> <span class='ocrx_word' id='word_1_1190' title='bbox 1887 2037 2022 2069; x_wconf 85' lang='lat' dir='ltr'>fidelitatis</span> <span class='ocrx_word' id='word_1_1191' title='bbox 2040 2038 2150 2070; x_wconf 91' lang='lat' dir='ltr'>foedere</span> <span class='ocrx_word' id='word_1_1192' title='bbox 2173 2041 2297 2081; x_wconf 83' lang='lat' dir='ltr'>violato,</span> <span class='ocrx_word' id='word_1_1193' title='bbox 2316 2030 2350 2076; x_wconf 59' lang='lat' dir='ltr'>iri</span> 
     </span>
     <span class='ocr_line' id='line_1_158' title="bbox 1275 2076 2345 2122; baseline 0 -14"><span class='ocrx_word' id='word_1_1194' title='bbox 1275 2086 1462 2122; x_wconf 74' lang='lat' dir='ltr'>augmentum</span> <span class='ocrx_word' id='word_1_1195' title='bbox 1479 2078 1585 2110; x_wconf 88' lang='lat' dir='ltr'>sceleris</span> <span class='ocrx_word' id='word_1_1196' title='bbox 1602 2078 1787 2116; x_wconf 84' lang='lat' dir='ltr'>adaugentes,</span> <span class='ocrx_word' id='word_1_1197' title='bbox 1801 2076 1940 2114; x_wconf 88' lang='lat' dir='ltr'>Regnum</span> <span class='ocrx_word' id='word_1_1198' title='bbox 1955 2077 2088 2116; x_wconf 87' lang='lat' dir='ltr'>Angliae,</span> <span class='ocrx_word' id='word_1_1199' title='bbox 2099 2088 2133 2109; x_wconf 91' lang='lat' dir='ltr'>ac</span> <span class='ocrx_word' id='word_1_1200' title='bbox 2148 2078 2249 2112; x_wconf 88' lang='lat' dir='ltr'>Terras</span> <span class='ocrx_word' id='word_1_1201' title='bbox 2260 2081 2345 2114; x_wconf 78' lang='lat' dir='ltr'>Wal-</span> 
     </span>
     <span class='ocr_line' id='line_1_159' title="bbox 1276 2114 2349 2160; baseline 0 -13"><span class='ocrx_word' id='word_1_1202' title='bbox 1276 2116 1323 2147; x_wconf 82' lang='lat' dir='ltr'>11ae</span> <span class='ocrx_word' id='word_1_1203' title='bbox 1341 2118 1375 2148; x_wconf 91' lang='lat'>&amp;</span> <span class='ocrx_word' id='word_1_1204' title='bbox 1392 2117 1527 2149; x_wconf 88' lang='lat' dir='ltr'>Yberniae</span> <span class='ocrx_word' id='word_1_1205' title='bbox 1540 2116 1698 2148; x_wconf 88' lang='lat' dir='ltr'>invaserunt</span> <span class='ocrx_word' id='word_1_1206' title='bbox 1711 2114 1864 2153; x_wconf 87' lang='lat' dir='ltr'>hostiliter,</span> <span class='ocrx_word' id='word_1_1207' title='bbox 1886 2115 1937 2153; x_wconf 91' lang='lat'>&amp;,</span> <span class='ocrx_word' id='word_1_1208' title='bbox 1950 2114 2123 2154; x_wconf 87' lang='lat' dir='ltr'>depopulatis</span> <span class='ocrx_word' id='word_1_1209' title='bbox 2141 2120 2212 2157; x_wconf 85' lang='lat' dir='ltr'>agris</span> <span class='ocrx_word' id='word_1_1210' title='bbox 2246 2126 2349 2160; x_wconf 72' lang='lat' dir='ltr'>quam.·</span> 
     </span>
     <span class='ocr_line' id='line_1_160' title="bbox 1276 2142 2348 2195; baseline 0.002 -10"><span class='ocrx_word' id='word_1_1211' title='bbox 1276 2155 1368 2193; x_wconf 87' lang='lat' dir='ltr'>plures</span> <span class='ocrx_word' id='word_1_1212' title='bbox 1379 2154 1516 2188; x_wconf 86' lang='lat' dir='ltr'>Civitates</span> <span class='ocrx_word' id='word_1_1213' title='bbox 1529 2180 1540 2195; x_wconf 92' lang='lat'>,</span> <span class='ocrx_word' id='word_1_1214' title='bbox 1562 2155 1659 2187; x_wconf 83' lang='lat' dir='ltr'>Castra</span> <span class='ocrx_word' id='word_1_1215' title='bbox 1670 2162 1686 2194; x_wconf 82' lang='lat'>,¹</span> <span class='ocrx_word' id='word_1_1216' title='bbox 1702 2155 1737 2186; x_wconf 74' lang='grc' dir='ltr'>δε</span> <span class='ocrx_word' id='word_1_1217' title='bbox 1757 2154 1808 2185; x_wconf 88' lang='lat' dir='ltr'>alia</span> <span class='ocrx_word' id='word_1_1218' title='bbox 1827 2152 1904 2192; x_wconf 89' lang='lat' dir='ltr'>plura</span> <span class='ocrx_word' id='word_1_1219' title='bbox 1927 2153 2006 2184; x_wconf 90' lang='lat' dir='ltr'>Loca</span> <span class='ocrx_word' id='word_1_1220' title='bbox 2027 2156 2059 2184; x_wconf 88' lang='lat' dir='ltr'>in</span> <span class='ocrx_word' id='word_1_1221' title='bbox 2073 2155 2153 2195; x_wconf 79' lang='lat' dir='ltr'>ipsis,</span> <span class='ocrx_word' id='word_1_1222' title='bbox 2168 2142 2228 2188; x_wconf 84' lang='lat' dir='ltr'>Re&#39;</span> <span class='ocrx_word' id='word_1_1223' title='bbox 2238 2168 2278 2190; x_wconf 89' lang='lat' dir='ltr'>no</span> <span class='ocrx_word' id='word_1_1224' title='bbox 2312 2160 2348 2192; x_wconf 86' lang='lat'>&amp;</span> 
     </span>
     <span class='ocr_line' id='line_1_161' title="bbox 1275 2182 2347 2235; baseline 0 -10"><span class='ocrx_word' id='word_1_1225' title='bbox 1275 2195 1365 2226; x_wconf 88' lang='lat' dir='ltr'>Terra</span> <span class='ocrx_word' id='word_1_1226' title='bbox 1374 2195 1609 2235; x_wconf 85' lang='lat' dir='ltr'>,proditionaliter</span> <span class='ocrx_word' id='word_1_1227' title='bbox 1624 2193 1800 2234; x_wconf 66' lang='lat' dir='ltr'>occuparunt</span> <span class='ocrx_word' id='word_1_1228' title='bbox 1805 2191 1946 2231; x_wconf 83' lang='lat' dir='ltr'>‚personis</span> <span class='ocrx_word' id='word_1_1229' title='bbox 1960 2192 2085 2230; x_wconf 89' lang='lat' dir='ltr'>pluribus</span> <span class='ocrx_word' id='word_1_1230' title='bbox 2099 2195 2157 2224; x_wconf 66' lang='lat' dir='ltr'>tiim</span> <span class='ocrx_word' id='word_1_1231' title='bbox 2171 2195 2202 2225; x_wconf 89' lang='lat' dir='ltr'>in</span> <span class='ocrx_word' id='word_1_1232' title='bbox 2250 2182 2328 2235; x_wconf 75' lang='lat' dir='ltr'>eg&#39;n&#39;o</span> <span class='ocrx_word' id='word_1_1233' title='bbox 2345 2198 2347 2200; x_wconf 80' lang='grc'>’</span> 
     </span>
     <span class='ocr_line' id='line_1_162' title="bbox 1275 2221 2347 2272; baseline -0.002 -9"><span class='ocrx_word' id='word_1_1234' title='bbox 1275 2234 1362 2271; x_wconf 69' lang='lat' dir='ltr'>quam</span> <span class='ocrx_word' id='word_1_1235' title='bbox 1378 2234 1409 2264; x_wconf 86' lang='lat' dir='ltr'>in</span> <span class='ocrx_word' id='word_1_1236' title='bbox 1425 2234 1522 2265; x_wconf 88' lang='lat' dir='ltr'>Terris</span> <span class='ocrx_word' id='word_1_1237' title='bbox 1535 2233 1691 2272; x_wconf 65' lang='lat' dir='ltr'>praedietis,</span> <span class='ocrx_word' id='word_1_1238' title='bbox 1706 2233 1790 2262; x_wconf 89' lang='lat' dir='ltr'>etiam</span> <span class='ocrx_word' id='word_1_1239' title='bbox 1811 2232 1839 2260; x_wconf 90' lang='lat' dir='ltr'>iri</span> <span class='ocrx_word' id='word_1_1240' title='bbox 1856 2230 1943 2260; x_wconf 86' lang='lat' dir='ltr'>Locis</span> <span class='ocrx_word' id='word_1_1241' title='bbox 1957 2230 2062 2269; x_wconf 88' lang='lat' dir='ltr'>Sacris,</span> <span class='ocrx_word' id='word_1_1242' title='bbox 2076 2231 2132 2261; x_wconf 88' lang='lat' dir='ltr'>fine</span> <span class='ocrx_word' id='word_1_1243' title='bbox 2144 2232 2256 2266; x_wconf 65' lang='lat' dir='ltr'>delectu</span> <span class='ocrx_word' id='word_1_1244' title='bbox 2270 2221 2347 2268; x_wconf 76' lang='lat' dir='ltr'>con-⁵</span> 
     </span>
     <span class='ocr_line' id='line_1_163' title="bbox 1274 2268 2346 2311; baseline -0.001 -10"><span class='ocrx_word' id='word_1_1245' title='bbox 1274 2272 1407 2311; x_wconf 83' lang='lat' dir='ltr'>ditionis,</span> <span class='ocrx_word' id='word_1_1246' title='bbox 1419 2271 1514 2311; x_wconf 79' lang='lat' dir='ltr'>sexsis,</span> <span class='ocrx_word' id='word_1_1247' title='bbox 1528 2271 1648 2310; x_wconf 86' lang='lat' dir='ltr'>ordinis,</span> <span class='ocrx_word' id='word_1_1248' title='bbox 1662 2269 1708 2301; x_wconf 91' lang='lat' dir='ltr'>vel</span> <span class='ocrx_word' id='word_1_1249' title='bbox 1725 2270 1827 2307; x_wconf 81' lang='lat' dir='ltr'>aetatis,</span> <span class='ocrx_word' id='word_1_1250' title='bbox 1846 2268 1876 2298; x_wconf 89' lang='lat' dir='ltr'>in</span> <span class='ocrx_word' id='word_1_1251' title='bbox 1896 2277 1946 2299; x_wconf 90' lang='lat' dir='ltr'>ore</span> <span class='ocrx_word' id='word_1_1252' title='bbox 1964 2268 2048 2308; x_wconf 86' lang='lat' dir='ltr'>gladii</span> <span class='ocrx_word' id='word_1_1253' title='bbox 2060 2269 2199 2302; x_wconf 85' lang='lat' dir='ltr'>trucidatis</span> <span class='ocrx_word' id='word_1_1254' title='bbox 2213 2273 2346 2306; x_wconf 76' lang='lat' dir='ltr'>immani.</span> 
     </span>
     <span class='ocr_line' id='line_1_164' title="bbox 1273 2308 1749 2354; baseline -0.004 -14"><span class='ocrx_word' id='word_1_1255' title='bbox 1273 2318 1315 2340; x_wconf 88' lang='lat' dir='ltr'>ter</span> <span class='ocrx_word' id='word_1_1256' title='bbox 1349 2310 1497 2354; x_wconf 30' lang='lat' dir='ltr'>&amp;lmultis</span> <span class='ocrx_word' id='word_1_1257' title='bbox 1513 2309 1619 2341; x_wconf 85' lang='lat' dir='ltr'>exulare</span> <span class='ocrx_word' id='word_1_1258' title='bbox 1635 2308 1749 2340; x_wconf 62' lang='lat' dir='ltr'>coatus.</span> 
     </span>
    </p>

    <p class='ocr_par' dir='ltr' id='par_1_48' title="bbox 1271 2333 2345 2581">
     <span class='ocr_line' id='line_1_165' title="bbox 1312 2333 2345 2386; baseline 0.005 -7"><span class='ocrx_word' id='word_1_1259' title='bbox 1312 2333 1348 2379; x_wconf 77' lang='lat' dir='ltr'>Et</span> <span class='ocrx_word' id='word_1_1260' title='bbox 1367 2349 1643 2386; x_wconf 89' lang='lat' dir='ltr'>nichilominus,nec</span> <span class='ocrx_word' id='word_1_1261' title='bbox 1656 2347 1834 2385; x_wconf 70' lang='lat' dir='ltr'>fiacrilegium</span> <span class='ocrx_word' id='word_1_1262' title='bbox 1849 2353 2007 2378; x_wconf 77' lang='lat' dir='ltr'>execrantes</span> <span class='ocrx_word' id='word_1_1263' title='bbox 2039 2357 2093 2379; x_wconf 89' lang='lat' dir='ltr'>nec</span> <span class='ocrx_word' id='word_1_1264' title='bbox 2106 2348 2345 2384; x_wconf 85' lang='lat' dir='ltr'>incendiariorum</span> 
     </span>
     <span class='ocr_line' id='line_1_166' title="bbox 1274 2369 2345 2432; baseline 0.004 -14"><span class='ocrx_word' id='word_1_1265' title='bbox 1274 2397 1375 2432; x_wconf 75' lang='lat' dir='ltr'>poenas</span> <span class='ocrx_word' id='word_1_1266' title='bbox 1396 2387 1553 2426; x_wconf 85' lang='lat' dir='ltr'>horrentes,</span> <span class='ocrx_word' id='word_1_1267' title='bbox 1572 2386 1664 2418; x_wconf 87' lang='lat' dir='ltr'>AEdes</span> <span class='ocrx_word' id='word_1_1268' title='bbox 1676 2386 1778 2424; x_wconf 70' lang='lat' dir='ltr'>fictas,</span> <span class='ocrx_word' id='word_1_1269' title='bbox 1793 2385 1946 2424; x_wconf 76' lang='lat' dir='ltr'>Ecclefias,</span> <span class='ocrx_word' id='word_1_1270' title='bbox 1959 2386 1992 2416; x_wconf 90' lang='lat'>&amp;</span> <span class='ocrx_word' id='word_1_1271' title='bbox 2008 2369 2200 2427; x_wconf 70' lang='lat' dir='ltr'>fVlonasteria,</span> <span class='ocrx_word' id='word_1_1272' title='bbox 2213 2399 2248 2420; x_wconf 91' lang='lat' dir='ltr'>ac</span> <span class='ocrx_word' id='word_1_1273' title='bbox 2262 2390 2345 2422; x_wconf 86' lang='lat' dir='ltr'>Loca</span> 
     </span>
     <span class='ocr_line' id='line_1_167' title="bbox 1274 2423 2341 2473; baseline 0.004 -17"><span class='ocrx_word' id='word_1_1274' title='bbox 1274 2426 1543 2473; x_wconf 66' lang='lat' dir='ltr'>Rchgiosa,divino</span> <span class='ocrx_word' id='word_1_1275' title='bbox 1553 2425 1641 2457; x_wconf 89' lang='lat' dir='ltr'>cultui</span> <span class='ocrx_word' id='word_1_1276' title='bbox 1653 2425 1798 2462; x_wconf 88' lang='lat' dir='ltr'>dedicata,</span> <span class='ocrx_word' id='word_1_1277' title='bbox 1807 2423 1947 2454; x_wconf 86' lang='lat' dir='ltr'>destruere</span> <span class='ocrx_word' id='word_1_1278' title='bbox 1960 2435 1993 2455; x_wconf 89' lang='lat' dir='ltr'>ac</span> <span class='ocrx_word' id='word_1_1279' title='bbox 2011 2426 2267 2466; x_wconf 86' lang='lat' dir='ltr'>comburere,Dei</span> <span class='ocrx_word' id='word_1_1280' title='bbox 2282 2429 2341 2460; x_wconf 88' lang='lat' dir='ltr'>cal-</span> 
     </span>
     <span class='ocr_line' id='line_1_168' title="bbox 1277 2461 2344 2506; baseline 0.004 -11"><span class='ocrx_word' id='word_1_1281' title='bbox 1277 2473 1339 2496; x_wconf 88' lang='lat' dir='ltr'>cata</span> <span class='ocrx_word' id='word_1_1282' title='bbox 1353 2465 1525 2505; x_wconf 69' lang='lat' dir='ltr'>reverentia,</span> <span class='ocrx_word' id='word_1_1283' title='bbox 1542 2466 1666 2506; x_wconf 89' lang='lat' dir='ltr'>nequiter</span> <span class='ocrx_word' id='word_1_1284' title='bbox 1686 2462 1915 2504; x_wconf 79' lang='lat' dir='ltr'>praesumpserunt</span> <span class='ocrx_word' id='word_1_1285' title='bbox 1931 2474 1940 2501; x_wconf 79' lang='lat'>3</span> <span class='ocrx_word' id='word_1_1286' title='bbox 1959 2461 2040 2493; x_wconf 90' lang='lat' dir='ltr'>bonis</span> <span class='ocrx_word' id='word_1_1287' title='bbox 2059 2463 2093 2494; x_wconf 75' lang='grc' dir='ltr'>δε</span> <span class='ocrx_word' id='word_1_1288' title='bbox 2109 2464 2208 2504; x_wconf 89' lang='lat' dir='ltr'>rebus,</span> <span class='ocrx_word' id='word_1_1289' title='bbox 2226 2466 2344 2499; x_wconf 89' lang='lat' dir='ltr'>sistenti-</span> 
     </span>
     <span class='ocr_line' id='line_1_169' title="bbox 1272 2501 2343 2544; baseline -0.002 -11"><span class='ocrx_word' id='word_1_1290' title='bbox 1272 2503 1325 2533; x_wconf 91' lang='lat' dir='ltr'>bus</span> <span class='ocrx_word' id='word_1_1291' title='bbox 1338 2504 1500 2544; x_wconf 83' lang='lat' dir='ltr'>inibi,quae</span> <span class='ocrx_word' id='word_1_1292' title='bbox 1512 2511 1663 2544; x_wconf 90' lang='lat' dir='ltr'>potuerunt</span> <span class='ocrx_word' id='word_1_1293' title='bbox 1678 2504 1714 2534; x_wconf 89' lang='lat' dir='ltr'>ab</span> <span class='ocrx_word' id='word_1_1294' title='bbox 1729 2501 1864 2533; x_wconf 88' lang='lat' dir='ltr'>incendio</span> <span class='ocrx_word' id='word_1_1295' title='bbox 1887 2501 2063 2540; x_wconf 84' lang='lat' dir='ltr'>praeservari,</span> <span class='ocrx_word' id='word_1_1296' title='bbox 2082 2501 2101 2521; x_wconf 64' lang='lat'>²*</span> <span class='ocrx_word' id='word_1_1297' title='bbox 2121 2502 2231 2535; x_wconf 88' lang='lat' dir='ltr'>furtivis</span> <span class='ocrx_word' id='word_1_1298' title='bbox 2249 2508 2343 2538; x_wconf 69' lang='lat' dir='ltr'>mani-</span> 
     </span>
     <span class='ocr_line' id='line_1_170' title="bbox 1271 2541 1916 2581; baseline -0.003 -9"><span class='ocrx_word' id='word_1_1299' title='bbox 1271 2542 1337 2580; x_wconf 88' lang='lat' dir='ltr'>bus,</span> <span class='ocrx_word' id='word_1_1300' title='bbox 1358 2553 1417 2573; x_wconf 89' lang='lat' dir='ltr'>non</span> <span class='ocrx_word' id='word_1_1301' title='bbox 1432 2544 1489 2574; x_wconf 87' lang='lat' dir='ltr'>fine</span> <span class='ocrx_word' id='word_1_1302' title='bbox 1501 2551 1575 2574; x_wconf 86' lang='lat' dir='ltr'>reatu</span> <span class='ocrx_word' id='word_1_1303' title='bbox 1591 2541 1749 2581; x_wconf 82' lang='lat' dir='ltr'>Sacrilegii,</span> <span class='ocrx_word' id='word_1_1304' title='bbox 1767 2541 1916 2578; x_wconf 69' lang='lat' dir='ltr'>asportatis</span> 
     </span>
    </p>

    <p class='ocr_par' dir='ltr' id='par_1_49' title="bbox 1267 2577 2341 2774">
     <span class='ocr_line' id='line_1_171' title="bbox 1308 2577 2339 2620; baseline 0.005 -9"><span class='ocrx_word' id='word_1_1305' title='bbox 1308 2580 1353 2611; x_wconf 79' lang='lat' dir='ltr'>Ex</span> <span class='ocrx_word' id='word_1_1306' title='bbox 1367 2583 1469 2620; x_wconf 91' lang='lat' dir='ltr'>quibus</span> <span class='ocrx_word' id='word_1_1307' title='bbox 1483 2582 1512 2611; x_wconf 91' lang='lat' dir='ltr'>in</span> <span class='ocrx_word' id='word_1_1308' title='bbox 1526 2582 1648 2619; x_wconf 87' lang='lat' dir='ltr'>partibus</span> <span class='ocrx_word' id='word_1_1309' title='bbox 1663 2581 1713 2610; x_wconf 86' lang='lat' dir='ltr'>illis</span> <span class='ocrx_word' id='word_1_1310' title='bbox 1727 2579 1850 2609; x_wconf 90' lang='lat' dir='ltr'>Divinus</span> <span class='ocrx_word' id='word_1_1311' title='bbox 1863 2578 1951 2609; x_wconf 85' lang='lat' dir='ltr'>cultus</span> <span class='ocrx_word' id='word_1_1312' title='bbox 1966 2577 2005 2608; x_wconf 91' lang='lat' dir='ltr'>est</span> <span class='ocrx_word' id='word_1_1313' title='bbox 2021 2589 2079 2609; x_wconf 91' lang='lat' dir='ltr'>non</span> <span class='ocrx_word' id='word_1_1314' title='bbox 2098 2579 2197 2612; x_wconf 92' lang='lat' dir='ltr'>leviter</span> <span class='ocrx_word' id='word_1_1315' title='bbox 2211 2582 2339 2616; x_wconf 86' lang='lat' dir='ltr'>diminu-</span> 
     </span>
     <span class='ocr_line' id='line_1_172' title="bbox 1269 2617 2340 2663; baseline 0.001 -14"><span class='ocrx_word' id='word_1_1316' title='bbox 1269 2627 1328 2663; x_wconf 76' lang='lat' dir='ltr'>tus,</span> <span class='ocrx_word' id='word_1_1317' title='bbox 1346 2619 1412 2651; x_wconf 76' lang='lat' dir='ltr'>fides</span> <span class='ocrx_word' id='word_1_1318' title='bbox 1427 2621 1461 2651; x_wconf 77' lang='grc' dir='ltr'>δε</span> <span class='ocrx_word' id='word_1_1319' title='bbox 1474 2620 1589 2652; x_wconf 89' lang='lat' dir='ltr'>devotio</span> <span class='ocrx_word' id='word_1_1320' title='bbox 1601 2618 1762 2649; x_wconf 84' lang='lat' dir='ltr'>Christiana</span> <span class='ocrx_word' id='word_1_1321' title='bbox 1774 2617 1934 2648; x_wconf 87' lang='lat' dir='ltr'>notabiliter</span> <span class='ocrx_word' id='word_1_1322' title='bbox 1949 2625 2110 2657; x_wconf 86' lang='lat' dir='ltr'>tepuerunt,</span> <span class='ocrx_word' id='word_1_1323' title='bbox 2125 2620 2159 2650; x_wconf 66' lang='grc' dir='ltr'>ὅς’</span> <span class='ocrx_word' id='word_1_1324' title='bbox 2173 2621 2265 2653; x_wconf 69' lang='lat' dir='ltr'>dietus</span> <span class='ocrx_word' id='word_1_1325' title='bbox 2272 2622 2340 2655; x_wconf 78' lang='lat' dir='ltr'>Rex</span> 
     </span>
     <span class='ocr_line' id='line_1_173' title="bbox 1267 2655 2341 2701; baseline 0.003 -14"><span class='ocrx_word' id='word_1_1326' title='bbox 1267 2667 1296 2687; x_wconf 92' lang='lat' dir='ltr'>in</span> <span class='ocrx_word' id='word_1_1327' title='bbox 1323 2658 1450 2701; x_wconf 84' lang='lat' dir='ltr'>Regaliis</span> <span class='ocrx_word' id='word_1_1328' title='bbox 1466 2658 1518 2690; x_wconf 88' lang='lat' dir='ltr'>suis</span> <span class='ocrx_word' id='word_1_1329' title='bbox 1532 2657 1637 2697; x_wconf 85' lang='lat' dir='ltr'>grande</span> <span class='ocrx_word' id='word_1_1330' title='bbox 1650 2657 1750 2695; x_wconf 90' lang='lat' dir='ltr'>subiit,</span> <span class='ocrx_word' id='word_1_1331' title='bbox 1765 2655 1798 2688; x_wconf 64' lang='grc' dir='ltr'>ὃς</span> <span class='ocrx_word' id='word_1_1332' title='bbox 1821 2655 1894 2687; x_wconf 87' lang='lat' dir='ltr'>subit</span> <span class='ocrx_word' id='word_1_1333' title='bbox 1909 2656 2012 2693; x_wconf 81' lang='lat' dir='ltr'>jugiter</span> <span class='ocrx_word' id='word_1_1334' title='bbox 2031 2656 2244 2690; x_wconf 89' lang='lat' dir='ltr'>detrimentum·</span> <span class='ocrx_word' id='word_1_1335' title='bbox 2264 2662 2341 2693; x_wconf 71' lang='lat' dir='ltr'>unde</span> 
     </span>
     <span class='ocr_line' id='line_1_174' title="bbox 1267 2684 2339 2737; baseline -0.001 -11"><span class='ocrx_word' id='word_1_1336' title='bbox 1267 2695 1302 2727; x_wconf 88' lang='lat' dir='ltr'>ad</span> <span class='ocrx_word' id='word_1_1337' title='bbox 1318 2697 1548 2736; x_wconf 88' lang='lat' dir='ltr'>Assumptionem</span> <span class='ocrx_word' id='word_1_1338' title='bbox 1560 2697 1729 2728; x_wconf 89' lang='lat' dir='ltr'>ultramarini</span> <span class='ocrx_word' id='word_1_1339' title='bbox 1745 2694 1878 2736; x_wconf 80' lang='lat' dir='ltr'>passagii,</span> <span class='ocrx_word' id='word_1_1340' title='bbox 1895 2694 1929 2724; x_wconf 89' lang='lat' dir='ltr'>ad</span> <span class='ocrx_word' id='word_1_1341' title='bbox 1946 2693 2039 2733; x_wconf 88' lang='lat' dir='ltr'>quod,</span> <span class='ocrx_word' id='word_1_1342' title='bbox 2057 2704 2088 2726; x_wconf 89' lang='lat' dir='ltr'>ut</span> <span class='ocrx_word' id='word_1_1343' title='bbox 2103 2697 2210 2737; x_wconf 87' lang='lat' dir='ltr'>asserit,</span> <span class='ocrx_word' id='word_1_1344' title='bbox 2225 2684 2339 2732; x_wconf 56' lang='lat' dir='ltr'>serven..</span> 
     </span>
     <span class='ocr_line' id='line_1_175' title="bbox 1267 2732 2340 2774; baseline 0.002 -8"><span class='ocrx_word' id='word_1_1345' title='bbox 1267 2743 1309 2766; x_wconf 90' lang='lat' dir='ltr'>ter</span> <span class='ocrx_word' id='word_1_1346' title='bbox 1324 2737 1434 2774; x_wconf 90' lang='lat' dir='ltr'>anelat,</span> <span class='ocrx_word' id='word_1_1347' title='bbox 1453 2737 1546 2766; x_wconf 79' lang='lat' dir='ltr'>minus</span> <span class='ocrx_word' id='word_1_1348' title='bbox 1559 2735 1656 2766; x_wconf 88' lang='lat' dir='ltr'>habilis</span> <span class='ocrx_word' id='word_1_1349' title='bbox 1669 2734 1790 2765; x_wconf 83' lang='lat' dir='ltr'>redditur</span> <span class='ocrx_word' id='word_1_1350' title='bbox 1800 2757 1810 2772; x_wconf 87' lang='lat'>,</span> <span class='ocrx_word' id='word_1_1351' title='bbox 1827 2734 1860 2764; x_wconf 71' lang='grc' dir='ltr'>ὃ(</span> <span class='ocrx_word' id='word_1_1352' title='bbox 1877 2732 2073 2771; x_wconf 84' lang='lat' dir='ltr'>multipliciter</span> <span class='ocrx_word' id='word_1_1353' title='bbox 2087 2734 2249 2773; x_wconf 88' lang='lat' dir='ltr'>impeditur.</span> <span class='ocrx_word' id='word_1_1354' title='bbox 2337 2735 2340 2738; x_wconf 76' lang='grc'><strong>’</strong></span> 
     </span>
    </p>

    <p class='ocr_par' dir='ltr' id='par_1_50' title="bbox 1265 2772 2339 3162">
     <span class='ocr_line' id='line_1_176' title="bbox 1304 2772 2338 2814; baseline -0.003 -8"><span class='ocrx_word' id='word_1_1355' title='bbox 1304 2775 1372 2806; x_wconf 90' lang='lat' dir='ltr'>Nos</span> <span class='ocrx_word' id='word_1_1356' title='bbox 1385 2776 1488 2812; x_wconf 87' lang='lat' dir='ltr'>igitur,</span> <span class='ocrx_word' id='word_1_1357' title='bbox 1502 2773 1635 2806; x_wconf 83' lang='lat' dir='ltr'>Excessus</span> <span class='ocrx_word' id='word_1_1358' title='bbox 1644 2773 1821 2812; x_wconf 85' lang='lat' dir='ltr'>hujusmodi,</span> <span class='ocrx_word' id='word_1_1359' title='bbox 1839 2781 1909 2809; x_wconf 91' lang='lat' dir='ltr'>quos</span> <span class='ocrx_word' id='word_1_1360' title='bbox 1931 2772 1960 2801; x_wconf 93' lang='lat' dir='ltr'>in</span> <span class='ocrx_word' id='word_1_1361' title='bbox 1983 2773 2106 2809; x_wconf 89' lang='lat' dir='ltr'>partibus</span> <span class='ocrx_word' id='word_1_1362' title='bbox 2119 2774 2188 2814; x_wconf 80' lang='lat' dir='ltr'>iuis,</span> <span class='ocrx_word' id='word_1_1363' title='bbox 2204 2775 2274 2807; x_wconf 89' lang='lat' dir='ltr'>ficut</span> <span class='ocrx_word' id='word_1_1364' title='bbox 2288 2787 2338 2809; x_wconf 88' lang='lat' dir='ltr'>au-</span> 
     </span>
     <span class='ocr_line' id='line_1_177' title="bbox 1267 2809 2320 2853; baseline 0.004 -10"><span class='ocrx_word' id='word_1_1365' title='bbox 1267 2812 1408 2853; x_wconf 87' lang='lat' dir='ltr'>divimus,</span> <span class='ocrx_word' id='word_1_1366' title='bbox 1425 2814 1459 2844; x_wconf 90' lang='lat'>&amp;</span> <span class='ocrx_word' id='word_1_1367' title='bbox 1474 2814 1542 2844; x_wconf 71' lang='lat' dir='ltr'>faeti</span> <span class='ocrx_word' id='word_1_1368' title='bbox 1556 2812 1712 2850; x_wconf 88' lang='lat' dir='ltr'>evidentia,</span> <span class='ocrx_word' id='word_1_1369' title='bbox 1729 2813 1762 2843; x_wconf 73' lang='grc' dir='ltr'>δε</span> <span class='ocrx_word' id='word_1_1370' title='bbox 1785 2811 1858 2850; x_wconf 89' lang='lat' dir='ltr'>quasi</span> <span class='ocrx_word' id='word_1_1371' title='bbox 1878 2811 2042 2840; x_wconf 73' lang='lat' dir='ltr'>communis</span> <span class='ocrx_word' id='word_1_1372' title='bbox 2062 2809 2173 2843; x_wconf 75' lang='lat' dir='ltr'>assertio</span> <span class='ocrx_word' id='word_1_1373' title='bbox 2215 2815 2320 2848; x_wconf 86' lang='lat' dir='ltr'>ublicat</span> 
     </span>
     <span class='ocr_line' id='line_1_178' title="bbox 1267 2823 2339 2892; baseline -0.003 -10"><span class='ocrx_word' id='word_1_1374' title='bbox 1267 2862 1302 2882; x_wconf 88' lang='lat' dir='ltr'>eo</span> <span class='ocrx_word' id='word_1_1375' title='bbox 1320 2855 1411 2890; x_wconf 90' lang='lat' dir='ltr'>magis</span> <span class='ocrx_word' id='word_1_1376' title='bbox 1425 2853 1583 2892; x_wconf 82' lang='lat' dir='ltr'>horrentes,</span> <span class='ocrx_word' id='word_1_1377' title='bbox 1602 2862 1658 2890; x_wconf 91' lang='lat' dir='ltr'>quo</span> <span class='ocrx_word' id='word_1_1378' title='bbox 1672 2852 1710 2881; x_wconf 90' lang='lat' dir='ltr'>eis</span> <span class='ocrx_word' id='word_1_1379' title='bbox 1725 2848 1948 2888; x_wconf 89' lang='lat' dir='ltr'>displicibiliores</span> <span class='ocrx_word' id='word_1_1380' title='bbox 1966 2848 2022 2879; x_wconf 87' lang='lat' dir='ltr'>esse</span> <span class='ocrx_word' id='word_1_1381' title='bbox 2036 2852 2168 2882; x_wconf 89' lang='lat' dir='ltr'>novimus</span> <span class='ocrx_word' id='word_1_1382' title='bbox 2183 2823 2263 2891; x_wconf 48' lang='lat' dir='ltr'>{egi</span> <span class='ocrx_word' id='word_1_1383' title='bbox 2283 2838 2339 2892; x_wconf 78' lang='lat' dir='ltr'>pa.’</span> 
     </span>
     <span class='ocr_line' id='line_1_179' title="bbox 1266 2887 2335 2930; baseline 0.001 -9"><span class='ocrx_word' id='word_1_1384' title='bbox 1266 2890 1352 2922; x_wconf 87' lang='lat' dir='ltr'>cifico</span> <span class='ocrx_word' id='word_1_1385' title='bbox 1373 2892 1463 2930; x_wconf 88' lang='lat' dir='ltr'>(cujus</span> <span class='ocrx_word' id='word_1_1386' title='bbox 1476 2892 1553 2921; x_wconf 88' lang='lat' dir='ltr'>vices</span> <span class='ocrx_word' id='word_1_1387' title='bbox 1574 2891 1696 2929; x_wconf 87' lang='lat' dir='ltr'>gerimus</span> <span class='ocrx_word' id='word_1_1388' title='bbox 1718 2891 1748 2919; x_wconf 91' lang='lat' dir='ltr'>in</span> <span class='ocrx_word' id='word_1_1389' title='bbox 1764 2889 1877 2926; x_wconf 88' lang='lat' dir='ltr'>Terris,</span> <span class='ocrx_word' id='word_1_1390' title='bbox 1894 2887 1959 2917; x_wconf 91' lang='lat' dir='ltr'>licet</span> <span class='ocrx_word' id='word_1_1391' title='bbox 1982 2888 2128 2926; x_wconf 88' lang='lat' dir='ltr'>immeriti)</span> <span class='ocrx_word' id='word_1_1392' title='bbox 2149 2900 2243 2928; x_wconf 90' lang='lat' dir='ltr'>quove</span> <span class='ocrx_word' id='word_1_1393' title='bbox 2262 2892 2335 2929; x_wconf 86' lang='lat' dir='ltr'>ipsos</span> 
     </span>
     <span class='ocr_line' id='line_1_180' title="bbox 1267 2927 2337 2968; baseline -0.001 -8"><span class='ocrx_word' id='word_1_1394' title='bbox 1267 2931 1296 2960; x_wconf 91' lang='lat' dir='ltr'>in</span> <span class='ocrx_word' id='word_1_1395' title='bbox 1310 2929 1446 2968; x_wconf 86' lang='lat' dir='ltr'>Regnum</span> <span class='ocrx_word' id='word_1_1396' title='bbox 1460 2929 1576 2967; x_wconf 85' lang='lat' dir='ltr'>Angliae</span> <span class='ocrx_word' id='word_1_1397' title='bbox 1585 2952 1595 2968; x_wconf 96' lang='lat'>,</span> <span class='ocrx_word' id='word_1_1398' title='bbox 1612 2928 1747 2959; x_wconf 79' lang='lat' dir='ltr'>Ecclesiae</span> <span class='ocrx_word' id='word_1_1399' title='bbox 1762 2927 1908 2958; x_wconf 86' lang='lat' dir='ltr'>Romanae</span> <span class='ocrx_word' id='word_1_1400' title='bbox 1920 2935 2078 2964; x_wconf 85' lang='lat' dir='ltr'>praecarum</span> <span class='ocrx_word' id='word_1_1401' title='bbox 2087 2950 2097 2966; x_wconf 98' lang='lat'>,</span> <span class='ocrx_word' id='word_1_1402' title='bbox 2114 2937 2148 2958; x_wconf 91' lang='lat' dir='ltr'>ac</span> <span class='ocrx_word' id='word_1_1403' title='bbox 2156 2929 2337 2967; x_wconf 86' lang='lat' dir='ltr'>Terrasprae-</span> 
     </span>
     <span class='ocr_line' id='line_1_181' title="bbox 1266 2965 2337 3007; baseline -0.003 -8"><span class='ocrx_word' id='word_1_1404' title='bbox 1266 2968 1373 3007; x_wconf 72' lang='lat' dir='ltr'>dietas,</span> <span class='ocrx_word' id='word_1_1405' title='bbox 1390 2969 1423 3000; x_wconf 91' lang='lat'>&amp;</span> <span class='ocrx_word' id='word_1_1406' title='bbox 1435 2969 1466 2998; x_wconf 91' lang='lat' dir='ltr'>in</span> <span class='ocrx_word' id='word_1_1407' title='bbox 1488 2968 1578 3005; x_wconf 88' lang='lat' dir='ltr'>Regis</span> <span class='ocrx_word' id='word_1_1408' title='bbox 1593 2967 1724 3006; x_wconf 68' lang='lat' dir='ltr'>praedieti</span> <span class='ocrx_word' id='word_1_1409' title='bbox 1737 2965 1900 3005; x_wconf 87' lang='lat' dir='ltr'>personam,</span> <span class='ocrx_word' id='word_1_1410' title='bbox 1917 2973 2024 3005; x_wconf 87' lang='lat' dir='ltr'>quern,</span> <span class='ocrx_word' id='word_1_1411' title='bbox 2042 2965 2128 2996; x_wconf 90' lang='lat' dir='ltr'>veluti</span> <span class='ocrx_word' id='word_1_1412' title='bbox 2148 2965 2252 2997; x_wconf 88' lang='lat' dir='ltr'>Filium</span> <span class='ocrx_word' id='word_1_1413' title='bbox 2266 2978 2337 3005; x_wconf 81' lang='lat' dir='ltr'>prae-</span> 
     </span>
     <span class='ocr_line' id='line_1_182' title="bbox 1267 3004 2337 3047; baseline 0 -9"><span class='ocrx_word' id='word_1_1414' title='bbox 1267 3007 1422 3046; x_wconf 68' lang='lat' dir='ltr'>dileetum,</span> <span class='ocrx_word' id='word_1_1415' title='bbox 1439 3007 1592 3047; x_wconf 90' lang='lat' dir='ltr'>specialiter</span> <span class='ocrx_word' id='word_1_1416' title='bbox 1604 3008 1677 3036; x_wconf 86' lang='lat' dir='ltr'>inter</span> <span class='ocrx_word' id='word_1_1417' title='bbox 1695 3004 1808 3036; x_wconf 91' lang='lat' dir='ltr'>brachia</span> <span class='ocrx_word' id='word_1_1418' title='bbox 1824 3004 1942 3035; x_wconf 87' lang='lat' dir='ltr'>caritatis</span> <span class='ocrx_word' id='word_1_1419' title='bbox 1962 3004 2080 3033; x_wconf 85' lang='lat' dir='ltr'>internae</span> <span class='ocrx_word' id='word_1_1420' title='bbox 2095 3004 2337 3046; x_wconf 71' lang='lat' dir='ltr'>compleffimur,</span> 
     </span>
     <span class='ocr_line' id='line_1_183' title="bbox 1267 3040 2334 3083; baseline -0.005 -6"><span class='ocrx_word' id='word_1_1421' title='bbox 1267 3047 1409 3077; x_wconf 90' lang='lat' dir='ltr'>cernimus</span> <span class='ocrx_word' id='word_1_1422' title='bbox 1427 3044 1508 3076; x_wconf 78' lang='lat' dir='ltr'>fuisse</span> <span class='ocrx_word' id='word_1_1423' title='bbox 1531 3044 1720 3083; x_wconf 68' lang='lat' dir='ltr'>commissos,</span> <span class='ocrx_word' id='word_1_1424' title='bbox 1748 3044 1782 3075; x_wconf 67' lang='grc' dir='ltr'>ὃς</span> <span class='ocrx_word' id='word_1_1425' title='bbox 1806 3042 1927 3081; x_wconf 77' lang='lat' dir='ltr'>proinde</span> <span class='ocrx_word' id='word_1_1426' title='bbox 1952 3041 2012 3070; x_wconf 57' lang='lat' dir='ltr'>tem</span> <span class='ocrx_word' id='word_1_1427' title='bbox 2035 3040 2234 3073; x_wconf 84' lang='lat' dir='ltr'>excedentium</span> <span class='ocrx_word' id='word_1_1428' title='bbox 2255 3043 2334 3077; x_wconf 77' lang='lat' dir='ltr'>saluti</span> 
     </span>
     <span class='ocr_line' id='line_1_184' title="bbox 1265 3077 2332 3125; baseline -0.003 -10"><span class='ocrx_word' id='word_1_1429' title='bbox 1265 3084 1442 3125; x_wconf 88' lang='lat' dir='ltr'>prospicere,</span> <span class='ocrx_word' id='word_1_1430' title='bbox 1459 3085 1547 3122; x_wconf 70' lang='lat' dir='ltr'>quiim</span> <span class='ocrx_word' id='word_1_1431' title='bbox 1560 3083 1650 3122; x_wconf 88' lang='lat' dir='ltr'>Regis</span> <span class='ocrx_word' id='word_1_1432' title='bbox 1663 3092 1816 3114; x_wconf 90' lang='lat' dir='ltr'>occurrere</span> <span class='ocrx_word' id='word_1_1433' title='bbox 1828 3079 1939 3119; x_wconf 84' lang='lat' dir='ltr'>praefati</span> <span class='ocrx_word' id='word_1_1434' title='bbox 1953 3077 2118 3118; x_wconf 86' lang='lat' dir='ltr'>dispendiis,</span> <span class='ocrx_word' id='word_1_1435' title='bbox 2135 3089 2168 3111; x_wconf 84' lang='lat' dir='ltr'>ac</span> <span class='ocrx_word' id='word_1_1436' title='bbox 2180 3079 2262 3113; x_wconf 89' lang='lat' dir='ltr'>statui</span> <span class='ocrx_word' id='word_1_1437' title='bbox 2281 3083 2332 3115; x_wconf 90' lang='lat' dir='ltr'>suo</span> 
     </span>
     <span class='ocr_line' id='line_1_185' title="bbox 1265 3118 2005 3162; baseline -0.012 -8"><span class='ocrx_word' id='word_1_1438' title='bbox 1265 3123 1388 3162; x_wconf 83' lang='lat' dir='ltr'>pacifico</span> <span class='ocrx_word' id='word_1_1439' title='bbox 1402 3122 1550 3161; x_wconf 89' lang='lat' dir='ltr'>providere</span> <span class='ocrx_word' id='word_1_1440' title='bbox 1564 3123 1679 3160; x_wconf 88' lang='lat' dir='ltr'>paternis</span> <span class='ocrx_word' id='word_1_1441' title='bbox 1692 3120 1839 3152; x_wconf 65' lang='lat' dir='ltr'>affitffibus</span> <span class='ocrx_word' id='word_1_1442' title='bbox 1848 3118 2005 3156; x_wconf 89' lang='lat' dir='ltr'>cupientes:</span> 
     </span>
    </p>

    <p class='ocr_par' dir='ltr' id='par_1_51' title="bbox 1262 3154 2334 3622">
     <span class='ocr_line' id='line_1_186' title="bbox 1305 3154 2334 3200; baseline -0.002 -7"><span class='ocrx_word' id='word_1_1443' title='bbox 1305 3162 1479 3193; x_wconf 89' lang='lat' dir='ltr'>Discretioni</span> <span class='ocrx_word' id='word_1_1444' title='bbox 1492 3160 1609 3199; x_wconf 87' lang='lat' dir='ltr'>vestrae,</span> <span class='ocrx_word' id='word_1_1445' title='bbox 1626 3161 1663 3190; x_wconf 90' lang='lat' dir='ltr'>de</span> <span class='ocrx_word' id='word_1_1446' title='bbox 1675 3159 1728 3197; x_wconf 63' lang='lat' dir='ltr'>quit</span> <span class='ocrx_word' id='word_1_1447' title='bbox 1740 3157 1851 3196; x_wconf 86' lang='lat' dir='ltr'>plenam</span> <span class='ocrx_word' id='word_1_1448' title='bbox 1864 3157 1894 3200; x_wconf 75' lang='lat' dir='ltr'>in</span> <span class='ocrx_word' id='word_1_1449' title='bbox 1908 3154 2045 3185; x_wconf 90' lang='lat' dir='ltr'>Domino</span> <span class='ocrx_word' id='word_1_1450' title='bbox 2065 3154 2198 3190; x_wconf 81' lang='lat' dir='ltr'>fiduciam</span> <span class='ocrx_word' id='word_1_1451' title='bbox 2217 3160 2334 3198; x_wconf 63' lang='lat' dir='ltr'>optine-&gt;</span> 
     </span>
     <span class='ocr_line' id='line_1_187' title="bbox 1268 3193 2333 3239; baseline -0.004 -8"><span class='ocrx_word' id='word_1_1452' title='bbox 1268 3211 1348 3239; x_wconf 90' lang='lat' dir='ltr'>mus,</span> <span class='ocrx_word' id='word_1_1453' title='bbox 1365 3210 1414 3238; x_wconf 88' lang='lat' dir='ltr'>per</span> <span class='ocrx_word' id='word_1_1454' title='bbox 1429 3198 1595 3237; x_wconf 87' lang='lat' dir='ltr'>Apostolica</span> <span class='ocrx_word' id='word_1_1455' title='bbox 1607 3198 1715 3234; x_wconf 87' lang='lat' dir='ltr'>Scripta</span> <span class='ocrx_word' id='word_1_1456' title='bbox 1729 3195 1936 3226; x_wconf 87' lang='lat' dir='ltr'>committimus</span> <span class='ocrx_word' id='word_1_1457' title='bbox 1957 3193 1990 3223; x_wconf 93' lang='lat'>&amp;</span> <span class='ocrx_word' id='word_1_1458' title='bbox 2003 3194 2186 3236; x_wconf 86' lang='lat' dir='ltr'>mandamus,</span> <span class='ocrx_word' id='word_1_1459' title='bbox 2203 3200 2333 3236; x_wconf 83' lang='lat' dir='ltr'>quatinus</span> 
     </span>
     <span class='ocr_line' id='line_1_188' title="bbox 1267 3231 2332 3278; baseline -0.001 -9"><span class='ocrx_word' id='word_1_1460' title='bbox 1267 3249 1338 3278; x_wconf 85' lang='lat' dir='ltr'>vos,</span> <span class='ocrx_word' id='word_1_1461' title='bbox 1359 3238 1405 3268; x_wconf 91' lang='lat' dir='ltr'>vel</span> <span class='ocrx_word' id='word_1_1462' title='bbox 1424 3237 1501 3275; x_wconf 80' lang='lat' dir='ltr'>duo,</span> <span class='ocrx_word' id='word_1_1463' title='bbox 1518 3244 1565 3267; x_wconf 85' lang='lat' dir='ltr'>aut</span> <span class='ocrx_word' id='word_1_1464' title='bbox 1582 3245 1652 3266; x_wconf 90' lang='lat' dir='ltr'>unus</span> <span class='ocrx_word' id='word_1_1465' title='bbox 1670 3232 1813 3271; x_wconf 69' lang='lat' dir='ltr'>vestrum,</span> <span class='ocrx_word' id='word_1_1466' title='bbox 1838 3233 1946 3269; x_wconf 69' lang='lat' dir='ltr'>dictos,</span> <span class='ocrx_word' id='word_1_1467' title='bbox 1964 3231 2130 3265; x_wconf 85' lang='lat' dir='ltr'>Robertum</span> <span class='ocrx_word' id='word_1_1468' title='bbox 2150 3235 2186 3266; x_wconf 92' lang='lat' dir='ltr'>de</span> <span class='ocrx_word' id='word_1_1469' title='bbox 2208 3236 2275 3268; x_wconf 90' lang='lat' dir='ltr'>Brus</span> <span class='ocrx_word' id='word_1_1470' title='bbox 2297 3239 2332 3270; x_wconf 89' lang='lat'>&amp;</span> 
     </span>
     <span class='ocr_line' id='line_1_189' title="bbox 1266 3270 2331 3314; baseline -0.003 -7"><span class='ocrx_word' id='word_1_1471' title='bbox 1266 3276 1440 3307; x_wconf 89' lang='lat' dir='ltr'>Edwardum</span> <span class='ocrx_word' id='word_1_1472' title='bbox 1457 3275 1580 3305; x_wconf 81' lang='lat' dir='ltr'>Fratrem</span> <span class='ocrx_word' id='word_1_1473' title='bbox 1600 3275 1674 3313; x_wconf 89' lang='lat' dir='ltr'>ejus,</span> <span class='ocrx_word' id='word_1_1474' title='bbox 1691 3282 1726 3303; x_wconf 86' lang='lat' dir='ltr'>ac</span> <span class='ocrx_word' id='word_1_1475' title='bbox 1741 3281 1842 3302; x_wconf 66' lang='lat' dir='ltr'>omnes</span> <span class='ocrx_word' id='word_1_1476' title='bbox 1852 3272 1886 3302; x_wconf 91' lang='lat'>&amp;</span> <span class='ocrx_word' id='word_1_1477' title='bbox 1902 3270 2039 3309; x_wconf 88' lang='lat' dir='ltr'>singulos,</span> <span class='ocrx_word' id='word_1_1478' title='bbox 2057 3282 2128 3310; x_wconf 89' lang='lat' dir='ltr'>quos</span> <span class='ocrx_word' id='word_1_1479' title='bbox 2142 3273 2282 3314; x_wconf 83' lang='lat' dir='ltr'>ipsorum,</span> <span class='ocrx_word' id='word_1_1480' title='bbox 2292 3277 2331 3308; x_wconf 48' lang='lat' dir='ltr'>*in</span> 
     </span>
     <span class='ocr_line' id='line_1_190' title="bbox 1265 3309 2330 3353; baseline 0 -8"><span class='ocrx_word' id='word_1_1481' title='bbox 1265 3314 1409 3353; x_wconf 87' lang='lat' dir='ltr'>praemiffis</span> <span class='ocrx_word' id='word_1_1482' title='bbox 1429 3311 1606 3351; x_wconf 77' lang='lat' dir='ltr'>Excessibus,</span> <span class='ocrx_word' id='word_1_1483' title='bbox 1625 3311 1796 3349; x_wconf 72' lang='lat' dir='ltr'>complices,</span> <span class='ocrx_word' id='word_1_1484' title='bbox 1815 3309 1945 3348; x_wconf 72' lang='lat' dir='ltr'>fautores,</span> <span class='ocrx_word' id='word_1_1485' title='bbox 1967 3309 2002 3340; x_wconf 91' lang='lat'>&amp;</span> <span class='ocrx_word' id='word_1_1486' title='bbox 2019 3309 2149 3342; x_wconf 68' lang='lat' dir='ltr'>valitorec</span> <span class='ocrx_word' id='word_1_1487' title='bbox 2163 3311 2219 3344; x_wconf 81' lang='lat' dir='ltr'>esse</span> <span class='ocrx_word' id='word_1_1488' title='bbox 2241 3323 2330 3345; x_wconf 88' lang='lat' dir='ltr'>nove-</span> 
     </span>
     <span class='ocr_line' id='line_1_191' title="bbox 1263 3349 2330 3392; baseline -0.007 -8"><span class='ocrx_word' id='word_1_1489' title='bbox 1263 3355 1337 3392; x_wconf 85' lang='lat' dir='ltr'>ritis,</span> <span class='ocrx_word' id='word_1_1490' title='bbox 1354 3362 1404 3390; x_wconf 88' lang='lat' dir='ltr'>per</span> <span class='ocrx_word' id='word_1_1491' title='bbox 1420 3361 1488 3390; x_wconf 88' lang='lat' dir='ltr'>vos,</span> <span class='ocrx_word' id='word_1_1492' title='bbox 1505 3350 1550 3382; x_wconf 92' lang='lat' dir='ltr'>vel</span> <span class='ocrx_word' id='word_1_1493' title='bbox 1562 3350 1667 3389; x_wconf 88' lang='lat' dir='ltr'>alium,</span> <span class='ocrx_word' id='word_1_1494' title='bbox 1684 3350 1729 3380; x_wconf 88' lang='lat' dir='ltr'>seu</span> <span class='ocrx_word' id='word_1_1495' title='bbox 1743 3349 1810 3380; x_wconf 88' lang='lat' dir='ltr'>alios</span> <span class='ocrx_word' id='word_1_1496' title='bbox 1829 3349 1970 3379; x_wconf 78' lang='lat' dir='ltr'>canonice</span> <span class='ocrx_word' id='word_1_1497' title='bbox 1989 3350 2144 3388; x_wconf 82' lang='lat' dir='ltr'>moneatis,</span> <span class='ocrx_word' id='word_1_1498' title='bbox 2161 3359 2207 3389; x_wconf 90' lang='lat' dir='ltr'>ut,</span> <span class='ocrx_word' id='word_1_1499' title='bbox 2226 3352 2263 3381; x_wconf 93' lang='lat' dir='ltr'>ab</span> <span class='ocrx_word' id='word_1_1500' title='bbox 2283 3353 2330 3383; x_wconf 77' lang='lat' dir='ltr'>in..</span> 
     </span>
     <span class='ocr_line' id='line_1_192' title="bbox 1262 3386 2331 3428; baseline -0.001 -6"><span class='ocrx_word' id='word_1_1501' title='bbox 1262 3391 1374 3422; x_wconf 86' lang='lat' dir='ltr'>vasione</span> <span class='ocrx_word' id='word_1_1502' title='bbox 1397 3391 1430 3421; x_wconf 87' lang='lat'>&amp;</span> <span class='ocrx_word' id='word_1_1503' title='bbox 1452 3390 1668 3428; x_wconf 87' lang='lat' dir='ltr'>impugnatione</span> <span class='ocrx_word' id='word_1_1504' title='bbox 1687 3388 1846 3425; x_wconf 64' lang='lat' dir='ltr'>diditorum,</span> <span class='ocrx_word' id='word_1_1505' title='bbox 1871 3386 1963 3424; x_wconf 86' lang='lat' dir='ltr'>Regis</span> <span class='ocrx_word' id='word_1_1506' title='bbox 1981 3387 2014 3418; x_wconf 89' lang='lat'>&amp;</span> <span class='ocrx_word' id='word_1_1507' title='bbox 2038 3386 2139 3425; x_wconf 87' lang='lat' dir='ltr'>Regni</span> <span class='ocrx_word' id='word_1_1508' title='bbox 2173 3398 2206 3419; x_wconf 89' lang='lat' dir='ltr'>ac</span> <span class='ocrx_word' id='word_1_1509' title='bbox 2224 3389 2331 3422; x_wconf 87' lang='lat' dir='ltr'>Terra-</span> 
     </span>
     <span class='ocr_line' id='line_1_193' title="bbox 1264 3410 2329 3468; baseline -0.006 -8"><span class='ocrx_word' id='word_1_1510' title='bbox 1264 3440 1327 3461; x_wconf 91' lang='lat' dir='ltr'>rum</span> <span class='ocrx_word' id='word_1_1511' title='bbox 1343 3429 1556 3468; x_wconf 61' lang='lat' dir='ltr'>praedictarum,</span> <span class='ocrx_word' id='word_1_1512' title='bbox 1574 3427 1683 3466; x_wconf 78' lang='lat' dir='ltr'>penitus</span> <span class='ocrx_word' id='word_1_1513' title='bbox 1697 3425 1867 3464; x_wconf 85' lang='lat' dir='ltr'>desistentes,</span> <span class='ocrx_word' id='word_1_1514' title='bbox 1885 3434 2074 3464; x_wconf 84' lang='lat' dir='ltr'>quaecumque</span> <span class='ocrx_word' id='word_1_1515' title='bbox 2089 3427 2119 3456; x_wconf 89' lang='lat' dir='ltr'>in</span> <span class='ocrx_word' id='word_1_1516' title='bbox 2139 3410 2245 3463; x_wconf 78' lang='lat' dir='ltr'>Regno</span> <span class='ocrx_word' id='word_1_1517' title='bbox 2265 3428 2329 3459; x_wconf 87' lang='lat' dir='ltr'>An..</span> 
     </span>
     <span class='ocr_line' id='line_1_194' title="bbox 1263 3464 2330 3506; baseline 0.001 -9"><span class='ocrx_word' id='word_1_1518' title='bbox 1263 3468 1330 3505; x_wconf 84' lang='lat' dir='ltr'>gliae</span> <span class='ocrx_word' id='word_1_1519' title='bbox 1339 3490 1348 3506; x_wconf 95' lang='lat'>,</span> <span class='ocrx_word' id='word_1_1520' title='bbox 1365 3477 1400 3498; x_wconf 91' lang='lat' dir='ltr'>ac</span> <span class='ocrx_word' id='word_1_1521' title='bbox 1413 3466 1512 3497; x_wconf 90' lang='lat' dir='ltr'>Terris</span> <span class='ocrx_word' id='word_1_1522' title='bbox 1523 3466 1638 3497; x_wconf 82' lang='lat' dir='ltr'>Walliae</span> <span class='ocrx_word' id='word_1_1523' title='bbox 1653 3465 1687 3496; x_wconf 84' lang='lat'>&amp;</span> <span class='ocrx_word' id='word_1_1524' title='bbox 1701 3464 1837 3495; x_wconf 88' lang='lat' dir='ltr'>Yberniae</span> <span class='ocrx_word' id='word_1_1525' title='bbox 1850 3464 2006 3502; x_wconf 68' lang='lat' dir='ltr'>praediCtis,</span> <span class='ocrx_word' id='word_1_1526' title='bbox 2022 3465 2130 3494; x_wconf 78' lang='lat' dir='ltr'>temere</span> <span class='ocrx_word' id='word_1_1527' title='bbox 2140 3464 2330 3506; x_wconf 72' lang='lat' dir='ltr'>occuparunt,</span> 
     </span>
     <span class='ocr_line' id='line_1_195' title="bbox 1263 3501 2329 3542; baseline -0.007 -6"><span class='ocrx_word' id='word_1_1528' title='bbox 1263 3506 1332 3537; x_wconf 86' lang='lat' dir='ltr'>infra</span> <span class='ocrx_word' id='word_1_1529' title='bbox 1346 3514 1456 3536; x_wconf 88' lang='lat' dir='ltr'>certum</span> <span class='ocrx_word' id='word_1_1530' title='bbox 1470 3512 1686 3542; x_wconf 88' lang='lat' dir='ltr'>competentem</span> <span class='ocrx_word' id='word_1_1531' title='bbox 1700 3504 1867 3541; x_wconf 89' lang='lat' dir='ltr'>terminum,</span> <span class='ocrx_word' id='word_1_1532' title='bbox 1885 3512 1932 3540; x_wconf 89' lang='lat' dir='ltr'>per</span> <span class='ocrx_word' id='word_1_1533' title='bbox 1947 3512 2016 3541; x_wconf 79' lang='lat' dir='ltr'>VOS,</span> <span class='ocrx_word' id='word_1_1534' title='bbox 2032 3509 2078 3533; x_wconf 90' lang='lat' dir='ltr'>aut</span> <span class='ocrx_word' id='word_1_1535' title='bbox 2092 3501 2177 3540; x_wconf 87' lang='lat' dir='ltr'>duos,</span> <span class='ocrx_word' id='word_1_1536' title='bbox 2194 3503 2239 3533; x_wconf 90' lang='lat' dir='ltr'>vel</span> <span class='ocrx_word' id='word_1_1537' title='bbox 2260 3504 2329 3536; x_wconf 89' lang='lat' dir='ltr'>alte..</span> 
     </span>
     <span class='ocr_line' id='line_1_196' title="bbox 1262 3539 2327 3580; baseline -0.006 -5"><span class='ocrx_word' id='word_1_1538' title='bbox 1262 3554 1327 3575; x_wconf 90' lang='lat' dir='ltr'>rum</span> <span class='ocrx_word' id='word_1_1539' title='bbox 1340 3543 1468 3575; x_wconf 73' lang='lat' dir='ltr'>vestrum</span> <span class='ocrx_word' id='word_1_1540' title='bbox 1481 3542 1700 3580; x_wconf 83' lang='lat' dir='ltr'>praefigendum,</span> <span class='ocrx_word' id='word_1_1541' title='bbox 1716 3541 1814 3572; x_wconf 88' lang='lat' dir='ltr'>eadem</span> <span class='ocrx_word' id='word_1_1542' title='bbox 1826 3541 1907 3572; x_wconf 60' lang='lat' dir='ltr'>dieto</span> <span class='ocrx_word' id='word_1_1543' title='bbox 1922 3541 2017 3579; x_wconf 89' lang='lat' dir='ltr'>Regi,</span> <span class='ocrx_word' id='word_1_1544' title='bbox 2034 3539 2079 3572; x_wconf 89' lang='lat' dir='ltr'>vel</span> <span class='ocrx_word' id='word_1_1545' title='bbox 2092 3548 2172 3570; x_wconf 90' lang='lat' dir='ltr'>certo</span> <span class='ocrx_word' id='word_1_1546' title='bbox 2184 3540 2234 3572; x_wconf 91' lang='lat' dir='ltr'>suo</span> <span class='ocrx_word' id='word_1_1547' title='bbox 2243 3553 2327 3575; x_wconf 77' lang='lat' dir='ltr'>man..</span> 
     </span>
     <span class='ocr_line' id='line_1_197' title="bbox 1263 3579 2327 3622; baseline -0.006 -9"><span class='ocrx_word' id='word_1_1548' title='bbox 1263 3583 1347 3622; x_wconf 91' lang='lat' dir='ltr'>dat0,</span> <span class='ocrx_word' id='word_1_1549' title='bbox 1366 3592 1433 3613; x_wconf 92' lang='lat' dir='ltr'>cum</span> <span class='ocrx_word' id='word_1_1550' title='bbox 1447 3581 1553 3612; x_wconf 72' lang='lat' dir='ltr'>effectu</span> <span class='ocrx_word' id='word_1_1551' title='bbox 1569 3580 1729 3618; x_wconf 86' lang='lat' dir='ltr'>restituant,</span> <span class='ocrx_word' id='word_1_1552' title='bbox 1748 3580 1781 3611; x_wconf 90' lang='lat'>&amp;</span> <span class='ocrx_word' id='word_1_1553' title='bbox 1796 3581 1826 3610; x_wconf 89' lang='lat' dir='ltr'>in</span> <span class='ocrx_word' id='word_1_1554' title='bbox 1840 3589 1911 3618; x_wconf 88' lang='lat' dir='ltr'>pace</span> <span class='ocrx_word' id='word_1_1555' title='bbox 1923 3579 2075 3610; x_wconf 86' lang='lat' dir='ltr'>dimittant.</span> <span class='ocrx_word' id='word_1_1556' title='bbox 2325 3579 2327 3581; x_wconf 84' lang='grc'><strong>’</strong></span> 
     </span>
    </p>

    <p class='ocr_par' dir='ltr' id='par_1_52' title="bbox 1256 3615 2329 3958">
     <span class='ocr_line' id='line_1_198' title="bbox 1300 3615 2329 3660; baseline -0.006 -10"><span class='ocrx_word' id='word_1_1557' title='bbox 1300 3620 1352 3660; x_wconf 89' lang='lat' dir='ltr'>Et,</span> <span class='ocrx_word' id='word_1_1558' title='bbox 1369 3622 1431 3660; x_wconf 90' lang='lat' dir='ltr'>quia</span> <span class='ocrx_word' id='word_1_1559' title='bbox 1443 3620 1479 3651; x_wconf 90' lang='lat' dir='ltr'>de</span> <span class='ocrx_word' id='word_1_1560' title='bbox 1492 3620 1637 3657; x_wconf 89' lang='lat' dir='ltr'>occupatis</span> <span class='ocrx_word' id='word_1_1561' title='bbox 1648 3618 1827 3657; x_wconf 91' lang='lat' dir='ltr'>hujusmodi,</span> <span class='ocrx_word' id='word_1_1562' title='bbox 1844 3619 1880 3649; x_wconf 89' lang='lat' dir='ltr'>ab</span> <span class='ocrx_word' id='word_1_1563' title='bbox 1895 3615 2092 3655; x_wconf 85' lang='lat' dir='ltr'>occupationis</span> <span class='ocrx_word' id='word_1_1564' title='bbox 2106 3623 2252 3657; x_wconf 76' lang='lat' dir='ltr'>tempore,</span> <span class='ocrx_word' id='word_1_1565' title='bbox 2267 3619 2329 3651; x_wconf 67' lang='lat' dir='ltr'>flu:</span> 
     </span>
     <span class='ocr_line' id='line_1_199' title="bbox 1263 3654 2328 3698; baseline -0.002 -8"><span class='ocrx_word' id='word_1_1566' title='bbox 1263 3659 1323 3690; x_wconf 71' lang='lat' dir='ltr'>&amp;us</span> <span class='ocrx_word' id='word_1_1567' title='bbox 1334 3682 1343 3697; x_wconf 88' lang='lat'>,</span> <span class='ocrx_word' id='word_1_1568' title='bbox 1362 3659 1501 3696; x_wconf 83' lang='lat' dir='ltr'>redditus,</span> <span class='ocrx_word' id='word_1_1569' title='bbox 1519 3658 1552 3689; x_wconf 66' lang='grc' dir='ltr'>δί</span> <span class='ocrx_word' id='word_1_1570' title='bbox 1567 3665 1734 3696; x_wconf 76' lang='lat' dir='ltr'>proventu3‚</span> <span class='ocrx_word' id='word_1_1571' title='bbox 1754 3657 1856 3695; x_wconf 89' lang='lat' dir='ltr'>&amp;jura</span> <span class='ocrx_word' id='word_1_1572' title='bbox 1870 3656 1995 3687; x_wconf 78' lang='lat' dir='ltr'>indebite</span> <span class='ocrx_word' id='word_1_1573' title='bbox 2008 3654 2163 3692; x_wconf 88' lang='lat' dir='ltr'>percepisse</span> <span class='ocrx_word' id='word_1_1574' title='bbox 2184 3656 2328 3698; x_wconf 88' lang='lat' dir='ltr'>feruntur,</span> 
     </span>
     <span class='ocr_line' id='line_1_200' title="bbox 1262 3692 2327 3735; baseline -0.001 -8"><span class='ocrx_word' id='word_1_1575' title='bbox 1262 3697 1454 3735; x_wconf 83' lang='lat' dir='ltr'>praecipiendo</span> <span class='ocrx_word' id='word_1_1576' title='bbox 1474 3696 1667 3734; x_wconf 88' lang='lat' dir='ltr'>subjungimus</span> <span class='ocrx_word' id='word_1_1577' title='bbox 1682 3696 1778 3734; x_wconf 76' lang='lat' dir='ltr'>quod,</span> <span class='ocrx_word' id='word_1_1578' title='bbox 1796 3695 1831 3726; x_wconf 92' lang='lat' dir='ltr'>de</span> <span class='ocrx_word' id='word_1_1579' title='bbox 1852 3693 2033 3733; x_wconf 86' lang='lat' dir='ltr'>perceptione</span> <span class='ocrx_word' id='word_1_1580' title='bbox 2054 3692 2132 3732; x_wconf 61' lang='lat' dir='ltr'>ipsit,</span> <span class='ocrx_word' id='word_1_1581' title='bbox 2151 3694 2184 3724; x_wconf 92' lang='lat'>&amp;</span> <span class='ocrx_word' id='word_1_1582' title='bbox 2205 3704 2327 3734; x_wconf 86' lang='lat' dir='ltr'>percep-</span> 
     </span>
     <span class='ocr_line' id='line_1_201' title="bbox 1261 3733 2329 3774; baseline -0.001 -9"><span class='ocrx_word' id='word_1_1583' title='bbox 1261 3744 1353 3766; x_wconf 90' lang='lat' dir='ltr'>torum</span> <span class='ocrx_word' id='word_1_1584' title='bbox 1375 3736 1482 3774; x_wconf 78' lang='lat' dir='ltr'>valore,</span> <span class='ocrx_word' id='word_1_1585' title='bbox 1510 3744 1577 3765; x_wconf 92' lang='lat' dir='ltr'>curn</span> <span class='ocrx_word' id='word_1_1586' title='bbox 1597 3734 1743 3771; x_wconf 77' lang='lat' dir='ltr'>diligentia</span> <span class='ocrx_word' id='word_1_1587' title='bbox 1765 3735 1948 3773; x_wconf 86' lang='lat' dir='ltr'>inquirentes,</span> <span class='ocrx_word' id='word_1_1588' title='bbox 1973 3738 2005 3760; x_wconf 91' lang='lat' dir='ltr'>ut</span> <span class='ocrx_word' id='word_1_1589' title='bbox 2024 3739 2212 3770; x_wconf 89' lang='lat' dir='ltr'>quaecumque</span> <span class='ocrx_word' id='word_1_1590' title='bbox 2236 3733 2308 3771; x_wconf 86' lang='lat' dir='ltr'>ipsos</span> <span class='ocrx_word' id='word_1_1591' title='bbox 2326 3739 2329 3744; x_wconf 80' lang='grc'>’</span> 
     </span>
     <span class='ocr_line' id='line_1_202' title="bbox 1261 3758 2327 3817; baseline -0.001 -14"><span class='ocrx_word' id='word_1_1592' title='bbox 1261 3784 1310 3811; x_wconf 89' lang='lat' dir='ltr'>per</span> <span class='ocrx_word' id='word_1_1593' title='bbox 1326 3774 1468 3817; x_wconf 58' lang='lat' dir='ltr'>praeditisae</span> <span class='ocrx_word' id='word_1_1594' title='bbox 1489 3772 1672 3811; x_wconf 88' lang='lat' dir='ltr'>inquisitionis</span> <span class='ocrx_word' id='word_1_1595' title='bbox 1693 3772 1872 3810; x_wconf 85' lang='lat' dir='ltr'>indaginem,</span> <span class='ocrx_word' id='word_1_1596' title='bbox 1889 3769 1956 3799; x_wconf 63' lang='lat' dir='ltr'>ind&amp;</span> <span class='ocrx_word' id='word_1_1597' title='bbox 1972 3769 2066 3799; x_wconf 71' lang='lat' dir='ltr'>mimis</span> <span class='ocrx_word' id='word_1_1598' title='bbox 2078 3768 2153 3806; x_wconf 78' lang='lat' dir='ltr'>juste</span> <span class='ocrx_word' id='word_1_1599' title='bbox 2167 3758 2327 3812; x_wconf 65' lang='lat' dir='ltr'>percepisse,</span> 
     </span>
     <span class='ocr_line' id='line_1_203' title="bbox 1259 3807 2326 3853; baseline -0.002 -11"><span class='ocrx_word' id='word_1_1600' title='bbox 1259 3820 1400 3853; x_wconf 70' lang='lat' dir='ltr'>reperim,</span> <span class='ocrx_word' id='word_1_1601' title='bbox 1418 3812 1438 3842; x_wconf 93' lang='lat' dir='ltr'>si</span> <span class='ocrx_word' id='word_1_1602' title='bbox 1452 3820 1560 3849; x_wconf 83' lang='lat' dir='ltr'>extant,</span> <span class='ocrx_word' id='word_1_1603' title='bbox 1576 3811 1700 3849; x_wconf 90' lang='lat' dir='ltr'>alioquin</span> <span class='ocrx_word' id='word_1_1604' title='bbox 1709 3811 1812 3849; x_wconf 88' lang='lat' dir='ltr'>justam</span> <span class='ocrx_word' id='word_1_1605' title='bbox 1827 3807 2037 3840; x_wconf 84' lang='lat' dir='ltr'>extimationem</span> <span class='ocrx_word' id='word_1_1606' title='bbox 2050 3816 2166 3845; x_wconf 90' lang='lat' dir='ltr'>eorum,</span> <span class='ocrx_word' id='word_1_1607' title='bbox 2183 3808 2254 3839; x_wconf 89' lang='lat' dir='ltr'>infra</span> <span class='ocrx_word' id='word_1_1608' title='bbox 2262 3820 2326 3840; x_wconf 88' lang='lat' dir='ltr'>cer-</span> 
     </span>
     <span class='ocr_line' id='line_1_204' title="bbox 1259 3844 2324 3888; baseline -0.001 -8"><span class='ocrx_word' id='word_1_1609' title='bbox 1259 3858 1321 3881; x_wconf 90' lang='lat' dir='ltr'>tum</span> <span class='ocrx_word' id='word_1_1610' title='bbox 1337 3857 1463 3888; x_wconf 82' lang='lat' dir='ltr'>tempuS,</span> <span class='ocrx_word' id='word_1_1611' title='bbox 1481 3848 1574 3880; x_wconf 89' lang='lat' dir='ltr'>vestro</span> <span class='ocrx_word' id='word_1_1612' title='bbox 1588 3849 1793 3880; x_wconf 86' lang='lat' dir='ltr'>moderandum</span> <span class='ocrx_word' id='word_1_1613' title='bbox 1813 3846 1945 3883; x_wconf 81' lang='lat' dir='ltr'>arbitrio,</span> <span class='ocrx_word' id='word_1_1614' title='bbox 1961 3844 2042 3875; x_wconf 73' lang='lat' dir='ltr'>dicto</span> <span class='ocrx_word' id='word_1_1615' title='bbox 2064 3844 2159 3884; x_wconf 88' lang='lat' dir='ltr'>Regi,</span> <span class='ocrx_word' id='word_1_1616' title='bbox 2178 3846 2223 3877; x_wconf 88' lang='lat' dir='ltr'>vel</span> <span class='ocrx_word' id='word_1_1617' title='bbox 2245 3856 2324 3879; x_wconf 87' lang='lat' dir='ltr'>certo</span> 
     </span>
     <span class='ocr_line' id='line_1_205' title="bbox 1258 3882 2324 3935; baseline -0.001 -16"><span class='ocrx_word' id='word_1_1618' title='bbox 1258 3888 1391 3935; x_wconf 73' lang='lat' dir='ltr'>mandatq</span> <span class='ocrx_word' id='word_1_1619' title='bbox 1406 3889 1454 3919; x_wconf 92' lang='lat' dir='ltr'>suo</span> <span class='ocrx_word' id='word_1_1620' title='bbox 1471 3888 1606 3932; x_wconf 80' lang='lat' dir='ltr'>reddant,</span> <span class='ocrx_word' id='word_1_1621' title='bbox 1623 3887 1779 3925; x_wconf 88' lang='lat' dir='ltr'>restituant,</span> <span class='ocrx_word' id='word_1_1622' title='bbox 1797 3886 1851 3916; x_wconf 84' lang='lat' dir='ltr'>sive</span> <span class='ocrx_word' id='word_1_1623' title='bbox 1872 3882 1977 3914; x_wconf 85' lang='lat' dir='ltr'>solvant</span> <span class='ocrx_word' id='word_1_1624' title='bbox 1992 3905 2002 3920; x_wconf 88' lang='lat'>‚</span> <span class='ocrx_word' id='word_1_1625' title='bbox 2021 3883 2164 3914; x_wconf 88' lang='lat' dir='ltr'>autoritate</span> <span class='ocrx_word' id='word_1_1626' title='bbox 2184 3885 2324 3922; x_wconf 64' lang='lat' dir='ltr'>praedicta</span> 
     </span>
     <span class='ocr_line' id='line_1_206' title="bbox 1256 3934 1550 3958; baseline -0.007 0"><span class='ocrx_word' id='word_1_1627' title='bbox 1256 3936 1396 3958; x_wconf 87' lang='lat' dir='ltr'>canomce</span> <span class='ocrx_word' id='word_1_1628' title='bbox 1409 3934 1550 3957; x_wconf 83' lang='lat' dir='ltr'>moneatis.</span> 
     </span>
    </p>

    <p class='ocr_par' dir='ltr' id='par_1_53' title="bbox 1291 3958 2323 4030">
     <span class='ocr_line' id='line_1_207' title="bbox 1291 3958 2323 4030; baseline -0.004 -35"><span class='ocrx_word' id='word_1_1629' title='bbox 1291 3964 1400 4004; x_wconf 82' lang='lat' dir='ltr'>Qiod,</span> <span class='ocrx_word' id='word_1_1630' title='bbox 1415 3965 1434 3995; x_wconf 89' lang='lat' dir='ltr'>si</span> <span class='ocrx_word' id='word_1_1631' title='bbox 1448 3964 1521 3997; x_wconf 74' lang='lat' dir='ltr'>forte</span> <span class='ocrx_word' id='word_1_1632' title='bbox 1533 3964 1691 4003; x_wconf 87' lang='lat' dir='ltr'>hujusmodi</span> <span class='ocrx_word' id='word_1_1633' title='bbox 1707 3961 1857 3994; x_wconf 86' lang='lat' dir='ltr'>monitioni</span> <span class='ocrx_word' id='word_1_1634' title='bbox 1869 3958 1985 3998; x_wconf 83' lang='lat' dir='ltr'>vestrae,</span> <span class='ocrx_word' id='word_1_1635' title='bbox 2001 3960 2070 4000; x_wconf 87' lang='lat' dir='ltr'>quin</span> <span class='ocrx_word' id='word_1_1636' title='bbox 2084 3961 2177 4000; x_wconf 77' lang='lat' dir='ltr'>potius</span> <span class='ocrx_word' id='word_1_1637' title='bbox 2196 3961 2323 4030; x_wconf 50' lang='lat' dir='ltr'>Azostoe</span> 
     </span>
    </p>

    <p class='ocr_par' dir='ltr' id='par_1_54' title="bbox 2254 4008 2314 4038">
     <span class='ocr_line' id='line_1_208' title="bbox 2254 4008 2314 4038; baseline 0 -7"><span class='ocrx_word' id='word_1_1638' title='bbox 2254 4008 2314 4038; x_wconf 69' lang='grc' dir='ltr'>εκ,</span> 
     </span>
    </p>
   </div>
   <div class='ocr_carea' id='block_1_32' title="bbox 2370 1507 2503 1588">
    <p class='ocr_par' dir='ltr' id='par_1_55' title="bbox 2370 1507 2503 1588">
     <span class='ocr_line' id='line_1_209' title="bbox 2370 1507 2503 1542; baseline 0.023 -3"><span class='ocrx_word' id='word_1_1639' title='bbox 2370 1507 2446 1540; x_wconf 82' lang='grc' dir='ltr'>Αηη.</span> <span class='ocrx_word' id='word_1_1640' title='bbox 2462 1510 2503 1542; x_wconf 83' lang='grc' dir='ltr'>Ι),</span> 
     </span>
     <span class='ocr_line' id='line_1_210' title="bbox 2390 1557 2476 1588; baseline 0 -9"><span class='ocrx_word' id='word_1_1641' title='bbox 2390 1557 2476 1588; x_wconf 85' lang='lat'>1317.</span> 
     </span>
    </p>
   </div>
   <div class='ocr_carea' id='block_1_33' title="bbox 2367 1591 2487 1741">
    <p class='ocr_par' dir='ltr' id='par_1_56' title="bbox 2367 1591 2487 1741">
     <span class='ocr_line' id='line_1_211' title="bbox 2369 1591 2485 1618; baseline 0.009 -4"><span class='ocrx_word' id='word_1_1642' title='bbox 2369 1591 2421 1615; x_wconf 86' lang='lat' dir='ltr'>An.</span> <span class='ocrx_word' id='word_1_1643' title='bbox 2443 1599 2485 1618; x_wconf 79' lang='grc' dir='ltr'>ιο.</span> 
     </span>
     <span class='ocr_line' id='line_1_212' title="bbox 2368 1630 2446 1654; baseline 0.026 -2"><span class='ocrx_word' id='word_1_1644' title='bbox 2368 1630 2397 1653; x_wconf 82' lang='lat' dir='ltr'>E.</span> <span class='ocrx_word' id='word_1_1645' title='bbox 2420 1636 2446 1654; x_wconf 83' lang='lat'>2.</span> 
     </span>
     <span class='ocr_line' id='line_1_213' title="bbox 2368 1668 2487 1694; baseline 0.025 -3"><span class='ocrx_word' id='word_1_1646' title='bbox 2368 1668 2408 1691; x_wconf 63' lang='lat' dir='ltr'>Fa:</span> <span class='ocrx_word' id='word_1_1647' title='bbox 2430 1668 2487 1694; x_wconf 84' lang='lat' dir='ltr'>Au-</span> 
     </span>
     <span class='ocr_line' id='line_1_214' title="bbox 2367 1710 2432 1741; baseline 0.015 -11"><span class='ocrx_word' id='word_1_1648' title='bbox 2367 1710 2432 1741; x_wconf 81' lang='lat' dir='ltr'>togr.</span> 
     </span>
    </p>
   </div>
   <div class='ocr_carea' id='block_1_34' title="bbox 2378 2507 2466 2576">
    <p class='ocr_par' dir='ltr' id='par_1_57' title="bbox 2378 2507 2466 2576">
     <span class='ocr_line' id='line_1_215' title="bbox 2378 2507 2466 2539; baseline 0.023 -2"><span class='ocrx_word' id='word_1_1649' title='bbox 2378 2507 2393 2524; x_wconf 72' lang='lat'>⁸</span> <span class='ocrx_word' id='word_1_1650' title='bbox 2410 2509 2466 2539; x_wconf 83' lang='lat'>111.</span> 
     </span>
     <span class='ocr_line' id='line_1_216' title="bbox 2391 2546 2457 2576; baseline 0.03 -2"><span class='ocrx_word' id='word_1_1651' title='bbox 2391 2546 2457 2576; x_wconf 81' lang='lat'><em>621.</em></span> 
     </span>
    </p>
   </div>
  </div>
 </body>
</html>
