<?xml version="1.0" encoding="UTF-8"?>
<!DOCTYPE html PUBLIC "-//W3C//DTD XHTML 1.0 Transitional//EN"
    "http://www.w3.org/TR/xhtml1/DTD/xhtml1-transitional.dtd">
<html xmlns="http://www.w3.org/1999/xhtml" xml:lang="en" lang="en">
 <head>
  <title>
</title>
<meta http-equiv="Content-Type" content="text/html;charset=utf-8" />
  <meta name='ocr-system' content='tesseract 3.04.00' />
  <meta name='ocr-capabilities' content='ocr_page ocr_carea ocr_par ocr_line ocrx_word'/>
</head>
<body>
  <div class='ocr_page' id='page_1' title='image "./fderaconventione02ryme_0355.png"; bbox 0 0 2562 4279; ppageno 0'>
   <div class='ocr_carea' id='block_1_1' title="bbox 766 185 1232 241">
    <p class='ocr_par' dir='ltr' id='par_1_1' title="bbox 766 185 1232 241">
     <span class='ocr_line' id='line_1_1' title="bbox 766 185 1232 241; baseline -0.013 -10"><span class='ocrx_word' id='word_1_1' title='bbox 766 190 877 232; x_wconf 86' lang='lat' dir='ltr'>ET</span> <span class='ocrx_word' id='word_1_2' title='bbox 961 185 1232 241; x_wconf 70' lang='lat' dir='ltr'>ACTA</span> 
     </span>
    </p>
   </div>
   <div class='ocr_carea' id='block_1_2' title="bbox 47 267 1273 1894">
    <p class='ocr_par' dir='ltr' id='par_1_2' title="bbox 47 267 1261 510">
     <span class='ocr_line' id='line_1_2' title="bbox 47 267 1237 320; baseline 0 -13"><span class='ocrx_word' id='word_1_3' title='bbox 47 270 123 302; x_wconf 68' lang='lat' dir='ltr'>Ann-</span> <span class='ocrx_word' id='word_1_4' title='bbox 139 267 183 300; x_wconf 87' lang='lat' dir='ltr'>D·</span> <span class='ocrx_word' id='word_1_5' title='bbox 230 274 328 309; x_wconf 82' lang='lat' dir='ltr'>Sciatis</span> <span class='ocrx_word' id='word_1_6' title='bbox 339 277 417 316; x_wconf 78' lang='lat' dir='ltr'>quod</span> <span class='ocrx_word' id='word_1_7' title='bbox 427 301 437 317; x_wconf 88' lang='lat'>‚</span> <span class='ocrx_word' id='word_1_8' title='bbox 963 313 969 320; x_wconf 47' lang='grc'><em>.</em></span> <span class='ocrx_word' id='word_1_9' title='bbox 1232 310 1237 317; x_wconf 54' lang='grc'><em>,</em></span> 
     </span>
     <span class='ocr_line' id='line_1_3' title="bbox 70 310 1261 352; baseline -0.007 -3"><span class='ocrx_word' id='word_1_10' title='bbox 70 316 155 349; x_wconf 82' lang='lat'>1324·</span> <span class='ocrx_word' id='word_1_11' title='bbox 235 314 316 346; x_wconf 77' lang='lat' dir='ltr'>Cum</span> <span class='ocrx_word' id='word_1_12' title='bbox 333 316 477 347; x_wconf 89' lang='lat' dir='ltr'>Robertus</span> <span class='ocrx_word' id='word_1_13' title='bbox 490 315 526 347; x_wconf 90' lang='lat' dir='ltr'>de</span> <span class='ocrx_word' id='word_1_14' title='bbox 539 314 605 346; x_wconf 88' lang='lat' dir='ltr'>Brus</span> <span class='ocrx_word' id='word_1_15' title='bbox 639 314 710 345; x_wconf 86' lang='lat' dir='ltr'>infra</span> <span class='ocrx_word' id='word_1_16' title='bbox 731 313 818 345; x_wconf 89' lang='lat' dir='ltr'>breve</span> <span class='ocrx_word' id='word_1_17' title='bbox 841 336 852 352; x_wconf 86' lang='lat'>,</span> <span class='ocrx_word' id='word_1_18' title='bbox 877 314 909 345; x_wconf 84' lang='lat' dir='ltr'>fit</span> <span class='ocrx_word' id='word_1_19' title='bbox 928 312 1057 344; x_wconf 75' lang='lat' dir='ltr'>missurus</span> <span class='ocrx_word' id='word_1_20' title='bbox 1078 310 1112 343; x_wconf 83' lang='lat' dir='ltr'>ad</span> <span class='ocrx_word' id='word_1_21' title='bbox 1132 321 1205 349; x_wconf 69' lang='lat' dir='ltr'>noe,</span> <span class='ocrx_word' id='word_1_22' title='bbox 1229 321 1261 341; x_wconf 87' lang='lat' dir='ltr'>m</span> 
     </span>
     <span class='ocr_line' id='line_1_4' title="bbox 49 338 1260 394; baseline -0.004 -10"><span class='ocrx_word' id='word_1_23' title='bbox 49 349 118 376; x_wconf 59' lang='grc' dir='ltr'>Ην·</span> <span class='ocrx_word' id='word_1_24' title='bbox 137 356 165 376; x_wconf 89' lang='lat'>²·</span> <span class='ocrx_word' id='word_1_25' title='bbox 196 350 336 394; x_wconf 85' lang='lat' dir='ltr'>Regnum</span> <span class='ocrx_word' id='word_1_26' title='bbox 350 356 477 385; x_wconf 85' lang='lat' dir='ltr'>nostrum</span> <span class='ocrx_word' id='word_1_27' title='bbox 488 377 498 391; x_wconf 85' lang='lat'>,</span> <span class='ocrx_word' id='word_1_28' title='bbox 516 354 571 385; x_wconf 87' lang='lat' dir='ltr'>Sex</span> <span class='ocrx_word' id='word_1_29' title='bbox 586 338 720 384; x_wconf 65' lang='lat' dir='ltr'>bfuncios</span> <span class='ocrx_word' id='word_1_30' title='bbox 732 353 795 383; x_wconf 89' lang='lat' dir='ltr'>suos</span> <span class='ocrx_word' id='word_1_31' title='bbox 811 354 931 391; x_wconf 83' lang='lat' dir='ltr'>(praeter</span> <span class='ocrx_word' id='word_1_32' title='bbox 945 350 1120 389; x_wconf 83' lang='lat' dir='ltr'>Episcopum</span> <span class='ocrx_word' id='word_1_33' title='bbox 1133 350 1173 380; x_wconf 88' lang='lat' dir='ltr'>de</span> <span class='ocrx_word' id='word_1_34' title='bbox 1187 349 1260 379; x_wconf 80' lang='lat' dir='ltr'>San-</span> 
     </span>
     <span class='ocr_line' id='line_1_5' title="bbox 198 388 1261 432; baseline -0.005 -10"><span class='ocrx_word' id='word_1_35' title='bbox 198 392 250 422; x_wconf 69' lang='lat' dir='ltr'>cto</span> <span class='ocrx_word' id='word_1_36' title='bbox 265 393 395 432; x_wconf 88' lang='lat' dir='ltr'>Andrea,</span> <span class='ocrx_word' id='word_1_37' title='bbox 411 394 443 424; x_wconf 78' lang='grc' dir='ltr'>ὅτ.</span> <span class='ocrx_word' id='word_1_38' title='bbox 456 393 607 423; x_wconf 86' lang='lat' dir='ltr'>Thomam</span> <span class='ocrx_word' id='word_1_39' title='bbox 620 391 753 422; x_wconf 90' lang='lat' dir='ltr'>Randolf</span> <span class='ocrx_word' id='word_1_40' title='bbox 761 390 915 421; x_wconf 84' lang='lat' dir='ltr'>Comitem</span> <span class='ocrx_word' id='word_1_41' title='bbox 932 389 969 420; x_wconf 92' lang='lat' dir='ltr'>de</span> <span class='ocrx_word' id='word_1_42' title='bbox 990 388 1110 420; x_wconf 86' lang='lat' dir='ltr'>Murref</span> <span class='ocrx_word' id='word_1_43' title='bbox 1121 392 1136 424; x_wconf 49' lang='grc' dir='ltr'>)Ἰ</span> <span class='ocrx_word' id='word_1_44' title='bbox 1149 389 1184 432; x_wconf 82' lang='lat' dir='ltr'>ad</span> <span class='ocrx_word' id='word_1_45' title='bbox 1204 395 1261 417; x_wconf 85' lang='lat' dir='ltr'>tra-</span> 
     </span>
     <span class='ocr_line' id='line_1_6' title="bbox 197 425 1260 471; baseline -0.005 -10"><span class='ocrx_word' id='word_1_46' title='bbox 197 430 335 462; x_wconf 61' lang='lat' dir='ltr'>{tandum</span> <span class='ocrx_word' id='word_1_47' title='bbox 349 431 428 471; x_wconf 89' lang='lat' dir='ltr'>super</span> <span class='ocrx_word' id='word_1_48' title='bbox 443 431 518 462; x_wconf 87' lang='lat' dir='ltr'>finali</span> <span class='ocrx_word' id='word_1_49' title='bbox 530 430 604 460; x_wconf 87' lang='lat' dir='ltr'><strong>Pace</strong></span> <span class='ocrx_word' id='word_1_50' title='bbox 619 430 653 460; x_wconf 86' lang='lat'>&amp;</span> <span class='ocrx_word' id='word_1_51' title='bbox 667 428 852 466; x_wconf 68' lang='lat' dir='ltr'>Concordia,</span> <span class='ocrx_word' id='word_1_52' title='bbox 869 429 942 459; x_wconf 82' lang='lat' dir='ltr'>inter</span> <span class='ocrx_word' id='word_1_53' title='bbox 955 437 1024 466; x_wconf 65' lang='lat' dir='ltr'>noa,</span> <span class='ocrx_word' id='word_1_54' title='bbox 1039 428 1073 459; x_wconf 89' lang='lat'>&amp;</span> <span class='ocrx_word' id='word_1_55' title='bbox 1092 425 1260 466; x_wconf 59' lang='lat' dir='ltr'>praedrd’cum</span> 
     </span>
     <span class='ocr_line' id='line_1_7' title="bbox 198 467 1165 510; baseline -0.004 -11"><span class='ocrx_word' id='word_1_56' title='bbox 198 468 364 501; x_wconf 89' lang='lat' dir='ltr'>Robertum</span> <span class='ocrx_word' id='word_1_57' title='bbox 372 494 381 508; x_wconf 82' lang='lat'>,</span> <span class='ocrx_word' id='word_1_58' title='bbox 397 470 511 508; x_wconf 88' lang='lat' dir='ltr'>suosque</span> <span class='ocrx_word' id='word_1_59' title='bbox 524 468 690 506; x_wconf 89' lang='lat' dir='ltr'>Complices</span> <span class='ocrx_word' id='word_1_60' title='bbox 702 469 736 499; x_wconf 69' lang='grc' dir='ltr'>ὃς</span> <span class='ocrx_word' id='word_1_61' title='bbox 751 467 884 497; x_wconf 82' lang='lat' dir='ltr'>Fautores</span> <span class='ocrx_word' id='word_1_62' title='bbox 1159 504 1165 510; x_wconf 39' lang='grc' dir='ltr'>ι</span> 
     </span>
    </p>

    <p class='ocr_par' dir='ltr' id='par_1_3' title="bbox 199 489 1264 777">
     <span class='ocr_line' id='line_1_8' title="bbox 235 489 1260 548; baseline -0.005 -10"><span class='ocrx_word' id='word_1_63' title='bbox 235 507 304 539; x_wconf 87' lang='lat' dir='ltr'>Nos</span> <span class='ocrx_word' id='word_1_64' title='bbox 319 509 388 548; x_wconf 87' lang='lat' dir='ltr'>ipsos</span> <span class='ocrx_word' id='word_1_65' title='bbox 403 509 448 540; x_wconf 82' lang='lat' dir='ltr'>sex</span> <span class='ocrx_word' id='word_1_66' title='bbox 461 505 817 545; x_wconf 83' lang='lat' dir='ltr'>Nuncios(cujuscunque</span> <span class='ocrx_word' id='word_1_67' title='bbox 830 489 918 535; x_wconf 62' lang='lat' dir='ltr'>statiis</span> <span class='ocrx_word' id='word_1_68' title='bbox 938 512 985 535; x_wconf 87' lang='lat' dir='ltr'>aut</span> <span class='ocrx_word' id='word_1_69' title='bbox 1006 504 1180 536; x_wconf 77' lang='lat' dir='ltr'>conditionis</span> <span class='ocrx_word' id='word_1_70' title='bbox 1201 503 1260 548; x_wconf 67' lang='lat' dir='ltr'>fue-</span> 
     </span>
     <span class='ocr_line' id='line_1_9' title="bbox 200 542 1263 582; baseline -0.005 -5"><span class='ocrx_word' id='word_1_71' title='bbox 200 547 275 582; x_wconf 89' lang='lat' dir='ltr'>rint)</span> <span class='ocrx_word' id='word_1_72' title='bbox 291 547 324 578; x_wconf 89' lang='lat'>&amp;</span> <span class='ocrx_word' id='word_1_73' title='bbox 339 547 480 577; x_wconf 86' lang='lat' dir='ltr'>Homines</span> <span class='ocrx_word' id='word_1_74' title='bbox 491 546 527 576; x_wconf 92' lang='lat' dir='ltr'>de</span> <span class='ocrx_word' id='word_1_75' title='bbox 548 544 664 576; x_wconf 68' lang='lat' dir='ltr'>Familia</span> <span class='ocrx_word' id='word_1_76' title='bbox 683 543 728 575; x_wconf 67' lang='lat' dir='ltr'>sua</span> <span class='ocrx_word' id='word_1_77' title='bbox 749 544 761 582; x_wconf 77' lang='lat'>(</span> <span class='ocrx_word' id='word_1_78' title='bbox 776 543 859 582; x_wconf 84' lang='lat' dir='ltr'>usque</span> <span class='ocrx_word' id='word_1_79' title='bbox 876 542 912 574; x_wconf 86' lang='lat' dir='ltr'>ad</span> <span class='ocrx_word' id='word_1_80' title='bbox 934 551 1089 574; x_wconf 88' lang='lat' dir='ltr'>numerum</span> <span class='ocrx_word' id='word_1_81' title='bbox 1113 543 1263 582; x_wconf 81' lang='lat' dir='ltr'>Sexaginta</span> 
     </span>
     <span class='ocr_line' id='line_1_10' title="bbox 199 579 1262 623; baseline -0.004 -8"><span class='ocrx_word' id='word_1_82' title='bbox 199 585 357 623; x_wconf 86' lang='lat' dir='ltr'>Equitum)</span> <span class='ocrx_word' id='word_1_83' title='bbox 372 586 407 616; x_wconf 87' lang='lat'>&amp;</span> <span class='ocrx_word' id='word_1_84' title='bbox 421 594 522 616; x_wconf 88' lang='lat' dir='ltr'>eorum</span> <span class='ocrx_word' id='word_1_85' title='bbox 535 583 706 620; x_wconf 80' lang='lat' dir='ltr'>servientes,</span> <span class='ocrx_word' id='word_1_86' title='bbox 724 580 902 620; x_wconf 69' lang='lat' dir='ltr'>Garer‘onec,</span> <span class='ocrx_word' id='word_1_87' title='bbox 917 579 1032 621; x_wconf 85' lang='lat' dir='ltr'>Equos,</span> <span class='ocrx_word' id='word_1_88' title='bbox 1050 581 1206 620; x_wconf 82' lang='lat' dir='ltr'>Hernefia,</span> <span class='ocrx_word' id='word_1_89' title='bbox 1227 581 1262 611; x_wconf 62' lang='grc' dir='ltr'>ὃς</span> 
     </span>
     <span class='ocr_line' id='line_1_11' title="bbox 199 619 1264 662; baseline -0.005 -8"><span class='ocrx_word' id='word_1_90' title='bbox 199 624 250 654; x_wconf 82' lang='lat' dir='ltr'>alia</span> <span class='ocrx_word' id='word_1_91' title='bbox 262 623 340 654; x_wconf 90' lang='lat' dir='ltr'>Bona</span> <span class='ocrx_word' id='word_1_92' title='bbox 355 633 559 662; x_wconf 88' lang='lat' dir='ltr'>quaecumque,</span> <span class='ocrx_word' id='word_1_93' title='bbox 576 622 744 659; x_wconf 84' lang='lat' dir='ltr'>suscepimus</span> <span class='ocrx_word' id='word_1_94' title='bbox 764 620 794 650; x_wconf 89' lang='lat' dir='ltr'>in</span> <span class='ocrx_word' id='word_1_95' title='bbox 813 619 1031 650; x_wconf 69' lang='lat' dir='ltr'>Proteetionem</span> <span class='ocrx_word' id='word_1_96' title='bbox 1052 621 1086 652; x_wconf 90' lang='lat'>&amp;</span> <span class='ocrx_word' id='word_1_97' title='bbox 1111 619 1264 650; x_wconf 67' lang='lat' dir='ltr'>Defensio-</span> 
     </span>
     <span class='ocr_line' id='line_1_12' title="bbox 199 657 1261 700; baseline -0.006 -7"><span class='ocrx_word' id='word_1_98' title='bbox 199 672 269 693; x_wconf 89' lang='lat' dir='ltr'>nem</span> <span class='ocrx_word' id='word_1_99' title='bbox 284 661 409 692; x_wconf 88' lang='lat' dir='ltr'>nostram</span> <span class='ocrx_word' id='word_1_100' title='bbox 423 661 568 700; x_wconf 87' lang='lat' dir='ltr'>specialem</span> <span class='ocrx_word' id='word_1_101' title='bbox 575 665 702 698; x_wconf 73' lang='lat' dir='ltr'>,snecnon</span> <span class='ocrx_word' id='word_1_102' title='bbox 717 659 745 688; x_wconf 94' lang='lat' dir='ltr'>in</span> <span class='ocrx_word' id='word_1_103' title='bbox 759 658 864 688; x_wconf 87' lang='lat' dir='ltr'>salvum</span> <span class='ocrx_word' id='word_1_104' title='bbox 878 658 911 689; x_wconf 91' lang='lat'>&amp;</span> <span class='ocrx_word' id='word_1_105' title='bbox 926 657 1056 690; x_wconf 83' lang='lat' dir='ltr'>securum</span> <span class='ocrx_word' id='word_1_106' title='bbox 1070 658 1261 689; x_wconf 61' lang='lat' dir='ltr'>Condut‘ltum</span> 
     </span>
     <span class='ocr_line' id='line_1_13' title="bbox 200 696 1263 738; baseline -0.005 -7"><span class='ocrx_word' id='word_1_107' title='bbox 200 700 349 738; x_wconf 86' lang='lat' dir='ltr'>nostrum,</span> <span class='ocrx_word' id='word_1_108' title='bbox 369 700 399 730; x_wconf 90' lang='lat' dir='ltr'>in</span> <span class='ocrx_word' id='word_1_109' title='bbox 414 699 556 731; x_wconf 91' lang='lat' dir='ltr'>veniendo</span> <span class='ocrx_word' id='word_1_110' title='bbox 569 697 604 728; x_wconf 89' lang='lat' dir='ltr'>ad</span> <span class='ocrx_word' id='word_1_111' title='bbox 619 707 687 735; x_wconf 87' lang='lat' dir='ltr'>nos,</span> <span class='ocrx_word' id='word_1_112' title='bbox 704 697 734 726; x_wconf 93' lang='lat' dir='ltr'>in</span> <span class='ocrx_word' id='word_1_113' title='bbox 749 696 888 736; x_wconf 81' lang='lat' dir='ltr'>Regnum</span> <span class='ocrx_word' id='word_1_114' title='bbox 908 697 1039 728; x_wconf 88' lang='lat' dir='ltr'>nostrum</span> <span class='ocrx_word' id='word_1_115' title='bbox 1059 697 1235 738; x_wconf 59' lang='lat' dir='ltr'>praedifmm</span> <span class='ocrx_word' id='word_1_116' title='bbox 1252 718 1263 734; x_wconf 82' lang='lat'>,</span> 
     </span>
     <span class='ocr_line' id='line_1_14' title="bbox 201 734 1000 777; baseline -0.004 -8"><span class='ocrx_word' id='word_1_117' title='bbox 201 740 308 769; x_wconf 80' lang='lat' dir='ltr'>ibidem</span> <span class='ocrx_word' id='word_1_118' title='bbox 325 738 481 777; x_wconf 85' lang='lat' dir='ltr'>morando,</span> <span class='ocrx_word' id='word_1_119' title='bbox 498 738 532 768; x_wconf 73' lang='grc' dir='ltr'>δε</span> <span class='ocrx_word' id='word_1_120' title='bbox 542 734 642 766; x_wconf 75' lang='lat' dir='ltr'>exinde</span> <span class='ocrx_word' id='word_1_121' title='bbox 656 735 691 766; x_wconf 92' lang='lat' dir='ltr'>ad</span> <span class='ocrx_word' id='word_1_122' title='bbox 707 735 832 766; x_wconf 84' lang='lat' dir='ltr'>Scoriam</span> <span class='ocrx_word' id='word_1_123' title='bbox 847 735 1000 766; x_wconf 88' lang='lat' dir='ltr'>redeundo.</span> 
     </span>
    </p>

    <p class='ocr_par' dir='ltr' id='par_1_4' title="bbox 202 771 1270 1120">
     <span class='ocr_line' id='line_1_15' title="bbox 243 771 1264 814; baseline -0.005 -7"><span class='ocrx_word' id='word_1_124' title='bbox 243 777 280 807; x_wconf 85' lang='lat' dir='ltr'>Et</span> <span class='ocrx_word' id='word_1_125' title='bbox 294 776 359 807; x_wconf 83' lang='lat' dir='ltr'>ideo</span> <span class='ocrx_word' id='word_1_126' title='bbox 374 775 610 814; x_wconf 82' lang='lat' dir='ltr'>vobis,omnibus</span> <span class='ocrx_word' id='word_1_127' title='bbox 622 774 656 803; x_wconf 90' lang='lat'>&amp;</span> <span class='ocrx_word' id='word_1_128' title='bbox 670 773 796 812; x_wconf 85' lang='lat' dir='ltr'>fingulis,</span> <span class='ocrx_word' id='word_1_129' title='bbox 812 775 862 805; x_wconf 88' lang='lat' dir='ltr'>sub</span> <span class='ocrx_word' id='word_1_130' title='bbox 876 776 955 811; x_wconf 81' lang='lat' dir='ltr'>gravi</span> <span class='ocrx_word' id='word_1_131' title='bbox 968 773 1144 805; x_wconf 69' lang='lat' dir='ltr'>forisfae‘turfi.</span> <span class='ocrx_word' id='word_1_132' title='bbox 1157 771 1264 811; x_wconf 62' lang='lat' dir='ltr'>nostra,</span> 
     </span>
     <span class='ocr_line' id='line_1_16' title="bbox 205 811 1264 854; baseline -0.003 -8"><span class='ocrx_word' id='word_1_133' title='bbox 205 815 321 846; x_wconf 78' lang='lat' dir='ltr'>firmiter</span> <span class='ocrx_word' id='word_1_134' title='bbox 333 814 523 854; x_wconf 82' lang='lat' dir='ltr'>injungendo,</span> <span class='ocrx_word' id='word_1_135' title='bbox 543 811 715 842; x_wconf 83' lang='lat' dir='ltr'>Mandamus</span> <span class='ocrx_word' id='word_1_136' title='bbox 737 812 817 850; x_wconf 81' lang='lat' dir='ltr'>quod</span> <span class='ocrx_word' id='word_1_137' title='bbox 840 813 959 850; x_wconf 79' lang='lat' dir='ltr'>praefaris</span> <span class='ocrx_word' id='word_1_138' title='bbox 979 813 1036 843; x_wconf 77' lang='lat' dir='ltr'>Sex</span> <span class='ocrx_word' id='word_1_139' title='bbox 1058 812 1199 851; x_wconf 83' lang='lat' dir='ltr'>Nunciis‚</span> <span class='ocrx_word' id='word_1_140' title='bbox 1219 813 1264 843; x_wconf 88' lang='lat' dir='ltr'>vel</span> 
     </span>
     <span class='ocr_line' id='line_1_17' title="bbox 203 849 1266 890; baseline -0.005 -5"><span class='ocrx_word' id='word_1_141' title='bbox 203 854 285 885; x_wconf 82' lang='lat' dir='ltr'>alicui</span> <span class='ocrx_word' id='word_1_142' title='bbox 301 864 417 890; x_wconf 90' lang='lat' dir='ltr'>eorum,</span> <span class='ocrx_word' id='word_1_143' title='bbox 436 852 479 881; x_wconf 88' lang='lat' dir='ltr'>seu</span> <span class='ocrx_word' id='word_1_144' title='bbox 492 850 528 880; x_wconf 88' lang='lat' dir='ltr'>de</span> <span class='ocrx_word' id='word_1_145' title='bbox 541 849 690 880; x_wconf 66' lang='lat' dir='ltr'>comitiva</span> <span class='ocrx_word' id='word_1_146' title='bbox 713 849 776 888; x_wconf 69' lang='lat' dir='ltr'>sua,</span> <span class='ocrx_word' id='word_1_147' title='bbox 803 851 889 889; x_wconf 88' lang='lat' dir='ltr'>usque</span> <span class='ocrx_word' id='word_1_148' title='bbox 907 851 941 881; x_wconf 89' lang='lat' dir='ltr'>ad</span> <span class='ocrx_word' id='word_1_149' title='bbox 963 851 1074 882; x_wconf 64' lang='lat' dir='ltr'>dietum</span> <span class='ocrx_word' id='word_1_150' title='bbox 1094 860 1266 889; x_wconf 84' lang='lat' dir='ltr'>numerum,</span> 
     </span>
     <span class='ocr_line' id='line_1_18' title="bbox 202 887 1262 929; baseline -0.005 -6"><span class='ocrx_word' id='word_1_151' title='bbox 202 893 247 924; x_wconf 79' lang='lat' dir='ltr'>vel</span> <span class='ocrx_word' id='word_1_152' title='bbox 265 901 364 922; x_wconf 90' lang='lat' dir='ltr'>eorum</span> <span class='ocrx_word' id='word_1_153' title='bbox 377 889 582 927; x_wconf 80' lang='lat' dir='ltr'>servientibus,</span> <span class='ocrx_word' id='word_1_154' title='bbox 599 898 645 918; x_wconf 90' lang='lat' dir='ltr'>aut</span> <span class='ocrx_word' id='word_1_155' title='bbox 659 887 870 929; x_wconf 83' lang='lat' dir='ltr'>Garcionibns,</span> <span class='ocrx_word' id='word_1_156' title='bbox 886 892 915 920; x_wconf 89' lang='lat' dir='ltr'>in</span> <span class='ocrx_word' id='word_1_157' title='bbox 928 889 1262 928; x_wconf 78' lang='lat' dir='ltr'>PersoniS,Equis,Her—</span> 
     </span>
     <span class='ocr_line' id='line_1_19' title="bbox 202 926 1265 967; baseline -0.004 -6"><span class='ocrx_word' id='word_1_158' title='bbox 202 931 297 967; x_wconf 82' lang='lat' dir='ltr'>neliis,</span> <span class='ocrx_word' id='word_1_159' title='bbox 316 930 359 960; x_wconf 87' lang='lat' dir='ltr'>seu</span> <span class='ocrx_word' id='word_1_160' title='bbox 372 929 426 959; x_wconf 89' lang='lat' dir='ltr'>aliis</span> <span class='ocrx_word' id='word_1_161' title='bbox 440 927 542 965; x_wconf 79' lang='lat' dir='ltr'>Bonis,</span> <span class='ocrx_word' id='word_1_162' title='bbox 561 927 604 958; x_wconf 88' lang='lat' dir='ltr'>vel</span> <span class='ocrx_word' id='word_1_163' title='bbox 622 926 732 957; x_wconf 81' lang='lat' dir='ltr'>Catallis</span> <span class='ocrx_word' id='word_1_164' title='bbox 746 927 815 967; x_wconf 85' lang='lat' dir='ltr'>suis,</span> <span class='ocrx_word' id='word_1_165' title='bbox 832 929 861 958; x_wconf 87' lang='lat' dir='ltr'>in</span> <span class='ocrx_word' id='word_1_166' title='bbox 878 928 1021 958; x_wconf 83' lang='lat' dir='ltr'>veniendo</span> <span class='ocrx_word' id='word_1_167' title='bbox 1037 929 1128 959; x_wconf 82' lang='lat' dir='ltr'>versus</span> <span class='ocrx_word' id='word_1_168' title='bbox 1140 938 1194 959; x_wconf 86' lang='lat' dir='ltr'>nos</span> <span class='ocrx_word' id='word_1_169' title='bbox 1205 952 1215 966; x_wconf 78' lang='lat'>,</span> <span class='ocrx_word' id='word_1_170' title='bbox 1235 929 1265 957; x_wconf 88' lang='lat' dir='ltr'>in</span> 
     </span>
     <span class='ocr_line' id='line_1_20' title="bbox 204 965 1268 1008; baseline -0.004 -8"><span class='ocrx_word' id='word_1_171' title='bbox 204 970 340 1008; x_wconf 76' lang='lat' dir='ltr'>Regnum</span> <span class='ocrx_word' id='word_1_172' title='bbox 351 966 481 997; x_wconf 90' lang='lat' dir='ltr'>nostrum</span> <span class='ocrx_word' id='word_1_173' title='bbox 495 965 665 1004; x_wconf 70' lang='lat' dir='ltr'>praedietum</span> <span class='ocrx_word' id='word_1_174' title='bbox 674 989 683 1004; x_wconf 87' lang='lat'>,</span> <span class='ocrx_word' id='word_1_175' title='bbox 699 966 804 996; x_wconf 84' lang='lat' dir='ltr'>ibidem</span> <span class='ocrx_word' id='word_1_176' title='bbox 817 967 958 998; x_wconf 86' lang='lat' dir='ltr'>morando</span> <span class='ocrx_word' id='word_1_177' title='bbox 967 990 976 1005; x_wconf 84' lang='lat'>,</span> <span class='ocrx_word' id='word_1_178' title='bbox 985 968 1018 998; x_wconf 86' lang='lat'>&amp;</span> <span class='ocrx_word' id='word_1_179' title='bbox 1034 966 1135 997; x_wconf 77' lang='lat' dir='ltr'>exinde</span> <span class='ocrx_word' id='word_1_180' title='bbox 1148 967 1184 997; x_wconf 83' lang='lat' dir='ltr'>ad</span> <span class='ocrx_word' id='word_1_181' title='bbox 1193 966 1268 998; x_wconf 91' lang='lat' dir='ltr'>Sco-</span> 
     </span>
     <span class='ocr_line' id='line_1_21' title="bbox 204 1004 1267 1046; baseline -0.004 -8"><span class='ocrx_word' id='word_1_182' title='bbox 204 1009 275 1038; x_wconf 87' lang='lat' dir='ltr'>tiam</span> <span class='ocrx_word' id='word_1_183' title='bbox 289 1005 451 1043; x_wconf 84' lang='lat' dir='ltr'>redeundo,</span> <span class='ocrx_word' id='word_1_184' title='bbox 469 1014 529 1034; x_wconf 91' lang='lat' dir='ltr'>non</span> <span class='ocrx_word' id='word_1_185' title='bbox 544 1005 681 1042; x_wconf 81' lang='lat' dir='ltr'>inferatis,</span> <span class='ocrx_word' id='word_1_186' title='bbox 700 1004 761 1042; x_wconf 89' lang='lat' dir='ltr'>seu,</span> <span class='ocrx_word' id='word_1_187' title='bbox 779 1014 916 1045; x_wconf 87' lang='lat' dir='ltr'>quantum</span> <span class='ocrx_word' id='word_1_188' title='bbox 931 1007 960 1036; x_wconf 91' lang='lat' dir='ltr'>in</span> <span class='ocrx_word' id='word_1_189' title='bbox 975 1006 1055 1036; x_wconf 86' lang='lat' dir='ltr'>vobis</span> <span class='ocrx_word' id='word_1_190' title='bbox 1070 1005 1130 1046; x_wconf 85' lang='lat' dir='ltr'>est,</span> <span class='ocrx_word' id='word_1_191' title='bbox 1148 1006 1185 1037; x_wconf 90' lang='lat' dir='ltr'>ab</span> <span class='ocrx_word' id='word_1_192' title='bbox 1207 1005 1267 1035; x_wconf 89' lang='lat' dir='ltr'>aliis</span> 
     </span>
     <span class='ocr_line' id='line_1_22' title="bbox 206 1042 1270 1086; baseline -0.001 -11"><span class='ocrx_word' id='word_1_193' title='bbox 206 1045 298 1075; x_wconf 88' lang='lat' dir='ltr'>inferri</span> <span class='ocrx_word' id='word_1_194' title='bbox 313 1044 475 1081; x_wconf 78' lang='lat' dir='ltr'>permittatis</span> <span class='ocrx_word' id='word_1_195' title='bbox 488 1043 636 1081; x_wconf 80' lang='lat' dir='ltr'>Iniuriam,</span> <span class='ocrx_word' id='word_1_196' title='bbox 656 1042 836 1083; x_wconf 86' lang='lat' dir='ltr'>Molestiarn,</span> <span class='ocrx_word' id='word_1_197' title='bbox 855 1044 1024 1084; x_wconf 79' lang='lat' dir='ltr'>Dampnurn</span> <span class='ocrx_word' id='word_1_198' title='bbox 1037 1067 1048 1083; x_wconf 85' lang='lat'>‚</span> <span class='ocrx_word' id='word_1_199' title='bbox 1075 1044 1270 1086; x_wconf 86' lang='lat' dir='ltr'>Impedimen-</span> 
     </span>
     <span class='ocr_line' id='line_1_23' title="bbox 206 1080 672 1120; baseline -0.006 -6"><span class='ocrx_word' id='word_1_200' title='bbox 206 1092 268 1114; x_wconf 86' lang='lat' dir='ltr'>tum</span> <span class='ocrx_word' id='word_1_201' title='bbox 284 1082 417 1120; x_wconf 80' lang='lat' dir='ltr'>aliquod,</span> <span class='ocrx_word' id='word_1_202' title='bbox 437 1083 482 1112; x_wconf 86' lang='lat' dir='ltr'>seu</span> <span class='ocrx_word' id='word_1_203' title='bbox 499 1080 672 1111; x_wconf 84' lang='lat' dir='ltr'>Gravamen.</span> 
     </span>
    </p>

    <p class='ocr_par' dir='ltr' id='par_1_5' title="bbox 203 1120 1269 1190">
     <span class='ocr_line' id='line_1_24' title="bbox 242 1120 1269 1190; baseline 0.001 -39"><span class='ocrx_word' id='word_1_204' title='bbox 242 1120 299 1190; x_wconf 52' lang='grc' dir='ltr'>ΕΞ,</span> <span class='ocrx_word' id='word_1_205' title='bbox 317 1122 336 1165; x_wconf 72' lang='lat' dir='ltr'>ii</span> <span class='ocrx_word' id='word_1_206' title='bbox 353 1121 419 1160; x_wconf 83' lang='lat' dir='ltr'>quid</span> <span class='ocrx_word' id='word_1_207' title='bbox 432 1122 469 1151; x_wconf 79' lang='lat' dir='ltr'>eis</span> <span class='ocrx_word' id='word_1_208' title='bbox 483 1120 657 1151; x_wconf 64' lang='lat' dir='ltr'>forisfactum</span> <span class='ocrx_word' id='word_1_209' title='bbox 672 1120 770 1159; x_wconf 78' lang='lat' dir='ltr'>fuerit,</span> <span class='ocrx_word' id='word_1_210' title='bbox 788 1120 818 1151; x_wconf 87' lang='lat' dir='ltr'>id</span> <span class='ocrx_word' id='word_1_211' title='bbox 834 1121 871 1152; x_wconf 88' lang='lat' dir='ltr'>eis</span> <span class='ocrx_word' id='word_1_212' title='bbox 883 1121 941 1151; x_wconf 87' lang='lat' dir='ltr'>fine</span> <span class='ocrx_word' id='word_1_213' title='bbox 959 1121 1093 1152; x_wconf 85' lang='lat' dir='ltr'>dilatione</span> <span class='ocrx_word' id='word_1_214' title='bbox 1116 1121 1222 1152; x_wconf 83' lang='lat' dir='ltr'>faciatis</span> <span class='ocrx_word' id='word_1_215' title='bbox 1239 1131 1269 1152; x_wconf 90' lang='lat' dir='ltr'>e-</span> 
     </span>
     <span class='ocr_line' id='line_1_25' title="bbox 203 1169 344 1190; baseline 0 -1"><span class='ocrx_word' id='word_1_216' title='bbox 203 1169 271 1189; x_wconf 87' lang='lat' dir='ltr'>men</span> <span class='ocrx_word' id='word_1_217' title='bbox 292 1169 344 1190; x_wconf 80' lang='lat' dir='ltr'>ari:</span> 
     </span>
    </p>

    <p class='ocr_par' dir='ltr' id='par_1_6' title="bbox 206 1196 1269 1353">
     <span class='ocr_line' id='line_1_26' title="bbox 243 1196 1267 1237; baseline 0 -9"><span class='ocrx_word' id='word_1_218' title='bbox 243 1197 281 1228; x_wconf 90' lang='lat' dir='ltr'>Et</span> <span class='ocrx_word' id='word_1_219' title='bbox 296 1198 399 1228; x_wconf 85' lang='lat' dir='ltr'>eisdem</span> <span class='ocrx_word' id='word_1_220' title='bbox 414 1197 470 1228; x_wconf 77' lang='lat' dir='ltr'>Sex</span> <span class='ocrx_word' id='word_1_221' title='bbox 485 1196 626 1236; x_wconf 85' lang='lat' dir='ltr'>Nunciis,</span> <span class='ocrx_word' id='word_1_222' title='bbox 643 1197 677 1228; x_wconf 71' lang='grc' dir='ltr'>δε</span> <span class='ocrx_word' id='word_1_223' title='bbox 688 1207 787 1228; x_wconf 86' lang='lat' dir='ltr'>eorum</span> <span class='ocrx_word' id='word_1_224' title='bbox 800 1198 932 1236; x_wconf 73' lang='lat' dir='ltr'>cuilibet,</span> <span class='ocrx_word' id='word_1_225' title='bbox 952 1206 1006 1237; x_wconf 84' lang='lat' dir='ltr'>pro</span> <span class='ocrx_word' id='word_1_226' title='bbox 1027 1197 1055 1228; x_wconf 93' lang='lat' dir='ltr'>se</span> <span class='ocrx_word' id='word_1_227' title='bbox 1067 1220 1076 1234; x_wconf 86' lang='lat'>,</span> <span class='ocrx_word' id='word_1_228' title='bbox 1092 1198 1125 1228; x_wconf 88' lang='lat'>&amp;</span> <span class='ocrx_word' id='word_1_229' title='bbox 1149 1197 1267 1229; x_wconf 67' lang='lat' dir='ltr'>Familia</span> 
     </span>
     <span class='ocr_line' id='line_1_27' title="bbox 206 1235 1266 1275; baseline 0.001 -9"><span class='ocrx_word' id='word_1_230' title='bbox 206 1235 271 1274; x_wconf 61' lang='lat' dir='ltr'>sua,</span> <span class='ocrx_word' id='word_1_231' title='bbox 291 1237 395 1275; x_wconf 76' lang='lat' dir='ltr'>Equis,</span> <span class='ocrx_word' id='word_1_232' title='bbox 414 1237 447 1267; x_wconf 88' lang='lat'>&amp;</span> <span class='ocrx_word' id='word_1_233' title='bbox 470 1235 608 1266; x_wconf 74' lang='lat' dir='ltr'>l-lernesiis</span> <span class='ocrx_word' id='word_1_234' title='bbox 628 1235 678 1266; x_wconf 72' lang='lat' dir='ltr'>suis</span> <span class='ocrx_word' id='word_1_235' title='bbox 692 1260 702 1275; x_wconf 82' lang='lat'>,</span> <span class='ocrx_word' id='word_1_236' title='bbox 728 1236 836 1267; x_wconf 88' lang='lat' dir='ltr'>salvum</span> <span class='ocrx_word' id='word_1_237' title='bbox 855 1236 889 1267; x_wconf 65' lang='grc' dir='ltr'>ὃς</span> <span class='ocrx_word' id='word_1_238' title='bbox 911 1240 1039 1266; x_wconf 72' lang='grc' dir='ltr'>1εεαωτη</span> <span class='ocrx_word' id='word_1_239' title='bbox 1058 1235 1266 1268; x_wconf 68' lang='grc' dir='ltr'>(Σοηάωᾶυτη,</span> 
     </span>
     <span class='ocr_line' id='line_1_28' title="bbox 206 1274 1269 1315; baseline 0 -10"><span class='ocrx_word' id='word_1_240' title='bbox 206 1275 260 1305; x_wconf 83' lang='lat' dir='ltr'>suis</span> <span class='ocrx_word' id='word_1_241' title='bbox 273 1274 442 1312; x_wconf 80' lang='lat' dir='ltr'>sumptibus,</span> <span class='ocrx_word' id='word_1_242' title='bbox 460 1274 564 1304; x_wconf 87' lang='lat' dir='ltr'>habere</span> <span class='ocrx_word' id='word_1_243' title='bbox 582 1275 684 1305; x_wconf 77' lang='lat' dir='ltr'>faciatis</span> <span class='ocrx_word' id='word_1_244' title='bbox 699 1298 709 1313; x_wconf 84' lang='lat'>,</span> <span class='ocrx_word' id='word_1_245' title='bbox 728 1274 798 1305; x_wconf 74' lang='lat' dir='ltr'>curn</span> <span class='ocrx_word' id='word_1_246' title='bbox 817 1275 852 1305; x_wconf 84' lang='lat' dir='ltr'>ab</span> <span class='ocrx_word' id='word_1_247' title='bbox 872 1275 951 1313; x_wconf 78' lang='lat' dir='ltr'>ipsrs,</span> <span class='ocrx_word' id='word_1_248' title='bbox 973 1276 1017 1306; x_wconf 90' lang='lat' dir='ltr'>vel</span> <span class='ocrx_word' id='word_1_249' title='bbox 1039 1284 1138 1305; x_wconf 87' lang='lat' dir='ltr'>eorum</span> <span class='ocrx_word' id='word_1_250' title='bbox 1158 1275 1269 1315; x_wconf 84' lang='lat' dir='ltr'>aliquo,</span> 
     </span>
     <span class='ocr_line' id='line_1_29' title="bbox 206 1312 959 1353; baseline -0.001 -9"><span class='ocrx_word' id='word_1_251' title='bbox 206 1313 286 1353; x_wconf 84' lang='lat' dir='ltr'>super</span> <span class='ocrx_word' id='word_1_252' title='bbox 300 1315 375 1352; x_wconf 85' lang='lat' dir='ltr'>hoc,</span> <span class='ocrx_word' id='word_1_253' title='bbox 395 1323 428 1343; x_wconf 82' lang='lat' dir='ltr'>ex</span> <span class='ocrx_word' id='word_1_254' title='bbox 441 1322 518 1352; x_wconf 84' lang='lat' dir='ltr'>parte</span> <span class='ocrx_word' id='word_1_255' title='bbox 532 1312 642 1352; x_wconf 69' lang='lat' dir='ltr'>nostra,</span> <span class='ocrx_word' id='word_1_256' title='bbox 658 1313 764 1344; x_wconf 80' lang='lat' dir='ltr'>fueritis</span> <span class='ocrx_word' id='word_1_257' title='bbox 778 1315 959 1353; x_wconf 79' lang='lat' dir='ltr'>praemuniti,-</span> 
     </span>
    </p>

    <p class='ocr_par' dir='ltr' id='par_1_7' title="bbox 208 1351 1270 1461">
     <span class='ocr_line' id='line_1_30' title="bbox 247 1351 1270 1392; baseline 0.002 -11"><span class='ocrx_word' id='word_1_258' title='bbox 247 1351 285 1382; x_wconf 87' lang='lat' dir='ltr'>Et</span> <span class='ocrx_word' id='word_1_259' title='bbox 299 1353 374 1391; x_wconf 86' lang='lat' dir='ltr'>hoc,</span> <span class='ocrx_word' id='word_1_260' title='bbox 391 1352 460 1383; x_wconf 77' lang='lat' dir='ltr'>sicut</span> <span class='ocrx_word' id='word_1_261' title='bbox 475 1360 526 1381; x_wconf 90' lang='lat' dir='ltr'>nos</span> <span class='ocrx_word' id='word_1_262' title='bbox 543 1353 574 1382; x_wconf 75' lang='grc' dir='ltr'>ὃ(</span> <span class='ocrx_word' id='word_1_263' title='bbox 590 1353 730 1383; x_wconf 86' lang='lat' dir='ltr'>honorem</span> <span class='ocrx_word' id='word_1_264' title='bbox 742 1352 871 1382; x_wconf 87' lang='lat' dir='ltr'>nostrum</span> <span class='ocrx_word' id='word_1_265' title='bbox 882 1351 1010 1392; x_wconf 81' lang='lat' dir='ltr'>diligitis,</span> <span class='ocrx_word' id='word_1_266' title='bbox 1027 1353 1061 1383; x_wconf 89' lang='lat'>&amp;</span> <span class='ocrx_word' id='word_1_267' title='bbox 1076 1362 1128 1383; x_wconf 89' lang='lat' dir='ltr'>vos</span> <span class='ocrx_word' id='word_1_268' title='bbox 1140 1352 1210 1391; x_wconf 86' lang='lat' dir='ltr'>ipsos</span> <span class='ocrx_word' id='word_1_269' title='bbox 1226 1353 1270 1383; x_wconf 91' lang='lat' dir='ltr'>in-</span> 
     </span>
     <span class='ocr_line' id='line_1_31' title="bbox 208 1389 1255 1461; baseline -0.001 -40"><span class='ocrx_word' id='word_1_270' title='bbox 208 1389 346 1460; x_wconf 48' lang='grc' dir='ltr'>ἀεῐῧριιπεε</span> <span class='ocrx_word' id='word_1_271' title='bbox 359 1390 523 1434; x_wconf 76' lang='lat' dir='ltr'>conservare</span> <span class='ocrx_word' id='word_1_272' title='bbox 537 1390 695 1459; x_wconf 45' lang='lat' dir='ltr'>vpilueptis,</span> <span class='ocrx_word' id='word_1_273' title='bbox 715 1392 807 1435; x_wconf 81' lang='lat' dir='ltr'>modis</span> <span class='ocrx_word' id='word_1_274' title='bbox 821 1392 956 1461; x_wconf 52' lang='lat' dir='ltr'>omsnibgs</span> <span class='ocrx_word' id='word_1_275' title='bbox 968 1390 1083 1459; x_wconf 40' lang='lat' dir='ltr'>saffris.</span> <span class='ocrx_word' id='word_1_276' title='bbox 1096 1430 1100 1435; x_wconf 40' lang='grc' dir='ltr'>Ι</span> <span class='ocrx_word' id='word_1_277' title='bbox 1192 1431 1200 1461; x_wconf 70' lang='lat' dir='ltr'>l</span> <span class='ocrx_word' id='word_1_278' title='bbox 1237 1430 1255 1460; x_wconf 34' lang='lat' dir='ltr'>l.</span> 
     </span>
    </p>

    <p class='ocr_par' dir='ltr' id='par_1_8' title="bbox 205 1438 1273 1816">
     <span class='ocr_line' id='line_1_32' title="bbox 427 1439 1270 1460; baseline 0.002 -2"><span class='ocrx_word' id='word_1_279' title='bbox 427 1439 484 1458; x_wconf 81' lang='lat' dir='ltr'>im</span> <span class='ocrx_word' id='word_1_280' title='bbox 521 1439 537 1458; x_wconf 91' lang='lat' dir='ltr'>u</span> <span class='ocrx_word' id='word_1_281' title='bbox 633 1440 642 1459; x_wconf 89' lang='lat'>1</span> <span class='ocrx_word' id='word_1_282' title='bbox 682 1440 798 1459; x_wconf 80' lang='lat' dir='ltr'>onina</span> <span class='ocrx_word' id='word_1_283' title='bbox 834 1440 841 1459; x_wconf 90' lang='lat'>1</span> <span class='ocrx_word' id='word_1_284' title='bbox 873 1440 906 1459; x_wconf 88' lang='lat' dir='ltr'>os</span> <span class='ocrx_word' id='word_1_285' title='bbox 1037 1440 1136 1460; x_wconf 79' lang='lat' dir='ltr'>unctos</span> <span class='ocrx_word' id='word_1_286' title='bbox 1176 1440 1270 1460; x_wconf 78' lang='lat' dir='ltr'>ear-</span> 
     </span>
     <span class='ocr_line' id='line_1_33' title="bbox 205 1438 1266 1508; baseline -0.001 -9"><span class='ocrx_word' id='word_1_287' title='bbox 205 1438 628 1508; x_wconf 47' lang='lat' dir='ltr'>querss,uffiulsaelic?uosqeociur³n‚</span> <span class='ocrx_word' id='word_1_288' title='bbox 644 1440 691 1499; x_wconf 51' lang='lat' dir='ltr'>agr</span> <span class='ocrx_word' id='word_1_289' title='bbox 713 1439 913 1507; x_wconf 45' lang='lat' dir='ltr'>&amp;argciffmgm&#39;</span> <span class='ocrx_word' id='word_1_290' title='bbox 937 1439 983 1499; x_wconf 51' lang='grc' dir='ltr'>Ξῖ</span> <span class='ocrx_word' id='word_1_291' title='bbox 1004 1441 1186 1499; x_wconf 76' lang='lat' dir='ltr'>Servientuvm</span> <span class='ocrx_word' id='word_1_292' title='bbox 1205 1469 1266 1499; x_wconf 88' lang='lat' dir='ltr'>suo-</span> 
     </span>
     <span class='ocr_line' id='line_1_34' title="bbox 207 1505 1271 1546; baseline -0.001 -8"><span class='ocrx_word' id='word_1_293' title='bbox 207 1517 290 1545; x_wconf 82' lang='lat' dir='ltr'>rum,</span> <span class='ocrx_word' id='word_1_294' title='bbox 310 1507 383 1538; x_wconf 89' lang='lat' dir='ltr'>infra</span> <span class='ocrx_word' id='word_1_295' title='bbox 395 1505 566 1537; x_wconf 83' lang='lat' dir='ltr'>Potestatem</span> <span class='ocrx_word' id='word_1_296' title='bbox 583 1506 724 1546; x_wconf 86' lang='lat' dir='ltr'>nostram,</span> <span class='ocrx_word' id='word_1_297' title='bbox 739 1506 887 1546; x_wconf 82' lang='lat' dir='ltr'>infirmari,</span> <span class='ocrx_word' id='word_1_298' title='bbox 905 1508 942 1537; x_wconf 89' lang='lat' dir='ltr'>ita</span> <span class='ocrx_word' id='word_1_299' title='bbox 958 1507 1050 1545; x_wconf 81' lang='lat' dir='ltr'>quod,</span> <span class='ocrx_word' id='word_1_300' title='bbox 1067 1507 1185 1537; x_wconf 87' lang='lat' dir='ltr'>durante</span> <span class='ocrx_word' id='word_1_301' title='bbox 1197 1516 1271 1537; x_wconf 90' lang='lat' dir='ltr'>tem-</span> 
     </span>
     <span class='ocr_line' id='line_1_35' title="bbox 207 1544 1270 1586; baseline -0.002 -9"><span class='ocrx_word' id='word_1_302' title='bbox 207 1555 280 1585; x_wconf 85' lang='lat' dir='ltr'>pore</span> <span class='ocrx_word' id='word_1_303' title='bbox 292 1544 464 1577; x_wconf 64' lang='lat' dir='ltr'>Condueffis</span> <span class='ocrx_word' id='word_1_304' title='bbox 477 1568 487 1583; x_wconf 87' lang='lat'>,</span> <span class='ocrx_word' id='word_1_305' title='bbox 504 1545 540 1575; x_wconf 87' lang='lat' dir='ltr'>ad</span> <span class='ocrx_word' id='word_1_306' title='bbox 563 1554 652 1582; x_wconf 82' lang='lat' dir='ltr'>partes</span> <span class='ocrx_word' id='word_1_307' title='bbox 672 1546 796 1586; x_wconf 83' lang='lat' dir='ltr'>proprias</span> <span class='ocrx_word' id='word_1_308' title='bbox 819 1545 908 1576; x_wconf 88' lang='lat' dir='ltr'>redire</span> <span class='ocrx_word' id='word_1_309' title='bbox 928 1556 988 1576; x_wconf 86' lang='lat' dir='ltr'>non</span> <span class='ocrx_word' id='word_1_310' title='bbox 1007 1552 1164 1584; x_wconf 68' lang='lat' dir='ltr'>poterunt,</span> <span class='ocrx_word' id='word_1_311' title='bbox 1182 1546 1270 1576; x_wconf 89' lang='lat' dir='ltr'>Tunc</span> 
     </span>
     <span class='ocr_line' id='line_1_36' title="bbox 207 1583 1272 1623; baseline -0.002 -7"><span class='ocrx_word' id='word_1_312' title='bbox 207 1585 284 1616; x_wconf 70' lang='lat' dir='ltr'>talvo</span> <span class='ocrx_word' id='word_1_313' title='bbox 299 1586 332 1615; x_wconf 92' lang='lat'>&amp;</span> <span class='ocrx_word' id='word_1_314' title='bbox 346 1585 441 1615; x_wconf 80' lang='lat' dir='ltr'>secure</span> <span class='ocrx_word' id='word_1_315' title='bbox 458 1593 601 1623; x_wconf 83' lang='lat' dir='ltr'>moretur,</span> <span class='ocrx_word' id='word_1_316' title='bbox 617 1584 662 1614; x_wconf 90' lang='lat' dir='ltr'>vel</span> <span class='ocrx_word' id='word_1_317' title='bbox 676 1593 840 1622; x_wconf 87' lang='lat' dir='ltr'>morentur,</span> <span class='ocrx_word' id='word_1_318' title='bbox 856 1584 1001 1622; x_wconf 85' lang='lat' dir='ltr'>quousque</span> <span class='ocrx_word' id='word_1_319' title='bbox 1021 1584 1205 1621; x_wconf 82' lang='lat' dir='ltr'>convaluerit,</span> <span class='ocrx_word' id='word_1_320' title='bbox 1226 1583 1272 1614; x_wconf 90' lang='lat' dir='ltr'>vel</span> 
     </span>
     <span class='ocr_line' id='line_1_37' title="bbox 206 1622 1272 1663; baseline -0.002 -9"><span class='ocrx_word' id='word_1_321' title='bbox 206 1624 421 1660; x_wconf 80' lang='lat' dir='ltr'>convaluerint,</span> <span class='ocrx_word' id='word_1_322' title='bbox 436 1623 469 1653; x_wconf 60' lang='grc' dir='ltr'>ὃς</span> <span class='ocrx_word' id='word_1_323' title='bbox 483 1631 585 1653; x_wconf 81' lang='lat' dir='ltr'>exrunc</span> <span class='ocrx_word' id='word_1_324' title='bbox 601 1623 635 1653; x_wconf 88' lang='lat' dir='ltr'>ad</span> <span class='ocrx_word' id='word_1_325' title='bbox 650 1631 738 1663; x_wconf 83' lang='lat' dir='ltr'>partes</span> <span class='ocrx_word' id='word_1_326' title='bbox 752 1622 859 1653; x_wconf 84' lang='lat' dir='ltr'>Scotiae</span> <span class='ocrx_word' id='word_1_327' title='bbox 871 1623 963 1653; x_wconf 89' lang='lat' dir='ltr'>redeat</span> <span class='ocrx_word' id='word_1_328' title='bbox 976 1645 987 1661; x_wconf 87' lang='lat'>,</span> <span class='ocrx_word' id='word_1_329' title='bbox 1012 1622 1058 1653; x_wconf 91' lang='lat' dir='ltr'>vel</span> <span class='ocrx_word' id='word_1_330' title='bbox 1082 1622 1213 1661; x_wconf 83' lang='lat' dir='ltr'>redeant,</span> <span class='ocrx_word' id='word_1_331' title='bbox 1227 1622 1272 1652; x_wconf 88' lang='lat' dir='ltr'>vel</span> 
     </span>
     <span class='ocr_line' id='line_1_38' title="bbox 205 1659 1273 1701; baseline -0.001 -9"><span class='ocrx_word' id='word_1_332' title='bbox 205 1663 291 1701; x_wconf 83' lang='lat' dir='ltr'>alibi,</span> <span class='ocrx_word' id='word_1_333' title='bbox 305 1672 364 1701; x_wconf 89' lang='lat' dir='ltr'>quo</span> <span class='ocrx_word' id='word_1_334' title='bbox 377 1662 514 1698; x_wconf 78' lang='lat' dir='ltr'>voluerit,</span> <span class='ocrx_word' id='word_1_335' title='bbox 528 1660 572 1691; x_wconf 88' lang='lat' dir='ltr'>vel</span> <span class='ocrx_word' id='word_1_336' title='bbox 586 1661 744 1698; x_wconf 76' lang='lat' dir='ltr'>voluerint,</span> <span class='ocrx_word' id='word_1_337' title='bbox 762 1670 837 1691; x_wconf 78' lang='lat' dir='ltr'>exrra</span> <span class='ocrx_word' id='word_1_338' title='bbox 856 1659 1030 1691; x_wconf 85' lang='lat' dir='ltr'>Potestatem</span> <span class='ocrx_word' id='word_1_339' title='bbox 1053 1660 1197 1699; x_wconf 83' lang='lat' dir='ltr'>nostram,</span> <span class='ocrx_word' id='word_1_340' title='bbox 1212 1661 1273 1691; x_wconf 88' lang='lat' dir='ltr'>abs-</span> 
     </span>
     <span class='ocr_line' id='line_1_39' title="bbox 206 1699 1271 1741; baseline -0.002 -10"><span class='ocrx_word' id='word_1_341' title='bbox 206 1711 263 1741; x_wconf 87' lang='lat' dir='ltr'>que</span> <span class='ocrx_word' id='word_1_342' title='bbox 277 1700 481 1739; x_wconf 87' lang='lat' dir='ltr'>irnpedimento</span> <span class='ocrx_word' id='word_1_343' title='bbox 494 1699 603 1737; x_wconf 87' lang='lat' dir='ltr'>aliquo,</span> <span class='ocrx_word' id='word_1_344' title='bbox 623 1700 649 1729; x_wconf 91' lang='lat' dir='ltr'>se</span> <span class='ocrx_word' id='word_1_345' title='bbox 660 1700 819 1735; x_wconf 82' lang='lat' dir='ltr'>transferat,</span> <span class='ocrx_word' id='word_1_346' title='bbox 834 1699 878 1729; x_wconf 91' lang='lat' dir='ltr'>vel</span> <span class='ocrx_word' id='word_1_347' title='bbox 892 1699 1071 1737; x_wconf 79' lang='lat' dir='ltr'>transferant,</span> <span class='ocrx_word' id='word_1_348' title='bbox 1095 1700 1129 1730; x_wconf 89' lang='lat'>&amp;</span> <span class='ocrx_word' id='word_1_349' title='bbox 1143 1721 1153 1737; x_wconf 85' lang='grc'>,</span> <span class='ocrx_word' id='word_1_350' title='bbox 1169 1699 1271 1729; x_wconf 89' lang='lat' dir='ltr'>duran-</span> 
     </span>
     <span class='ocr_line' id='line_1_40' title="bbox 206 1736 1273 1779; baseline -0.003 -8"><span class='ocrx_word' id='word_1_351' title='bbox 206 1748 237 1772; x_wconf 90' lang='lat' dir='ltr'>te</span> <span class='ocrx_word' id='word_1_352' title='bbox 249 1740 456 1779; x_wconf 83' lang='lat' dir='ltr'>impedimento</span> <span class='ocrx_word' id='word_1_353' title='bbox 470 1737 639 1768; x_wconf 79' lang='lat' dir='ltr'>Infirmitatis</span> <span class='ocrx_word' id='word_1_354' title='bbox 660 1737 844 1776; x_wconf 83' lang='lat' dir='ltr'>hujusmodi,</span> <span class='ocrx_word' id='word_1_355' title='bbox 866 1736 939 1775; x_wconf 83' lang='lat' dir='ltr'>ipsos</span> <span class='ocrx_word' id='word_1_356' title='bbox 958 1738 1008 1768; x_wconf 91' lang='lat' dir='ltr'>sub</span> <span class='ocrx_word' id='word_1_357' title='bbox 1028 1737 1212 1768; x_wconf 71' lang='lat' dir='ltr'>Protefflone</span> <span class='ocrx_word' id='word_1_358' title='bbox 1239 1741 1273 1772; x_wconf 88' lang='lat'>&amp;</span> 
     </span>
     <span class='ocr_line' id='line_1_41' title="bbox 206 1775 1200 1816; baseline -0.003 -7"><span class='ocrx_word' id='word_1_359' title='bbox 206 1777 366 1809; x_wconf 70' lang='lat' dir='ltr'>Condu&amp;u</span> <span class='ocrx_word' id='word_1_360' title='bbox 379 1776 480 1807; x_wconf 88' lang='lat' dir='ltr'>nostris</span> <span class='ocrx_word' id='word_1_361' title='bbox 495 1776 636 1816; x_wconf 69' lang='lat' dir='ltr'>praedictis</span> <span class='ocrx_word' id='word_1_362' title='bbox 649 1775 705 1806; x_wconf 86' lang='lat' dir='ltr'>esse</span> <span class='ocrx_word' id='word_1_363' title='bbox 717 1776 867 1813; x_wconf 84' lang='lat' dir='ltr'>volumus,</span> <span class='ocrx_word' id='word_1_364' title='bbox 886 1777 915 1806; x_wconf 91' lang='lat' dir='ltr'>in</span> <span class='ocrx_word' id='word_1_365' title='bbox 930 1775 1025 1807; x_wconf 66' lang='lat' dir='ltr'>forma</span> <span class='ocrx_word' id='word_1_366' title='bbox 1037 1775 1200 1814; x_wconf 68' lang='lat' dir='ltr'>supradieta.</span> 
     </span>
    </p>

    <p class='ocr_par' dir='ltr' id='par_1_9' title="bbox 241 1810 940 1851">
     <span class='ocr_line' id='line_1_42' title="bbox 241 1810 940 1851; baseline -0.003 -4"><span class='ocrx_word' id='word_1_367' title='bbox 241 1810 278 1847; x_wconf 72' lang='lat' dir='ltr'>sn</span> <span class='ocrx_word' id='word_1_368' title='bbox 295 1817 397 1851; x_wconf 77' lang='lat' dir='ltr'>¹cu&#39;us,</span> <span class='ocrx_word' id='word_1_369' title='bbox 413 1816 473 1846; x_wconf 89' lang='lat' dir='ltr'>&amp;c.</span> <span class='ocrx_word' id='word_1_370' title='bbox 488 1823 537 1851; x_wconf 88' lang='lat' dir='ltr'>per</span> <span class='ocrx_word' id='word_1_371' title='bbox 552 1824 643 1844; x_wconf 85' lang='lat' dir='ltr'>unum</span> <span class='ocrx_word' id='word_1_372' title='bbox 661 1814 778 1845; x_wconf 84' lang='lat' dir='ltr'>Annum</span> <span class='ocrx_word' id='word_1_373' title='bbox 792 1814 940 1845; x_wconf 84' lang='lat' dir='ltr'>duraturas.</span> 
     </span>
    </p>

    <p class='ocr_par' dir='ltr' id='par_1_10' title="bbox 278 1826 1273 1894">
     <span class='ocr_line' id='line_1_43' title="bbox 278 1826 1273 1894; baseline -0.001 -8"><span class='ocrx_word' id='word_1_374' title='bbox 278 1826 369 1886; x_wconf 62' lang='lat' dir='ltr'>&#39;reric</span> <span class='ocrx_word' id='word_1_375' title='bbox 380 1854 463 1892; x_wconf 84' lang='lat' dir='ltr'>Rege</span> <span class='ocrx_word' id='word_1_376' title='bbox 477 1852 551 1891; x_wconf 81' lang='lat' dir='ltr'>apud</span> <span class='ocrx_word' id='word_1_377' title='bbox 565 1853 755 1885; x_wconf 67' lang='lat' dir='ltr'>porcestriam</span> <span class='ocrx_word' id='word_1_378' title='bbox 764 1876 775 1892; x_wconf 89' lang='lat'>,</span> <span class='ocrx_word' id='word_1_379' title='bbox 792 1853 929 1884; x_wconf 75' lang='lat' dir='ltr'>vicesimo</span> <span class='ocrx_word' id='word_1_380' title='bbox 942 1853 1026 1884; x_wconf 87' lang='lat' dir='ltr'>tertio</span> <span class='ocrx_word' id='word_1_381' title='bbox 1039 1852 1085 1884; x_wconf 84' lang='lat' dir='ltr'>die</span> <span class='ocrx_word' id='word_1_382' title='bbox 1090 1853 1273 1894; x_wconf 86' lang='lat' dir='ltr'>Septembris.</span> 
     </span>
    </p>
   </div>
   <div class='ocr_carea' id='block_1_3' title="bbox 311 1929 1023 2010">
    <p class='ocr_par' dir='ltr' id='par_1_11' title="bbox 311 1929 1023 2010">
     <span class='ocr_line' id='line_1_44' title="bbox 311 1929 1023 2010; baseline 0 -51"><span class='ocrx_word' id='word_1_383' title='bbox 311 1969 407 2010; x_wconf 62' lang='lat' dir='ltr'><em>DuPPl</em></span> <span class='ocrx_word' id='word_1_384' title='bbox 755 1933 810 1961; x_wconf 84' lang='lat' dir='ltr'>Per</span> <span class='ocrx_word' id='word_1_385' title='bbox 823 1929 906 1971; x_wconf 82' lang='lat' dir='ltr'>ipsum</span> <span class='ocrx_word' id='word_1_386' title='bbox 918 1932 1023 1971; x_wconf 78' lang='lat' dir='ltr'>Regem.</span> 
     </span>
    </p>
   </div>
   <div class='ocr_carea' id='block_1_4' title="bbox 198 2045 1274 2163">
    <p class='ocr_par' dir='ltr' id='par_1_12' title="bbox 198 2045 1274 2163">
     <span class='ocr_line' id='line_1_45' title="bbox 240 2045 1272 2086; baseline -0.002 -8"><span class='ocrx_word' id='word_1_387' title='bbox 240 2050 285 2078; x_wconf 85' lang='lat' dir='ltr'>Et</span> <span class='ocrx_word' id='word_1_388' title='bbox 299 2048 500 2078; x_wconf 83' lang='lat' dir='ltr'>memorandum</span> <span class='ocrx_word' id='word_1_389' title='bbox 518 2048 592 2086; x_wconf 83' lang='lat' dir='ltr'>quod</span> <span class='ocrx_word' id='word_1_390' title='bbox 602 2050 708 2077; x_wconf 83' lang='lat' dir='ltr'>Literae</span> <span class='ocrx_word' id='word_1_391' title='bbox 723 2047 755 2077; x_wconf 89' lang='lat' dir='ltr'>de</span> <span class='ocrx_word' id='word_1_392' title='bbox 768 2047 923 2086; x_wconf 63' lang='lat' dir='ltr'>Conduffu,</span> <span class='ocrx_word' id='word_1_393' title='bbox 937 2050 1014 2085; x_wconf 75' lang='lat' dir='ltr'>prius</span> <span class='ocrx_word' id='word_1_394' title='bbox 1024 2054 1074 2085; x_wconf 83' lang='lat' dir='ltr'>pro</span> <span class='ocrx_word' id='word_1_395' title='bbox 1082 2045 1223 2086; x_wconf 64' lang='lat' dir='ltr'>pra-fatis,</span> <span class='ocrx_word' id='word_1_396' title='bbox 1229 2049 1272 2076; x_wconf 88' lang='grc' dir='ltr'>Ε-</span> 
     </span>
     <span class='ocr_line' id='line_1_46' title="bbox 198 2085 1274 2128; baseline -0.001 -13"><span class='ocrx_word' id='word_1_397' title='bbox 198 2085 298 2125; x_wconf 77' lang='lat' dir='ltr'>piscopo</span> <span class='ocrx_word' id='word_1_398' title='bbox 312 2085 350 2121; x_wconf 63' lang='grc' dir='ltr'>ὠ»</span> <span class='ocrx_word' id='word_1_399' title='bbox 371 2090 490 2123; x_wconf 86' lang='lat' dir='ltr'>Comite,</span> <span class='ocrx_word' id='word_1_400' title='bbox 503 2087 613 2128; x_wconf 68' lang='lat' dir='ltr'>fha‘lae,</span> <span class='ocrx_word' id='word_1_401' title='bbox 631 2089 773 2115; x_wconf 77' lang='lat' dir='ltr'>innovatae</span> <span class='ocrx_word' id='word_1_402' title='bbox 781 2085 901 2126; x_wconf 85' lang='lat' dir='ltr'>fuerunt</span> <span class='ocrx_word' id='word_1_403' title='bbox 912 2085 967 2126; x_wconf 83' lang='lat' dir='ltr'>Jub</span> <span class='ocrx_word' id='word_1_404' title='bbox 981 2086 1071 2116; x_wconf 77' lang='lat' dir='ltr'>eadem</span> <span class='ocrx_word' id='word_1_405' title='bbox 1083 2085 1164 2124; x_wconf 84' lang='lat' dir='ltr'>data,</span> <span class='ocrx_word' id='word_1_406' title='bbox 1182 2093 1213 2115; x_wconf 84' lang='lat' dir='ltr'>ut</span> <span class='ocrx_word' id='word_1_407' title='bbox 1220 2093 1274 2124; x_wconf 85' lang='lat' dir='ltr'>pa-</span> 
     </span>
     <span class='ocr_line' id='line_1_47' title="bbox 202 2124 853 2163; baseline 0 -9"><span class='ocrx_word' id='word_1_408' title='bbox 202 2125 372 2163; x_wconf 78' lang='lat' dir='ltr'>tctsuperius</span> <span class='ocrx_word' id='word_1_409' title='bbox 381 2147 392 2162; x_wconf 89' lang='lat'>,</span> <span class='ocrx_word' id='word_1_410' title='bbox 414 2132 447 2163; x_wconf 88' lang='lat'>15</span> <span class='ocrx_word' id='word_1_411' title='bbox 463 2125 505 2154; x_wconf 78' lang='lat' dir='ltr'>die</span> <span class='ocrx_word' id='word_1_412' title='bbox 529 2124 603 2162; x_wconf 70' lang='lat' dir='ltr'><em>Julis·</em></span> <span class='ocrx_word' id='word_1_413' title='bbox 617 2127 704 2154; x_wconf 86' lang='lat' dir='ltr'>Anno</span> <span class='ocrx_word' id='word_1_414' title='bbox 714 2128 853 2163; x_wconf 79' lang='lat' dir='ltr'>praeJenti.</span> 
     </span>
    </p>
   </div>
   <div class='ocr_carea' id='block_1_5' title="bbox 340 2201 946 2205">
    <p class='ocr_par' dir='ltr' id='par_1_13' title="bbox 340 2201 946 2205">
     <span class='ocr_line' id='line_1_48' title="bbox 340 2201 946 2205; baseline 0 0"><span class='ocrx_word' id='word_1_415' title='bbox 340 2201 946 2205; x_wconf 95' lang='lat' dir='ltr'> </span> 
     </span>
    </p>
   </div>
   <div class='ocr_carea' id='block_1_6' title="bbox 201 2239 1275 2345">
    <p class='ocr_par' dir='ltr' id='par_1_14' title="bbox 201 2239 1275 2345">
     <span class='ocr_line' id='line_1_49' title="bbox 201 2239 1275 2295; baseline -0.003 -10"><span class='ocrx_word' id='word_1_416' title='bbox 201 2247 264 2285; x_wconf 74' lang='lat' dir='ltr'>&#39;Aa&#39;</span> <span class='ocrx_word' id='word_1_417' title='bbox 278 2251 423 2284; x_wconf 82' lang='lat' dir='ltr'>Comitem</span> <span class='ocrx_word' id='word_1_418' title='bbox 444 2247 682 2291; x_wconf 76' lang='lat' dir='ltr'>Richemundiae,</span> <span class='ocrx_word' id='word_1_419' title='bbox 727 2247 764 2282; x_wconf 89' lang='lat' dir='ltr'>de</span> <span class='ocrx_word' id='word_1_420' title='bbox 792 2248 978 2295; x_wconf 65' lang='lat' dir='ltr'>intereffi’ndo</span> <span class='ocrx_word' id='word_1_421' title='bbox 994 2239 1177 2292; x_wconf 64' lang='lat' dir='ltr'>Traezat&#39;ui,</span> <span class='ocrx_word' id='word_1_422' title='bbox 1204 2260 1275 2282; x_wconf 83' lang='lat' dir='ltr'>cum</span> 
     </span>
     <span class='ocr_line' id='line_1_50' title="bbox 511 2296 957 2345; baseline -0.002 -13"><span class='ocrx_word' id='word_1_423' title='bbox 511 2296 685 2332; x_wconf 80' lang='lat' dir='ltr'>Proceribns</span> <span class='ocrx_word' id='word_1_424' title='bbox 701 2300 796 2345; x_wconf 82' lang='lat' dir='ltr'>Regni</span> <span class='ocrx_word' id='word_1_425' title='bbox 813 2296 957 2332; x_wconf 79' lang='lat' dir='ltr'>habendo.</span> 
     </span>
    </p>
   </div>
   <div class='ocr_carea' id='block_1_7' title="bbox 51 2380 1277 3003">
    <p class='ocr_par' dir='ltr' id='par_1_15' title="bbox 51 2380 1277 2622">
     <span class='ocr_line' id='line_1_51' title="bbox 52 2380 1277 2453; baseline 0.001 -39"><span class='ocrx_word' id='word_1_426' title='bbox 52 2383 132 2414; x_wconf 66' lang='lat' dir='ltr'>Ann.</span> <span class='ocrx_word' id='word_1_427' title='bbox 142 2380 186 2413; x_wconf 88' lang='lat' dir='ltr'>D.</span> <span class='ocrx_word' id='word_1_428' title='bbox 205 2382 470 2453; x_wconf 48' lang='lat' dir='ltr'>REX’Jss‘ffi}</span> <span class='ocrx_word' id='word_1_429' title='bbox 485 2384 519 2452; x_wconf 49' lang='lat' dir='ltr'>{Sc</span> <span class='ocrx_word' id='word_1_430' title='bbox 534 2382 607 2414; x_wconf 85' lang='lat' dir='ltr'>fideli</span> <span class='ocrx_word' id='word_1_431' title='bbox 618 2384 667 2415; x_wconf 89' lang='lat' dir='ltr'>suo</span> <span class='ocrx_word' id='word_1_432' title='bbox 680 2383 821 2424; x_wconf 83' lang='lat' dir='ltr'>‚Johanni</span> <span class='ocrx_word' id='word_1_433' title='bbox 835 2383 871 2415; x_wconf 89' lang='lat' dir='ltr'>de</span> <span class='ocrx_word' id='word_1_434' title='bbox 885 2382 1028 2415; x_wconf 64' lang='lat' dir='ltr'>Britannia</span> <span class='ocrx_word' id='word_1_435' title='bbox 1038 2382 1150 2415; x_wconf 88' lang='lat' dir='ltr'>Comiti</span> <span class='ocrx_word' id='word_1_436' title='bbox 1164 2383 1277 2416; x_wconf 91' lang='lat' dir='ltr'>Riche-</span> 
     </span>
     <span class='ocr_line' id='line_1_52' title="bbox 51 2430 1274 2505; baseline 0.002 -15"><span class='ocrx_word' id='word_1_437' title='bbox 51 2430 177 2490; x_wconf 37' lang='lat'>5122&amp;</span> <span class='ocrx_word' id='word_1_438' title='bbox 244 2432 435 2504; x_wconf 42' lang='lat' dir='ltr'>inffinsss’r</span> <span class='ocrx_word' id='word_1_439' title='bbox 451 2431 581 2500; x_wconf 46' lang='lat' dir='ltr'>divletriisl,</span> <span class='ocrx_word' id='word_1_440' title='bbox 596 2460 703 2505; x_wconf 80' lang='lat' dir='ltr'>arduis,</span> <span class='ocrx_word' id='word_1_441' title='bbox 716 2462 854 2505; x_wconf 82' lang='lat' dir='ltr'>negotiis,</span> <span class='ocrx_word' id='word_1_442' title='bbox 873 2461 942 2492; x_wconf 85' lang='lat' dir='ltr'>Nos</span> <span class='ocrx_word' id='word_1_443' title='bbox 963 2485 973 2499; x_wconf 85' lang='lat'>,</span> <span class='ocrx_word' id='word_1_444' title='bbox 997 2460 1032 2492; x_wconf 91' lang='lat'>&amp;</span> <span class='ocrx_word' id='word_1_445' title='bbox 1055 2461 1158 2492; x_wconf 87' lang='lat' dir='ltr'>statum</span> <span class='ocrx_word' id='word_1_446' title='bbox 1179 2461 1274 2501; x_wconf 85' lang='lat' dir='ltr'>Regni</span> 
     </span>
     <span class='ocr_line' id='line_1_53' title="bbox 205 2498 1275 2540; baseline 0.003 -12"><span class='ocrx_word' id='word_1_447' title='bbox 205 2498 314 2537; x_wconf 81' lang='lat' dir='ltr'>nostri,</span> <span class='ocrx_word' id='word_1_448' title='bbox 332 2509 366 2530; x_wconf 85' lang='lat' dir='ltr'>ac</span> <span class='ocrx_word' id='word_1_449' title='bbox 379 2500 533 2530; x_wconf 85' lang='lat' dir='ltr'>Terrarum</span> <span class='ocrx_word' id='word_1_450' title='bbox 550 2501 632 2530; x_wconf 78' lang='lat' dir='ltr'>nobis</span> <span class='ocrx_word' id='word_1_451' title='bbox 644 2499 834 2540; x_wconf 82' lang='lat' dir='ltr'>subditarum,</span> <span class='ocrx_word' id='word_1_452' title='bbox 852 2502 886 2532; x_wconf 87' lang='lat'>&amp;</span> <span class='ocrx_word' id='word_1_453' title='bbox 902 2500 1081 2539; x_wconf 91' lang='lat' dir='ltr'>Popolorum</span> <span class='ocrx_word' id='word_1_454' title='bbox 1106 2501 1275 2539; x_wconf 84' lang='lat' dir='ltr'>eorundem,</span> 
     </span>
     <span class='ocr_line' id='line_1_54' title="bbox 182 2536 1276 2578; baseline 0.003 -12"><span class='ocrx_word' id='word_1_455' title='bbox 182 2559 189 2566; x_wconf 90' lang='lat'>.</span> <span class='ocrx_word' id='word_1_456' title='bbox 205 2536 358 2574; x_wconf 85' lang='lat' dir='ltr'>specialiter</span> <span class='ocrx_word' id='word_1_457' title='bbox 370 2539 566 2577; x_wconf 74' lang='lat' dir='ltr'>tangentibus,</span> <span class='ocrx_word' id='word_1_458' title='bbox 585 2538 732 2569; x_wconf 87' lang='lat' dir='ltr'>vobiscum</span> <span class='ocrx_word' id='word_1_459' title='bbox 741 2549 826 2578; x_wconf 85' lang='lat' dir='ltr'>,cum</span> <span class='ocrx_word' id='word_1_460' title='bbox 840 2541 947 2570; x_wconf 81' lang='lat' dir='ltr'>caeteris</span> <span class='ocrx_word' id='word_1_461' title='bbox 965 2538 1017 2568; x_wconf 86' lang='lat' dir='ltr'>Ma</span> <span class='ocrx_word' id='word_1_462' title='bbox 1039 2540 1148 2569; x_wconf 89' lang='lat' dir='ltr'>natibus</span> <span class='ocrx_word' id='word_1_463' title='bbox 1161 2541 1194 2570; x_wconf 68' lang='grc' dir='ltr'>ὃς</span> <span class='ocrx_word' id='word_1_464' title='bbox 1203 2539 1276 2569; x_wconf 92' lang='lat' dir='ltr'>Pro-</span> 
     </span>
     <span class='ocr_line' id='line_1_55' title="bbox 205 2575 1276 2622; baseline 0.003 -16"><span class='ocrx_word' id='word_1_465' title='bbox 205 2577 314 2621; x_wconf 73' lang='lat' dir='ltr'>ceribus</span> <span class='ocrx_word' id='word_1_466' title='bbox 327 2576 397 2607; x_wconf 68' lang='lat' dir='ltr'>dieti</span> <span class='ocrx_word' id='word_1_467' title='bbox 411 2575 525 2622; x_wconf 76' lang='lat' dir='ltr'>Regni,</span> <span class='ocrx_word' id='word_1_468' title='bbox 543 2577 616 2614; x_wconf 89' lang='lat' dir='ltr'>apud</span> <span class='ocrx_word' id='word_1_469' title='bbox 632 2577 815 2620; x_wconf 77' lang='lat' dir='ltr'>Londonias,</span> <span class='ocrx_word' id='word_1_470' title='bbox 834 2578 850 2608; x_wconf 76' lang='lat' dir='ltr'>a</span> <span class='ocrx_word' id='word_1_471' title='bbox 863 2577 1005 2622; x_wconf 34' lang='lat' dir='ltr'>die—sancti</span> <span class='ocrx_word' id='word_1_472' title='bbox 1058 2577 1184 2616; x_wconf 87' lang='lat' dir='ltr'>ichaelis,</span> <span class='ocrx_word' id='word_1_473' title='bbox 1207 2588 1276 2618; x_wconf 89' lang='lat' dir='ltr'>pro-</span> 
     </span>
    </p>

    <p class='ocr_par' dir='ltr' id='par_1_16' title="bbox 180 2614 1274 3003">
     <span class='ocr_line' id='line_1_56' title="bbox 180 2614 1274 2684; baseline 0.005 -42"><span class='ocrx_word' id='word_1_474' title='bbox 180 2636 186 2642; x_wconf 88' lang='lat'>.</span> <span class='ocrx_word' id='word_1_475' title='bbox 202 2615 414 2684; x_wconf 43' lang='lat' dir='ltr'>riiigrgazultgri&#39;ro,</span> <span class='ocrx_word' id='word_1_476' title='bbox 433 2626 464 2646; x_wconf 89' lang='lat' dir='ltr'>m</span> <span class='ocrx_word' id='word_1_477' title='bbox 477 2616 550 2646; x_wconf 89' lang='lat' dir='ltr'>Tres</span> <span class='ocrx_word' id='word_1_478' title='bbox 563 2615 755 2655; x_wconf 74' lang='lat' dir='ltr'>septimanas,</span> <span class='ocrx_word' id='word_1_479' title='bbox 776 2614 966 2656; x_wconf 84' lang='lat' dir='ltr'>Colloquium</span> <span class='ocrx_word' id='word_1_480' title='bbox 980 2616 1081 2646; x_wconf 88' lang='lat' dir='ltr'>habere</span> <span class='ocrx_word' id='word_1_481' title='bbox 1095 2617 1227 2647; x_wconf 88' lang='lat' dir='ltr'>volumus</span> <span class='ocrx_word' id='word_1_482' title='bbox 1240 2618 1274 2648; x_wconf 87' lang='lat'>&amp;</span> 
     </span>
     <span class='ocr_line' id='line_1_57' title="bbox 186 2677 1273 2732; baseline 0.004 -12"><span class='ocrx_word' id='word_1_483' title='bbox 186 2711 194 2719; x_wconf 88' lang='lat'><strong>.</strong></span> <span class='ocrx_word' id='word_1_484' title='bbox 243 2691 335 2722; x_wconf 87' lang='lat' dir='ltr'>Vobis</span> <span class='ocrx_word' id='word_1_485' title='bbox 352 2677 535 2732; x_wconf 42' lang='lat' dir='ltr'>mandamus,</span> <span class='ocrx_word' id='word_1_486' title='bbox 549 2692 578 2722; x_wconf 92' lang='lat' dir='ltr'>in</span> <span class='ocrx_word' id='word_1_487' title='bbox 594 2691 649 2723; x_wconf 85' lang='lat' dir='ltr'>fide</span> <span class='ocrx_word' id='word_1_488' title='bbox 663 2694 697 2724; x_wconf 68' lang='grc' dir='ltr'>ὃς</span> <span class='ocrx_word' id='word_1_489' title='bbox 711 2692 880 2732; x_wconf 73' lang='grc' dir='ltr'><strong>ὀὶῙεᾶὶὶοῃε,</strong></span> <span class='ocrx_word' id='word_1_490' title='bbox 897 2692 999 2732; x_wconf 89' lang='lat' dir='ltr'>quibus</span> <span class='ocrx_word' id='word_1_491' title='bbox 1016 2693 1100 2724; x_wconf 87' lang='lat' dir='ltr'>nobis</span> <span class='ocrx_word' id='word_1_492' title='bbox 1122 2694 1273 2732; x_wconf 88' lang='lat' dir='ltr'>tenemini,</span> 
     </span>
     <span class='ocr_line' id='line_1_58' title="bbox 203 2729 1273 2771; baseline 0.003 -12"><span class='ocrx_word' id='word_1_493' title='bbox 203 2729 321 2761; x_wconf 84' lang='lat' dir='ltr'>firmiter</span> <span class='ocrx_word' id='word_1_494' title='bbox 335 2731 526 2770; x_wconf 80' lang='lat' dir='ltr'>injungentes,</span> <span class='ocrx_word' id='word_1_495' title='bbox 541 2731 622 2770; x_wconf 80' lang='lat' dir='ltr'>quod</span> <span class='ocrx_word' id='word_1_496' title='bbox 636 2755 646 2769; x_wconf 88' lang='lat'>,</span> <span class='ocrx_word' id='word_1_497' title='bbox 672 2732 807 2762; x_wconf 89' lang='lat' dir='ltr'>omnibus</span> <span class='ocrx_word' id='word_1_498' title='bbox 825 2733 882 2762; x_wconf 86' lang='lat' dir='ltr'>aliis</span> <span class='ocrx_word' id='word_1_499' title='bbox 905 2731 1110 2771; x_wconf 78' lang='lat' dir='ltr'>praerermiffis,</span> <span class='ocrx_word' id='word_1_500' title='bbox 1127 2733 1211 2763; x_wconf 66' lang='lat' dir='ltr'>dictis</span> <span class='ocrx_word' id='word_1_501' title='bbox 1226 2734 1273 2763; x_wconf 89' lang='lat' dir='ltr'>die</span> 
     </span>
     <span class='ocr_line' id='line_1_59' title="bbox 201 2768 1274 2811; baseline 0.003 -13"><span class='ocrx_word' id='word_1_502' title='bbox 201 2768 236 2798; x_wconf 91' lang='lat'>&amp;</span> <span class='ocrx_word' id='word_1_503' title='bbox 251 2768 319 2799; x_wconf 90' lang='lat' dir='ltr'>loco</span> <span class='ocrx_word' id='word_1_504' title='bbox 332 2769 511 2807; x_wconf 84' lang='lat' dir='ltr'>personaliter</span> <span class='ocrx_word' id='word_1_505' title='bbox 521 2769 666 2807; x_wconf 79' lang='lat' dir='ltr'>intersitis,</span> <span class='ocrx_word' id='word_1_506' title='bbox 683 2770 866 2810; x_wconf 82' lang='lat' dir='ltr'>Nobiscum,</span> <span class='ocrx_word' id='word_1_507' title='bbox 884 2772 916 2801; x_wconf 88' lang='lat'>&amp;</span> <span class='ocrx_word' id='word_1_508' title='bbox 930 2780 999 2801; x_wconf 89' lang='lat' dir='ltr'>cum</span> <span class='ocrx_word' id='word_1_509' title='bbox 1023 2772 1129 2801; x_wconf 88' lang='lat' dir='ltr'>caeteris</span> <span class='ocrx_word' id='word_1_510' title='bbox 1152 2771 1274 2811; x_wconf 85' lang='lat' dir='ltr'>Magna—</span> 
     </span>
     <span class='ocr_line' id='line_1_60' title="bbox 201 2807 1274 2849; baseline 0.006 -15"><span class='ocrx_word' id='word_1_511' title='bbox 201 2807 276 2836; x_wconf 88' lang='lat' dir='ltr'>tibus</span> <span class='ocrx_word' id='word_1_512' title='bbox 291 2807 324 2837; x_wconf 89' lang='lat'>&amp;</span> <span class='ocrx_word' id='word_1_513' title='bbox 340 2807 509 2838; x_wconf 88' lang='lat' dir='ltr'>Proceribus</span> <span class='ocrx_word' id='word_1_514' title='bbox 526 2807 684 2846; x_wconf 60' lang='lat' dir='ltr'>praedietis,</span> <span class='ocrx_word' id='word_1_515' title='bbox 701 2809 780 2846; x_wconf 87' lang='lat' dir='ltr'>super</span> <span class='ocrx_word' id='word_1_516' title='bbox 793 2809 948 2849; x_wconf 78' lang='lat' dir='ltr'>praemiffis,</span> <span class='ocrx_word' id='word_1_517' title='bbox 958 2809 1115 2849; x_wconf 67' lang='lat' dir='ltr'>tractaturi,</span> <span class='ocrx_word' id='word_1_518' title='bbox 1133 2810 1274 2840; x_wconf 88' lang='lat' dir='ltr'>vestrum-</span> 
     </span>
     <span class='ocr_line' id='line_1_61' title="bbox 202 2844 1274 2912; baseline 0.006 -39"><span class='ocrx_word' id='word_1_519' title='bbox 202 2853 260 2912; x_wconf 53' lang='lat' dir='ltr'>Rue</span> <span class='ocrx_word' id='word_1_520' title='bbox 272 2844 432 2876; x_wconf 73' lang='lat' dir='ltr'>Consilium</span> <span class='ocrx_word' id='word_1_521' title='bbox 447 2845 601 2890; x_wconf 85' lang='lat' dir='ltr'>impensuri</span> <span class='ocrx_word' id='word_1_522' title='bbox 617 2857 626 2883; x_wconf 75' lang='lat'>3</span> <span class='ocrx_word' id='word_1_523' title='bbox 643 2846 682 2876; x_wconf 87' lang='lat' dir='ltr'>Et</span> <span class='ocrx_word' id='word_1_524' title='bbox 697 2848 754 2877; x_wconf 88' lang='lat' dir='ltr'>hoc</span> <span class='ocrx_word' id='word_1_525' title='bbox 765 2870 780 2903; x_wconf 35' lang='grc' dir='ltr'>Ι,</span> <span class='ocrx_word' id='word_1_526' title='bbox 806 2849 876 2892; x_wconf 79' lang='lat' dir='ltr'>sicut</span> <span class='ocrx_word' id='word_1_527' title='bbox 899 2847 967 2878; x_wconf 89' lang='lat' dir='ltr'>Nos</span> <span class='ocrx_word' id='word_1_528' title='bbox 980 2871 992 2891; x_wconf 37' lang='grc' dir='ltr'>ἢ</span> <span class='ocrx_word' id='word_1_529' title='bbox 1008 2848 1041 2879; x_wconf 88' lang='lat'>&amp;</span> <span class='ocrx_word' id='word_1_530' title='bbox 1057 2849 1204 2892; x_wconf 32' lang='lat' dir='ltr'>&#39;honorem</span> <span class='ocrx_word' id='word_1_531' title='bbox 1221 2859 1274 2879; x_wconf 90' lang='lat' dir='ltr'>no-</span> 
     </span>
     <span class='ocr_line' id='line_1_62' title="bbox 232 2884 1273 2927; baseline 0.005 -14"><span class='ocrx_word' id='word_1_532' title='bbox 232 2884 362 2927; x_wconf 32' lang='lat' dir='ltr'>rqu&amp;</span> <span class='ocrx_word' id='word_1_533' title='bbox 378 2884 490 2923; x_wconf 77' lang='lat' dir='ltr'>Regni,</span> <span class='ocrx_word' id='word_1_534' title='bbox 509 2884 542 2914; x_wconf 65' lang='grc' dir='ltr'>ὃς</span> <span class='ocrx_word' id='word_1_535' title='bbox 556 2884 710 2915; x_wconf 80' lang='lat' dir='ltr'>Terrarum</span> <span class='ocrx_word' id='word_1_536' title='bbox 729 2886 949 2925; x_wconf 65' lang='lat' dir='ltr'>praedietarum,</span> <span class='ocrx_word' id='word_1_537' title='bbox 965 2886 1093 2925; x_wconf 84' lang='lat' dir='ltr'>d1hg1t1s,</span> <span class='ocrx_word' id='word_1_538' title='bbox 1115 2888 1273 2918; x_wconf 88' lang='lat' dir='ltr'>nullatenus</span> 
     </span>
     <span class='ocr_line' id='line_1_63' title="bbox 203 2930 1272 3003; baseline 0.004 -12"><span class='ocrx_word' id='word_1_539' title='bbox 203 2930 428 2999; x_wconf 40' lang='lat' dir='ltr'>om&#39;liggffiskege</span> <span class='ocrx_word' id='word_1_540' title='bbox 442 2959 515 3000; x_wconf 84' lang='lat' dir='ltr'>apud</span> <span class='ocrx_word' id='word_1_541' title='bbox 530 2958 736 3001; x_wconf 84' lang='lat' dir='ltr'>Porcestriarn‚</span> <span class='ocrx_word' id='word_1_542' title='bbox 756 2961 894 2993; x_wconf 84' lang='lat' dir='ltr'>vicefimo</span> <span class='ocrx_word' id='word_1_543' title='bbox 906 2971 1005 3002; x_wconf 87' lang='lat' dir='ltr'>quarto</span> <span class='ocrx_word' id='word_1_544' title='bbox 1025 2962 1072 2993; x_wconf 91' lang='lat' dir='ltr'>die</span> <span class='ocrx_word' id='word_1_545' title='bbox 1092 2962 1272 3003; x_wconf 86' lang='lat' dir='ltr'>Septembris.</span> 
     </span>
    </p>
   </div>
   <div class='ocr_carea' id='block_1_8' title="bbox 829 3036 1096 3078">
    <p class='ocr_par' dir='ltr' id='par_1_17' title="bbox 829 3036 1096 3078">
     <span class='ocr_line' id='line_1_64' title="bbox 829 3036 1096 3078; baseline 0.004 -9"><span class='ocrx_word' id='word_1_546' title='bbox 829 3041 883 3069; x_wconf 86' lang='lat' dir='ltr'>Per</span> <span class='ocrx_word' id='word_1_547' title='bbox 895 3036 978 3078; x_wconf 76' lang='lat' dir='ltr'>ipfimt</span> <span class='ocrx_word' id='word_1_548' title='bbox 990 3041 1096 3077; x_wconf 87' lang='lat' dir='ltr'>Regem.</span> 
     </span>
    </p>
   </div>
   <div class='ocr_carea' id='block_1_9' title="bbox 54 3170 1136 3477">
    <p class='ocr_par' dir='ltr' id='par_1_18' title="bbox 54 3170 1136 3477">
     <span class='ocr_line' id='line_1_65' title="bbox 334 3170 1136 3219; baseline 0.002 -14"><span class='ocrx_word' id='word_1_549' title='bbox 334 3174 384 3206; x_wconf 86' lang='lat' dir='ltr'>De</span> <span class='ocrx_word' id='word_1_550' title='bbox 400 3170 576 3219; x_wconf 83' lang='lat' dir='ltr'>Corporibus</span> <span class='ocrx_word' id='word_1_551' title='bbox 596 3177 729 3206; x_wconf 82' lang='lat' dir='ltr'>omnium</span> <span class='ocrx_word' id='word_1_552' title='bbox 750 3174 939 3207; x_wconf 83' lang='lat' dir='ltr'>Gallicorum</span> <span class='ocrx_word' id='word_1_553' title='bbox 959 3172 1136 3218; x_wconf 76' lang='lat' dir='ltr'>arestandis.</span> 
     </span>
     <span class='ocr_line' id='line_1_66' title="bbox 54 3215 188 3247; baseline -0.007 0"><span class='ocrx_word' id='word_1_554' title='bbox 54 3218 132 3247; x_wconf 71' lang='lat' dir='ltr'>Ann.</span> <span class='ocrx_word' id='word_1_555' title='bbox 146 3215 188 3246; x_wconf 88' lang='lat' dir='ltr'>D.</span> 
     </span>
     <span class='ocr_line' id='line_1_67' title="bbox 78 3264 163 3294; baseline -0.012 -9"><span class='ocrx_word' id='word_1_556' title='bbox 78 3264 163 3294; x_wconf 77' lang='lat'>1324.</span> 
     </span>
     <span class='ocr_line' id='line_1_68' title="bbox 54 3295 170 3325; baseline -0.009 -3"><span class='ocrx_word' id='word_1_557' title='bbox 54 3299 107 3322; x_wconf 78' lang='lat' dir='ltr'>An.</span> <span class='ocrx_word' id='word_1_558' title='bbox 129 3295 170 3325; x_wconf 78' lang='lat'>18.</span> 
     </span>
     <span class='ocr_line' id='line_1_69' title="bbox 54 3338 132 3361; baseline 0 0"><span class='ocrx_word' id='word_1_559' title='bbox 54 3338 86 3361; x_wconf 82' lang='grc' dir='ltr'>Ε.</span> <span class='ocrx_word' id='word_1_560' title='bbox 107 3343 132 3361; x_wconf 88' lang='lat'>2.</span> 
     </span>
     <span class='ocr_line' id='line_1_70' title="bbox 55 3371 189 3408; baseline -0.007 -9"><span class='ocrx_word' id='word_1_561' title='bbox 55 3371 189 3408; x_wconf 75' lang='lat' dir='ltr'>Claus.18.</span> 
     </span>
     <span class='ocr_line' id='line_1_71' title="bbox 55 3414 134 3438; baseline -0.013 -1"><span class='ocrx_word' id='word_1_562' title='bbox 55 3414 87 3438; x_wconf 73' lang='lat' dir='ltr'>E.</span> <span class='ocrx_word' id='word_1_563' title='bbox 108 3420 134 3437; x_wconf 83' lang='lat'>2.</span> 
     </span>
     <span class='ocr_line' id='line_1_72' title="bbox 68 3458 153 3477; baseline 0.024 -2"><span class='ocrx_word' id='word_1_564' title='bbox 68 3458 153 3477; x_wconf 64' lang='lat' dir='ltr'>m222·</span> 
     </span>
    </p>
   </div>
   <div class='ocr_carea' id='block_1_10' title="bbox 200 3256 1271 4069">
    <p class='ocr_par' dir='ltr' id='par_1_19' title="bbox 208 3256 1166 3316">
     <span class='ocr_line' id='line_1_73' title="bbox 208 3256 1166 3316; baseline 0.003 -28"><span class='ocrx_word' id='word_1_565' title='bbox 208 3256 340 3316; x_wconf 76' lang='lat' dir='ltr'>REX</span> <span class='ocrx_word' id='word_1_566' title='bbox 357 3256 561 3298; x_wconf 82' lang='lat' dir='ltr'>Thesaurario,</span> <span class='ocrx_word' id='word_1_567' title='bbox 577 3260 610 3291; x_wconf 94' lang='lat'>&amp;</span> <span class='ocrx_word' id='word_1_568' title='bbox 625 3259 780 3291; x_wconf 80' lang='lat' dir='ltr'>Batonibus</span> <span class='ocrx_word' id='word_1_569' title='bbox 794 3259 830 3290; x_wconf 94' lang='lat' dir='ltr'>de</span> <span class='ocrx_word' id='word_1_570' title='bbox 846 3258 1013 3298; x_wconf 66' lang='lat' dir='ltr'>Scaccznio,</span> <span class='ocrx_word' id='word_1_571' title='bbox 1030 3259 1166 3291; x_wconf 88' lang='lat' dir='ltr'>Salutem.</span> 
     </span>
    </p>

    <p class='ocr_par' dir='ltr' id='par_1_20' title="bbox 307 3295 1271 3338">
     <span class='ocr_line' id='line_1_74' title="bbox 307 3295 1271 3338; baseline 0.006 -13"><span class='ocrx_word' id='word_1_572' title='bbox 307 3296 385 3333; x_wconf 85' lang='lat' dir='ltr'>Qia</span> <span class='ocrx_word' id='word_1_573' title='bbox 400 3295 465 3326; x_wconf 83' lang='lat' dir='ltr'>Rex</span> <span class='ocrx_word' id='word_1_574' title='bbox 480 3297 609 3328; x_wconf 84' lang='lat' dir='ltr'>Franciae</span> <span class='ocrx_word' id='word_1_575' title='bbox 628 3298 776 3329; x_wconf 89' lang='lat' dir='ltr'>Ducatum</span> <span class='ocrx_word' id='word_1_576' title='bbox 801 3297 930 3330; x_wconf 87' lang='lat' dir='ltr'>nostrum</span> <span class='ocrx_word' id='word_1_577' title='bbox 951 3298 1111 3338; x_wconf 68' lang='lat' dir='ltr'>Aquitaniae</span> <span class='ocrx_word' id='word_1_578' title='bbox 1123 3322 1133 3338; x_wconf 91' lang='lat'>,</span> <span class='ocrx_word' id='word_1_579' title='bbox 1151 3300 1185 3330; x_wconf 88' lang='lat'>&amp;</span> <span class='ocrx_word' id='word_1_580' title='bbox 1206 3299 1271 3331; x_wconf 87' lang='lat' dir='ltr'>alias</span> 
     </span>
    </p>

    <p class='ocr_par' dir='ltr' id='par_1_21' title="bbox 200 3334 1271 3793">
     <span class='ocr_line' id='line_1_75' title="bbox 205 3334 1270 3377; baseline 0.002 -11"><span class='ocrx_word' id='word_1_581' title='bbox 205 3335 307 3366; x_wconf 83' lang='lat' dir='ltr'>Terras</span> <span class='ocrx_word' id='word_1_582' title='bbox 319 3334 440 3372; x_wconf 88' lang='lat' dir='ltr'>nostras,</span> <span class='ocrx_word' id='word_1_583' title='bbox 460 3336 490 3366; x_wconf 91' lang='lat' dir='ltr'>in</span> <span class='ocrx_word' id='word_1_584' title='bbox 505 3336 627 3376; x_wconf 90' lang='lat' dir='ltr'>partibus</span> <span class='ocrx_word' id='word_1_585' title='bbox 639 3337 825 3368; x_wconf 88' lang='lat' dir='ltr'>transmarinis</span> <span class='ocrx_word' id='word_1_586' title='bbox 859 3346 1034 3376; x_wconf 82' lang='lat' dir='ltr'>congregato</span> <span class='ocrx_word' id='word_1_587' title='bbox 1054 3347 1159 3377; x_wconf 83' lang='lat' dir='ltr'>magno</span> <span class='ocrx_word' id='word_1_588' title='bbox 1181 3337 1270 3368; x_wconf 85' lang='lat' dir='ltr'>Exer-</span> 
     </span>
     <span class='ocr_line' id='line_1_76' title="bbox 206 3360 1271 3416; baseline 0.003 -11"><span class='ocrx_word' id='word_1_589' title='bbox 206 3376 280 3413; x_wconf 85' lang='lat' dir='ltr'>citu,</span> <span class='ocrx_word' id='word_1_590' title='bbox 299 3373 335 3404; x_wconf 92' lang='lat' dir='ltr'>de</span> <span class='ocrx_word' id='word_1_591' title='bbox 348 3372 459 3403; x_wconf 72' lang='lat' dir='ltr'>Guerrfi</span> <span class='ocrx_word' id='word_1_592' title='bbox 472 3383 611 3413; x_wconf 87' lang='lat' dir='ltr'>occupare</span> <span class='ocrx_word' id='word_1_593' title='bbox 625 3376 738 3414; x_wconf 86' lang='lat' dir='ltr'>nititur,</span> <span class='ocrx_word' id='word_1_594' title='bbox 755 3375 808 3405; x_wconf 86' lang='lat' dir='ltr'>hiis</span> <span class='ocrx_word' id='word_1_595' title='bbox 819 3360 1010 3416; x_wconf 69' lang='lat' dir='ltr'>d&#39;iebus,nos,</span> <span class='ocrx_word' id='word_1_596' title='bbox 1030 3376 1063 3407; x_wconf 87' lang='lat'>&amp;</span> <span class='ocrx_word' id='word_1_597' title='bbox 1076 3376 1188 3407; x_wconf 87' lang='lat' dir='ltr'>nostros</span> <span class='ocrx_word' id='word_1_598' title='bbox 1196 3377 1271 3408; x_wconf 87' lang='lat' dir='ltr'>Sub·</span> 
     </span>
     <span class='ocr_line' id='line_1_77' title="bbox 203 3411 858 3453; baseline 0 -9"><span class='ocrx_word' id='word_1_599' title='bbox 203 3413 277 3444; x_wconf 82' lang='lat' dir='ltr'>ditos</span> <span class='ocrx_word' id='word_1_600' title='bbox 293 3411 438 3451; x_wconf 86' lang='lat' dir='ltr'>gravando</span> <span class='ocrx_word' id='word_1_601' title='bbox 452 3411 588 3442; x_wconf 89' lang='lat' dir='ltr'>hostiliter</span> <span class='ocrx_word' id='word_1_602' title='bbox 601 3414 634 3444; x_wconf 90' lang='lat'>&amp;</span> <span class='ocrx_word' id='word_1_603' title='bbox 650 3413 858 3453; x_wconf 87' lang='lat' dir='ltr'>impugnando:</span> 
     </span>
     <span class='ocr_line' id='line_1_78' title="bbox 240 3449 1268 3494; baseline 0.004 -12"><span class='ocrx_word' id='word_1_604' title='bbox 240 3451 295 3482; x_wconf 90' lang='lat' dir='ltr'>Per</span> <span class='ocrx_word' id='word_1_605' title='bbox 325 3450 401 3489; x_wconf 91' lang='lat' dir='ltr'>uod,</span> <span class='ocrx_word' id='word_1_606' title='bbox 420 3449 455 3480; x_wconf 91' lang='lat' dir='ltr'>de</span> <span class='ocrx_word' id='word_1_607' title='bbox 468 3449 606 3481; x_wconf 90' lang='lat' dir='ltr'>Concilio</span> <span class='ocrx_word' id='word_1_608' title='bbox 617 3452 734 3490; x_wconf 89' lang='lat' dir='ltr'>nostro,</span> <span class='ocrx_word' id='word_1_609' title='bbox 752 3451 942 3483; x_wconf 86' lang='lat' dir='ltr'>ordinavimus</span> <span class='ocrx_word' id='word_1_610' title='bbox 953 3453 1033 3494; x_wconf 78' lang='lat' dir='ltr'>quod</span> <span class='ocrx_word' id='word_1_611' title='bbox 1058 3452 1107 3483; x_wconf 91' lang='lat' dir='ltr'>Co</span> <span class='ocrx_word' id='word_1_612' title='bbox 1141 3464 1189 3485; x_wconf 85' lang='lat' dir='ltr'>ora</span> <span class='ocrx_word' id='word_1_613' title='bbox 1203 3464 1268 3486; x_wconf 89' lang='lat' dir='ltr'>om·</span> 
     </span>
     <span class='ocr_line' id='line_1_79' title="bbox 204 3489 1269 3528; baseline 0.003 -7"><span class='ocrx_word' id='word_1_614' title='bbox 204 3492 286 3521; x_wconf 89' lang='lat' dir='ltr'>nium</span> <span class='ocrx_word' id='word_1_615' title='bbox 336 3489 483 3520; x_wconf 87' lang='lat' dir='ltr'>allicorum</span> <span class='ocrx_word' id='word_1_616' title='bbox 528 3489 562 3519; x_wconf 90' lang='lat'>&amp;</span> <span class='ocrx_word' id='word_1_617' title='bbox 582 3491 668 3520; x_wconf 89' lang='lat' dir='ltr'>etiam</span> <span class='ocrx_word' id='word_1_618' title='bbox 689 3490 810 3521; x_wconf 87' lang='lat' dir='ltr'>aliorum</span> <span class='ocrx_word' id='word_1_619' title='bbox 826 3513 836 3528; x_wconf 86' lang='lat'>,</span> <span class='ocrx_word' id='word_1_620' title='bbox 852 3490 889 3521; x_wconf 89' lang='lat' dir='ltr'>de</span> <span class='ocrx_word' id='word_1_621' title='bbox 907 3490 1052 3522; x_wconf 89' lang='lat' dir='ltr'>Dominio</span> <span class='ocrx_word' id='word_1_622' title='bbox 1070 3492 1103 3523; x_wconf 77' lang='grc' dir='ltr'>δε</span> <span class='ocrx_word' id='word_1_623' title='bbox 1151 3493 1269 3525; x_wconf 89' lang='lat' dir='ltr'>otestate</span> 
     </span>
     <span class='ocr_line' id='line_1_80' title="bbox 201 3511 1266 3570; baseline 0.002 -10"><span class='ocrx_word' id='word_1_624' title='bbox 201 3530 273 3560; x_wconf 67' lang='lat' dir='ltr'>dieti</span> <span class='ocrx_word' id='word_1_625' title='bbox 288 3527 376 3567; x_wconf 77' lang='lat' dir='ltr'>Regis</span> <span class='ocrx_word' id='word_1_626' title='bbox 393 3528 402 3565; x_wconf 95' lang='lat'>(</span> <span class='ocrx_word' id='word_1_627' title='bbox 412 3511 614 3566; x_wconf 58' lang='lat' dir='ltr'>cujulffzumque</span> <span class='ocrx_word' id='word_1_628' title='bbox 628 3527 730 3567; x_wconf 69' lang='lat' dir='ltr'>status,</span> <span class='ocrx_word' id='word_1_629' title='bbox 748 3529 920 3559; x_wconf 89' lang='lat' dir='ltr'>conditionis</span> <span class='ocrx_word' id='word_1_630' title='bbox 933 3552 943 3568; x_wconf 89' lang='lat'>,</span> <span class='ocrx_word' id='word_1_631' title='bbox 964 3530 1010 3561; x_wconf 90' lang='lat' dir='ltr'>seu</span> <span class='ocrx_word' id='word_1_632' title='bbox 1027 3530 1106 3561; x_wconf 76' lang='lat' dir='ltr'>sexus</span> <span class='ocrx_word' id='word_1_633' title='bbox 1127 3531 1266 3570; x_wconf 84' lang='lat' dir='ltr'>existant)</span> 
     </span>
     <span class='ocr_line' id='line_1_81' title="bbox 200 3565 1267 3608; baseline 0.001 -9"><span class='ocrx_word' id='word_1_634' title='bbox 200 3568 271 3599; x_wconf 88' lang='lat' dir='ltr'>infra</span> <span class='ocrx_word' id='word_1_635' title='bbox 288 3567 426 3605; x_wconf 78' lang='lat' dir='ltr'>Regnum</span> <span class='ocrx_word' id='word_1_636' title='bbox 439 3565 569 3596; x_wconf 87' lang='lat' dir='ltr'>nostrum</span> <span class='ocrx_word' id='word_1_637' title='bbox 585 3567 686 3603; x_wconf 89' lang='lat' dir='ltr'>(etiam</span> <span class='ocrx_word' id='word_1_638' title='bbox 702 3568 721 3598; x_wconf 86' lang='lat' dir='ltr'>fi</span> <span class='ocrx_word' id='word_1_639' title='bbox 736 3567 788 3597; x_wconf 77' lang='lat' dir='ltr'>sint</span> <span class='ocrx_word' id='word_1_640' title='bbox 801 3567 837 3597; x_wconf 90' lang='lat' dir='ltr'>de</span> <span class='ocrx_word' id='word_1_641' title='bbox 849 3567 985 3608; x_wconf 87' lang='lat' dir='ltr'>Hospitio</span> <span class='ocrx_word' id='word_1_642' title='bbox 995 3568 1113 3608; x_wconf 83' lang='lat' dir='ltr'>nostro,</span> <span class='ocrx_word' id='word_1_643' title='bbox 1126 3570 1174 3600; x_wconf 93' lang='lat' dir='ltr'>vel</span> <span class='ocrx_word' id='word_1_644' title='bbox 1182 3569 1267 3601; x_wconf 90' lang='lat' dir='ltr'>Con-</span> 
     </span>
     <span class='ocr_line' id='line_1_82' title="bbox 202 3604 1266 3648; baseline 0.003 -11"><span class='ocrx_word' id='word_1_645' title='bbox 202 3608 282 3638; x_wconf 89' lang='lat' dir='ltr'>sortis</span> <span class='ocrx_word' id='word_1_646' title='bbox 294 3606 399 3636; x_wconf 77' lang='lat' dir='ltr'>nostrae</span> <span class='ocrx_word' id='word_1_647' title='bbox 413 3604 561 3635; x_wconf 79' lang='lat' dir='ltr'>cariffimae</span> <span class='ocrx_word' id='word_1_648' title='bbox 577 3627 587 3643; x_wconf 90' lang='lat'>,</span> <span class='ocrx_word' id='word_1_649' title='bbox 611 3613 658 3636; x_wconf 88' lang='lat' dir='ltr'>aut</span> <span class='ocrx_word' id='word_1_650' title='bbox 679 3606 788 3636; x_wconf 90' lang='lat' dir='ltr'>alterius</span> <span class='ocrx_word' id='word_1_651' title='bbox 807 3606 1024 3646; x_wconf 80' lang='lat' dir='ltr'>cujuscumque)</span> <span class='ocrx_word' id='word_1_652' title='bbox 1051 3609 1212 3648; x_wconf 85' lang='lat' dir='ltr'>capiantur:</span> <span class='ocrx_word' id='word_1_653' title='bbox 1232 3611 1266 3640; x_wconf 67' lang='grc' dir='ltr'>ὃς</span> 
     </span>
     <span class='ocr_line' id='line_1_83' title="bbox 201 3643 1266 3686; baseline 0 -9"><span class='ocrx_word' id='word_1_654' title='bbox 201 3646 326 3686; x_wconf 87' lang='lat' dir='ltr'>ipsorum</span> <span class='ocrx_word' id='word_1_655' title='bbox 337 3644 455 3682; x_wconf 83' lang='lat' dir='ltr'>Terrae,</span> <span class='ocrx_word' id='word_1_656' title='bbox 472 3643 668 3686; x_wconf 72' lang='lat' dir='ltr'>Tenementa,</span> <span class='ocrx_word' id='word_1_657' title='bbox 686 3643 778 3682; x_wconf 86' lang='lat' dir='ltr'>Bona,</span> <span class='ocrx_word' id='word_1_658' title='bbox 794 3645 827 3674; x_wconf 91' lang='lat'>&amp;</span> <span class='ocrx_word' id='word_1_659' title='bbox 843 3643 951 3675; x_wconf 85' lang='lat' dir='ltr'>Catalla</span> <span class='ocrx_word' id='word_1_660' title='bbox 963 3655 1152 3686; x_wconf 89' lang='lat' dir='ltr'>quaecumque</span> <span class='ocrx_word' id='word_1_661' title='bbox 1165 3648 1194 3677; x_wconf 91' lang='lat' dir='ltr'>in</span> <span class='ocrx_word' id='word_1_662' title='bbox 1207 3658 1266 3678; x_wconf 86' lang='lat' dir='ltr'>ma-</span> 
     </span>
     <span class='ocr_line' id='line_1_84' title="bbox 204 3683 1266 3721; baseline 0.001 -6"><span class='ocrx_word' id='word_1_663' title='bbox 204 3694 276 3715; x_wconf 90' lang='lat' dir='ltr'>num</span> <span class='ocrx_word' id='word_1_664' title='bbox 290 3683 417 3713; x_wconf 90' lang='lat' dir='ltr'>nostram</span> <span class='ocrx_word' id='word_1_665' title='bbox 430 3683 582 3720; x_wconf 63' lang='lat' dir='ltr'>seilianrur.)</span> <span class='ocrx_word' id='word_1_666' title='bbox 602 3683 638 3712; x_wconf 87' lang='lat' dir='ltr'>ita</span> <span class='ocrx_word' id='word_1_667' title='bbox 656 3683 736 3720; x_wconf 82' lang='lat' dir='ltr'>quod</span> <span class='ocrx_word' id='word_1_668' title='bbox 748 3683 846 3721; x_wconf 84' lang='lat' dir='ltr'>nobis,</span> <span class='ocrx_word' id='word_1_669' title='bbox 868 3683 904 3713; x_wconf 93' lang='lat' dir='ltr'>de</span> <span class='ocrx_word' id='word_1_670' title='bbox 917 3683 1045 3714; x_wconf 81' lang='lat' dir='ltr'>Exitibus</span> <span class='ocrx_word' id='word_1_671' title='bbox 1059 3684 1216 3715; x_wconf 87' lang='lat' dir='ltr'>Terrarum</span> <span class='ocrx_word' id='word_1_672' title='bbox 1231 3687 1266 3717; x_wconf 88' lang='lat'>&amp;</span> 
     </span>
     <span class='ocr_line' id='line_1_85' title="bbox 204 3720 1266 3762; baseline 0.001 -8"><span class='ocrx_word' id='word_1_673' title='bbox 204 3723 456 3754; x_wconf 87' lang='lat' dir='ltr'>Tenementorum</span> <span class='ocrx_word' id='word_1_674' title='bbox 468 3720 582 3751; x_wconf 89' lang='lat' dir='ltr'>illorum</span> <span class='ocrx_word' id='word_1_675' title='bbox 591 3731 640 3758; x_wconf 81' lang='lat' dir='ltr'>,ac</span> <span class='ocrx_word' id='word_1_676' title='bbox 655 3722 692 3751; x_wconf 91' lang='lat' dir='ltr'>de</span> <span class='ocrx_word' id='word_1_677' title='bbox 707 3720 791 3752; x_wconf 90' lang='lat' dir='ltr'>Bonis</span> <span class='ocrx_word' id='word_1_678' title='bbox 805 3722 839 3752; x_wconf 75' lang='grc' dir='ltr'>δε</span> <span class='ocrx_word' id='word_1_679' title='bbox 853 3720 965 3753; x_wconf 88' lang='lat' dir='ltr'>Catallis</span> <span class='ocrx_word' id='word_1_680' title='bbox 978 3723 1137 3761; x_wconf 66' lang='lat' dir='ltr'>praedit‘tis,</span> <span class='ocrx_word' id='word_1_681' title='bbox 1153 3724 1266 3762; x_wconf 85' lang='lat' dir='ltr'>respon-</span> 
     </span>
     <span class='ocr_line' id='line_1_86' title="bbox 205 3762 316 3793; baseline -0.009 -1"><span class='ocrx_word' id='word_1_682' title='bbox 205 3762 316 3793; x_wconf 83' lang='lat' dir='ltr'>deatur:</span> 
     </span>
    </p>

    <p class='ocr_par' dir='ltr' id='par_1_22' title="bbox 204 3797 1266 3875">
     <span class='ocr_line' id='line_1_87' title="bbox 242 3797 1266 3839; baseline 0.003 -9"><span class='ocrx_word' id='word_1_683' title='bbox 242 3800 332 3838; x_wconf 84' lang='lat' dir='ltr'>Nos,</span> <span class='ocrx_word' id='word_1_684' title='bbox 352 3798 494 3838; x_wconf 83' lang='lat' dir='ltr'>praemiffa</span> <span class='ocrx_word' id='word_1_685' title='bbox 508 3808 577 3829; x_wconf 89' lang='lat' dir='ltr'>curn</span> <span class='ocrx_word' id='word_1_686' title='bbox 592 3799 671 3829; x_wconf 88' lang='lat' dir='ltr'>omni</span> <span class='ocrx_word' id='word_1_687' title='bbox 685 3797 841 3837; x_wconf 88' lang='lat' dir='ltr'>celeritate,</span> <span class='ocrx_word' id='word_1_688' title='bbox 858 3798 916 3837; x_wconf 67' lang='lat' dir='ltr'>qua</span> <span class='ocrx_word' id='word_1_689' title='bbox 928 3799 988 3830; x_wconf 87' lang='lat' dir='ltr'>fieri</span> <span class='ocrx_word' id='word_1_690' title='bbox 1004 3801 1123 3839; x_wconf 86' lang='lat' dir='ltr'>poterit,</span> <span class='ocrx_word' id='word_1_691' title='bbox 1141 3801 1266 3833; x_wconf 88' lang='lat' dir='ltr'>volentes</span> 
     </span>
     <span class='ocr_line' id='line_1_88' title="bbox 204 3837 969 3875; baseline -0.001 -6"><span class='ocrx_word' id='word_1_692' title='bbox 204 3838 377 3870; x_wconf 77' lang='lat' dir='ltr'>Executioni</span> <span class='ocrx_word' id='word_1_693' title='bbox 390 3837 563 3875; x_wconf 83' lang='lat' dir='ltr'>demandari,</span> <span class='ocrx_word' id='word_1_694' title='bbox 966 3843 969 3846; x_wconf 87' lang='grc'><strong><em>’</em></strong></span> 
     </span>
    </p>

    <p class='ocr_par' dir='ltr' id='par_1_23' title="bbox 241 3875 978 3915">
     <span class='ocr_line' id='line_1_89' title="bbox 241 3875 978 3915; baseline 0.001 -8"><span class='ocrx_word' id='word_1_695' title='bbox 241 3877 335 3907; x_wconf 87' lang='lat' dir='ltr'>Vobis</span> <span class='ocrx_word' id='word_1_696' title='bbox 348 3876 531 3915; x_wconf 83' lang='lat' dir='ltr'>mandamus,</span> <span class='ocrx_word' id='word_1_697' title='bbox 550 3875 667 3906; x_wconf 86' lang='lat' dir='ltr'>firmiter</span> <span class='ocrx_word' id='word_1_698' title='bbox 683 3875 873 3914; x_wconf 82' lang='lat' dir='ltr'>injungentes,</span> <span class='ocrx_word' id='word_1_699' title='bbox 888 3877 978 3914; x_wconf 77' lang='lat' dir='ltr'>quod,</span> 
     </span>
    </p>

    <p class='ocr_par' dir='ltr' id='par_1_24' title="bbox 206 3914 1266 4069">
     <span class='ocr_line' id='line_1_90' title="bbox 242 3914 1266 3957; baseline 0.003 -12"><span class='ocrx_word' id='word_1_700' title='bbox 242 3914 313 3946; x_wconf 65' lang='lat' dir='ltr'>Visa</span> <span class='ocrx_word' id='word_1_701' title='bbox 325 3914 534 3953; x_wconf 89' lang='lat' dir='ltr'>Ordinatione,</span> <span class='ocrx_word' id='word_1_702' title='bbox 552 3915 632 3952; x_wconf 61' lang='lat' dir='ltr'>alias,</span> <span class='ocrx_word' id='word_1_703' title='bbox 656 3923 784 3954; x_wconf 87' lang='lat' dir='ltr'>tempore</span> <span class='ocrx_word' id='word_1_704' title='bbox 806 3914 931 3944; x_wconf 85' lang='lat' dir='ltr'>Domini</span> <span class='ocrx_word' id='word_1_705' title='bbox 951 3915 986 3946; x_wconf 88' lang='lat' dir='ltr'>E.</span> <span class='ocrx_word' id='word_1_706' title='bbox 1011 3916 1155 3954; x_wconf 86' lang='lat' dir='ltr'>quondam</span> <span class='ocrx_word' id='word_1_707' title='bbox 1178 3917 1266 3957; x_wconf 84' lang='lat' dir='ltr'>Regis</span> 
     </span>
     <span class='ocr_line' id='line_1_91' title="bbox 207 3951 1266 3993; baseline 0.003 -10"><span class='ocrx_word' id='word_1_708' title='bbox 207 3951 339 3992; x_wconf 82' lang='lat' dir='ltr'>Angliae,</span> <span class='ocrx_word' id='word_1_709' title='bbox 356 3952 444 3983; x_wconf 90' lang='lat' dir='ltr'>Patris</span> <span class='ocrx_word' id='word_1_710' title='bbox 460 3953 564 3991; x_wconf 85' lang='lat' dir='ltr'>nostri,</span> <span class='ocrx_word' id='word_1_711' title='bbox 587 3954 615 3983; x_wconf 89' lang='lat' dir='ltr'>in</span> <span class='ocrx_word' id='word_1_712' title='bbox 636 3952 774 3983; x_wconf 77' lang='lat' dir='ltr'>consimili</span> <span class='ocrx_word' id='word_1_713' title='bbox 798 3952 861 3983; x_wconf 85' lang='lat' dir='ltr'>casu</span> <span class='ocrx_word' id='word_1_714' title='bbox 876 3975 887 3991; x_wconf 82' lang='grc'>,</span> <span class='ocrx_word' id='word_1_715' title='bbox 911 3952 985 3984; x_wconf 58' lang='lat' dir='ltr'>fadi&amp;</span> <span class='ocrx_word' id='word_1_716' title='bbox 997 3977 1008 3992; x_wconf 85' lang='lat'>,</span> <span class='ocrx_word' id='word_1_717' title='bbox 1032 3955 1181 3993; x_wconf 73' lang='lat' dir='ltr'>habitaque</span> <span class='ocrx_word' id='word_1_718' title='bbox 1197 3957 1266 3987; x_wconf 79' lang='lat' dir='ltr'>inde</span> 
     </span>
     <span class='ocr_line' id='line_1_92' title="bbox 207 3990 1266 4034; baseline 0.006 -14"><span class='ocrx_word' id='word_1_719' title='bbox 207 3991 356 4029; x_wconf 78' lang='lat' dir='ltr'>cumillis,</span> <span class='ocrx_word' id='word_1_720' title='bbox 374 3991 410 4021; x_wconf 91' lang='lat' dir='ltr'>de</span> <span class='ocrx_word' id='word_1_721' title='bbox 434 3990 572 4022; x_wconf 89' lang='lat' dir='ltr'>Concilio</span> <span class='ocrx_word' id='word_1_722' title='bbox 594 3990 713 4030; x_wconf 85' lang='lat' dir='ltr'>nostro,</span> <span class='ocrx_word' id='word_1_723' title='bbox 740 3991 899 4022; x_wconf 87' lang='lat' dir='ltr'>Londoniis</span> <span class='ocrx_word' id='word_1_724' title='bbox 919 3991 1097 4023; x_wconf 83' lang='lat' dir='ltr'>existentibus</span> <span class='ocrx_word' id='word_1_725' title='bbox 1121 3994 1209 4034; x_wconf 86' lang='lat' dir='ltr'>(quos</span> <span class='ocrx_word' id='word_1_726' title='bbox 1230 3995 1266 4026; x_wconf 88' lang='lat' dir='ltr'>ad</span> 
     </span>
     <span class='ocr_line' id='line_1_93' title="bbox 206 4029 1069 4069; baseline 0.002 -11"><span class='ocrx_word' id='word_1_727' title='bbox 206 4029 265 4059; x_wconf 86' lang='lat' dir='ltr'>hoe</span> <span class='ocrx_word' id='word_1_728' title='bbox 279 4029 342 4059; x_wconf 90' lang='lat' dir='ltr'>fore</span> <span class='ocrx_word' id='word_1_729' title='bbox 357 4030 478 4060; x_wconf 87' lang='lat' dir='ltr'>videritis</span> <span class='ocrx_word' id='word_1_730' title='bbox 491 4029 709 4066; x_wconf 85' lang='lat' dir='ltr'>convocandos)</span> <span class='ocrx_word' id='word_1_731' title='bbox 726 4030 925 4060; x_wconf 86' lang='lat' dir='ltr'>deliberatione</span> <span class='ocrx_word' id='word_1_732' title='bbox 940 4030 1069 4069; x_wconf 80' lang='lat' dir='ltr'>pleniori,</span> 
     </span>
    </p>
   </div>
   <div class='ocr_carea' id='block_1_11' title="bbox 242 4067 1266 4109">
    <p class='ocr_par' dir='ltr' id='par_1_25' title="bbox 242 4067 1266 4109">
     <span class='ocr_line' id='line_1_94' title="bbox 242 4067 1266 4109; baseline 0.004 -10"><span class='ocrx_word' id='word_1_733' title='bbox 242 4067 373 4106; x_wconf 85' lang='lat' dir='ltr'>Corpora</span> <span class='ocrx_word' id='word_1_734' title='bbox 386 4069 539 4108; x_wconf 60' lang='lat' dir='ltr'>praedicta,</span> <span class='ocrx_word' id='word_1_735' title='bbox 557 4070 614 4102; x_wconf 77' lang='lat' dir='ltr'>line</span> <span class='ocrx_word' id='word_1_736' title='bbox 628 4069 777 4107; x_wconf 88' lang='lat' dir='ltr'>dilatione,</span> <span class='ocrx_word' id='word_1_737' title='bbox 794 4070 881 4108; x_wconf 80' lang='lat' dir='ltr'>capi,</span> <span class='ocrx_word' id='word_1_738' title='bbox 898 4069 932 4102; x_wconf 71' lang='grc' dir='ltr'>ὅ(</span> <span class='ocrx_word' id='word_1_739' title='bbox 951 4069 1027 4103; x_wconf 69' lang='lat' dir='ltr'>salvo</span> <span class='ocrx_word' id='word_1_740' title='bbox 1049 4068 1186 4102; x_wconf 86' lang='lat' dir='ltr'>custodiri</span> <span class='ocrx_word' id='word_1_741' title='bbox 1205 4093 1216 4109; x_wconf 86' lang='grc'>,</span> <span class='ocrx_word' id='word_1_742' title='bbox 1232 4081 1266 4103; x_wconf 82' lang='lat' dir='ltr'>ac</span> 
     </span>
    </p>
   </div>
   <div class='ocr_carea' id='block_1_12' title="bbox 1314 186 1800 236">
    <p class='ocr_par' dir='ltr' id='par_1_26' title="bbox 1314 186 1800 236">
     <span class='ocr_line' id='line_1_95' title="bbox 1314 186 1800 236; baseline 0.016 -8"><span class='ocrx_word' id='word_1_743' title='bbox 1314 186 1800 236; x_wconf 87' lang='lat' dir='ltr'><strong>PUBLICA.</strong></span> 
     </span>
    </p>
   </div>
   <div class='ocr_carea' id='block_1_13' title="bbox 1302 269 2516 821">
    <p class='ocr_par' dir='ltr' id='par_1_27' title="bbox 1302 269 2516 821">
     <span class='ocr_line' id='line_1_96' title="bbox 1302 269 2516 320; baseline -0.007 -8"><span class='ocrx_word' id='word_1_744' title='bbox 1302 269 1418 312; x_wconf 77' lang='lat' dir='ltr'>Terras,</span> <span class='ocrx_word' id='word_1_745' title='bbox 1434 274 1635 320; x_wconf 65' lang='lat' dir='ltr'>Tenementa,</span> <span class='ocrx_word' id='word_1_746' title='bbox 1652 279 1750 319; x_wconf 87' lang='lat' dir='ltr'>Bona,</span> <span class='ocrx_word' id='word_1_747' title='bbox 1765 281 1799 312; x_wconf 90' lang='lat'>&amp;</span> <span class='ocrx_word' id='word_1_748' title='bbox 1812 279 1918 313; x_wconf 78' lang='lat' dir='ltr'>Gataila</span> <span class='ocrx_word' id='word_1_749' title='bbox 1936 280 2072 319; x_wconf 52' lang='lat' dir='ltr'>praedi&amp;</span> <span class='ocrx_word' id='word_1_750' title='bbox 2084 303 2094 319; x_wconf 88' lang='lat'>,</span> <span class='ocrx_word' id='word_1_751' title='bbox 2117 281 2146 310; x_wconf 89' lang='lat' dir='ltr'>in</span> <span class='ocrx_word' id='word_1_752' title='bbox 2168 288 2284 310; x_wconf 90' lang='lat' dir='ltr'>manum</span> <span class='ocrx_word' id='word_1_753' title='bbox 2308 288 2363 309; x_wconf 85' lang='lat' dir='ltr'>no—</span> <span class='ocrx_word' id='word_1_754' title='bbox 2382 275 2458 307; x_wconf 85' lang='lat' dir='ltr'>Ann.</span> <span class='ocrx_word' id='word_1_755' title='bbox 2477 274 2516 306; x_wconf 39' lang='lat' dir='ltr'>D,</span> 
     </span>
     <span class='ocr_line' id='line_1_97' title="bbox 1304 308 2487 357; baseline 0.008 -18"><span class='ocrx_word' id='word_1_756' title='bbox 1304 308 1389 341; x_wconf 88' lang='lat' dir='ltr'>stram</span> <span class='ocrx_word' id='word_1_757' title='bbox 1405 313 1502 352; x_wconf 78' lang='lat' dir='ltr'>selim,</span> <span class='ocrx_word' id='word_1_758' title='bbox 1520 325 1569 354; x_wconf 87' lang='lat' dir='ltr'>per</span> <span class='ocrx_word' id='word_1_759' title='bbox 1583 316 1682 348; x_wconf 84' lang='lat' dir='ltr'>Brevia</span> <span class='ocrx_word' id='word_1_760' title='bbox 1697 340 1707 355; x_wconf 80' lang='lat'>,</span> <span class='ocrx_word' id='word_1_761' title='bbox 1726 319 1775 349; x_wconf 75' lang='lat' dir='ltr'>{ub</span> <span class='ocrx_word' id='word_1_762' title='bbox 1805 320 1894 357; x_wconf 85' lang='lat' dir='ltr'>figillo</span> <span class='ocrx_word' id='word_1_763' title='bbox 1920 319 2059 350; x_wconf 83' lang='lat' dir='ltr'>Scaccarii</span> <span class='ocrx_word' id='word_1_764' title='bbox 2079 319 2222 357; x_wconf 72' lang='lat' dir='ltr'>praediffl,</span> <span class='ocrx_word' id='word_1_765' title='bbox 2242 318 2363 355; x_wconf 68' lang='lat' dir='ltr'>faciatis,</span> <span class='ocrx_word' id='word_1_766' title='bbox 2404 323 2487 353; x_wconf 73' lang='lat'>1324·</span> 
     </span>
     <span class='ocr_line' id='line_1_98' title="bbox 1302 347 2497 396; baseline 0.007 -17"><span class='ocrx_word' id='word_1_767' title='bbox 1302 347 1458 391; x_wconf 65' lang='lat' dir='ltr'>secundum</span> <span class='ocrx_word' id='word_1_768' title='bbox 1470 352 1594 383; x_wconf 88' lang='lat' dir='ltr'>formam</span> <span class='ocrx_word' id='word_1_769' title='bbox 1608 354 1802 387; x_wconf 87' lang='lat' dir='ltr'>Ordinationis</span> <span class='ocrx_word' id='word_1_770' title='bbox 1815 359 1974 396; x_wconf 68' lang='lat' dir='ltr'>praedistae,</span> <span class='ocrx_word' id='word_1_771' title='bbox 1991 367 2043 396; x_wconf 88' lang='lat' dir='ltr'>per</span> <span class='ocrx_word' id='word_1_772' title='bbox 2058 367 2110 390; x_wconf 83' lang='lat' dir='ltr'>vos</span> <span class='ocrx_word' id='word_1_773' title='bbox 2115 380 2126 396; x_wconf 85' lang='lat'>‚</span> <span class='ocrx_word' id='word_1_774' title='bbox 2144 357 2164 388; x_wconf 85' lang='lat' dir='ltr'><strong>fi</strong></span> <span class='ocrx_word' id='word_1_775' title='bbox 2178 357 2290 388; x_wconf 76' lang='lat' dir='ltr'>necesse</span> <span class='ocrx_word' id='word_1_776' title='bbox 2304 357 2364 387; x_wconf 82' lang='lat' dir='ltr'>fue-</span> <span class='ocrx_word' id='word_1_777' title='bbox 2383 354 2452 382; x_wconf 76' lang='lat' dir='ltr'>Edv-</span> <span class='ocrx_word' id='word_1_778' title='bbox 2469 363 2497 380; x_wconf 70' lang='lat'>2&gt;</span> 
     </span>
     <span class='ocr_line' id='line_1_99' title="bbox 1303 389 2019 435; baseline 0.017 -20"><span class='ocrx_word' id='word_1_779' title='bbox 1303 395 1358 425; x_wconf 82' lang='lat' dir='ltr'>nt,</span> <span class='ocrx_word' id='word_1_780' title='bbox 1376 389 1410 419; x_wconf 69' lang='grc' dir='ltr'>ὃς</span> <span class='ocrx_word' id='word_1_781' title='bbox 1425 398 1510 426; x_wconf 87' lang='lat' dir='ltr'>prout</span> <span class='ocrx_word' id='word_1_782' title='bbox 1523 401 1558 420; x_wconf 85' lang='lat' dir='ltr'>ex</span> <span class='ocrx_word' id='word_1_783' title='bbox 1579 392 1653 423; x_wconf 86' lang='lat' dir='ltr'>edire</span> <span class='ocrx_word' id='word_1_784' title='bbox 1666 394 1788 425; x_wconf 87' lang='lat' dir='ltr'>videritis</span> <span class='ocrx_word' id='word_1_785' title='bbox 1797 419 1806 434; x_wconf 89' lang='lat'>,</span> <span class='ocrx_word' id='word_1_786' title='bbox 1820 397 2019 435; x_wconf 82' lang='lat' dir='ltr'>emendandae;</span> 
     </span>
     <span class='ocr_line' id='line_1_100' title="bbox 1342 425 2364 474; baseline 0.008 -19"><span class='ocrx_word' id='word_1_787' title='bbox 1342 425 1489 458; x_wconf 87' lang='lat' dir='ltr'>Certos&amp;</span> <span class='ocrx_word' id='word_1_788' title='bbox 1503 428 1532 473; x_wconf 83' lang='lat' dir='ltr'>su</span> <span class='ocrx_word' id='word_1_789' title='bbox 1567 430 1670 462; x_wconf 86' lang='lat' dir='ltr'>cientes</span> <span class='ocrx_word' id='word_1_790' title='bbox 1683 431 1840 472; x_wconf 88' lang='lat' dir='ltr'>Homines,</span> <span class='ocrx_word' id='word_1_791' title='bbox 1858 444 1911 474; x_wconf 93' lang='lat' dir='ltr'>pro</span> <span class='ocrx_word' id='word_1_792' title='bbox 1924 436 2022 466; x_wconf 79' lang='lat' dir='ltr'>Terris</span> <span class='ocrx_word' id='word_1_793' title='bbox 2035 458 2044 474; x_wconf 90' lang='lat'>‚</span> <span class='ocrx_word' id='word_1_794' title='bbox 2061 433 2364 472; x_wconf 61' lang='lat' dir='ltr'>Tenementisfflonts,</span> 
     </span>
     <span class='ocr_line' id='line_1_101' title="bbox 1304 463 2363 512; baseline 0.009 -18"><span class='ocrx_word' id='word_1_795' title='bbox 1304 464 1338 495; x_wconf 87' lang='lat'>&amp;</span> <span class='ocrx_word' id='word_1_796' title='bbox 1354 463 1469 509; x_wconf 73' lang='lat' dir='ltr'>Catallrs</span> <span class='ocrx_word' id='word_1_797' title='bbox 1484 467 1535 511; x_wconf 80' lang='lat' dir='ltr'>illis</span> <span class='ocrx_word' id='word_1_798' title='bbox 1548 468 1755 512; x_wconf 76' lang='lat' dir='ltr'>custodiendis,</span> <span class='ocrx_word' id='word_1_799' title='bbox 1771 473 1820 511; x_wconf 89' lang='lat' dir='ltr'>qui</span> <span class='ocrx_word' id='word_1_800' title='bbox 1835 474 1917 504; x_wconf 88' lang='lat' dir='ltr'>nobis</span> <span class='ocrx_word' id='word_1_801' title='bbox 1931 473 1997 504; x_wconf 81' lang='lat' dir='ltr'>inde</span> <span class='ocrx_word' id='word_1_802' title='bbox 2012 473 2194 511; x_wconf 86' lang='lat' dir='ltr'>respondeant</span> <span class='ocrx_word' id='word_1_803' title='bbox 2214 475 2225 509; x_wconf 96' lang='lat'>(</span> <span class='ocrx_word' id='word_1_804' title='bbox 2239 472 2309 504; x_wconf 67' lang='lat' dir='ltr'>salva</span> <span class='ocrx_word' id='word_1_805' title='bbox 2323 481 2363 503; x_wconf 82' lang='lat' dir='ltr'>ta-</span> 
     </span>
     <span class='ocr_line' id='line_1_102' title="bbox 1304 504 2364 550; baseline 0.008 -18"><span class='ocrx_word' id='word_1_806' title='bbox 1304 511 1372 547; x_wconf 77' lang='lat' dir='ltr'>men</span> <span class='ocrx_word' id='word_1_807' title='bbox 1387 513 1451 549; x_wconf 66' lang='lat' dir='ltr'>virts</span> <span class='ocrx_word' id='word_1_808' title='bbox 1464 504 1628 550; x_wconf 65' lang='lat' dir='ltr'>Religiosis,</span> <span class='ocrx_word' id='word_1_809' title='bbox 1649 507 1786 540; x_wconf 90' lang='lat' dir='ltr'>Ministris</span> <span class='ocrx_word' id='word_1_810' title='bbox 1822 511 1854 541; x_wconf 92' lang='lat'>&amp;</span> <span class='ocrx_word' id='word_1_811' title='bbox 1867 511 2055 543; x_wconf 86' lang='lat' dir='ltr'>Servientibus</span> <span class='ocrx_word' id='word_1_812' title='bbox 2066 512 2134 550; x_wconf 87' lang='lat' dir='ltr'>suis,</span> <span class='ocrx_word' id='word_1_813' title='bbox 2155 512 2312 542; x_wconf 80' lang='lat' dir='ltr'>neceffariis</span> <span class='ocrx_word' id='word_1_814' title='bbox 2330 511 2364 542; x_wconf 64' lang='grc' dir='ltr'>ὃς</span> 
     </span>
     <span class='ocr_line' id='line_1_103' title="bbox 1304 541 2366 588; baseline 0.009 -18"><span class='ocrx_word' id='word_1_815' title='bbox 1304 541 1361 585; x_wconf 68' lang='lat' dir='ltr'>aliis</span> <span class='ocrx_word' id='word_1_816' title='bbox 1371 544 1526 587; x_wconf 67' lang='lat' dir='ltr'>rationabili</span> <span class='ocrx_word' id='word_1_817' title='bbox 1538 543 1746 577; x_wconf 88' lang='lat' dir='ltr'>Sustentatione</span> <span class='ocrx_word' id='word_1_818' title='bbox 1756 547 1821 584; x_wconf 79' lang='lat' dir='ltr'>sua)</span> <span class='ocrx_word' id='word_1_819' title='bbox 1843 550 1916 586; x_wconf 83' lang='lat' dir='ltr'>juxta</span> <span class='ocrx_word' id='word_1_820' title='bbox 1933 551 2059 581; x_wconf 88' lang='lat' dir='ltr'>formam</span> <span class='ocrx_word' id='word_1_821' title='bbox 2078 549 2274 582; x_wconf 82' lang='lat' dir='ltr'>ordinationis</span> <span class='ocrx_word' id='word_1_822' title='bbox 2294 560 2366 588; x_wconf 82' lang='lat' dir='ltr'>prae-</span> 
     </span>
     <span class='ocr_line' id='line_1_104' title="bbox 1303 578 2229 629; baseline 0.011 -21"><span class='ocrx_word' id='word_1_823' title='bbox 1303 578 1408 619; x_wconf 64' lang='lat' dir='ltr'>dietae,</span> <span class='ocrx_word' id='word_1_824' title='bbox 1423 589 1472 620; x_wconf 86' lang='lat' dir='ltr'>per</span> <span class='ocrx_word' id='word_1_825' title='bbox 1485 581 1592 625; x_wconf 72' lang='lat' dir='ltr'>Literas</span> <span class='ocrx_word' id='word_1_826' title='bbox 1607 583 1731 624; x_wconf 87' lang='lat' dir='ltr'>nostras,</span> <span class='ocrx_word' id='word_1_827' title='bbox 1749 586 1799 616; x_wconf 92' lang='lat' dir='ltr'>sub</span> <span class='ocrx_word' id='word_1_828' title='bbox 1811 586 1893 618; x_wconf 70' lang='lat' dir='ltr'>dieto</span> <span class='ocrx_word' id='word_1_829' title='bbox 1907 588 2008 626; x_wconf 89' lang='lat' dir='ltr'>Sigillo</span> <span class='ocrx_word' id='word_1_830' title='bbox 2022 611 2033 627; x_wconf 88' lang='lat'>,</span> <span class='ocrx_word' id='word_1_831' title='bbox 2051 588 2229 629; x_wconf 84' lang='lat' dir='ltr'>deputantes:</span> 
     </span>
     <span class='ocr_line' id='line_1_105' title="bbox 1341 616 2365 667; baseline 0.01 -19"><span class='ocrx_word' id='word_1_832' title='bbox 1341 616 1381 649; x_wconf 89' lang='lat' dir='ltr'>Et</span> <span class='ocrx_word' id='word_1_833' title='bbox 1397 628 1465 657; x_wconf 84' lang='lat' dir='ltr'>nos,</span> <span class='ocrx_word' id='word_1_834' title='bbox 1484 630 1513 650; x_wconf 92' lang='lat' dir='ltr'>1n</span> <span class='ocrx_word' id='word_1_835' title='bbox 1531 618 1706 653; x_wconf 69' lang='lat' dir='ltr'>cancellaria</span> <span class='ocrx_word' id='word_1_836' title='bbox 1728 623 1824 656; x_wconf 69' lang='lat' dir='ltr'>nostrai</span> <span class='ocrx_word' id='word_1_837' title='bbox 1837 648 1847 664; x_wconf 88' lang='lat'>,</span> <span class='ocrx_word' id='word_1_838' title='bbox 1871 625 1906 656; x_wconf 91' lang='lat' dir='ltr'>de</span> <span class='ocrx_word' id='word_1_839' title='bbox 1926 626 2085 657; x_wconf 79' lang='lat' dir='ltr'>hominibus</span> <span class='ocrx_word' id='word_1_840' title='bbox 2114 626 2296 665; x_wconf 88' lang='lat' dir='ltr'>Custodum,</span> <span class='ocrx_word' id='word_1_841' title='bbox 2315 635 2365 667; x_wconf 86' lang='lat' dir='ltr'>per</span> 
     </span>
     <span class='ocr_line' id='line_1_106' title="bbox 1304 656 2364 705; baseline 0.008 -19"><span class='ocrx_word' id='word_1_842' title='bbox 1304 666 1356 687; x_wconf 91' lang='lat' dir='ltr'>vos</span> <span class='ocrx_word' id='word_1_843' title='bbox 1367 656 1447 697; x_wconf 89' lang='lat' dir='ltr'>super</span> <span class='ocrx_word' id='word_1_844' title='bbox 1460 657 1518 688; x_wconf 92' lang='lat' dir='ltr'>hoc</span> <span class='ocrx_word' id='word_1_845' title='bbox 1532 659 1775 700; x_wconf 86' lang='lat' dir='ltr'>deputandorum,</span> <span class='ocrx_word' id='word_1_846' title='bbox 1792 673 1825 694; x_wconf 88' lang='lat' dir='ltr'>ac</span> <span class='ocrx_word' id='word_1_847' title='bbox 1838 664 1934 695; x_wconf 79' lang='lat' dir='ltr'>foer</span> <span class='ocrx_word' id='word_1_848' title='bbox 1946 665 2137 696; x_wconf 83' lang='lat' dir='ltr'>Ordinationis</span> <span class='ocrx_word' id='word_1_849' title='bbox 2153 666 2307 705; x_wconf 66' lang='lat' dir='ltr'>praedietae,</span> <span class='ocrx_word' id='word_1_850' title='bbox 2316 674 2364 704; x_wconf 83' lang='lat' dir='ltr'>per</span> 
     </span>
     <span class='ocr_line' id='line_1_107' title="bbox 1304 696 2365 744; baseline 0.01 -20"><span class='ocrx_word' id='word_1_851' title='bbox 1304 705 1360 725; x_wconf 82' lang='lat' dir='ltr'>vos</span> <span class='ocrx_word' id='word_1_852' title='bbox 1373 696 1625 742; x_wconf 34' lang='lat' dir='ltr'>concordarae,.&amp;</span> <span class='ocrx_word' id='word_1_853' title='bbox 1640 699 1676 730; x_wconf 92' lang='lat' dir='ltr'>de</span> <span class='ocrx_word' id='word_1_854' title='bbox 1691 708 1755 730; x_wconf 90' lang='lat' dir='ltr'>toto</span> <span class='ocrx_word' id='word_1_855' title='bbox 1770 701 1848 732; x_wconf 70' lang='lat' dir='ltr'>faCto</span> <span class='ocrx_word' id='word_1_856' title='bbox 1865 702 1975 741; x_wconf 88' lang='lat' dir='ltr'>vestro,</span> <span class='ocrx_word' id='word_1_857' title='bbox 1992 704 2021 732; x_wconf 87' lang='lat' dir='ltr'>in</span> <span class='ocrx_word' id='word_1_858' title='bbox 2035 703 2088 734; x_wconf 86' lang='lat' dir='ltr'>hac</span> <span class='ocrx_word' id='word_1_859' title='bbox 2108 712 2186 744; x_wconf 80' lang='lat' dir='ltr'>parte</span> <span class='ocrx_word' id='word_1_860' title='bbox 2196 728 2206 743; x_wconf 82' lang='lat'>,</span> <span class='ocrx_word' id='word_1_861' title='bbox 2230 704 2365 735; x_wconf 61' lang='lat' dir='ltr'>distine‘h‘:</span> 
     </span>
     <span class='ocr_line' id='line_1_108' title="bbox 1305 733 2016 779; baseline 0.008 -16"><span class='ocrx_word' id='word_1_862' title='bbox 1305 733 1339 764; x_wconf 71' lang='grc' dir='ltr'>ὅτ</span> <span class='ocrx_word' id='word_1_863' title='bbox 1353 736 1464 771; x_wconf 80' lang='lat' dir='ltr'>aperte,</span> <span class='ocrx_word' id='word_1_864' title='bbox 1483 735 1615 774; x_wconf 81' lang='lat' dir='ltr'>reddatis,</span> <span class='ocrx_word' id='word_1_865' title='bbox 1632 738 1688 768; x_wconf 85' lang='lat' dir='ltr'>fine</span> <span class='ocrx_word' id='word_1_866' title='bbox 1702 737 1857 779; x_wconf 76' lang='lat' dir='ltr'>dilatione,</span> <span class='ocrx_word' id='word_1_867' title='bbox 1876 742 2016 772; x_wconf 77' lang='lat' dir='ltr'>certiores.</span> 
     </span>
     <span class='ocr_line' id='line_1_109' title="bbox 1341 772 2363 821; baseline 0.008 -18"><span class='ocrx_word' id='word_1_868' title='bbox 1341 772 1430 803; x_wconf 86' lang='lat' dir='ltr'>Teste</span> <span class='ocrx_word' id='word_1_869' title='bbox 1445 772 1531 812; x_wconf 83' lang='lat' dir='ltr'>Rege</span> <span class='ocrx_word' id='word_1_870' title='bbox 1546 775 1618 813; x_wconf 89' lang='lat' dir='ltr'>apud</span> <span class='ocrx_word' id='word_1_871' title='bbox 1633 774 1836 816; x_wconf 89' lang='lat' dir='ltr'>Porcestriam,</span> <span class='ocrx_word' id='word_1_872' title='bbox 1854 780 1988 810; x_wconf 85' lang='lat' dir='ltr'>vicefirno</span> <span class='ocrx_word' id='word_1_873' title='bbox 2001 780 2106 810; x_wconf 68' lang='lat' dir='ltr'>oetavo</span> <span class='ocrx_word' id='word_1_874' title='bbox 2123 781 2170 812; x_wconf 90' lang='lat' dir='ltr'>die</span> <span class='ocrx_word' id='word_1_875' title='bbox 2183 782 2363 821; x_wconf 78' lang='lat' dir='ltr'>Septembris,</span> 
     </span>
    </p>
   </div>
   <div class='ocr_carea' id='block_1_14' title="bbox 2298 204 2372 234">
    <p class='ocr_par' dir='ltr' id='par_1_28' title="bbox 2298 204 2372 234">
     <span class='ocr_line' id='line_1_110' title="bbox 2298 204 2372 234; baseline -0.054 1"><span class='ocrx_word' id='word_1_876' title='bbox 2298 204 2372 234; x_wconf 80' lang='lat'>111</span> 
     </span>
    </p>
   </div>
   <div class='ocr_carea' id='block_1_15' title="bbox 1756 854 2234 894">
    <p class='ocr_par' dir='ltr' id='par_1_29' title="bbox 1756 854 2234 894">
     <span class='ocr_line' id='line_1_111' title="bbox 1756 854 2234 894; baseline 0.008 -10"><span class='ocrx_word' id='word_1_877' title='bbox 1756 856 1811 884; x_wconf 85' lang='lat' dir='ltr'>Per</span> <span class='ocrx_word' id='word_1_878' title='bbox 1822 854 1905 894; x_wconf 69' lang='lat' dir='ltr'>ipficm</span> <span class='ocrx_word' id='word_1_879' title='bbox 1915 858 2011 894; x_wconf 78' lang='lat' dir='ltr'>Regem</span> <span class='ocrx_word' id='word_1_880' title='bbox 2029 854 2067 890; x_wconf 60' lang='grc' dir='ltr'><strong><em>ὠ</em></strong></span> <span class='ocrx_word' id='word_1_881' title='bbox 2084 856 2234 888; x_wconf 75' lang='lat' dir='ltr'>Concilium.</span> 
     </span>
    </p>
   </div>
   <div class='ocr_carea' id='block_1_16' title="bbox 1311 935 1914 948">
    <p class='ocr_par' dir='ltr' id='par_1_30' title="bbox 1311 935 1914 948">
     <span class='ocr_line' id='line_1_112' title="bbox 1311 935 1914 948; baseline 0 3331"><span class='ocrx_word' id='word_1_882' title='bbox 1311 935 1914 948; x_wconf 95' lang='lat' dir='ltr'> </span> 
     </span>
    </p>
   </div>
   <div class='ocr_carea' id='block_1_17' title="bbox 1308 993 2525 1173">
    <p class='ocr_par' dir='ltr' id='par_1_31' title="bbox 1308 993 2525 1173">
     <span class='ocr_line' id='line_1_113' title="bbox 1308 993 2369 1048; baseline 0.01 -20"><span class='ocrx_word' id='word_1_883' title='bbox 1308 993 1367 1027; x_wconf 79' lang='lat' dir='ltr'>Ad</span> <span class='ocrx_word' id='word_1_884' title='bbox 1381 999 1550 1044; x_wconf 74' lang='lat' dir='ltr'>Magnam</span> <span class='ocrx_word' id='word_1_885' title='bbox 1568 1001 1760 1047; x_wconf 76' lang='lat' dir='ltr'>Aquitaniae‚</span> <span class='ocrx_word' id='word_1_886' title='bbox 1787 1001 1824 1035; x_wconf 87' lang='lat' dir='ltr'>a&#39;e</span> <span class='ocrx_word' id='word_1_887' title='bbox 1837 1001 1989 1047; x_wconf 79' lang='lat' dir='ltr'>fidelitate</span> <span class='ocrx_word' id='word_1_888' title='bbox 2009 1004 2231 1048; x_wconf 75' lang='lat' dir='ltr'>continuanda,</span> <span class='ocrx_word' id='word_1_889' title='bbox 2264 1015 2369 1040; x_wconf 70' lang='lat' dir='ltr'>contra</span> 
     </span>
     <span class='ocr_line' id='line_1_114' title="bbox 2390 1140 2525 1173; baseline 0 0"><span class='ocrx_word' id='word_1_890' title='bbox 2390 1141 2468 1173; x_wconf 81' lang='lat' dir='ltr'>Ann.</span> <span class='ocrx_word' id='word_1_891' title='bbox 2484 1140 2525 1173; x_wconf 88' lang='lat' dir='ltr'>D.</span> 
     </span>
    </p>
   </div>
   <div class='ocr_carea' id='block_1_18' title="bbox 1309 1052 2525 2561">
    <p class='ocr_par' dir='ltr' id='par_1_32' title="bbox 1309 1052 2525 1639">
     <span class='ocr_line' id='line_1_115' title="bbox 1704 1052 1974 1097; baseline 0.015 -15"><span class='ocrx_word' id='word_1_892' title='bbox 1704 1052 1814 1097; x_wconf 77' lang='lat' dir='ltr'>Regem</span> <span class='ocrx_word' id='word_1_893' title='bbox 1832 1055 1974 1086; x_wconf 74' lang='lat' dir='ltr'>Franciae.</span> 
     </span>
     <span class='ocr_line' id='line_1_116' title="bbox 1309 1127 2497 1219; baseline 0.013 -22"><span class='ocrx_word' id='word_1_894' title='bbox 1309 1127 1363 1188; x_wconf 87' lang='lat' dir='ltr'>L</span> <span class='ocrx_word' id='word_1_895' title='bbox 1402 1169 1491 1200; x_wconf 84' lang='lat' dir='ltr'>Nous</span> <span class='ocrx_word' id='word_1_896' title='bbox 1509 1182 1608 1203; x_wconf 86' lang='lat' dir='ltr'>avoms</span> <span class='ocrx_word' id='word_1_897' title='bbox 1626 1173 1691 1203; x_wconf 87' lang='lat' dir='ltr'>bien</span> <span class='ocrx_word' id='word_1_898' title='bbox 1718 1183 1756 1213; x_wconf 93' lang='lat' dir='ltr'>oy</span> <span class='ocrx_word' id='word_1_899' title='bbox 1774 1174 1808 1205; x_wconf 86' lang='lat'>&amp;</span> <span class='ocrx_word' id='word_1_900' title='bbox 1835 1176 1958 1206; x_wconf 86' lang='lat' dir='ltr'>entendu</span> <span class='ocrx_word' id='word_1_901' title='bbox 1977 1186 2094 1208; x_wconf 87' lang='lat' dir='ltr'>coment</span> <span class='ocrx_word' id='word_1_902' title='bbox 2117 1187 2187 1208; x_wconf 87' lang='lat' dir='ltr'>vous</span> <span class='ocrx_word' id='word_1_903' title='bbox 2202 1200 2211 1215; x_wconf 86' lang='lat'>‚</span> <span class='ocrx_word' id='word_1_904' title='bbox 2233 1185 2281 1216; x_wconf 86' lang='lat' dir='ltr'>par</span> <span class='ocrx_word' id='word_1_905' title='bbox 2307 1182 2365 1208; x_wconf 69' lang='lat' dir='ltr'>voz</span> <span class='ocrx_word' id='word_1_906' title='bbox 2412 1191 2497 1219; x_wconf 81' lang='lat'><em>1324.</em></span> 
     </span>
     <span class='ocr_line' id='line_1_117' title="bbox 1311 1207 2502 1254; baseline 0.011 -20"><span class='ocrx_word' id='word_1_907' title='bbox 1311 1214 1410 1244; x_wconf 82' lang='lat' dir='ltr'>grantz</span> <span class='ocrx_word' id='word_1_908' title='bbox 1422 1207 1545 1240; x_wconf 86' lang='lat' dir='ltr'>Bountes</span> <span class='ocrx_word' id='word_1_909' title='bbox 1563 1212 1598 1242; x_wconf 89' lang='lat'>&amp;</span> <span class='ocrx_word' id='word_1_910' title='bbox 1621 1211 1791 1243; x_wconf 84' lang='lat' dir='ltr'>Naturesces</span> <span class='ocrx_word' id='word_1_911' title='bbox 1805 1236 1817 1252; x_wconf 90' lang='lat'>,</span> <span class='ocrx_word' id='word_1_912' title='bbox 1835 1215 1927 1254; x_wconf 85' lang='lat' dir='ltr'>queles</span> <span class='ocrx_word' id='word_1_913' title='bbox 1954 1226 2024 1245; x_wconf 86' lang='lat' dir='ltr'>vous</span> <span class='ocrx_word' id='word_1_914' title='bbox 2045 1217 2078 1245; x_wconf 63' lang='grc' dir='ltr'>ὃς</span> <span class='ocrx_word' id='word_1_915' title='bbox 2098 1226 2155 1246; x_wconf 87' lang='lat' dir='ltr'>voz</span> <span class='ocrx_word' id='word_1_916' title='bbox 2184 1215 2369 1254; x_wconf 77' lang='lat' dir='ltr'>Auneestres,</span> <span class='ocrx_word' id='word_1_917' title='bbox 2392 1224 2442 1247; x_wconf 73' lang='lat' dir='ltr'>Aa.</span> <span class='ocrx_word' id='word_1_918' title='bbox 2460 1222 2502 1249; x_wconf 69' lang='grc' dir='ltr'>ιε,</span> 
     </span>
     <span class='ocr_line' id='line_1_118' title="bbox 1310 1244 2470 1293; baseline 0.011 -20"><span class='ocrx_word' id='word_1_919' title='bbox 1310 1244 1347 1274; x_wconf 91' lang='lat' dir='ltr'>de</span> <span class='ocrx_word' id='word_1_920' title='bbox 1365 1254 1424 1275; x_wconf 86' lang='lat' dir='ltr'>toer</span> <span class='ocrx_word' id='word_1_921' title='bbox 1439 1255 1548 1286; x_wconf 88' lang='lat' dir='ltr'>temps,</span> <span class='ocrx_word' id='word_1_922' title='bbox 1579 1258 1661 1280; x_wconf 86' lang='lat' dir='ltr'>avetz</span> <span class='ocrx_word' id='word_1_923' title='bbox 1686 1253 1873 1284; x_wconf 84' lang='lat' dir='ltr'>entierernent</span> <span class='ocrx_word' id='word_1_924' title='bbox 1900 1253 2027 1283; x_wconf 89' lang='lat' dir='ltr'>monstre</span> <span class='ocrx_word' id='word_1_925' title='bbox 2050 1255 2066 1284; x_wconf 80' lang='grc' dir='ltr'>Ξι</span> <span class='ocrx_word' id='word_1_926' title='bbox 2094 1265 2164 1285; x_wconf 88' lang='lat' dir='ltr'>nous</span> <span class='ocrx_word' id='word_1_927' title='bbox 2186 1280 2195 1293; x_wconf 94' lang='lat'>,</span> <span class='ocrx_word' id='word_1_928' title='bbox 2221 1255 2253 1286; x_wconf 64' lang='grc' dir='ltr'>ὃς</span> <span class='ocrx_word' id='word_1_929' title='bbox 2273 1265 2289 1284; x_wconf 79' lang='lat' dir='ltr'>a</span> <span class='ocrx_word' id='word_1_930' title='bbox 2312 1265 2370 1286; x_wconf 86' lang='lat' dir='ltr'>noz</span> <span class='ocrx_word' id='word_1_931' title='bbox 2393 1263 2422 1286; x_wconf 79' lang='lat' dir='ltr'>F..</span> <span class='ocrx_word' id='word_1_932' title='bbox 2446 1269 2470 1286; x_wconf 78' lang='lat'>2.</span> 
     </span>
     <span class='ocr_line' id='line_1_119' title="bbox 1311 1283 2525 1332; baseline 0.009 -20"><span class='ocrx_word' id='word_1_933' title='bbox 1311 1283 1500 1328; x_wconf 30' lang='lat' dir='ltr'>Aun-cestres,</span> <span class='ocrx_word' id='word_1_934' title='bbox 1517 1296 1617 1331; x_wconf 31' lang='lat' dir='ltr'>‘come</span> <span class='ocrx_word' id='word_1_935' title='bbox 1637 1299 1689 1320; x_wconf 88' lang='lat' dir='ltr'>nos</span> <span class='ocrx_word' id='word_1_936' title='bbox 1715 1290 1800 1321; x_wconf 76' lang='lat' dir='ltr'>foialx</span> <span class='ocrx_word' id='word_1_937' title='bbox 1827 1292 1862 1323; x_wconf 65' lang='grc' dir='ltr'>ὃς</span> <span class='ocrx_word' id='word_1_938' title='bbox 1888 1291 1970 1322; x_wconf 78' lang='lat' dir='ltr'>loialx</span> <span class='ocrx_word' id='word_1_939' title='bbox 1985 1316 1996 1332; x_wconf 92' lang='lat'>,</span> <span class='ocrx_word' id='word_1_940' title='bbox 2020 1293 2054 1323; x_wconf 69' lang='grc' dir='ltr'>δε</span> <span class='ocrx_word' id='word_1_941' title='bbox 2081 1294 2218 1330; x_wconf 81' lang='lat' dir='ltr'>naturelx,</span> <span class='ocrx_word' id='word_1_942' title='bbox 2241 1293 2309 1323; x_wconf 86' lang='lat' dir='ltr'>estes</span> <span class='ocrx_word' id='word_1_943' title='bbox 2324 1304 2375 1324; x_wconf 86' lang='lat' dir='ltr'>en·</span> <span class='ocrx_word' id='word_1_944' title='bbox 2394 1298 2460 1332; x_wconf 80' lang='lat' dir='ltr'>Vasc.</span> <span class='ocrx_word' id='word_1_945' title='bbox 2484 1296 2525 1324; x_wconf 64' lang='lat'>18„</span> 
     </span>
     <span class='ocr_line' id='line_1_120' title="bbox 1310 1322 2464 1370; baseline 0.01 -19"><span class='ocrx_word' id='word_1_946' title='bbox 1310 1322 1404 1353; x_wconf 81' lang='lat' dir='ltr'>tentifs</span> <span class='ocrx_word' id='word_1_947' title='bbox 1425 1325 1459 1354; x_wconf 67' lang='grc' dir='ltr'>ὃ(</span> <span class='ocrx_word' id='word_1_948' title='bbox 1479 1326 1602 1361; x_wconf 80' lang='lat' dir='ltr'>pembles</span> <span class='ocrx_word' id='word_1_949' title='bbox 1620 1327 1738 1367; x_wconf 89' lang='lat' dir='ltr'>d&#39;eider,</span> <span class='ocrx_word' id='word_1_950' title='bbox 1762 1331 1902 1360; x_wconf 86' lang='lat' dir='ltr'>mentenir</span> <span class='ocrx_word' id='word_1_951' title='bbox 1917 1353 1928 1368; x_wconf 88' lang='lat'>‚</span> <span class='ocrx_word' id='word_1_952' title='bbox 1954 1331 1987 1361; x_wconf 90' lang='lat'>&amp;</span> <span class='ocrx_word' id='word_1_953' title='bbox 2013 1330 2147 1361; x_wconf 87' lang='lat' dir='ltr'>defendre</span> <span class='ocrx_word' id='word_1_954' title='bbox 2165 1340 2235 1361; x_wconf 85' lang='lat' dir='ltr'>nous</span> <span class='ocrx_word' id='word_1_955' title='bbox 2248 1355 2257 1370; x_wconf 87' lang='lat'>,</span> <span class='ocrx_word' id='word_1_956' title='bbox 2276 1332 2369 1365; x_wconf 88' lang='lat' dir='ltr'>nostre</span> <span class='ocrx_word' id='word_1_957' title='bbox 2391 1339 2421 1362; x_wconf 77' lang='lat' dir='ltr'>F..</span> <span class='ocrx_word' id='word_1_958' title='bbox 2439 1345 2464 1361; x_wconf 87' lang='lat'>2.</span> 
     </span>
     <span class='ocr_line' id='line_1_121' title="bbox 1311 1359 2493 1410; baseline 0.009 -21"><span class='ocrx_word' id='word_1_959' title='bbox 1311 1359 1391 1391; x_wconf 82' lang='lat' dir='ltr'>Estat</span> <span class='ocrx_word' id='word_1_960' title='bbox 1406 1384 1416 1399; x_wconf 93' lang='lat'>,</span> <span class='ocrx_word' id='word_1_961' title='bbox 1438 1363 1534 1394; x_wconf 88' lang='lat' dir='ltr'>nostre</span> <span class='ocrx_word' id='word_1_962' title='bbox 1547 1363 1655 1396; x_wconf 90' lang='lat' dir='ltr'>Honur</span> <span class='ocrx_word' id='word_1_963' title='bbox 1669 1389 1679 1405; x_wconf 87' lang='lat'>,</span> <span class='ocrx_word' id='word_1_964' title='bbox 1703 1367 1737 1398; x_wconf 91' lang='lat'>&amp;</span> <span class='ocrx_word' id='word_1_965' title='bbox 1759 1378 1817 1399; x_wconf 82' lang='lat' dir='ltr'>noz</span> <span class='ocrx_word' id='word_1_966' title='bbox 1838 1368 1970 1400; x_wconf 90' lang='lat' dir='ltr'>Droiturs</span> <span class='ocrx_word' id='word_1_967' title='bbox 1997 1370 2069 1400; x_wconf 89' lang='lat' dir='ltr'>celes</span> <span class='ocrx_word' id='word_1_968' title='bbox 2087 1371 2206 1410; x_wconf 74' lang='lat' dir='ltr'>parties:</span> <span class='ocrx_word' id='word_1_969' title='bbox 2232 1371 2264 1399; x_wconf 85' lang='lat'>&amp;</span> <span class='ocrx_word' id='word_1_970' title='bbox 2279 1380 2333 1408; x_wconf 85' lang='lat' dir='ltr'>que</span> <span class='ocrx_word' id='word_1_971' title='bbox 2353 1384 2369 1404; x_wconf 82' lang='lat' dir='ltr'>a</span> <span class='ocrx_word' id='word_1_972' title='bbox 2395 1384 2430 1402; x_wconf 89' lang='lat' dir='ltr'>m.</span> <span class='ocrx_word' id='word_1_973' title='bbox 2449 1383 2493 1409; x_wconf 71' lang='lat'>24.</span> 
     </span>
     <span class='ocr_line' id='line_1_122' title="bbox 1312 1402 2372 1446; baseline 0.012 -18"><span class='ocrx_word' id='word_1_974' title='bbox 1312 1408 1366 1429; x_wconf 88' lang='lat' dir='ltr'>ceo</span> <span class='ocrx_word' id='word_1_975' title='bbox 1379 1410 1451 1431; x_wconf 90' lang='lat' dir='ltr'>vous</span> <span class='ocrx_word' id='word_1_976' title='bbox 1465 1402 1608 1446; x_wconf 69' lang='lat' dir='ltr'>afforcez,</span> <span class='ocrx_word' id='word_1_977' title='bbox 1628 1415 1676 1443; x_wconf 83' lang='lat' dir='ltr'>par</span> <span class='ocrx_word' id='word_1_978' title='bbox 1688 1414 1760 1437; x_wconf 87' lang='lat' dir='ltr'>totes</span> <span class='ocrx_word' id='word_1_979' title='bbox 1774 1407 1813 1437; x_wconf 90' lang='lat' dir='ltr'>les</span> <span class='ocrx_word' id='word_1_980' title='bbox 1826 1409 1904 1438; x_wconf 88' lang='lat' dir='ltr'>voies</span> <span class='ocrx_word' id='word_1_981' title='bbox 1915 1431 1925 1445; x_wconf 96' lang='lat'>,</span> <span class='ocrx_word' id='word_1_982' title='bbox 1949 1418 2004 1446; x_wconf 89' lang='lat' dir='ltr'>que</span> <span class='ocrx_word' id='word_1_983' title='bbox 2025 1418 2095 1439; x_wconf 81' lang='lat' dir='ltr'>vous</span> <span class='ocrx_word' id='word_1_984' title='bbox 2120 1416 2209 1446; x_wconf 81' lang='lat' dir='ltr'>poetz</span> <span class='ocrx_word' id='word_1_985' title='bbox 2223 1429 2232 1445; x_wconf 82' lang='lat'>,</span> <span class='ocrx_word' id='word_1_986' title='bbox 2253 1417 2372 1441; x_wconf 66' lang='lat' dir='ltr'>countre</span> 
     </span>
     <span class='ocr_line' id='line_1_123' title="bbox 1311 1437 2374 1488; baseline 0.013 -22"><span class='ocrx_word' id='word_1_987' title='bbox 1311 1437 1350 1467; x_wconf 87' lang='lat' dir='ltr'>les</span> <span class='ocrx_word' id='word_1_988' title='bbox 1371 1438 1520 1471; x_wconf 80' lang='lat' dir='ltr'>Frauncers</span> <span class='ocrx_word' id='word_1_989' title='bbox 1533 1466 1543 1479; x_wconf 85' lang='lat'>,</span> <span class='ocrx_word' id='word_1_990' title='bbox 1568 1444 1614 1482; x_wconf 89' lang='lat' dir='ltr'>qi,</span> <span class='ocrx_word' id='word_1_991' title='bbox 1637 1446 1881 1478; x_wconf 85' lang='lat' dir='ltr'>torcenousement</span> <span class='ocrx_word' id='word_1_992' title='bbox 1899 1446 1933 1476; x_wconf 69' lang='grc' dir='ltr'>δε</span> <span class='ocrx_word' id='word_1_993' title='bbox 1953 1447 2162 1485; x_wconf 74' lang='lat' dir='ltr'>sodeinement,</span> <span class='ocrx_word' id='word_1_994' title='bbox 2187 1446 2249 1477; x_wconf 85' lang='lat' dir='ltr'>sont</span> <span class='ocrx_word' id='word_1_995' title='bbox 2267 1456 2374 1488; x_wconf 83' lang='lat' dir='ltr'>enrrez,</span> 
     </span>
     <span class='ocr_line' id='line_1_124' title="bbox 1312 1479 2374 1525; baseline 0.012 -20"><span class='ocrx_word' id='word_1_996' title='bbox 1312 1485 1369 1506; x_wconf 90' lang='lat' dir='ltr'>oue</span> <span class='ocrx_word' id='word_1_997' title='bbox 1393 1486 1492 1516; x_wconf 86' lang='lat' dir='ltr'>graunt</span> <span class='ocrx_word' id='word_1_998' title='bbox 1503 1479 1600 1519; x_wconf 90' lang='lat' dir='ltr'>Host,</span> <span class='ocrx_word' id='word_1_999' title='bbox 1626 1482 1720 1514; x_wconf 87' lang='lat' dir='ltr'>nostre</span> <span class='ocrx_word' id='word_1_1000' title='bbox 1732 1484 1791 1515; x_wconf 87' lang='lat' dir='ltr'>dite</span> <span class='ocrx_word' id='word_1_1001' title='bbox 1807 1482 1930 1516; x_wconf 85' lang='lat' dir='ltr'>Duchee</span> <span class='ocrx_word' id='word_1_1002' title='bbox 1951 1508 1960 1524; x_wconf 87' lang='lat'>,</span> <span class='ocrx_word' id='word_1_1003' title='bbox 1977 1487 2010 1516; x_wconf 91' lang='lat'>&amp;</span> <span class='ocrx_word' id='word_1_1004' title='bbox 2025 1485 2207 1525; x_wconf 86' lang='lat' dir='ltr'>Purpernont</span> <span class='ocrx_word' id='word_1_1005' title='bbox 2227 1493 2287 1517; x_wconf 65' lang='grc' dir='ltr'>Ποῖ</span> <span class='ocrx_word' id='word_1_1006' title='bbox 2298 1488 2374 1518; x_wconf 86' lang='lat' dir='ltr'>Ter-</span> 
     </span>
     <span class='ocr_line' id='line_1_125' title="bbox 1314 1517 2378 1564; baseline 0.01 -20"><span class='ocrx_word' id='word_1_1007' title='bbox 1314 1524 1373 1552; x_wconf 80' lang='lat' dir='ltr'>res,</span> <span class='ocrx_word' id='word_1_1008' title='bbox 1392 1517 1425 1547; x_wconf 87' lang='lat'>&amp;</span> <span class='ocrx_word' id='word_1_1009' title='bbox 1440 1526 1499 1547; x_wconf 85' lang='lat' dir='ltr'>noz</span> <span class='ocrx_word' id='word_1_1010' title='bbox 1512 1517 1659 1563; x_wconf 85' lang='lat' dir='ltr'>Droitures</span> <span class='ocrx_word' id='word_1_1011' title='bbox 1680 1522 1811 1563; x_wconf 80' lang='lat' dir='ltr'>illoeqes,</span> <span class='ocrx_word' id='word_1_1012' title='bbox 1835 1525 1868 1555; x_wconf 69' lang='grc' dir='ltr'>ὃς</span> <span class='ocrx_word' id='word_1_1013' title='bbox 1882 1534 2002 1562; x_wconf 88' lang='lat' dir='ltr'>grevent</span> <span class='ocrx_word' id='word_1_1014' title='bbox 2023 1535 2037 1555; x_wconf 86' lang='lat' dir='ltr'>a</span> <span class='ocrx_word' id='word_1_1015' title='bbox 2052 1532 2123 1555; x_wconf 85' lang='lat' dir='ltr'>nous</span> <span class='ocrx_word' id='word_1_1016' title='bbox 2137 1548 2147 1564; x_wconf 71' lang='lat' dir='ltr'>:v</span> <span class='ocrx_word' id='word_1_1017' title='bbox 2165 1527 2198 1556; x_wconf 90' lang='lat'>&amp;</span> <span class='ocrx_word' id='word_1_1018' title='bbox 2212 1533 2226 1552; x_wconf 76' lang='lat' dir='ltr'>a</span> <span class='ocrx_word' id='word_1_1019' title='bbox 2249 1527 2285 1557; x_wconf 80' lang='lat' dir='ltr'>les</span> <span class='ocrx_word' id='word_1_1020' title='bbox 2298 1533 2357 1556; x_wconf 85' lang='lat' dir='ltr'>noz</span> <span class='ocrx_word' id='word_1_1021' title='bbox 2367 1548 2378 1564; x_wconf 89' lang='lat'>,</span> 
     </span>
     <span class='ocr_line' id='line_1_126' title="bbox 1313 1556 2379 1600; baseline 0.013 -18"><span class='ocrx_word' id='word_1_1022' title='bbox 1313 1563 1360 1594; x_wconf 86' lang='lat' dir='ltr'>par</span> <span class='ocrx_word' id='word_1_1023' title='bbox 1378 1562 1449 1585; x_wconf 76' lang='lat' dir='ltr'>tores</span> <span class='ocrx_word' id='word_1_1024' title='bbox 1462 1556 1500 1586; x_wconf 82' lang='lat' dir='ltr'>les</span> <span class='ocrx_word' id='word_1_1025' title='bbox 1514 1568 1590 1588; x_wconf 78' lang='lat' dir='ltr'>vores</span> <span class='ocrx_word' id='word_1_1026' title='bbox 1605 1560 1652 1598; x_wconf 84' lang='lat' dir='ltr'>q&#39;il</span> <span class='ocrx_word' id='word_1_1027' title='bbox 1668 1569 1774 1600; x_wconf 73' lang='lat' dir='ltr'>poem,</span> <span class='ocrx_word' id='word_1_1028' title='bbox 1799 1562 1889 1593; x_wconf 90' lang='lat' dir='ltr'>dount</span> <span class='ocrx_word' id='word_1_1029' title='bbox 1910 1572 1981 1593; x_wconf 88' lang='lat' dir='ltr'>nous</span> <span class='ocrx_word' id='word_1_1030' title='bbox 2003 1573 2073 1594; x_wconf 89' lang='lat' dir='ltr'>vous</span> <span class='ocrx_word' id='word_1_1031' title='bbox 2092 1563 2199 1594; x_wconf 80' lang='lat' dir='ltr'>sauoms</span> <span class='ocrx_word' id='word_1_1032' title='bbox 2224 1565 2298 1596; x_wconf 89' lang='lat' dir='ltr'>molt</span> <span class='ocrx_word' id='word_1_1033' title='bbox 2318 1565 2379 1595; x_wconf 85' lang='lat' dir='ltr'>bon</span> 
     </span>
     <span class='ocr_line' id='line_1_127' title="bbox 1312 1594 2024 1639; baseline 0.013 -16"><span class='ocrx_word' id='word_1_1034' title='bbox 1312 1602 1395 1632; x_wconf 88' lang='lat' dir='ltr'>gree,</span> <span class='ocrx_word' id='word_1_1035' title='bbox 1415 1594 1448 1624; x_wconf 89' lang='lat'>&amp;</span> <span class='ocrx_word' id='word_1_1036' title='bbox 1471 1605 1541 1626; x_wconf 85' lang='lat' dir='ltr'>vous</span> <span class='ocrx_word' id='word_1_1037' title='bbox 1562 1599 1715 1630; x_wconf 86' lang='lat' dir='ltr'>mercioms</span> <span class='ocrx_word' id='word_1_1038' title='bbox 1727 1609 1814 1630; x_wconf 87' lang='lat' dir='ltr'>come</span> <span class='ocrx_word' id='word_1_1039' title='bbox 1826 1608 1897 1631; x_wconf 86' lang='lat' dir='ltr'>nous</span> <span class='ocrx_word' id='word_1_1040' title='bbox 1911 1610 2024 1639; x_wconf 87' lang='lat' dir='ltr'>pooms.</span> 
     </span>
    </p>

    <p class='ocr_par' dir='ltr' id='par_1_33' title="bbox 1314 1631 2380 1793">
     <span class='ocr_line' id='line_1_128' title="bbox 1351 1631 2380 1680; baseline 0.012 -19"><span class='ocrx_word' id='word_1_1041' title='bbox 1351 1631 1388 1663; x_wconf 89' lang='lat' dir='ltr'>Et</span> <span class='ocrx_word' id='word_1_1042' title='bbox 1401 1642 1507 1679; x_wconf 71' lang='lat' dir='ltr'>prioms</span> <span class='ocrx_word' id='word_1_1043' title='bbox 1520 1635 1732 1676; x_wconf 81' lang='lat' dir='ltr'>especialment,</span> <span class='ocrx_word' id='word_1_1044' title='bbox 1750 1640 1783 1669; x_wconf 63' lang='grc' dir='ltr'>ὃς</span> <span class='ocrx_word' id='word_1_1045' title='bbox 1796 1639 1959 1678; x_wconf 75' lang='lat' dir='ltr'>chargeoms</span> <span class='ocrx_word' id='word_1_1046' title='bbox 1972 1650 2007 1671; x_wconf 89' lang='lat' dir='ltr'>en</span> <span class='ocrx_word' id='word_1_1047' title='bbox 2022 1641 2045 1670; x_wconf 91' lang='lat' dir='ltr'>la</span> <span class='ocrx_word' id='word_1_1048' title='bbox 2063 1640 2134 1678; x_wconf 83' lang='lat' dir='ltr'>Foi,</span> <span class='ocrx_word' id='word_1_1049' title='bbox 2151 1642 2184 1672; x_wconf 62' lang='grc' dir='ltr'>ἃ</span> <span class='ocrx_word' id='word_1_1050' title='bbox 2201 1648 2237 1672; x_wconf 86' lang='lat' dir='ltr'>en</span> <span class='ocrx_word' id='word_1_1051' title='bbox 2250 1642 2275 1672; x_wconf 88' lang='lat' dir='ltr'>la</span> <span class='ocrx_word' id='word_1_1052' title='bbox 2291 1641 2380 1680; x_wconf 71' lang='lat' dir='ltr'>Lige-</span> 
     </span>
     <span class='ocr_line' id='line_1_129' title="bbox 1314 1671 2379 1721; baseline 0.011 -22"><span class='ocrx_word' id='word_1_1053' title='bbox 1314 1680 1401 1714; x_wconf 81' lang='lat' dir='ltr'>ance,</span> <span class='ocrx_word' id='word_1_1054' title='bbox 1418 1671 1436 1690; x_wconf 56' lang='lat'>²*</span> <span class='ocrx_word' id='word_1_1055' title='bbox 1447 1683 1510 1717; x_wconf 37' lang='lat' dir='ltr'>que.</span> <span class='ocrx_word' id='word_1_1056' title='bbox 1518 1683 1590 1704; x_wconf 86' lang='lat' dir='ltr'>vous</span> <span class='ocrx_word' id='word_1_1057' title='bbox 1602 1685 1674 1706; x_wconf 86' lang='lat' dir='ltr'>nous</span> <span class='ocrx_word' id='word_1_1058' title='bbox 1688 1676 1778 1706; x_wconf 88' lang='lat' dir='ltr'>devez</span> <span class='ocrx_word' id='word_1_1059' title='bbox 1792 1680 1800 1709; x_wconf 87' lang='lat'><em>(</em></span> <span class='ocrx_word' id='word_1_1060' title='bbox 1811 1677 1880 1708; x_wconf 90' lang='lat' dir='ltr'>dont</span> <span class='ocrx_word' id='word_1_1061' title='bbox 1892 1688 1961 1708; x_wconf 88' lang='lat' dir='ltr'>nous</span> <span class='ocrx_word' id='word_1_1062' title='bbox 1976 1689 2046 1709; x_wconf 84' lang='lat' dir='ltr'>nous</span> <span class='ocrx_word' id='word_1_1063' title='bbox 2061 1678 2143 1709; x_wconf 79' lang='lat' dir='ltr'>fioms</span> <span class='ocrx_word' id='word_1_1064' title='bbox 2156 1689 2213 1710; x_wconf 81' lang='lat' dir='ltr'>tant</span> <span class='ocrx_word' id='word_1_1065' title='bbox 2223 1682 2232 1718; x_wconf 75' lang='lat' dir='ltr'>J</span> <span class='ocrx_word' id='word_1_1066' title='bbox 2242 1691 2297 1721; x_wconf 85' lang='lat' dir='ltr'>que</span> <span class='ocrx_word' id='word_1_1067' title='bbox 2309 1692 2379 1712; x_wconf 85' lang='lat' dir='ltr'>vous</span> 
     </span>
     <span class='ocr_line' id='line_1_130' title="bbox 1314 1709 2378 1758; baseline 0.011 -20"><span class='ocrx_word' id='word_1_1068' title='bbox 1314 1709 1419 1739; x_wconf 78' lang='lat' dir='ltr'>vorllez</span> <span class='ocrx_word' id='word_1_1069' title='bbox 1432 1720 1582 1756; x_wconf 79' lang='lat' dir='ltr'>continuet</span> <span class='ocrx_word' id='word_1_1070' title='bbox 1599 1724 1667 1744; x_wconf 89' lang='lat' dir='ltr'>vous</span> <span class='ocrx_word' id='word_1_1071' title='bbox 1683 1724 1784 1752; x_wconf 86' lang='lat' dir='ltr'>grantz</span> <span class='ocrx_word' id='word_1_1072' title='bbox 1798 1715 1927 1746; x_wconf 85' lang='lat' dir='ltr'>Bountez</span> <span class='ocrx_word' id='word_1_1073' title='bbox 1942 1717 1974 1746; x_wconf 60' lang='grc' dir='ltr'>ὃς</span> <span class='ocrx_word' id='word_1_1074' title='bbox 1991 1716 2181 1758; x_wconf 77' lang='lat' dir='ltr'>Naturesces,</span> <span class='ocrx_word' id='word_1_1075' title='bbox 2199 1729 2237 1749; x_wconf 88' lang='lat' dir='ltr'>en</span> <span class='ocrx_word' id='word_1_1076' title='bbox 2257 1722 2378 1750; x_wconf 72' lang='lat' dir='ltr'>:niente-</span> 
     </span>
     <span class='ocr_line' id='line_1_131' title="bbox 1315 1749 2068 1793; baseline 0.009 -16"><span class='ocrx_word' id='word_1_1077' title='bbox 1315 1756 1383 1778; x_wconf 90' lang='lat' dir='ltr'>nant</span> <span class='ocrx_word' id='word_1_1078' title='bbox 1398 1759 1457 1779; x_wconf 85' lang='lat' dir='ltr'>noz</span> <span class='ocrx_word' id='word_1_1079' title='bbox 1471 1749 1636 1791; x_wconf 81' lang='lat' dir='ltr'>Drortnres,</span> <span class='ocrx_word' id='word_1_1080' title='bbox 1653 1753 1686 1784; x_wconf 74' lang='grc' dir='ltr'>δε</span> <span class='ocrx_word' id='word_1_1081' title='bbox 1703 1763 1819 1793; x_wconf 85' lang='lat' dir='ltr'>grevant</span> <span class='ocrx_word' id='word_1_1082' title='bbox 1833 1763 1892 1785; x_wconf 88' lang='lat' dir='ltr'>noz</span> <span class='ocrx_word' id='word_1_1083' title='bbox 1906 1756 2068 1786; x_wconf 90' lang='lat' dir='ltr'>contraires.</span> 
     </span>
    </p>

    <p class='ocr_par' dir='ltr' id='par_1_34' title="bbox 1312 1786 2380 1950">
     <span class='ocr_line' id='line_1_132' title="bbox 1351 1786 2378 1835; baseline 0.009 -18"><span class='ocrx_word' id='word_1_1084' title='bbox 1351 1786 1388 1817; x_wconf 87' lang='lat' dir='ltr'>Et</span> <span class='ocrx_word' id='word_1_1085' title='bbox 1401 1797 1506 1832; x_wconf 39' lang='lat' dir='ltr'>nous-y</span> <span class='ocrx_word' id='word_1_1086' title='bbox 1521 1799 1704 1829; x_wconf 85' lang='lat' dir='ltr'>metteroms,</span> <span class='ocrx_word' id='word_1_1087' title='bbox 1723 1792 1762 1822; x_wconf 89' lang='lat' dir='ltr'>od</span> <span class='ocrx_word' id='word_1_1088' title='bbox 1778 1793 1858 1824; x_wconf 84' lang='lat' dir='ltr'>l&#39;eide</span> <span class='ocrx_word' id='word_1_1089' title='bbox 1874 1793 1949 1824; x_wconf 88' lang='lat' dir='ltr'>Dieu</span> <span class='ocrx_word' id='word_1_1090' title='bbox 1958 1816 1968 1832; x_wconf 84' lang='lat'>,</span> <span class='ocrx_word' id='word_1_1091' title='bbox 1987 1795 2033 1833; x_wconf 81' lang='lat' dir='ltr'>(qi</span> <span class='ocrx_word' id='word_1_1092' title='bbox 2048 1795 2096 1825; x_wconf 73' lang='lat' dir='ltr'>siet</span> <span class='ocrx_word' id='word_1_1093' title='bbox 2110 1795 2207 1825; x_wconf 86' lang='lat' dir='ltr'>nostre</span> <span class='ocrx_word' id='word_1_1094' title='bbox 2223 1794 2329 1835; x_wconf 89' lang='lat' dir='ltr'>Droit,</span> <span class='ocrx_word' id='word_1_1095' title='bbox 2342 1797 2378 1828; x_wconf 73' lang='grc' dir='ltr'>ὃς</span> 
     </span>
     <span class='ocr_line' id='line_1_133' title="bbox 1313 1823 2377 1871; baseline 0.01 -17"><span class='ocrx_word' id='word_1_1096' title='bbox 1313 1823 1358 1855; x_wconf 92' lang='lat' dir='ltr'>lor</span> <span class='ocrx_word' id='word_1_1097' title='bbox 1371 1827 1443 1864; x_wconf 87' lang='lat' dir='ltr'>tort)</span> <span class='ocrx_word' id='word_1_1098' title='bbox 1464 1828 1529 1858; x_wconf 79' lang='lat' dir='ltr'>tielx</span> <span class='ocrx_word' id='word_1_1099' title='bbox 1545 1829 1606 1860; x_wconf 89' lang='lat' dir='ltr'>eide</span> <span class='ocrx_word' id='word_1_1100' title='bbox 1619 1831 1652 1861; x_wconf 69' lang='grc' dir='ltr'>ὃ(</span> <span class='ocrx_word' id='word_1_1101' title='bbox 1669 1829 1823 1870; x_wconf 88' lang='lat' dir='ltr'>Counseil,</span> <span class='ocrx_word' id='word_1_1102' title='bbox 1840 1842 1896 1862; x_wconf 86' lang='lat' dir='ltr'>oue</span> <span class='ocrx_word' id='word_1_1103' title='bbox 1909 1833 1984 1863; x_wconf 83' lang='lat' dir='ltr'>l&#39;avis</span> <span class='ocrx_word' id='word_1_1104' title='bbox 1997 1832 2033 1863; x_wconf 93' lang='lat' dir='ltr'>de</span> <span class='ocrx_word' id='word_1_1105' title='bbox 2046 1843 2132 1871; x_wconf 68' lang='lat' dir='ltr'>vous,</span> <span class='ocrx_word' id='word_1_1106' title='bbox 2151 1834 2185 1864; x_wconf 71' lang='grc' dir='ltr'>δε</span> <span class='ocrx_word' id='word_1_1107' title='bbox 2206 1832 2242 1864; x_wconf 89' lang='lat' dir='ltr'>de</span> <span class='ocrx_word' id='word_1_1108' title='bbox 2261 1845 2312 1864; x_wconf 87' lang='lat' dir='ltr'>nos</span> <span class='ocrx_word' id='word_1_1109' title='bbox 2328 1846 2377 1865; x_wconf 57' lang='lat' dir='ltr'>au*</span> 
     </span>
     <span class='ocr_line' id='line_1_134' title="bbox 1312 1865 2378 1911; baseline 0.01 -18"><span class='ocrx_word' id='word_1_1110' title='bbox 1312 1871 1367 1893; x_wconf 88' lang='lat' dir='ltr'>tres</span> <span class='ocrx_word' id='word_1_1111' title='bbox 1381 1865 1470 1895; x_wconf 90' lang='lat' dir='ltr'>bones</span> <span class='ocrx_word' id='word_1_1112' title='bbox 1481 1875 1586 1907; x_wconf 83' lang='lat' dir='ltr'>gentz,</span> <span class='ocrx_word' id='word_1_1113' title='bbox 1601 1870 1649 1908; x_wconf 88' lang='lat' dir='ltr'>qui</span> <span class='ocrx_word' id='word_1_1114' title='bbox 1663 1878 1698 1899; x_wconf 90' lang='lat' dir='ltr'>ce</span> <span class='ocrx_word' id='word_1_1115' title='bbox 1708 1869 1778 1900; x_wconf 84' lang='lat' dir='ltr'>serra</span> <span class='ocrx_word' id='word_1_1116' title='bbox 1791 1881 1806 1900; x_wconf 91' lang='lat' dir='ltr'>a</span> <span class='ocrx_word' id='word_1_1117' title='bbox 1821 1871 1844 1901; x_wconf 80' lang='lat' dir='ltr'>la</span> <span class='ocrx_word' id='word_1_1118' title='bbox 1860 1871 2016 1908; x_wconf 85' lang='lat' dir='ltr'>pleisaunce</span> <span class='ocrx_word' id='word_1_1119' title='bbox 2028 1871 2064 1902; x_wconf 88' lang='lat' dir='ltr'>de</span> <span class='ocrx_word' id='word_1_1120' title='bbox 2080 1871 2170 1911; x_wconf 85' lang='lat' dir='ltr'>Dieu,</span> <span class='ocrx_word' id='word_1_1121' title='bbox 2185 1874 2219 1904; x_wconf 75' lang='grc' dir='ltr'>ὃς</span> <span class='ocrx_word' id='word_1_1122' title='bbox 2232 1873 2256 1904; x_wconf 88' lang='lat' dir='ltr'>al</span> <span class='ocrx_word' id='word_1_1123' title='bbox 2271 1873 2378 1904; x_wconf 89' lang='lat' dir='ltr'>Honur</span> 
     </span>
     <span class='ocr_line' id='line_1_135' title="bbox 1312 1901 2380 1950; baseline 0.009 -18"><span class='ocrx_word' id='word_1_1124' title='bbox 1312 1901 1457 1934; x_wconf 90' lang='lat' dir='ltr'>&amp;Profist</span> <span class='ocrx_word' id='word_1_1125' title='bbox 1465 1905 1500 1936; x_wconf 89' lang='lat' dir='ltr'>de</span> <span class='ocrx_word' id='word_1_1126' title='bbox 1515 1916 1602 1945; x_wconf 77' lang='lat' dir='ltr'>nouS,</span> <span class='ocrx_word' id='word_1_1127' title='bbox 1619 1908 1653 1938; x_wconf 89' lang='lat'>&amp;</span> <span class='ocrx_word' id='word_1_1128' title='bbox 1666 1907 1701 1938; x_wconf 88' lang='lat' dir='ltr'>de</span> <span class='ocrx_word' id='word_1_1129' title='bbox 1713 1919 1793 1946; x_wconf 89' lang='lat' dir='ltr'>vous,</span> <span class='ocrx_word' id='word_1_1130' title='bbox 1802 1909 1835 1939; x_wconf 89' lang='lat'>&amp;</span> <span class='ocrx_word' id='word_1_1131' title='bbox 1848 1910 1884 1939; x_wconf 92' lang='lat' dir='ltr'>de</span> <span class='ocrx_word' id='word_1_1132' title='bbox 1898 1918 1968 1940; x_wconf 82' lang='lat' dir='ltr'>touz</span> <span class='ocrx_word' id='word_1_1133' title='bbox 1975 1918 2035 1939; x_wconf 87' lang='lat' dir='ltr'>noz</span> <span class='ocrx_word' id='word_1_1134' title='bbox 2047 1911 2174 1950; x_wconf 84' lang='lat' dir='ltr'>subgeitz</span> <span class='ocrx_word' id='word_1_1135' title='bbox 2183 1912 2255 1942; x_wconf 87' lang='lat' dir='ltr'>celes</span> <span class='ocrx_word' id='word_1_1136' title='bbox 2261 1914 2380 1950; x_wconf 65' lang='lat' dir='ltr'>parties,</span> 
     </span>
    </p>

    <p class='ocr_par' dir='ltr' id='par_1_35' title="bbox 1315 1942 2379 2026">
     <span class='ocr_line' id='line_1_136' title="bbox 1354 1942 2379 1988; baseline 0.009 -16"><span class='ocrx_word' id='word_1_1137' title='bbox 1354 1942 1416 1981; x_wconf 82' lang='lat' dir='ltr'>Qr</span> <span class='ocrx_word' id='word_1_1138' title='bbox 1430 1953 1467 1987; x_wconf 83' lang='lat' dir='ltr'>ne</span> <span class='ocrx_word' id='word_1_1139' title='bbox 1481 1953 1596 1984; x_wconf 84' lang='lat' dir='ltr'>poems,</span> <span class='ocrx_word' id='word_1_1140' title='bbox 1614 1956 1651 1977; x_wconf 90' lang='lat' dir='ltr'>ne</span> <span class='ocrx_word' id='word_1_1141' title='bbox 1664 1946 1799 1986; x_wconf 82' lang='lat' dir='ltr'>devoms‚</span> <span class='ocrx_word' id='word_1_1142' title='bbox 1818 1957 1871 1986; x_wconf 84' lang='lat' dir='ltr'>ne,</span> <span class='ocrx_word' id='word_1_1143' title='bbox 1888 1959 1904 1979; x_wconf 90' lang='lat' dir='ltr'>a</span> <span class='ocrx_word' id='word_1_1144' title='bbox 1919 1949 2014 1980; x_wconf 90' lang='lat' dir='ltr'>nostre</span> <span class='ocrx_word' id='word_1_1145' title='bbox 2026 1951 2103 1986; x_wconf 85' lang='lat' dir='ltr'>poair</span> <span class='ocrx_word' id='word_1_1146' title='bbox 2111 1972 2122 1988; x_wconf 88' lang='lat'>‚</span> <span class='ocrx_word' id='word_1_1147' title='bbox 2141 1959 2178 1980; x_wconf 91' lang='lat' dir='ltr'>ne</span> <span class='ocrx_word' id='word_1_1148' title='bbox 2192 1951 2306 1981; x_wconf 88' lang='lat' dir='ltr'>voloms</span> <span class='ocrx_word' id='word_1_1149' title='bbox 2320 1951 2379 1982; x_wconf 88' lang='lat' dir='ltr'>tiels</span> 
     </span>
     <span class='ocr_line' id='line_1_137' title="bbox 1315 1979 1977 2026; baseline 0.009 -15"><span class='ocrx_word' id='word_1_1150' title='bbox 1315 1979 1544 2022; x_wconf 77' lang='lat' dir='ltr'>Deihentesons,</span> <span class='ocrx_word' id='word_1_1151' title='bbox 1562 1991 1655 2024; x_wconf 80' lang='lat' dir='ltr'>tortz,</span> <span class='ocrx_word' id='word_1_1152' title='bbox 1674 1985 1708 2016; x_wconf 62' lang='grc' dir='ltr'>ὃς</span> <span class='ocrx_word' id='word_1_1153' title='bbox 1721 1986 1849 2026; x_wconf 81' lang='lat' dir='ltr'>damages</span> <span class='ocrx_word' id='word_1_1154' title='bbox 1862 1987 1977 2017; x_wconf 87' lang='lat' dir='ltr'>seoffrir.</span> 
     </span>
    </p>

    <p class='ocr_par' dir='ltr' id='par_1_36' title="bbox 1315 2020 2382 2293">
     <span class='ocr_line' id='line_1_138' title="bbox 1351 2020 2382 2093; baseline 0.008 -43"><span class='ocrx_word' id='word_1_1155' title='bbox 1351 2020 1388 2050; x_wconf 90' lang='lat' dir='ltr'>Et</span> <span class='ocrx_word' id='word_1_1156' title='bbox 1400 2030 1471 2051; x_wconf 93' lang='lat' dir='ltr'>vous</span> <span class='ocrx_word' id='word_1_1157' title='bbox 1483 2021 1584 2053; x_wconf 89' lang='lat' dir='ltr'>fesoms</span> <span class='ocrx_word' id='word_1_1158' title='bbox 1599 2023 1686 2054; x_wconf 78' lang='lat' dir='ltr'>savoir</span> <span class='ocrx_word' id='word_1_1159' title='bbox 1702 2033 1755 2093; x_wconf 56' lang='grc' dir='ltr'>ἓξ,</span> <span class='ocrx_word' id='word_1_1160' title='bbox 1772 2025 1792 2055; x_wconf 90' lang='lat' dir='ltr'>fi</span> <span class='ocrx_word' id='word_1_1161' title='bbox 1806 2035 1843 2056; x_wconf 91' lang='lat' dir='ltr'>ne</span> <span class='ocrx_word' id='word_1_1162' title='bbox 1856 2025 1912 2056; x_wconf 88' lang='lat' dir='ltr'>fust</span> <span class='ocrx_word' id='word_1_1163' title='bbox 1926 2026 2110 2057; x_wconf 86' lang='lat' dir='ltr'>contraierete</span> <span class='ocrx_word' id='word_1_1164' title='bbox 2124 2027 2160 2058; x_wconf 90' lang='lat' dir='ltr'>de</span> <span class='ocrx_word' id='word_1_1165' title='bbox 2181 2035 2291 2066; x_wconf 77' lang='lat' dir='ltr'>tempS,</span> <span class='ocrx_word' id='word_1_1166' title='bbox 2310 2036 2382 2058; x_wconf 76' lang='lat' dir='ltr'>nous</span> 
     </span>
     <span class='ocr_line' id='line_1_139' title="bbox 1315 2059 2382 2106; baseline 0.008 -19"><span class='ocrx_word' id='word_1_1167' title='bbox 1315 2059 1439 2088; x_wconf 82' lang='lat' dir='ltr'>eussoms</span> <span class='ocrx_word' id='word_1_1168' title='bbox 1453 2059 1586 2091; x_wconf 87' lang='lat' dir='ltr'>conforte</span> <span class='ocrx_word' id='word_1_1169' title='bbox 1600 2072 1686 2101; x_wconf 84' lang='lat' dir='ltr'>vous,</span> <span class='ocrx_word' id='word_1_1170' title='bbox 1762 2071 1822 2094; x_wconf 89' lang='lat' dir='ltr'>noz</span> <span class='ocrx_word' id='word_1_1171' title='bbox 1843 2072 1933 2095; x_wconf 82' lang='lat' dir='ltr'>autres</span> <span class='ocrx_word' id='word_1_1172' title='bbox 1953 2064 2053 2094; x_wconf 88' lang='lat' dir='ltr'>Gentz</span> <span class='ocrx_word' id='word_1_1173' title='bbox 2067 2088 2077 2103; x_wconf 87' lang='lat'>,</span> <span class='ocrx_word' id='word_1_1174' title='bbox 2100 2066 2174 2097; x_wconf 88' lang='lat' dir='ltr'>celes</span> <span class='ocrx_word' id='word_1_1175' title='bbox 2199 2067 2299 2106; x_wconf 86' lang='lat' dir='ltr'>parties</span> <span class='ocrx_word' id='word_1_1176' title='bbox 2311 2066 2333 2104; x_wconf 80' lang='grc'>,’</span> <span class='ocrx_word' id='word_1_1177' title='bbox 2345 2066 2382 2096; x_wconf 88' lang='lat' dir='ltr'>de</span> 
     </span>
     <span class='ocr_line' id='line_1_140' title="bbox 1317 2096 2382 2144; baseline 0.008 -18"><span class='ocrx_word' id='word_1_1178' title='bbox 1317 2096 1419 2129; x_wconf 86' lang='lat' dir='ltr'>Gentz</span> <span class='ocrx_word' id='word_1_1179' title='bbox 1433 2098 1583 2139; x_wconf 85' lang='lat' dir='ltr'>d&#39;Armes,</span> <span class='ocrx_word' id='word_1_1180' title='bbox 1599 2101 1633 2132; x_wconf 91' lang='lat'>&amp;</span> <span class='ocrx_word' id='word_1_1181' title='bbox 1648 2100 1684 2131; x_wconf 91' lang='lat' dir='ltr'>de</span> <span class='ocrx_word' id='word_1_1182' title='bbox 1697 2100 1828 2142; x_wconf 80' lang='lat' dir='ltr'>DenerS,</span> <span class='ocrx_word' id='word_1_1183' title='bbox 1844 2112 1860 2132; x_wconf 88' lang='lat' dir='ltr'>a</span> <span class='ocrx_word' id='word_1_1184' title='bbox 1881 2111 1961 2142; x_wconf 88' lang='lat' dir='ltr'>grant</span> <span class='ocrx_word' id='word_1_1185' title='bbox 1981 2103 2079 2133; x_wconf 86' lang='lat' dir='ltr'>feoson</span> <span class='ocrx_word' id='word_1_1186' title='bbox 2094 2127 2104 2143; x_wconf 92' lang='lat'>,</span> <span class='ocrx_word' id='word_1_1187' title='bbox 2131 2104 2169 2134; x_wconf 90' lang='lat' dir='ltr'>les</span> <span class='ocrx_word' id='word_1_1188' title='bbox 2189 2114 2283 2144; x_wconf 83' lang='lat' dir='ltr'>queux</span> <span class='ocrx_word' id='word_1_1189' title='bbox 2309 2113 2382 2135; x_wconf 82' lang='lat' dir='ltr'>ount</span> 
     </span>
     <span class='ocr_line' id='line_1_141' title="bbox 1316 2135 2382 2181; baseline 0.008 -15"><span class='ocrx_word' id='word_1_1190' title='bbox 1316 2135 1391 2175; x_wconf 90' lang='lat' dir='ltr'>este,</span> <span class='ocrx_word' id='word_1_1191' title='bbox 1408 2146 1443 2168; x_wconf 88' lang='lat' dir='ltr'>au</span> <span class='ocrx_word' id='word_1_1192' title='bbox 1455 2146 1535 2177; x_wconf 86' lang='lat' dir='ltr'>port,</span> <span class='ocrx_word' id='word_1_1193' title='bbox 1553 2149 1590 2169; x_wconf 92' lang='lat' dir='ltr'>en</span> <span class='ocrx_word' id='word_1_1194' title='bbox 1604 2139 1629 2169; x_wconf 89' lang='lat' dir='ltr'>la</span> <span class='ocrx_word' id='word_1_1195' title='bbox 1644 2149 1737 2178; x_wconf 89' lang='lat' dir='ltr'>mere,</span> <span class='ocrx_word' id='word_1_1196' title='bbox 1755 2140 1939 2181; x_wconf 85' lang='lat' dir='ltr'>longement,</span> <span class='ocrx_word' id='word_1_1197' title='bbox 1957 2152 1993 2172; x_wconf 92' lang='lat' dir='ltr'>en</span> <span class='ocrx_word' id='word_1_1198' title='bbox 2006 2142 2139 2174; x_wconf 83' lang='lat' dir='ltr'>atendant</span> <span class='ocrx_word' id='word_1_1199' title='bbox 2154 2147 2239 2181; x_wconf 69' lang='lat' dir='ltr'>vent,</span> <span class='ocrx_word' id='word_1_1200' title='bbox 2258 2153 2382 2178; x_wconf 84' lang='lat' dir='ltr'>mesore</span> 
     </span>
     <span class='ocr_line' id='line_1_142' title="bbox 1315 2175 2381 2221; baseline 0.006 -16"><span class='ocrx_word' id='word_1_1201' title='bbox 1315 2175 1503 2215; x_wconf 88' lang='lat' dir='ltr'>entendoms,</span> <span class='ocrx_word' id='word_1_1202' title='bbox 1518 2177 1557 2208; x_wconf 93' lang='lat' dir='ltr'>od</span> <span class='ocrx_word' id='word_1_1203' title='bbox 1571 2178 1652 2208; x_wconf 89' lang='lat' dir='ltr'>l&#39;eide</span> <span class='ocrx_word' id='word_1_1204' title='bbox 1663 2179 1700 2209; x_wconf 93' lang='lat' dir='ltr'>de</span> <span class='ocrx_word' id='word_1_1205' title='bbox 1712 2179 1787 2210; x_wconf 90' lang='lat' dir='ltr'>Dieu</span> <span class='ocrx_word' id='word_1_1206' title='bbox 1825 2180 1871 2218; x_wconf 85' lang='lat' dir='ltr'>q&#39;il</span> <span class='ocrx_word' id='word_1_1207' title='bbox 1883 2180 1964 2211; x_wconf 88' lang='lat' dir='ltr'>sount</span> <span class='ocrx_word' id='word_1_1208' title='bbox 1979 2190 1994 2210; x_wconf 85' lang='lat' dir='ltr'>a</span> <span class='ocrx_word' id='word_1_1209' title='bbox 2009 2180 2158 2212; x_wconf 81' lang='lat' dir='ltr'>Burdealx:</span> <span class='ocrx_word' id='word_1_1210' title='bbox 2179 2182 2208 2212; x_wconf 89' lang='lat' dir='ltr'>Si</span> <span class='ocrx_word' id='word_1_1211' title='bbox 2224 2184 2381 2221; x_wconf 84' lang='lat' dir='ltr'>enveioms,</span> 
     </span>
     <span class='ocr_line' id='line_1_143' title="bbox 1317 2203 2381 2259; baseline 0.008 -15"><span class='ocrx_word' id='word_1_1212' title='bbox 1317 2224 1368 2244; x_wconf 88' lang='lat' dir='ltr'>ore</span> <span class='ocrx_word' id='word_1_1213' title='bbox 1382 2215 1533 2254; x_wconf 87' lang='lat' dir='ltr'>derichief,</span> <span class='ocrx_word' id='word_1_1214' title='bbox 1552 2217 1612 2255; x_wconf 88' lang='lat' dir='ltr'>plus</span> <span class='ocrx_word' id='word_1_1215' title='bbox 1627 2216 1755 2257; x_wconf 86' lang='lat' dir='ltr'>Deners‚</span> <span class='ocrx_word' id='word_1_1216' title='bbox 1774 2203 1889 2258; x_wconf 67' lang='lat' dir='ltr'>dentz,</span> <span class='ocrx_word' id='word_1_1217' title='bbox 1910 2221 1944 2250; x_wconf 69' lang='grc' dir='ltr'>ὃς</span> <span class='ocrx_word' id='word_1_1218' title='bbox 1959 2218 2103 2259; x_wconf 86' lang='lat' dir='ltr'>Vitailles,</span> <span class='ocrx_word' id='word_1_1219' title='bbox 2129 2221 2163 2252; x_wconf 70' lang='grc' dir='ltr'>ὃς</span> <span class='ocrx_word' id='word_1_1220' title='bbox 2191 2220 2323 2251; x_wconf 85' lang='lat' dir='ltr'>Ferroms</span> <span class='ocrx_word' id='word_1_1221' title='bbox 2343 2220 2381 2252; x_wconf 80' lang='lat' dir='ltr'>de</span> 
     </span>
     <span class='ocr_line' id='line_1_144' title="bbox 1316 2254 1839 2293; baseline 0.008 -10"><span class='ocrx_word' id='word_1_1222' title='bbox 1316 2261 1425 2293; x_wconf 79' lang='lat' dir='ltr'>tempS,</span> <span class='ocrx_word' id='word_1_1223' title='bbox 1443 2254 1541 2285; x_wconf 85' lang='lat' dir='ltr'>solone</span> <span class='ocrx_word' id='word_1_1224' title='bbox 1552 2257 1589 2286; x_wconf 90' lang='lat' dir='ltr'>les</span> <span class='ocrx_word' id='word_1_1225' title='bbox 1608 2256 1706 2287; x_wconf 90' lang='lat' dir='ltr'>novels</span> <span class='ocrx_word' id='word_1_1226' title='bbox 1723 2256 1760 2287; x_wconf 90' lang='lat' dir='ltr'>de</span> <span class='ocrx_word' id='word_1_1227' title='bbox 1770 2256 1839 2287; x_wconf 89' lang='lat' dir='ltr'>dela.</span> 
     </span>
    </p>

    <p class='ocr_par' dir='ltr' id='par_1_37' title="bbox 1316 2291 2382 2410">
     <span class='ocr_line' id='line_1_145' title="bbox 1356 2291 2382 2334; baseline 0.007 -12"><span class='ocrx_word' id='word_1_1228' title='bbox 1356 2291 1414 2322; x_wconf 89' lang='lat' dir='ltr'>Car</span> <span class='ocrx_word' id='word_1_1229' title='bbox 1426 2295 1647 2334; x_wconf 89' lang='lat' dir='ltr'>certeinement,</span> <span class='ocrx_word' id='word_1_1230' title='bbox 1663 2306 1734 2326; x_wconf 91' lang='lat' dir='ltr'>nous</span> <span class='ocrx_word' id='word_1_1231' title='bbox 1747 2295 1859 2327; x_wconf 91' lang='lat' dir='ltr'>voloms</span> <span class='ocrx_word' id='word_1_1232' title='bbox 1880 2304 1982 2327; x_wconf 90' lang='lat' dir='ltr'>mettre</span> <span class='ocrx_word' id='word_1_1233' title='bbox 2000 2304 2060 2327; x_wconf 90' lang='lat' dir='ltr'>tote</span> <span class='ocrx_word' id='word_1_1234' title='bbox 2081 2296 2178 2328; x_wconf 89' lang='lat' dir='ltr'>nostre</span> <span class='ocrx_word' id='word_1_1235' title='bbox 2195 2298 2348 2329; x_wconf 87' lang='lat' dir='ltr'>entencion</span> <span class='ocrx_word' id='word_1_1236' title='bbox 2365 2307 2382 2329; x_wconf 82' lang='lat' dir='ltr'>a</span> 
     </span>
     <span class='ocr_line' id='line_1_146' title="bbox 1317 2330 2382 2376; baseline 0.007 -14"><span class='ocrx_word' id='word_1_1237' title='bbox 1317 2330 1450 2362; x_wconf 90' lang='lat' dir='ltr'>defendre</span> <span class='ocrx_word' id='word_1_1238' title='bbox 1463 2342 1553 2372; x_wconf 81' lang='lat' dir='ltr'>nous,</span> <span class='ocrx_word' id='word_1_1239' title='bbox 1572 2334 1605 2364; x_wconf 91' lang='lat'>&amp;</span> <span class='ocrx_word' id='word_1_1240' title='bbox 1618 2333 1656 2364; x_wconf 90' lang='lat' dir='ltr'>les</span> <span class='ocrx_word' id='word_1_1241' title='bbox 1670 2343 1745 2374; x_wconf 83' lang='lat' dir='ltr'>noz,</span> <span class='ocrx_word' id='word_1_1242' title='bbox 1764 2343 1865 2366; x_wconf 90' lang='lat' dir='ltr'>contre</span> <span class='ocrx_word' id='word_1_1243' title='bbox 1879 2336 1953 2366; x_wconf 88' lang='lat' dir='ltr'>tieles</span> <span class='ocrx_word' id='word_1_1244' title='bbox 1965 2335 2121 2376; x_wconf 80' lang='lat' dir='ltr'>Dureoees,</span> <span class='ocrx_word' id='word_1_1245' title='bbox 2136 2338 2170 2368; x_wconf 67' lang='grc' dir='ltr'>ὃς</span> <span class='ocrx_word' id='word_1_1246' title='bbox 2193 2335 2331 2376; x_wconf 77' lang='lat' dir='ltr'>Malices,</span> <span class='ocrx_word' id='word_1_1247' title='bbox 2347 2337 2382 2369; x_wconf 83' lang='lat'>&amp;</span> 
     </span>
     <span class='ocr_line' id='line_1_147' title="bbox 1316 2369 2337 2410; baseline 0.011 -11"><span class='ocrx_word' id='word_1_1248' title='bbox 1316 2380 1370 2407; x_wconf 90' lang='lat' dir='ltr'>pur</span> <span class='ocrx_word' id='word_1_1249' title='bbox 1385 2378 1443 2401; x_wconf 91' lang='lat' dir='ltr'>noz</span> <span class='ocrx_word' id='word_1_1250' title='bbox 1457 2369 1605 2403; x_wconf 90' lang='lat' dir='ltr'>Droitures</span> <span class='ocrx_word' id='word_1_1251' title='bbox 1619 2373 1783 2404; x_wconf 83' lang='lat' dir='ltr'>meintenir:</span> <span class='ocrx_word' id='word_1_1252' title='bbox 2334 2406 2337 2410; x_wconf 96' lang='lat'>.</span> 
     </span>
    </p>

    <p class='ocr_par' dir='ltr' id='par_1_38' title="bbox 1317 2407 2384 2561">
     <span class='ocr_line' id='line_1_148' title="bbox 1354 2407 2384 2452; baseline 0.006 -14"><span class='ocrx_word' id='word_1_1253' title='bbox 1354 2407 1409 2447; x_wconf 91' lang='lat' dir='ltr'>Et,</span> <span class='ocrx_word' id='word_1_1254' title='bbox 1430 2419 1478 2448; x_wconf 84' lang='lat' dir='ltr'>per</span> <span class='ocrx_word' id='word_1_1255' title='bbox 1490 2420 1557 2449; x_wconf 88' lang='lat' dir='ltr'>ceo,</span> <span class='ocrx_word' id='word_1_1256' title='bbox 1581 2421 1638 2450; x_wconf 89' lang='lat' dir='ltr'>que</span> <span class='ocrx_word' id='word_1_1257' title='bbox 1652 2412 1690 2441; x_wconf 88' lang='lat' dir='ltr'>les</span> <span class='ocrx_word' id='word_1_1258' title='bbox 1703 2412 1763 2442; x_wconf 85' lang='lat' dir='ltr'>ditz</span> <span class='ocrx_word' id='word_1_1259' title='bbox 1778 2412 1907 2444; x_wconf 88' lang='lat' dir='ltr'>Franceis</span> <span class='ocrx_word' id='word_1_1260' title='bbox 1921 2413 1947 2444; x_wconf 90' lang='lat' dir='ltr'>se</span> <span class='ocrx_word' id='word_1_1261' title='bbox 1962 2413 2087 2444; x_wconf 88' lang='lat' dir='ltr'>colerent</span> <span class='ocrx_word' id='word_1_1262' title='bbox 2102 2436 2112 2452; x_wconf 89' lang='lat'>‚</span> <span class='ocrx_word' id='word_1_1263' title='bbox 2136 2414 2170 2445; x_wconf 88' lang='lat'>&amp;</span> <span class='ocrx_word' id='word_1_1264' title='bbox 2185 2413 2312 2451; x_wconf 65' lang='lat' dir='ltr'>seignent</span> <span class='ocrx_word' id='word_1_1265' title='bbox 2334 2423 2384 2444; x_wconf 87' lang='lat' dir='ltr'>en-</span> 
     </span>
     <span class='ocr_line' id='line_1_149' title="bbox 1318 2446 2384 2491; baseline 0.005 -14"><span class='ocrx_word' id='word_1_1266' title='bbox 1318 2446 1422 2478; x_wconf 87' lang='lat' dir='ltr'>cheson</span> <span class='ocrx_word' id='word_1_1267' title='bbox 1437 2448 1474 2478; x_wconf 89' lang='lat' dir='ltr'>de</span> <span class='ocrx_word' id='word_1_1268' title='bbox 1488 2449 1607 2488; x_wconf 88' lang='lat' dir='ltr'>prendre</span> <span class='ocrx_word' id='word_1_1269' title='bbox 1621 2450 1716 2481; x_wconf 89' lang='lat' dir='ltr'>nostre</span> <span class='ocrx_word' id='word_1_1270' title='bbox 1730 2450 1874 2490; x_wconf 89' lang='lat' dir='ltr'>Duchee(</span> <span class='ocrx_word' id='word_1_1271' title='bbox 1891 2451 2035 2490; x_wconf 85' lang='lat' dir='ltr'>disaunsz‚</span> <span class='ocrx_word' id='word_1_1272' title='bbox 2053 2461 2108 2491; x_wconf 89' lang='lat' dir='ltr'>que</span> <span class='ocrx_word' id='word_1_1273' title='bbox 2134 2462 2189 2483; x_wconf 90' lang='lat' dir='ltr'>ceo</span> <span class='ocrx_word' id='word_1_1274' title='bbox 2210 2452 2251 2483; x_wconf 90' lang='lat' dir='ltr'>est</span> <span class='ocrx_word' id='word_1_1275' title='bbox 2266 2462 2315 2491; x_wconf 87' lang='lat' dir='ltr'>par</span> <span class='ocrx_word' id='word_1_1276' title='bbox 2334 2453 2384 2482; x_wconf 83' lang='lat' dir='ltr'>de·</span> 
     </span>
     <span class='ocr_line' id='line_1_150' title="bbox 1317 2485 2384 2530; baseline 0.006 -14"><span class='ocrx_word' id='word_1_1277' title='bbox 1317 2485 1392 2516; x_wconf 88' lang='lat' dir='ltr'>faute</span> <span class='ocrx_word' id='word_1_1278' title='bbox 1405 2486 1440 2517; x_wconf 92' lang='lat' dir='ltr'>de</span> <span class='ocrx_word' id='word_1_1279' title='bbox 1454 2486 1632 2525; x_wconf 77' lang='grc' dir='ltr'>ΗοΜΜΕ)</span> <span class='ocrx_word' id='word_1_1280' title='bbox 1648 2499 1720 2519; x_wconf 88' lang='lat' dir='ltr'>nous</span> <span class='ocrx_word' id='word_1_1281' title='bbox 1746 2499 1816 2520; x_wconf 87' lang='lat' dir='ltr'>vous</span> <span class='ocrx_word' id='word_1_1282' title='bbox 1837 2491 1985 2521; x_wconf 87' lang='lat' dir='ltr'>enveiorns</span> <span class='ocrx_word' id='word_1_1283' title='bbox 1997 2500 2033 2521; x_wconf 88' lang='lat' dir='ltr'>en</span> <span class='ocrx_word' id='word_1_1284' title='bbox 2054 2489 2128 2521; x_wconf 90' lang='lat' dir='ltr'>close</span> <span class='ocrx_word' id='word_1_1285' title='bbox 2142 2514 2152 2530; x_wconf 92' lang='lat'>‚</span> <span class='ocrx_word' id='word_1_1286' title='bbox 2173 2491 2260 2522; x_wconf 87' lang='lat' dir='ltr'>deinz</span> <span class='ocrx_word' id='word_1_1287' title='bbox 2280 2489 2384 2529; x_wconf 85' lang='lat' dir='ltr'>cestes,</span> 
     </span>
     <span class='ocr_line' id='line_1_151' title="bbox 1318 2523 2384 2561; baseline 0.005 -6"><span class='ocrx_word' id='word_1_1288' title='bbox 1318 2524 1414 2556; x_wconf 79' lang='lat' dir='ltr'>UNE</span> <span class='ocrx_word' id='word_1_1289' title='bbox 1469 2523 1781 2558; x_wconf 79' lang='lat' dir='ltr'>INFORMACION</span> <span class='ocrx_word' id='word_1_1290' title='bbox 1829 2537 1933 2559; x_wconf 75' lang='lat' dir='ltr'>v1-:Rt</span> <span class='ocrx_word' id='word_1_1291' title='bbox 1947 2533 2086 2559; x_wconf 78' lang='lat' dir='ltr'>TABLE</span> <span class='ocrx_word' id='word_1_1292' title='bbox 2131 2538 2173 2559; x_wconf 79' lang='lat' dir='ltr'>DE</span> <span class='ocrx_word' id='word_1_1293' title='bbox 2223 2537 2384 2561; x_wconf 73' lang='lat' dir='ltr'>NosTRE</span> 
     </span>
    </p>
   </div>
   <div class='ocr_carea' id='block_1_19' title="bbox 1408 1129 2210 1175">
    <p class='ocr_par' dir='ltr' id='par_1_39' title="bbox 1408 1129 2210 1175">
     <span class='ocr_line' id='line_1_152' title="bbox 1408 1129 2210 1175; baseline 0.011 -15"><span class='ocrx_word' id='word_1_1294' title='bbox 1408 1129 1485 1169; x_wconf 89' lang='lat' dir='ltr'>Roi,</span> <span class='ocrx_word' id='word_1_1295' title='bbox 1503 1142 1533 1171; x_wconf 85' lang='lat' dir='ltr'>a,</span> <span class='ocrx_word' id='word_1_1296' title='bbox 1550 1132 1646 1164; x_wconf 89' lang='lat' dir='ltr'>nostre</span> <span class='ocrx_word' id='word_1_1297' title='bbox 1657 1135 1754 1165; x_wconf 84' lang='lat' dir='ltr'>chiere</span> <span class='ocrx_word' id='word_1_1298' title='bbox 1767 1136 1800 1166; x_wconf 86' lang='lat'>&amp;</span> <span class='ocrx_word' id='word_1_1299' title='bbox 1815 1135 1879 1167; x_wconf 80' lang='lat' dir='ltr'>foial</span> <span class='ocrx_word' id='word_1_1300' title='bbox 1888 1159 1898 1175; x_wconf 65' lang='lat'>2</span> <span class='ocrx_word' id='word_1_1301' title='bbox 1916 1135 2002 1168; x_wconf 82' lang='lat' dir='ltr'>Pieris</span> <span class='ocrx_word' id='word_1_1302' title='bbox 2014 1137 2092 1170; x_wconf 87' lang='lat' dir='ltr'>Pelet</span> <span class='ocrx_word' id='word_1_1303' title='bbox 2106 1137 2210 1169; x_wconf 78' lang='lat' dir='ltr'>Salutz.</span> 
     </span>
    </p>
   </div>
   <div class='ocr_carea' id='block_1_20' title="bbox 2400 1694 2529 1733">
    <p class='ocr_par' dir='ltr' id='par_1_40' title="bbox 2400 1694 2529 1733">
     <span class='ocr_line' id='line_1_153' title="bbox 2400 1694 2529 1733; baseline 0.016 -9"><span class='ocrx_word' id='word_1_1304' title='bbox 2400 1694 2529 1733; x_wconf 68' lang='lat' dir='ltr'>*1v.87,</span> 
     </span>
    </p>
   </div>
   <div class='ocr_carea' id='block_1_21' title="bbox 1317 2566 2386 2837">
    <p class='ocr_par' dir='ltr' id='par_1_41' title="bbox 1317 2566 2386 2681">
     <span class='ocr_line' id='line_1_154' title="bbox 1320 2566 2384 2607; baseline 0.005 -13"><span class='ocrx_word' id='word_1_1305' title='bbox 1320 2572 1401 2595; x_wconf 83' lang='lat' dir='ltr'>DRo</span> <span class='ocrx_word' id='word_1_1306' title='bbox 1414 2572 1459 2594; x_wconf 82' lang='grc' dir='ltr'>ιτ</span> <span class='ocrx_word' id='word_1_1307' title='bbox 1475 2588 1485 2603; x_wconf 80' lang='lat'>‚</span> <span class='ocrx_word' id='word_1_1308' title='bbox 1514 2574 1564 2595; x_wconf 86' lang='lat' dir='ltr'>ET</span> <span class='ocrx_word' id='word_1_1309' title='bbox 1590 2574 1640 2596; x_wconf 87' lang='lat' dir='ltr'>Lo</span> <span class='ocrx_word' id='word_1_1310' title='bbox 1652 2576 1675 2597; x_wconf 82' lang='lat' dir='ltr'>R</span> <span class='ocrx_word' id='word_1_1311' title='bbox 1701 2575 1785 2597; x_wconf 68' lang='lat' dir='ltr'>&#39;ron</span> <span class='ocrx_word' id='word_1_1312' title='bbox 1799 2574 1822 2595; x_wconf 79' lang='lat' dir='ltr'>T</span> <span class='ocrx_word' id='word_1_1313' title='bbox 1838 2590 1848 2605; x_wconf 84' lang='grc'>,</span> <span class='ocrx_word' id='word_1_1314' title='bbox 1867 2567 1922 2598; x_wconf 84' lang='lat' dir='ltr'>ala</span> <span class='ocrx_word' id='word_1_1315' title='bbox 1935 2566 1973 2597; x_wconf 84' lang='lat' dir='ltr'>fin</span> <span class='ocrx_word' id='word_1_1316' title='bbox 1990 2578 2045 2606; x_wconf 88' lang='lat' dir='ltr'>que</span> <span class='ocrx_word' id='word_1_1317' title='bbox 2065 2578 2136 2599; x_wconf 89' lang='lat' dir='ltr'>vous</span> <span class='ocrx_word' id='word_1_1318' title='bbox 2149 2575 2196 2598; x_wconf 89' lang='lat' dir='ltr'>ent</span> <span class='ocrx_word' id='word_1_1319' title='bbox 2211 2568 2302 2599; x_wconf 86' lang='lat' dir='ltr'>soietz</span> <span class='ocrx_word' id='word_1_1320' title='bbox 2315 2569 2384 2607; x_wconf 90' lang='lat' dir='ltr'>plei-</span> 
     </span>
     <span class='ocr_line' id='line_1_155' title="bbox 1317 2603 2386 2647; baseline 0.005 -15"><span class='ocrx_word' id='word_1_1321' title='bbox 1317 2612 1435 2634; x_wconf 88' lang='lat' dir='ltr'>nement</span> <span class='ocrx_word' id='word_1_1322' title='bbox 1447 2603 1549 2635; x_wconf 87' lang='lat' dir='ltr'>avisetz</span> <span class='ocrx_word' id='word_1_1323' title='bbox 1564 2605 1598 2635; x_wconf 91' lang='lat'>&amp;</span> <span class='ocrx_word' id='word_1_1324' title='bbox 1616 2605 1779 2635; x_wconf 85' lang='lat' dir='ltr'>enformez:</span> <span class='ocrx_word' id='word_1_1325' title='bbox 1800 2605 1833 2635; x_wconf 88' lang='lat'>&amp;</span> <span class='ocrx_word' id='word_1_1326' title='bbox 1847 2606 1872 2636; x_wconf 89' lang='lat' dir='ltr'>la</span> <span class='ocrx_word' id='word_1_1327' title='bbox 1886 2606 1966 2636; x_wconf 86' lang='lat' dir='ltr'>facez</span> <span class='ocrx_word' id='word_1_1328' title='bbox 1982 2606 2088 2644; x_wconf 85' lang='lat' dir='ltr'>publier</span> <span class='ocrx_word' id='word_1_1329' title='bbox 2100 2606 2134 2637; x_wconf 75' lang='grc' dir='ltr'>ὃ(</span> <span class='ocrx_word' id='word_1_1330' title='bbox 2154 2607 2256 2646; x_wconf 83' lang='lat' dir='ltr'>apertir</span> <span class='ocrx_word' id='word_1_1331' title='bbox 2275 2616 2323 2647; x_wconf 89' lang='lat' dir='ltr'>par</span> <span class='ocrx_word' id='word_1_1332' title='bbox 2345 2608 2386 2646; x_wconf 76' lang='lat' dir='ltr'>la&#39;,</span> 
     </span>
     <span class='ocr_line' id='line_1_156' title="bbox 1317 2643 1792 2681; baseline 0.004 -9"><span class='ocrx_word' id='word_1_1333' title='bbox 1317 2651 1356 2671; x_wconf 91' lang='lat' dir='ltr'>ou</span> <span class='ocrx_word' id='word_1_1334' title='bbox 1372 2652 1443 2673; x_wconf 89' lang='lat' dir='ltr'>vous</span> <span class='ocrx_word' id='word_1_1335' title='bbox 1456 2651 1553 2672; x_wconf 83' lang='lat' dir='ltr'>verrez</span> <span class='ocrx_word' id='word_1_1336' title='bbox 1565 2644 1612 2681; x_wconf 88' lang='lat' dir='ltr'>qui</span> <span class='ocrx_word' id='word_1_1337' title='bbox 1626 2644 1677 2674; x_wconf 87' lang='lat' dir='ltr'>soit</span> <span class='ocrx_word' id='word_1_1338' title='bbox 1690 2654 1705 2674; x_wconf 92' lang='lat' dir='ltr'>a</span> <span class='ocrx_word' id='word_1_1339' title='bbox 1719 2643 1792 2674; x_wconf 85' lang='lat' dir='ltr'>faire.</span> 
     </span>
    </p>

    <p class='ocr_par' dir='ltr' id='par_1_42' title="bbox 1317 2679 2382 2800">
     <span class='ocr_line' id='line_1_157' title="bbox 1355 2679 2381 2722; baseline 0.004 -11"><span class='ocrx_word' id='word_1_1340' title='bbox 1355 2679 1458 2712; x_wconf 77' lang='lat' dir='ltr'>L’estat</span> <span class='ocrx_word' id='word_1_1341' title='bbox 1472 2681 1511 2711; x_wconf 91' lang='lat' dir='ltr'>du</span> <span class='ocrx_word' id='word_1_1342' title='bbox 1524 2681 1601 2720; x_wconf 89' lang='lat' dir='ltr'>Pais,</span> <span class='ocrx_word' id='word_1_1343' title='bbox 1625 2683 1658 2714; x_wconf 67' lang='grc' dir='ltr'>ὃς</span> <span class='ocrx_word' id='word_1_1344' title='bbox 1673 2682 1711 2712; x_wconf 89' lang='lat' dir='ltr'>les</span> <span class='ocrx_word' id='word_1_1345' title='bbox 1726 2681 1857 2720; x_wconf 84' lang='lat' dir='ltr'>noveles,</span> <span class='ocrx_word' id='word_1_1346' title='bbox 1874 2692 1921 2722; x_wconf 85' lang='lat' dir='ltr'>par</span> <span class='ocrx_word' id='word_1_1347' title='bbox 1936 2682 2035 2714; x_wconf 89' lang='lat' dir='ltr'>devers</span> <span class='ocrx_word' id='word_1_1348' title='bbox 2049 2693 2136 2722; x_wconf 83' lang='lat' dir='ltr'>vous,</span> <span class='ocrx_word' id='word_1_1349' title='bbox 2160 2693 2231 2713; x_wconf 91' lang='lat' dir='ltr'>nous</span> <span class='ocrx_word' id='word_1_1350' title='bbox 2246 2684 2326 2713; x_wconf 84' lang='lat' dir='ltr'>facez</span> <span class='ocrx_word' id='word_1_1351' title='bbox 2340 2684 2381 2715; x_wconf 85' lang='lat' dir='ltr'>sa-</span> 
     </span>
     <span class='ocr_line' id='line_1_158' title="bbox 1317 2719 2381 2761; baseline 0.004 -12"><span class='ocrx_word' id='word_1_1352' title='bbox 1317 2719 1399 2758; x_wconf 86' lang='lat' dir='ltr'>voir,</span> <span class='ocrx_word' id='word_1_1353' title='bbox 1414 2720 1449 2750; x_wconf 92' lang='lat' dir='ltr'>de</span> <span class='ocrx_word' id='word_1_1354' title='bbox 1470 2728 1564 2758; x_wconf 85' lang='lat' dir='ltr'>temps</span> <span class='ocrx_word' id='word_1_1355' title='bbox 1584 2731 1620 2750; x_wconf 86' lang='lat' dir='ltr'>en</span> <span class='ocrx_word' id='word_1_1356' title='bbox 1643 2730 1750 2760; x_wconf 89' lang='lat' dir='ltr'>temps,</span> <span class='ocrx_word' id='word_1_1357' title='bbox 1775 2722 1793 2751; x_wconf 83' lang='lat' dir='ltr'>si</span> <span class='ocrx_word' id='word_1_1358' title='bbox 1817 2722 1915 2752; x_wconf 84' lang='lat' dir='ltr'>fovent</span> <span class='ocrx_word' id='word_1_1359' title='bbox 1935 2732 2021 2752; x_wconf 90' lang='lat' dir='ltr'>come</span> <span class='ocrx_word' id='word_1_1360' title='bbox 2041 2733 2113 2753; x_wconf 90' lang='lat' dir='ltr'>vous</span> <span class='ocrx_word' id='word_1_1361' title='bbox 2128 2731 2221 2760; x_wconf 74' lang='lat' dir='ltr'>poez3</span> <span class='ocrx_word' id='word_1_1362' title='bbox 2238 2720 2311 2752; x_wconf 84' lang='lat' dir='ltr'>iffint</span> <span class='ocrx_word' id='word_1_1363' title='bbox 2326 2732 2381 2761; x_wconf 89' lang='lat' dir='ltr'>que</span> 
     </span>
     <span class='ocr_line' id='line_1_159' title="bbox 1317 2757 2382 2800; baseline 0.004 -13"><span class='ocrx_word' id='word_1_1364' title='bbox 1317 2768 1388 2788; x_wconf 79' lang='lat' dir='ltr'>nous</span> <span class='ocrx_word' id='word_1_1365' title='bbox 1403 2757 1560 2798; x_wconf 82' lang='lat' dir='ltr'>Puiffoms,</span> <span class='ocrx_word' id='word_1_1366' title='bbox 1580 2759 1640 2798; x_wconf 89' lang='lat' dir='ltr'>plus</span> <span class='ocrx_word' id='word_1_1367' title='bbox 1657 2760 1827 2798; x_wconf 82' lang='lat' dir='ltr'>avisement,</span> <span class='ocrx_word' id='word_1_1368' title='bbox 1846 2759 1979 2790; x_wconf 85' lang='lat' dir='ltr'>ordeiner</span> <span class='ocrx_word' id='word_1_1369' title='bbox 1993 2770 2065 2799; x_wconf 90' lang='lat' dir='ltr'>ceo,</span> <span class='ocrx_word' id='word_1_1370' title='bbox 2082 2761 2157 2799; x_wconf 84' lang='lat' dir='ltr'>q’ent</span> <span class='ocrx_word' id='word_1_1371' title='bbox 2173 2760 2241 2791; x_wconf 88' lang='lat' dir='ltr'>serra</span> <span class='ocrx_word' id='word_1_1372' title='bbox 2259 2771 2275 2791; x_wconf 89' lang='lat' dir='ltr'>a</span> <span class='ocrx_word' id='word_1_1373' title='bbox 2297 2761 2382 2800; x_wconf 73' lang='lat' dir='ltr'>faire,</span> 
     </span>
    </p>

    <p class='ocr_par' dir='ltr' id='par_1_43' title="bbox 1355 2795 2383 2837">
     <span class='ocr_line' id='line_1_160' title="bbox 1355 2795 2383 2837; baseline 0.004 -10"><span class='ocrx_word' id='word_1_1374' title='bbox 1355 2795 1520 2828; x_wconf 84' lang='lat' dir='ltr'>Confortez</span> <span class='ocrx_word' id='word_1_1375' title='bbox 1534 2808 1622 2837; x_wconf 88' lang='lat' dir='ltr'>vous,</span> <span class='ocrx_word' id='word_1_1376' title='bbox 1639 2800 1672 2830; x_wconf 70' lang='grc' dir='ltr'>ὃς</span> <span class='ocrx_word' id='word_1_1377' title='bbox 1687 2799 1762 2829; x_wconf 87' lang='lat' dir='ltr'>soiez</span> <span class='ocrx_word' id='word_1_1378' title='bbox 1777 2798 1813 2828; x_wconf 90' lang='lat' dir='ltr'>de</span> <span class='ocrx_word' id='word_1_1379' title='bbox 1827 2799 1886 2829; x_wconf 91' lang='lat' dir='ltr'>bon</span> <span class='ocrx_word' id='word_1_1380' title='bbox 1900 2808 1986 2837; x_wconf 90' lang='lat' dir='ltr'>quer,</span> <span class='ocrx_word' id='word_1_1381' title='bbox 2003 2809 2090 2829; x_wconf 89' lang='lat' dir='ltr'>come</span> <span class='ocrx_word' id='word_1_1382' title='bbox 2109 2808 2182 2830; x_wconf 87' lang='lat' dir='ltr'>nous</span> <span class='ocrx_word' id='word_1_1383' title='bbox 2202 2808 2275 2829; x_wconf 89' lang='lat' dir='ltr'>nous</span> <span class='ocrx_word' id='word_1_1384' title='bbox 2297 2797 2383 2831; x_wconf 84' lang='lat' dir='ltr'>froms</span> 
     </span>
    </p>
   </div>
   <div class='ocr_carea' id='block_1_22' title="bbox 1302 2835 2044 2874">
    <p class='ocr_par' dir='ltr' id='par_1_44' title="bbox 1302 2835 2044 2874">
     <span class='ocr_line' id='line_1_161' title="bbox 1302 2835 2044 2874; baseline 0.001 -8"><span class='ocrx_word' id='word_1_1385' title='bbox 1302 2835 1352 2866; x_wconf 80' lang='lat' dir='ltr'>‘de</span> <span class='ocrx_word' id='word_1_1386' title='bbox 1363 2846 1452 2874; x_wconf 67' lang='lat' dir='ltr'>vous,</span> <span class='ocrx_word' id='word_1_1387' title='bbox 1490 2846 1518 2865; x_wconf 85' lang='lat' dir='ltr'>ar</span> <span class='ocrx_word' id='word_1_1388' title='bbox 1539 2847 1610 2866; x_wconf 89' lang='lat' dir='ltr'>nous</span> <span class='ocrx_word' id='word_1_1389' title='bbox 1624 2848 1695 2867; x_wconf 86' lang='lat' dir='ltr'>vous</span> <span class='ocrx_word' id='word_1_1390' title='bbox 1708 2838 1847 2867; x_wconf 81' lang='lat' dir='ltr'>aideroms</span> <span class='ocrx_word' id='word_1_1391' title='bbox 1859 2846 2044 2867; x_wconf 88' lang='lat' dir='ltr'>enterement.</span> 
     </span>
    </p>
   </div>
   <div class='ocr_carea' id='block_1_23' title="bbox 1351 2873 2340 2993">
    <p class='ocr_par' dir='ltr' id='par_1_45' title="bbox 1351 2873 2340 2993">
     <span class='ocr_line' id='line_1_162' title="bbox 1351 2873 2058 2914; baseline 0.003 -10"><span class='ocrx_word' id='word_1_1392' title='bbox 1351 2873 1441 2905; x_wconf 87' lang='lat' dir='ltr'>Done</span> <span class='ocrx_word' id='word_1_1393' title='bbox 1456 2885 1472 2904; x_wconf 90' lang='lat' dir='ltr'>a</span> <span class='ocrx_word' id='word_1_1394' title='bbox 1511 2874 1645 2914; x_wconf 84' lang='lat' dir='ltr'>orcestre,</span> <span class='ocrx_word' id='word_1_1395' title='bbox 1664 2876 1689 2906; x_wconf 90' lang='lat' dir='ltr'>le</span> <span class='ocrx_word' id='word_1_1396' title='bbox 1708 2885 1744 2913; x_wconf 82' lang='lat'>30</span> <span class='ocrx_word' id='word_1_1397' title='bbox 1759 2877 1821 2914; x_wconf 88' lang='lat' dir='ltr'>jour</span> <span class='ocrx_word' id='word_1_1398' title='bbox 1833 2874 1870 2906; x_wconf 90' lang='lat' dir='ltr'>de</span> <span class='ocrx_word' id='word_1_1399' title='bbox 1882 2875 2058 2914; x_wconf 80' lang='lat' dir='ltr'>Septembre.</span> 
     </span>
     <span class='ocr_line' id='line_1_163' title="bbox 1354 2948 2340 2993; baseline 0.001 -12"><span class='ocrx_word' id='word_1_1400' title='bbox 1354 2948 1402 2981; x_wconf 89' lang='lat' dir='ltr'>En</span> <span class='ocrx_word' id='word_1_1401' title='bbox 1419 2952 1535 2982; x_wconf 88' lang='lat' dir='ltr'>meisme</span> <span class='ocrx_word' id='word_1_1402' title='bbox 1548 2951 1572 2982; x_wconf 91' lang='lat' dir='ltr'>la</span> <span class='ocrx_word' id='word_1_1403' title='bbox 1587 2951 1699 2982; x_wconf 90' lang='lat' dir='ltr'>fourme</span> <span class='ocrx_word' id='word_1_1404' title='bbox 1713 2950 1754 2981; x_wconf 90' lang='lat' dir='ltr'>est</span> <span class='ocrx_word' id='word_1_1405' title='bbox 1769 2951 1850 2983; x_wconf 87' lang='lat' dir='ltr'>escrit</span> <span class='ocrx_word' id='word_1_1406' title='bbox 1863 2961 1893 2983; x_wconf 88' lang='lat' dir='ltr'>as</span> <span class='ocrx_word' id='word_1_1407' title='bbox 1912 2952 1993 2984; x_wconf 87' lang='lat' dir='ltr'>soutz</span> <span class='ocrx_word' id='word_1_1408' title='bbox 2012 2952 2110 2984; x_wconf 84' lang='lat' dir='ltr'>escritz</span> <span class='ocrx_word' id='word_1_1409' title='bbox 2125 2964 2136 2992; x_wconf 72' lang='lat'>3</span> <span class='ocrx_word' id='word_1_1410' title='bbox 2154 2950 2340 2993; x_wconf 68' lang='lat' dir='ltr'>c’estaffizvoir,</span> 
     </span>
    </p>
   </div>
   <div class='ocr_carea' id='block_1_24' title="bbox 1306 3027 2122 4071">
    <p class='ocr_par' dir='ltr' id='par_1_46' title="bbox 1316 3027 1776 3066">
     <span class='ocr_line' id='line_1_164' title="bbox 1316 3027 1776 3066; baseline 0.004 -10"><span class='ocrx_word' id='word_1_1411' title='bbox 1316 3027 1448 3058; x_wconf 82' lang='lat' dir='ltr'>Guilliam</span> <span class='ocrx_word' id='word_1_1412' title='bbox 1463 3032 1573 3066; x_wconf 83' lang='lat' dir='ltr'>Seignur</span> <span class='ocrx_word' id='word_1_1413' title='bbox 1587 3029 1619 3059; x_wconf 88' lang='lat' dir='ltr'>de</span> <span class='ocrx_word' id='word_1_1414' title='bbox 1632 3032 1776 3066; x_wconf 79' lang='lat' dir='ltr'>caumont,</span> 
     </span>
    </p>

    <p class='ocr_par' dir='ltr' id='par_1_47' title="bbox 1316 3066 1969 3108">
     <span class='ocr_line' id='line_1_165' title="bbox 1316 3066 1969 3108; baseline 0.003 -13"><span class='ocrx_word' id='word_1_1415' title='bbox 1316 3067 1397 3096; x_wconf 87' lang='lat' dir='ltr'>Peres</span> <span class='ocrx_word' id='word_1_1416' title='bbox 1411 3068 1442 3096; x_wconf 88' lang='lat' dir='ltr'>de</span> <span class='ocrx_word' id='word_1_1417' title='bbox 1457 3070 1605 3105; x_wconf 84' lang='lat' dir='ltr'>Rouynuan</span> <span class='ocrx_word' id='word_1_1418' title='bbox 1619 3070 1730 3105; x_wconf 86' lang='lat' dir='ltr'>Seignur</span> <span class='ocrx_word' id='word_1_1419' title='bbox 1744 3068 1776 3097; x_wconf 82' lang='lat' dir='ltr'>de</span> <span class='ocrx_word' id='word_1_1420' title='bbox 1794 3070 1877 3099; x_wconf 81' lang='lat' dir='ltr'>Mont</span> <span class='ocrx_word' id='word_1_1421' title='bbox 1894 3066 1969 3108; x_wconf 62' lang='lat' dir='ltr'>Caffl</span> 
     </span>
    </p>

    <p class='ocr_par' dir='ltr' id='par_1_48' title="bbox 1315 3107 1719 3146">
     <span class='ocr_line' id='line_1_166' title="bbox 1315 3107 1719 3146; baseline 0.002 -12"><span class='ocrx_word' id='word_1_1422' title='bbox 1315 3108 1363 3134; x_wconf 79' lang='lat' dir='ltr'>As</span> <span class='ocrx_word' id='word_1_1423' title='bbox 1374 3108 1500 3143; x_wconf 82' lang='lat' dir='ltr'>Seignurs</span> <span class='ocrx_word' id='word_1_1424' title='bbox 1512 3107 1544 3136; x_wconf 85' lang='lat' dir='ltr'>de</span> <span class='ocrx_word' id='word_1_1425' title='bbox 1559 3107 1719 3146; x_wconf 84' lang='lat' dir='ltr'>Podeygnes,</span> 
     </span>
    </p>

    <p class='ocr_par' dir='ltr' id='par_1_49' title="bbox 1316 3143 1831 3184">
     <span class='ocr_line' id='line_1_167' title="bbox 1316 3143 1831 3184; baseline 0.004 -11"><span class='ocrx_word' id='word_1_1426' title='bbox 1316 3143 1437 3173; x_wconf 75' lang='lat' dir='ltr'>Galliam</span> <span class='ocrx_word' id='word_1_1427' title='bbox 1450 3147 1534 3182; x_wconf 79' lang='lat' dir='ltr'>Furcy</span> <span class='ocrx_word' id='word_1_1428' title='bbox 1545 3148 1655 3183; x_wconf 78' lang='lat' dir='ltr'>Seignur</span> <span class='ocrx_word' id='word_1_1429' title='bbox 1672 3145 1703 3175; x_wconf 84' lang='lat' dir='ltr'>de</span> <span class='ocrx_word' id='word_1_1430' title='bbox 1715 3147 1831 3184; x_wconf 76' lang='lat' dir='ltr'>Vernon,</span> 
     </span>
    </p>

    <p class='ocr_par' dir='ltr' id='par_1_50' title="bbox 1315 3181 1599 3222">
     <span class='ocr_line' id='line_1_168' title="bbox 1315 3181 1599 3222; baseline 0.004 -10"><span class='ocrx_word' id='word_1_1431' title='bbox 1315 3181 1448 3212; x_wconf 80' lang='lat' dir='ltr'>Gaillard</span> <span class='ocrx_word' id='word_1_1432' title='bbox 1458 3184 1490 3213; x_wconf 86' lang='lat' dir='ltr'>de</span> <span class='ocrx_word' id='word_1_1433' title='bbox 1501 3182 1599 3222; x_wconf 83' lang='lat' dir='ltr'>Tastis,</span> 
     </span>
    </p>

    <p class='ocr_par' dir='ltr' id='par_1_51' title="bbox 1314 3221 1614 3262">
     <span class='ocr_line' id='line_1_169' title="bbox 1314 3221 1614 3262; baseline 0 -12"><span class='ocrx_word' id='word_1_1434' title='bbox 1314 3222 1460 3252; x_wconf 84' lang='lat' dir='ltr'>Bertrand</span> <span class='ocrx_word' id='word_1_1435' title='bbox 1469 3221 1614 3262; x_wconf 80' lang='lat' dir='ltr'>Destiffizk,</span> 
     </span>
    </p>

    <p class='ocr_par' dir='ltr' id='par_1_52' title="bbox 1314 3262 1570 3301">
     <span class='ocr_line' id='line_1_170' title="bbox 1314 3262 1570 3301; baseline 0.008 -13"><span class='ocrx_word' id='word_1_1436' title='bbox 1314 3262 1428 3290; x_wconf 77' lang='lat' dir='ltr'>Wauter</span> <span class='ocrx_word' id='word_1_1437' title='bbox 1445 3262 1570 3301; x_wconf 80' lang='lat' dir='ltr'>Provust,</span> 
     </span>
    </p>

    <p class='ocr_par' dir='ltr' id='par_1_53' title="bbox 1311 3297 1676 3339">
     <span class='ocr_line' id='line_1_171' title="bbox 1311 3297 1676 3339; baseline -0.003 -10"><span class='ocrx_word' id='word_1_1438' title='bbox 1311 3298 1509 3329; x_wconf 79' lang='lat' dir='ltr'>Archambald</span> <span class='ocrx_word' id='word_1_1439' title='bbox 1524 3297 1676 3339; x_wconf 69' lang='lat' dir='ltr'>Destiffizk,</span> 
     </span>
    </p>

    <p class='ocr_par' dir='ltr' id='par_1_54' title="bbox 1311 3337 1588 3378">
     <span class='ocr_line' id='line_1_172' title="bbox 1311 3337 1588 3378; baseline 0.004 -12"><span class='ocrx_word' id='word_1_1440' title='bbox 1311 3337 1431 3368; x_wconf 87' lang='lat' dir='ltr'>Arnald</span> <span class='ocrx_word' id='word_1_1441' title='bbox 1440 3338 1588 3378; x_wconf 88' lang='lat' dir='ltr'>Durefort,</span> 
     </span>
    </p>

    <p class='ocr_par' dir='ltr' id='par_1_55' title="bbox 1311 3377 1664 3417">
     <span class='ocr_line' id='line_1_173' title="bbox 1311 3377 1664 3417; baseline -0.003 -11"><span class='ocrx_word' id='word_1_1442' title='bbox 1311 3380 1407 3407; x_wconf 84' lang='lat' dir='ltr'><em>Sannz</em></span> <span class='ocrx_word' id='word_1_1443' title='bbox 1424 3379 1523 3406; x_wconf 79' lang='lat' dir='ltr'>Savoir</span> <span class='ocrx_word' id='word_1_1444' title='bbox 1538 3377 1569 3406; x_wconf 82' lang='lat' dir='ltr'>de</span> <span class='ocrx_word' id='word_1_1445' title='bbox 1583 3378 1664 3417; x_wconf 77' lang='lat' dir='ltr'>Pyns,</span> 
     </span>
    </p>

    <p class='ocr_par' dir='ltr' id='par_1_56' title="bbox 1310 3413 1657 3455">
     <span class='ocr_line' id='line_1_174' title="bbox 1310 3413 1657 3455; baseline -0.003 -10"><span class='ocrx_word' id='word_1_1446' title='bbox 1310 3415 1448 3455; x_wconf 82' lang='lat' dir='ltr'>Ramfrea&#39;</span> <span class='ocrx_word' id='word_1_1447' title='bbox 1457 3416 1488 3445; x_wconf 90' lang='lat' dir='ltr'>de</span> <span class='ocrx_word' id='word_1_1448' title='bbox 1502 3413 1638 3455; x_wconf 62' lang='lat' dir='ltr'>Dureffbrt</span> <span class='ocrx_word' id='word_1_1449' title='bbox 1646 3438 1657 3455; x_wconf 91' lang='lat'>,</span> 
     </span>
    </p>

    <p class='ocr_par' dir='ltr' id='par_1_57' title="bbox 1310 3454 1616 3493">
     <span class='ocr_line' id='line_1_175' title="bbox 1310 3454 1616 3493; baseline -0.003 -9"><span class='ocrx_word' id='word_1_1450' title='bbox 1310 3457 1410 3484; x_wconf 83' lang='lat' dir='ltr'>Vinian</span> <span class='ocrx_word' id='word_1_1451' title='bbox 1424 3454 1456 3483; x_wconf 84' lang='lat' dir='ltr'>de</span> <span class='ocrx_word' id='word_1_1452' title='bbox 1468 3454 1616 3493; x_wconf 83' lang='lat' dir='ltr'>Podensak,</span> 
     </span>
    </p>

    <p class='ocr_par' dir='ltr' id='par_1_58' title="bbox 1309 3495 1558 3531">
     <span class='ocr_line' id='line_1_176' title="bbox 1309 3495 1558 3531; baseline -0.004 -9"><span class='ocrx_word' id='word_1_1453' title='bbox 1309 3495 1405 3523; x_wconf 84' lang='lat' dir='ltr'>Pounz</span> <span class='ocrx_word' id='word_1_1454' title='bbox 1417 3496 1558 3531; x_wconf 83' lang='lat' dir='ltr'>Amaneu,</span> 
     </span>
    </p>

    <p class='ocr_par' dir='ltr' id='par_1_59' title="bbox 1309 3530 1653 3568">
     <span class='ocr_line' id='line_1_177' title="bbox 1309 3530 1653 3568; baseline -0.003 -7"><span class='ocrx_word' id='word_1_1455' title='bbox 1309 3531 1399 3561; x_wconf 83' lang='lat' dir='ltr'>Rudel</span> <span class='ocrx_word' id='word_1_1456' title='bbox 1412 3531 1444 3560; x_wconf 84' lang='lat' dir='ltr'>a&#39;e</span> <span class='ocrx_word' id='word_1_1457' title='bbox 1459 3534 1542 3560; x_wconf 85' lang='lat' dir='ltr'>Mont</span> <span class='ocrx_word' id='word_1_1458' title='bbox 1557 3530 1653 3568; x_wconf 85' lang='lat' dir='ltr'>Clare,</span> 
     </span>
    </p>

    <p class='ocr_par' dir='ltr' id='par_1_60' title="bbox 1309 3568 1750 3609">
     <span class='ocr_line' id='line_1_178' title="bbox 1309 3568 1750 3609; baseline 0 -9"><span class='ocrx_word' id='word_1_1459' title='bbox 1309 3568 1429 3600; x_wconf 80' lang='lat' dir='ltr'><em>Arnald</em></span> <span class='ocrx_word' id='word_1_1460' title='bbox 1439 3569 1560 3600; x_wconf 84' lang='lat' dir='ltr'>Guillam</span> <span class='ocrx_word' id='word_1_1461' title='bbox 1572 3570 1604 3599; x_wconf 87' lang='lat' dir='ltr'>de</span> <span class='ocrx_word' id='word_1_1462' title='bbox 1619 3568 1750 3609; x_wconf 72' lang='lat' dir='ltr'>Marfhn,</span> 
     </span>
    </p>

    <p class='ocr_par' dir='ltr' id='par_1_61' title="bbox 1309 3607 1635 3645">
     <span class='ocr_line' id='line_1_179' title="bbox 1309 3607 1635 3645; baseline -0.003 -7"><span class='ocrx_word' id='word_1_1463' title='bbox 1309 3608 1430 3638; x_wconf 80' lang='lat' dir='ltr'>Menald</span> <span class='ocrx_word' id='word_1_1464' title='bbox 1442 3609 1473 3638; x_wconf 88' lang='lat' dir='ltr'>de</span> <span class='ocrx_word' id='word_1_1465' title='bbox 1493 3607 1635 3645; x_wconf 81' lang='lat' dir='ltr'>Morland,</span> 
     </span>
    </p>

    <p class='ocr_par' dir='ltr' id='par_1_62' title="bbox 1308 3643 1912 3687">
     <span class='ocr_line' id='line_1_180' title="bbox 1308 3643 1912 3687; baseline -0.005 -11"><span class='ocrx_word' id='word_1_1466' title='bbox 1308 3647 1427 3687; x_wconf 85' lang='lat' dir='ltr'>Aygelin</span> <span class='ocrx_word' id='word_1_1467' title='bbox 1445 3646 1577 3677; x_wconf 85' lang='lat' dir='ltr'>Guilliam</span> <span class='ocrx_word' id='word_1_1468' title='bbox 1592 3650 1702 3684; x_wconf 86' lang='lat' dir='ltr'>Seignur</span> <span class='ocrx_word' id='word_1_1469' title='bbox 1717 3646 1748 3675; x_wconf 88' lang='lat' dir='ltr'>de</span> <span class='ocrx_word' id='word_1_1470' title='bbox 1763 3643 1793 3674; x_wconf 81' lang='lat' dir='ltr'>la</span> <span class='ocrx_word' id='word_1_1471' title='bbox 1806 3647 1912 3682; x_wconf 74' lang='lat' dir='ltr'>Sparre,</span> 
     </span>
    </p>

    <p class='ocr_par' dir='ltr' id='par_1_63' title="bbox 1308 3683 2029 3801">
     <span class='ocr_line' id='line_1_181' title="bbox 1309 3683 1915 3721; baseline -0.008 -6"><span class='ocrx_word' id='word_1_1472' title='bbox 1309 3685 1430 3716; x_wconf 83' lang='lat' dir='ltr'>Arnald</span> <span class='ocrx_word' id='word_1_1473' title='bbox 1441 3686 1473 3715; x_wconf 84' lang='lat' dir='ltr'>de</span> <span class='ocrx_word' id='word_1_1474' title='bbox 1485 3684 1513 3714; x_wconf 88' lang='lat' dir='ltr'>la</span> <span class='ocrx_word' id='word_1_1475' title='bbox 1530 3686 1628 3715; x_wconf 83' lang='lat' dir='ltr'>Laude</span> <span class='ocrx_word' id='word_1_1476' title='bbox 1642 3688 1753 3721; x_wconf 80' lang='lat' dir='ltr'>Seignur</span> <span class='ocrx_word' id='word_1_1477' title='bbox 1765 3683 1796 3712; x_wconf 86' lang='lat' dir='ltr'>de</span> <span class='ocrx_word' id='word_1_1478' title='bbox 1809 3683 1915 3720; x_wconf 79' lang='lat' dir='ltr'>Brede,</span> 
     </span>
     <span class='ocr_line' id='line_1_182' title="bbox 1308 3717 2029 3764; baseline -0.008 -10"><span class='ocrx_word' id='word_1_1479' title='bbox 1308 3723 1460 3764; x_wconf 85' lang='lat' dir='ltr'>Almaluyn</span> <span class='ocrx_word' id='word_1_1480' title='bbox 1474 3724 1506 3753; x_wconf 90' lang='lat' dir='ltr'>de</span> <span class='ocrx_word' id='word_1_1481' title='bbox 1521 3722 1632 3762; x_wconf 76' lang='lat' dir='ltr'>Varrese</span> <span class='ocrx_word' id='word_1_1482' title='bbox 1645 3726 1756 3759; x_wconf 78' lang='lat' dir='ltr'>Seignur</span> <span class='ocrx_word' id='word_1_1483' title='bbox 1772 3721 1804 3750; x_wconf 88' lang='lat' dir='ltr'>de</span> <span class='ocrx_word' id='word_1_1484' title='bbox 1817 3717 2029 3760; x_wconf 83' lang='lat' dir='ltr'>Monteferand,</span> 
     </span>
     <span class='ocr_line' id='line_1_183' title="bbox 1308 3757 1849 3801; baseline -0.013 -8"><span class='ocrx_word' id='word_1_1485' title='bbox 1308 3766 1388 3793; x_wconf 85' lang='lat' dir='ltr'>Peres</span> <span class='ocrx_word' id='word_1_1486' title='bbox 1407 3761 1518 3792; x_wconf 75' lang='lat' dir='ltr'>Caillan</span> <span class='ocrx_word' id='word_1_1487' title='bbox 1534 3765 1644 3798; x_wconf 83' lang='lat' dir='ltr'>Seignur</span> <span class='ocrx_word' id='word_1_1488' title='bbox 1655 3761 1687 3789; x_wconf 87' lang='lat' dir='ltr'>de</span> <span class='ocrx_word' id='word_1_1489' title='bbox 1701 3757 1849 3801; x_wconf 64' lang='lat' dir='ltr'>Pudensak‚</span> 
     </span>
    </p>

    <p class='ocr_par' dir='ltr' id='par_1_64' title="bbox 1307 3793 2073 3876">
     <span class='ocr_line' id='line_1_184' title="bbox 1307 3793 2073 3836; baseline -0.009 -5"><span class='ocrx_word' id='word_1_1490' title='bbox 1307 3800 1428 3831; x_wconf 83' lang='lat' dir='ltr'>Arnald</span> <span class='ocrx_word' id='word_1_1491' title='bbox 1438 3799 1570 3830; x_wconf 82' lang='lat' dir='ltr'>Guilliam</span> <span class='ocrx_word' id='word_1_1492' title='bbox 1583 3800 1615 3828; x_wconf 88' lang='lat' dir='ltr'>de</span> <span class='ocrx_word' id='word_1_1493' title='bbox 1630 3797 1768 3836; x_wconf 59' lang='lat' dir='ltr'>Malloian</span> <span class='ocrx_word' id='word_1_1494' title='bbox 1780 3796 1902 3835; x_wconf 78' lang='lat' dir='ltr'>Vtscount</span> <span class='ocrx_word' id='word_1_1495' title='bbox 1915 3796 1948 3826; x_wconf 88' lang='lat' dir='ltr'>de</span> <span class='ocrx_word' id='word_1_1496' title='bbox 1959 3793 2073 3835; x_wconf 78' lang='lat' dir='ltr'>Juliak,</span> 
     </span>
     <span class='ocr_line' id='line_1_185' title="bbox 1307 3836 1898 3876; baseline -0.012 -6"><span class='ocrx_word' id='word_1_1497' title='bbox 1307 3842 1387 3869; x_wconf 80' lang='lat' dir='ltr'>Peres</span> <span class='ocrx_word' id='word_1_1498' title='bbox 1400 3840 1432 3869; x_wconf 85' lang='lat' dir='ltr'>de</span> <span class='ocrx_word' id='word_1_1499' title='bbox 1446 3836 1558 3867; x_wconf 85' lang='lat' dir='ltr'>Greliak</span> <span class='ocrx_word' id='word_1_1500' title='bbox 1576 3836 1699 3876; x_wconf 75' lang='lat' dir='ltr'>Vtfiount</span> <span class='ocrx_word' id='word_1_1501' title='bbox 1711 3837 1743 3865; x_wconf 86' lang='lat' dir='ltr'>de</span> <span class='ocrx_word' id='word_1_1502' title='bbox 1761 3838 1898 3873; x_wconf 84' lang='lat' dir='ltr'>Benauge,</span> 
     </span>
    </p>

    <p class='ocr_par' dir='ltr' id='par_1_65' title="bbox 1307 3872 2122 3956">
     <span class='ocr_line' id='line_1_186' title="bbox 1308 3872 2122 3912; baseline -0.009 -4"><span class='ocrx_word' id='word_1_1503' title='bbox 1308 3881 1389 3908; x_wconf 86' lang='lat' dir='ltr'>Peres</span> <span class='ocrx_word' id='word_1_1504' title='bbox 1401 3878 1433 3906; x_wconf 85' lang='lat' dir='ltr'>de</span> <span class='ocrx_word' id='word_1_1505' title='bbox 1445 3879 1566 3905; x_wconf 82' lang='lat' dir='ltr'>Ganeret</span> <span class='ocrx_word' id='word_1_1506' title='bbox 1577 3878 1687 3912; x_wconf 89' lang='lat' dir='ltr'>Seignur</span> <span class='ocrx_word' id='word_1_1507' title='bbox 1700 3885 1733 3904; x_wconf 91' lang='lat' dir='ltr'>en</span> <span class='ocrx_word' id='word_1_1508' title='bbox 1747 3872 1776 3902; x_wconf 91' lang='lat' dir='ltr'>la</span> <span class='ocrx_word' id='word_1_1509' title='bbox 1787 3876 1853 3903; x_wconf 84' lang='lat' dir='ltr'>Sene</span> <span class='ocrx_word' id='word_1_1510' title='bbox 1861 3879 1929 3912; x_wconf 86' lang='lat' dir='ltr'>part</span> <span class='ocrx_word' id='word_1_1511' title='bbox 1943 3872 1975 3903; x_wconf 88' lang='lat' dir='ltr'>de</span> <span class='ocrx_word' id='word_1_1512' title='bbox 1989 3875 2122 3911; x_wconf 81' lang='lat' dir='ltr'>Lyngom,</span> 
     </span>
     <span class='ocr_line' id='line_1_187' title="bbox 1307 3913 1648 3956; baseline -0.015 -10"><span class='ocrx_word' id='word_1_1513' title='bbox 1307 3915 1444 3956; x_wconf 83' lang='lat' dir='ltr'>Ramfred</span> <span class='ocrx_word' id='word_1_1514' title='bbox 1453 3915 1484 3944; x_wconf 82' lang='lat' dir='ltr'>de</span> <span class='ocrx_word' id='word_1_1515' title='bbox 1496 3913 1648 3952; x_wconf 72' lang='lat' dir='ltr'>Balimont,</span> 
     </span>
    </p>

    <p class='ocr_par' dir='ltr' id='par_1_66' title="bbox 1307 3951 1630 3990">
     <span class='ocr_line' id='line_1_188' title="bbox 1307 3951 1630 3990; baseline -0.015 -5"><span class='ocrx_word' id='word_1_1516' title='bbox 1307 3953 1451 3985; x_wconf 82' lang='lat' dir='ltr'>Bertrand</span> <span class='ocrx_word' id='word_1_1517' title='bbox 1461 3952 1492 3982; x_wconf 88' lang='lat' dir='ltr'>de</span> <span class='ocrx_word' id='word_1_1518' title='bbox 1506 3951 1630 3990; x_wconf 82' lang='lat' dir='ltr'>Salmak,</span> 
     </span>
    </p>

    <p class='ocr_par' dir='ltr' id='par_1_67' title="bbox 1306 3986 2090 4071">
     <span class='ocr_line' id='line_1_189' title="bbox 1307 3986 2052 4030; baseline -0.009 -7"><span class='ocrx_word' id='word_1_1519' title='bbox 1307 3993 1434 4024; x_wconf 74' lang='lat' dir='ltr'>Arnaud</span> <span class='ocrx_word' id='word_1_1520' title='bbox 1445 3990 1532 4030; x_wconf 65' lang='lat' dir='ltr'>Garffi</span> <span class='ocrx_word' id='word_1_1521' title='bbox 1547 3991 1578 4020; x_wconf 86' lang='lat' dir='ltr'>de</span> <span class='ocrx_word' id='word_1_1522' title='bbox 1592 3989 1683 4030; x_wconf 72' lang='lat' dir='ltr'>Foffizt</span> <span class='ocrx_word' id='word_1_1523' title='bbox 1698 3992 1876 4026; x_wconf 86' lang='lat' dir='ltr'>Con-Seignur</span> <span class='ocrx_word' id='word_1_1524' title='bbox 1890 3988 1924 4018; x_wconf 86' lang='lat' dir='ltr'>de</span> <span class='ocrx_word' id='word_1_1525' title='bbox 1937 3986 2052 4026; x_wconf 79' lang='lat' dir='ltr'>Aculeo,</span> 
     </span>
     <span class='ocr_line' id='line_1_190' title="bbox 1306 4023 2090 4071; baseline -0.006 -10"><span class='ocrx_word' id='word_1_1526' title='bbox 1306 4034 1453 4071; x_wconf 82' lang='lat' dir='ltr'>Anisantz</span> <span class='ocrx_word' id='word_1_1527' title='bbox 1465 4030 1497 4059; x_wconf 89' lang='lat' dir='ltr'>de</span> <span class='ocrx_word' id='word_1_1528' title='bbox 1511 4033 1644 4059; x_wconf 83' lang='lat' dir='ltr'>Caumont</span> <span class='ocrx_word' id='word_1_1529' title='bbox 1661 4031 1841 4065; x_wconf 83' lang='lat' dir='ltr'>Con-Seignur</span> <span class='ocrx_word' id='word_1_1530' title='bbox 1852 4028 1884 4056; x_wconf 87' lang='lat' dir='ltr'>de</span> <span class='ocrx_word' id='word_1_1531' title='bbox 1896 4029 1971 4058; x_wconf 85' lang='lat' dir='ltr'>Seint</span> <span class='ocrx_word' id='word_1_1532' title='bbox 1985 4023 2090 4061; x_wconf 56' lang='lat' dir='ltr'>Barth,</span> 
     </span>
    </p>
   </div>
   <div class='ocr_carea' id='block_1_25' title="bbox 1307 4065 2373 4134">
    <p class='ocr_par' dir='ltr' id='par_1_68' title="bbox 1307 4065 2373 4134">
     <span class='ocr_line' id='line_1_191' title="bbox 1307 4065 2373 4134; baseline -0.01 -33"><span class='ocrx_word' id='word_1_1533' title='bbox 1307 4068 1438 4101; x_wconf 78' lang='lat' dir='ltr'>Bernard</span> <span class='ocrx_word' id='word_1_1534' title='bbox 1446 4068 1478 4098; x_wconf 90' lang='lat' dir='ltr'>de</span> <span class='ocrx_word' id='word_1_1535' title='bbox 1491 4066 1648 4099; x_wconf 78' lang='lat' dir='ltr'>Rauinham</span> <span class='ocrx_word' id='word_1_1536' title='bbox 1661 4070 1771 4107; x_wconf 82' lang='lat' dir='ltr'>Seignur</span> <span class='ocrx_word' id='word_1_1537' title='bbox 1783 4065 1932 4105; x_wconf 84' lang='lat' dir='ltr'>Daltriue,</span> <span class='ocrx_word' id='word_1_1538' title='bbox 2278 4101 2373 4134; x_wconf 42' lang='lat' dir='ltr'>Atmfi</span> 
     </span>
    </p>
   </div>
  </div>
 </body>
</html>
