2562 4279
753 141 863 182 ET
945 137 1214 181 ACTA

47 229 106 262 Am·
121 227 163 259 D·
178 243 230 273 pro
247 233 332 271 Rege
344 233 464 271 Scotiae,
480 231 646 272 jamdudum
669 230 799 260 inventor
822 227 962 258 malorum
985 227 1120 256 omnium
1141 224 1249 255 suscita-

70 275 140 308 1¹:17·

44 312 97 335 Edi.
116 316 143 333 2.

61 1928 83 1954 Ψ
96 1932 151 1961 111.

79 1979 148 2008 595·

51 2847 131 2882 'Ann.
145 2845 188 2880 D.
205 2840 260 2895 R

75 2896 162 2929 1317.

52 2930 106 2957 An.
127 2937 169 2955 io.

0 2992 1 3002 ,
52 2970 85 2994 13.
106 2975 132 2993 2.

182 274 239 310 vit,
264 283 368 303 amaras
389 275 470 302 nobis
493 272 548 301 suas
570 268 791 300 circumstantias
811 266 889 305 (quas
908 264 1083 308 frequenter,
1100 263 1170 293 dum
1197 271 1250 291 nos

182 313 279 341 minor
299 311 382 342 status
396 311 524 347 habetet,
548 309 617 338 inrni
630 307 751 344 peitoris
767 305 882 336 claustra
897 303 1076 339 revolV1mus)
1099 300 1249 339 repraesen-

178 357 245 380 tans.

219 387 298 418 I-linc
313 388 417 418 etenim
431 386 456 416 se
469 383 641 420 offerebant,
657 382 690 412 &
711 378 834 412 offerunt
855 379 954 410 nostris
975 379 1137 416 obtutibus,
1156 378 1250 421 impc-

181 425 342 456 dimentum
358 424 474 463 proinde
489 423 570 452 facile
592 429 735 458 receptura
760 421 805 457 pia
825 418 883 448 Dei
905 419 1032 461 negotia,
1057 418 1090 447 &
1107 417 1250 460 praecipue

182 473 261 495 terrae
277 465 407 502 SantSlne,
425 462 537 492 desertae
553 459 651 489 incolis
664 457 768 488 Christi
785 457 926 494 fidelibus,
944 455 1124 498 ipsorumque
1137 454 1250 498 destitu-

182 511 221 533 tae
235 501 382 540 suffragiis,
405 501 468 537 cui,
489 498 646 528 Catholicis
661 496 840 533 Principibus
853 494 990 524 distratfftis
1004 493 1039 524 ad
1054 493 1124 523 bella
1134 492 1250 531 CiVilia,

183 541 340 572 consolator
354 539 448 576 aliquis
464 547 524 566 non
537 535 633 566 assistit
647 545 681 565 ex
695 534 827 564 omnibus
839 534 909 563 caris
922 533 981 563 suis.
1245 571 1249 575 .

221 579 304 609 Hinc
318 579 344 609 se
357 577 538 615 ingerebant,
555 576 588 606 &
603 575 735 610 ingerunt
754 573 909 602 animarum
933 571 1072 609 pericula,
1097 569 1250 601 Christiani

185 617 331 657 Sanguinis
346 625 403 645 non
419 614 486 643 levis
498 612 612 650 effusio,
633 612 725 648 gravia
743 620 835 641 rerum
857 609 1016 648 dispendia,
1034 610 1067 640 &
1082 619 1141 639 non
1162 609 1252 639 solum

185 655 307 694 ipsorum
319 652 524 690 diffidentium,
533 652 700 687 suorumque
708 650 852 687 gentium,
866 649 904 679 set
920 649 954 679 ὅ(
963 647 1169 686 quamplurium
1183 647 1253 677 alio-

185 703 268 731 rum,
286 693 314 721 in
329 690 451 729 ipsorum
467 689 682 726 commotione,
697 687 851 726 periculosa
865 687 986 718 turbatio
999 688 1100 725 pariter
1112 686 1253 723 &damp-

184 731 257 762 nosa.

223 768 298 799 Haec
320 768 433 806 quidem
456 765 541 796 nostri
563 764 656 796 cordis
675 765 774 795 intima
790 764 951 802 stimulant,
975 763 1115 802 acutisque
1137 763 1255 794 stimulis

187 806 315 837 nostrum
337 804 505 843 interpellant
528 803 690 841 Officium,
709 814 739 833 ur
754 803 788 834 ad
808 803 1042 842 occurrendum,
1066 813 1115 841 per
1138 812 1255 840 oportu-

185 856 221 875 na
239 845 380 883 remedia,
403 851 482 874 tanto
497 841 657 880 Religionis
673 841 841 873 Christianae
862 842 1032 881 discrimini,
1047 843 1127 872 ocius
1141 850 1256 880 exurga-

184 893 255 914 mus.

220 920 402 952 Attendentes
417 919 499 959 igitur
512 919 588 958 quod
605 918 639 949 ad
655 929 707 949 nos
727 919 803 959 (qui,
819 919 884 950 licet
900 920 1052 957 immeriti,
1067 919 1144 949 vices
1164 917 1255 955 Regis

185 959 297 998 pacifici
310 959 453 996 gerimus,
471 968 504 987 ac
517 958 687 998 plenitudine
709 957 856 994 fungimur
875 958 1032 996 potestatis,
1050 956 1255 995 Apostolorum

186 999 311 1036 Principi
344 996 450 1034 suisque
465 996 674 1027 Successoribus
689 1006 722 1027 ex
743 997 798 1028 alto
814 996 965 1034 concessae)
983 996 1149 1036 singulariter
1171 996 1257 1033 perti-

184 1045 252 1075 net,
271 1037 301 1065 in
315 1021 475 1066 Universali
488 1034 631 1073 Ecclesia,
649 1035 791 1066 cunetave
800 1036 1034 1073 Congregatione
1047 1034 1189 1072 fidelium,
1208 1044 1256 1071 pa-

183 1082 250 1106 cem
263 1084 398 1112 quaerere,
416 1084 451 1105 ac
466 1073 553 1111 ipsam
569 1073 659 1104 facere
673 1074 837 1111 diligentius
851 1074 1009 1112 observari,
1027 1075 1098 1104 inter
1108 1073 1237 1111 praefatos
1246 1095 1256 1110 ,

183 1113 298 1182 Regem
313 1113 445 1151 Angliae,
463 1113 497 1143 &
513 1121 658 1151 gerentem
671 1112 698 1143 se
712 1123 765 1153 pro
788 1114 873 1151 Rege
895 1113 1018 1150 Scotiae,
1033 1112 1195 1142 auc'toritate
1214 1111 1256 1141 Α-

183 1154 233 1222 ἒοί
247 1151 324 1182 011εᾶ
335 1160 444 1189 treugas
461 1152 590 1190 (quarum
601 1151 694 1182 foedus
708 1153 876 1192 ymaginem
891 1153 966 1190 pacis
981 1150 1100 1188 inducit)
1121 1150 1206 1188 usque
1221 1149 1255 1180 ad

207 1191 334 1221 iennium
349 1189 496 1221 duraturas:

223 1230 270 1260 Ac
284 1231 313 1259 in
334 1239 401 1268 eos,
421 1230 454 1259 &
476 1238 594 1266 omnm,
612 1229 646 1259 &
669 1228 791 1266 singulos
814 1238 915 1259 eorum
935 1227 1090 1265 adjutores,
1109 1227 1257 1266 valitores,

184 1268 374 1299 consiliatores
381 1291 391 1307 ,
410 1267 553 1306 sequaces,
578 1266 753 1306 complices,
773 1267 806 1297 &
822 1277 922 1297 eorum
942 1268 1130 1305 adhaerenteS,
1149 1274 1259 1304 treugas

185 1306 374 1343 infringentes
392 1307 520 1344 easdem,
539 1305 584 1336 vel
607 1305 777 1344 quemlibet,
802 1315 859 1336 non
878 1306 1030 1344 servantes,
1047 1305 1258 1335 Excommuni-

186 1346 306 1375 cationis
319 1344 483 1375 sententiam
496 1344 725 1383 promulgamus,
740 1354 801 1374 non
814 1343 943 1375 obstante
950 1345 986 1383 si,
1001 1344 1096 1382 Regi,
1115 1345 1148 1374 &
1162 1353 1261 1383 geren-

188 1385 228 1422 ti,
252 1383 413 1422 praedidtis,
431 1391 477 1414 aut
499 1383 561 1421 ipsis
583 1382 816 1421 Adhaerentibus,
834 1383 879 1413 seu
903 1384 992 1414 cuivis
1014 1392 1129 1421 eorum,
1149 1393 1164 1412 a
1188 1382 1260 1413 Sede

189 1422 357 1461 Apostolicfi
369 1422 400 1452 sit
415 1421 555 1453 indultum
570 1421 647 1460 quod
662 1422 903 1453 excommunicari
925 1432 985 1452 non
999 1420 1112 1459 poffint,
1136 1431 1184 1459 per
1200 1421 1261 1451 Lit-

189 1469 258 1491 teras
278 1460 356 1491 Sedis
374 1461 515 1499 ejusdem,
533 1471 595 1491 non
618 1459 749 1491 facientes
773 1461 904 1499 plenam,
926 1461 960 1491 ὃς
985 1459 1156 1499 expressam,
1174 1470 1208 1490 ac
1225 1460 1261 1489 de

189 1499 280 1530 verbo
293 1499 326 1530 ad
340 1500 466 1537 verbum,
476 1499 512 1529 de
526 1498 635 1530 indulto
648 1499 807 1538 hujusmodi
823 1501 1017 1537 mentionem,
1036 1499 1070 1530 &
1079 1499 1202 1536 qualibet
1210 1498 1261 1529 alia

190 1538 277 1568 dietae
293 1537 371 1568 Sedis
389 1537 579 1577 indulgentia,
598 1538 720 1575 generali
734 1538 779 1568 vel
793 1538 921 1577 speciali,
941 1537 1141 1576 cujuscumque
1155 1538 1259 1567 tenoris

191 1576 236 1607 vel
263 1575 443 1614 expressionis
461 1576 584 1610 existat)
612 1586 660 1614 per
686 1586 771 1615 quarn
789 1575 905 1607 effeetus
927 1576 1109 1617 praesentium
1131 1576 1262 1614 impediri

190 1613 289 1653 poffit,
306 1614 353 1645 vel
368 1616 585 1653 quomodolibet
599 1615 736 1646 retardari.

228 1652 359 1690 Treugas
371 1661 465 1684 autem
483 1655 517 1686 &
536 1655 698 1684 sententiam
713 1653 880 1692 antediCtas,
897 1664 913 1685 a
932 1653 980 1684 die
1000 1651 1200 1684 notificationis
1216 1652 1262 1684 seu

191 1691 390 1731 publicationis
403 1692 529 1730 suarum,
546 1692 625 1722 suum
640 1691 777 1723 effedmm
793 1693 924 1722 volumus
939 1693 1079 1722 obtinere.

229 1728 354 1761 Vassalos
364 1730 423 1761 insu
444 1741 491 1769 er,
508 1731 691 1769 &subditos‚
712 1730 802 1768 Regis
816 1732 850 1761 &
862 1731 1011 1769 Gerentis,
1029 1730 1233 1770 praedi&orum
1247 1741 1263 1761 a

188 1768 349 1807 juramento
369 1767 423 1799 fide
434 1771 504 1799 itatis
518 1792 528 1809 ,
553 1779 610 1808 quo
629 1770 684 1807 eis,
704 1769 750 1799 vel
769 1779 870 1800 eorum
891 1769 967 1800 alteri
990 1777 1117 1800 tenentur
1139 1769 1262 1807 astricti,

192 1816 326 1844 quantum
346 1806 381 1838 ad
399 1806 559 1846 cujusmodi
574 1817 681 1844 guerrae
701 1807 746 1839 seu
766 1807 937 1838 dissensionis
958 1809 1124 1846 articulum,
1147 1818 1215 1839 cum
1233 1809 1262 1838 in

191 1845 294 1876 illicitis
308 1847 347 1877 eis
359 1844 475 1876 obedire
488 1856 549 1877 non
561 1846 698 1886 debeant,
716 1856 763 1885 per
777 1846 854 1877 idem
870 1855 978 1884 tempus
992 1847 1171 1878 absolvimus.

226 1883 264 1915 Et
284 1884 489 1915 nichilominus
509 1884 704 1925 promistiones
724 1886 758 1916 &
777 1885 966 1922 obligationes
981 1909 990 1924 ,
1007 1896 1072 1924 quae
1095 1887 1183 1924 inter,
1202 1885 1264 1916 Re-

194 1931 264 1960 gem
283 1924 318 1955 &
336 1923 509 1962 Gerentem,
534 1923 703 1962 praedidtos,
723 1925 757 1955 &
778 1924 960 1963 quoscunque
983 1924 1066 1962 alios,
1087 1925 1105 1943 *²
1127 1924 1177 1955 sub
1199 1925 1265 1955 belli

191 1961 237 1992 seu
247 1961 419 2001 conflictus,
437 1963 567 2001 utrinque
580 1962 798 2002 committendi,
817 1963 966 2002 processu,
982 1973 1098 1994 necnon
1114 1964 1266 1995 confoede-

192 2002 325 2043 rationes,
344 2001 552 2040 colfigadones,
576 2002 610 2033 ὅ(
634 2002 795 2040 pactiones,
834 2013 878 2033 ure
897 2003 970 2032 inter
991 2001 1081 2040 ipsum
1103 2001 1216 2042 Regem
1232 2005 1266 2035 &

192 2042 374 2078 quoscunque
387 2040 453 2070 alios
467 2049 501 2070 ex
518 2039 575 2070 unfi
590 2046 685 2079 parte,
704 2050 738 2070 ac
758 2013 926 2078 praedid‘cum
945 2040 1122 2079 Gewnrem,
1142 2043 1175 2073 &
1197 2042 1267 2072 alios

193 2078 386 2116 quoscumque
405 2088 439 2109 ex
458 2078 559 2117 altera,
576 2079 795 2118 intervenerint,
840 2090 871 2110 ro
891 2079 949 2117 ipsa
972 2078 1094 2110 fovenda
1109 2079 1267 2118 discordia,

195 2123 293 2153 utpote
306 2124 403 2158 contra
415 2117 525 2147 bonum
540 2119 615 2154 pacis
631 2118 795 2155 praesumpta
809 2089 924 2156 iliicite,
943 2119 977 2149 &
998 2125 1129 2156 accepta,
1148 2119 1178 2148 in
1193 2117 1268 2148 divi-

195 2163 242 2184 nae
266 2153 421 2192 MaJest-atis
441 2154 592 2193 offensam,
610 2156 645 2186 ὃς
664 2155 853 2193 quascumque
873 2165 966 2193 paenas
983 2155 1121 2194 adjectas,
1140 2166 1173 2187 ac
1192 2160 1267 2195 jura-

198 2200 296 2223 menta
313 2192 434 2230 praestita
455 2193 533 2231 super
553 2193 623 2232 hiis,
645 2193 695 2224 sub
717 2194 943 2232 quibuscunque,
964 2193 1077 2232 forma,
1097 2195 1203 2235 modo,
1222 2196 1268 2226 vel

195 2230 369 2269 expressione
381 2232 553 2270 verborum,
574 2233 727 2270 praesertim
742 2242 813 2263 cum
830 2234 1023 2271 juramentum
1042 2233 1191 2264 vinculum
1211 2235 1268 2264 ini-

196 2270 307 2307 quitatis
319 2269 375 2299 esse
389 2280 450 2299 non
470 2270 587 2308 debeat,
606 2280 719 2300 exnunc
735 2271 810 2302 nulla
828 2272 890 2302 fore
904 2270 1100 2310 decernimus,
1119 2272 1154 2303 &
1174 2280 1269 2311 quate-

197 2317 250 2338 nus
262 2307 299 2338 de
311 2307 389 2338 facto
403 2307 587 2346 processerint
600 2310 746 2339 irritamus.

231 2344 314 2376 Nulli
329 2355 398 2386 ergo
412 2347 536 2376 omnino
548 2346 703 2377 hominurn
718 2346 798 2377 liceat
818 2348 892 2378 hanc
912 2349 1049 2385 paginam
1069 2347 1173 2379 nostrae
1187 2349 1271 2380 indu-

195 2383 312 2428 ᾃίοηίε,
357 2384 585 2424 romulgationis,
609 2385 803 2425 absolutionis,
821 2387 855 2417 ὃς
878 2385 1103 2425 constitutionis,
1127 2388 1162 2419 &
1181 2389 1270 2418 irrita-

195 2424 278 2454 tionis
296 2425 305 2452 i
352 2424 467 2462 ingere,
490 2423 535 2454 vel
556 2425 582 2455 ei
602 2425 666 2455 ausu
687 2425 836 2455 temerario
857 2425 1031 2464 contrahire3
1049 2425 1068 2456 si
1091 2428 1153 2463 quis
1174 2435 1269 2458 autem

195 2462 254 2493 hoc
267 2468 431 2500 attemptare
443 2461 656 2502 praesumpserit,
673 2462 900 2498 indignationem
919 2465 1126 2502 omnipotentis
1142 2465 1200 2495 Dei
1210 2489 1219 2504 ,
1237 2466 1271 2496 &

197 2500 360 2570 1beatorum,
386 2500 464 2532 Petri
484 2501 518 2533 &
539 2501 637 2541 Pauli,
663 2501 870 2540 Apostolorum
892 2503 950 2541 ejus
964 2525 974 2540 ,
994 2503 1022 2533 se
1044 2504 1155 2535 noverit
1178 2505 1273 2535 incur-

208 2548 303 2570 urum.

236 2577 306 2608 Dat.
321 2576 447 2609 Avinon.
464 2577 598 2610 Kalendis
605 2578 749 2618 Januarii,
764 2578 953 2611 Pontificatfis
965 2579 1053 2611 nostri
1067 2580 1156 2612 Anno
1170 2581 1274 2619 primo.

201 2702 252 2739 De
274 2701 417 2748 Pota-’flate
439 2703 635 2750 concedendi,
659 2710 776 2787 nombine
799 2709 886 2754 Regis
904 2732 914 2750 ,
952 2705 1098 2750 Pensiones
1123 2707 1274 2742 Cardina-

698 2756 720 2788 li
740 2767 786 2789 us.

260 2836 508 2914 Enffinygciigerfis,
523 2839 670 2879 praesentes
686 2839 802 2872 Litteras
822 2840 1001 2883 inspecturis,
1017 2841 1150 2882 salutem,
1167 2843 1200 2875 &
1219 2844 1279 2883 ple-

245 2914 462 2959 Confiderantes
473 2917 586 2957 negotia
598 2916 707 2956 nostra,
725 2919 754 2948 in
763 2918 867 2950 Saneta
879 2918 1013 2950 Romana
1028 2918 1115 2950 Curia
1123 2943 1133 2958 ,
1150 2930 1199 2959 per
1212 2929 1280 2960 pro-

210 2962 371 2984 motionem
390 2954 423 2985 &
440 2957 628 2986 maturitatem
642 2956 767 2996 consilii,
793 2957 1004 2988 Venerabilium
1019 2956 1154 2997 Patrum,
1172 2958 1282 2989 Domi-

53 3008 125 3033 Rm,
155 3001 190 3036 ὁ,
209 3000 316 3022 norum
332 2990 544 3031 Cardinalium,
561 2994 595 3024 &
605 2994 727 3025 aliorum
736 2995 961 3034 jurisperitorum
969 2995 1096 3035 ibidem,
1114 3007 1165 3034 pro
1180 2997 1279 3029 nostro

55 3046 153 3071 1:7³0,
160 3045 190 3069 Ε,
210 3031 317 3076 honore
338 3030 372 3061 &
393 3031 554 3075 commodo
568 3031 649 3075 posse
670 3033 820 3065 consultius
841 3034 1016 3073 pertractari:
1035 3035 1069 3065 &
1092 3036 1168 3073 quod
1190 3036 1280 3067 iidem

55 3088 84 3108 2,
97 3090 134 3111 m·
141 3088 170 3116 5,
212 3068 385 3108 Cardinales,
403 3070 438 3100 &
449 3069 494 3100 alii
508 3071 608 3108 nobis,
626 3080 655 3100 in
666 3070 766 3101 nostris
780 3073 914 3112 agendis,
929 3082 965 3103 eo
978 3073 1071 3103 utilius
1082 3074 1115 3104 ὃς
1129 3073 1280 3106 ferventius

211 3105 350 3145 assistent,
358 3117 416 3151 quo
431 3118 447 3139 a
455 3107 551 3139 nostri
563 3107 757 3140 munificentia
773 3111 915 3147 gratiosius
928 3111 956 3141 se
970 3113 1101 3142 noverint
1115 3112 1283 3154 honoratos3

210 3155 246 3177 ac
267 3145 302 3190 cle
323 3144 451 3178 fidelitate
473 3146 605 3186 probata,
622 3148 656 3178 &
678 3148 934 3187 circumspectione
954 3150 1090 3188 provida,
1107 3150 1279 3183 dilectorum

209 3183 337 3215 fidelium
350 3183 528 3229 nostrorum,
543 3185 755 3217 Venerabilium
769 3187 882 3218 Patrum
891 3211 901 3227 ,
916 3187 1054 3226 Johannis
1066 3188 1165 3221 Norw
1184 3192 1282 3231 censis,

210 3221 384 3267 &Johannis
395 3222 526 3262 Eliensis,
545 3223 766 3264 Episcoporum:
784 3226 922 3257 Adomari
943 3226 979 3257 de
994 3227 1138 3267 Valentia,
1188 3231 1282 3261 omitis

207 3261 649 3306 Pembrochiae,.Consanguinei
663 3263 755 3294 nostri
767 3264 919 3304 karissimi,
937 3266 970 3297 ὃς
984 3265 1158 3298 Batholomei
1178 3268 1216 3299 de
1229 3268 1281 3301 Ba-

207 3298 360 3331 delesmere
373 3298 491 3339 Militis,
509 3301 618 3339 plenam
631 3301 763 3333 fiduciam
776 3312 962 3342 reportantes,

239 3336 455 3383 'anedendi,
479 3341 597 3370 nomine
617 3340 715 3371 nostro
740 3341 764 3371 P
772 3350 791 3371 E
802 3351 824 3372 N
835 3351 848 3373 s
858 3352 869 3373 1
879 3353 900 3373 o
910 3352 933 3374 N
944 3353 962 3373 a
973 3352 985 3373 s
1005 3342 1200 3376 Cardinalibus
1209 3369 1220 3385 ,
1247 3347 1280 3377 &

209 3377 269 3408 alus
279 3375 443 3421 Jurisperitis
457 3376 493 3407 de
505 3377 640 3409 Romani
652 3378 741 3410 Curia
751 3381 905 3417 supradicta
913 3405 923 3420 ,
939 3382 1011 3420 juxta
1025 3382 1225 3415 discretionem
1236 3385 1282 3415 di-

214 3416 348 3453 erorum,
372 3413 591 3455 Episcoporum,
609 3416 747 3456 Comitis,
766 3419 799 3449 δε
822 3418 943 3458 Militis,
962 3421 995 3451 ὃς
1010 3430 1093 3458 prout
1112 3432 1164 3460 pro
1185 3423 1282 3454 nostro

213 3454 322 3486 honore
336 3453 370 3484 &
384 3453 546 3485 commodo
557 3455 676 3487 viderint
690 3465 722 3486 ex
744 3456 838 3497 edire,
854 3468 887 3488 ac
896 3458 1010 3489 Litteras
1025 3458 1080 3490 suas
1091 3460 1161 3495 ,inde
1177 3462 1283 3492 facien-

214 3493 262 3538 di,
279 3501 400 3522 nomine
413 3491 526 3531 nostrO,
542 3493 647 3524 eisdem
668 3494 723 3533 Epi
734 3496 831 3535 copis,
858 3495 986 3535 Comiti,
1004 3498 1036 3528 ὃς
1052 3497 1144 3529 Militi
1164 3502 1284 3539 conjun-

214 3531 307 3569 ctim,
328 3529 459 3577 plenam,
476 3537 574 3562 tenore
594 3532 790 3573 praesentium,
808 3536 1016 3566 committimus
1035 3537 1220 3577 potestatem,
1239 3550 1283 3570 ra-

215 3577 280 3601 tum
298 3570 466 3614 habituri&
481 3572 738 3615 gratumquicquid
753 3583 801 3610 per
823 3573 911 3613 ipsos,
930 3573 1100 3613 Episcopoe,
1117 3575 1283 3617 Comitem,

217 3609 251 3640 ὃς
260 3606 404 3647 Militem,
419 3607 515 3638 aetum
529 3608 610 3653 sperit
625 3619 655 3639 ln
682 3611 821 3654 raemiffis3
838 3612 993 3651 omnesque
1007 3614 1040 3645 &
1055 3614 1173 3651 singulas
1186 3615 1233 3647 Pa
1244 3625 1285 3647 N·-

216 3655 281 3678 510
291 3655 314 3676 N
323 3656 342 3690 a
351 3655 383 3686 s,
400 3656 466 3691 quas
480 3656 528 3684 per
540 3647 628 3685 ipsOS,
671 3648 798 3687 piscopos
807 3673 817 3689 ,
837 3650 1006 3690 Comitem,
1030 3653 1063 3683 &
1085 3652 1229 3693 Militem,
1245 3655 1284 3686 fic

218 3685 342 3716 concedi
358 3693 519 3730 continget,
533 3696 583 3725 per
597 3685 702 3716 nostras
713 3686 842 3720 Parentes
854 3691 986 3729 Litteras,
1004 3690 1053 3721 sub
1060 3691 1175 3728 Magno
1183 3692 1285 3731 Sigillo

219 3723 318 3768 nostro
330 3746 340 3761 ‚
353 3723 493 3769 ratificari
505 3748 516 3763 ,
539 3724 700 3765 approbari,
724 3735 758 3757 ac
779 3727 908 3760 innovari
929 3727 1083 3768 faciemus,
1112 3741 1182 3762 cum
1203 3733 1285 3764 nobis

218 3761 372 3793 constitetit
385 3762 422 3793 de
434 3762 549 3794 eisdem.

255 3799 290 3831 In
302 3801 397 3841 cujus,
413 3802 474 3833 δίς.

259 3874 328 3925 Dat.
344 3888 360 3909 a
379 3878 418 3923 ud
434 3878 582 3924 Csipston,
597 3889 629 3922 4.
643 3879 688 3911 dic
696 3879 833 3920 Januatii,
849 3881 938 3916 Anno
950 3883 1073 3916 Domini
1089 3886 1172 3925 131⁶·
1188 3885 1288 3927 Regni

223 3923 296 3947 vero
310 3926 331 3948 n
391 3927 402 3947 i
415 3916 542 3950 decimo.

1294 134 1769 181 PUBLICA.
2282 151 2361 190 109

1463 313 1557 355 Super
1581 311 1714 344 elefflone
1736 307 1956 358 Archiepistopi
1981 305 2186 356 Casshellerfis.

1288 391 1444 452 PAPAE
1462 393 1528 423 Rex
1543 393 1644 425 devota
1660 395 1763 432 pedum
1778 396 1870 428 oscula
1888 398 2044 428 beatorum.

1375 432 1448 475 Inter
1473 440 1586 462 caeteras
1606 433 1796 464 sollicitudinis
1817 435 1919 466 nostrae
1941 447 2017 467 curas
2031 458 2041 474 ,
2066 435 2165 474 quibus
2186 441 2219 465 ex
2239 431 2356 471 suscepti

1327 469 1426 507 Regni
1441 471 1581 508 regimine
1596 471 1700 502 assidue
1715 481 1886 512 coartamur,
1903 474 1948 504 illa
1967 475 2069 505 intime
2084 473 2181 504 insidet
2195 472 2276 503 nobis
2291 482 2357 502 cor-

2382 219 2460 251 Ann.
2474 221 2512 255 D.

2402 269 2454 298 131
2462 270 2486 298 7.

2397 302 2466 329 Ertv.
2487 311 2513 330 2.

2380 385 2456 417 Ann.
2471 385 2513 417 D.

2402 433 2486 464 1317.

2380 467 2433 491 An.
2452 473 2494 490 io.

1288 506 1340 552 di,
1353 517 1381 538 ut
1395 509 1508 552 populi,
1525 509 1629 540 nostrae
1644 509 1744 540 subditi
1758 511 1875 551 ditioni,
1895 513 2052 551 propulsatis
2067 512 2222 550 erroribus,
2237 511 2357 542 &scan-
2381 506 2410 528 E.
2427 511 2453 528 2‘

1288 545 1355 576 dalis
1368 547 1514 585 umversls,
1531 547 1596 577 zelo
1616 549 1717 579 muniti
1736 548 1799 579 fidei
1820 550 2013 589 Orthodoxx,
2030 551 2212 590 tranquilitate
2227 550 2303 587 pacis
2323 549 2356 579 &
2379 546 2449 569 Rom.
2463 538 2497 573 (θ’

1289 585 1452 616 concordiae
1473 586 1659 623 perfruantur:
1681 587 1713 617 ὃς
1729 596 1758 617 ut
1779 587 1843 617 tales
1863 588 1970 619 Praelati
1990 591 2023 620 &
2039 588 2207 627 Pontifices,
2227 588 2260 618 ad
2286 587 2358 626 ipsos

1290 623 1426 668 regendos
1437 624 1557 661 populos
1570 624 1712 668 ⁴ubilibet,
1731 634 1864 663 quantum
1884 628 1965 657 nobis
1980 628 2020 658 est
2044 627 2172 666 possibile
2188 650 2198 665 ,
2222 626 2360 664 deputen-

1289 670 1349 700 tur,
1367 672 1414 700 qui
1427 672 1543 701 greges,
1560 664 1610 692 sibi
1625 664 1808 702 commissos,
1832 664 1861 693 in
1879 666 1952 694 viam
1973 666 2059 696 salutis
2076 667 2215 704 dirigere,
2234 666 2267 696 &
2289 664 2361 703 ipsos

1291 701 1380 731 verbo
1393 701 1496 739 velint,
1515 702 1548 732 &
1563 701 1670 732 valeant
1687 701 1819 732 instruere
1832 704 1928 739 pariter
1943 704 1976 734 &e
1989 706 2125 742 exemplo.

1330 739 1551 778 Quamobrem,
1573 748 1689 770 vacante
1708 750 1794 778 nuper
1815 740 1994 771 Casshellensi
2016 742 2154 782 Ecclesia,
2191 753 2219 773 er
2238 749 2362 772 mortem

1293 776 1420 808 Mauritii
1430 801 1439 813 ,
1457 788 1544 815 nuper
1554 778 1767 816 Archiepiscopi
1782 779 1838 809 loci
1853 778 1938 818 illius,
1957 779 2089 811 Decanus
2103 783 2135 812 ὃς
2180 780 2316 819 apiculum
2331 789 2362 810 e-

1287 815 1397 854 jusdem
1411 816 1563 855 Ecclesiae,
1581 818 1665 855 petita
1676 819 1689 847 {i
1704 818 1805 854 nobis,
1824 826 1905 854 prout
1922 819 2007 848 moris
2019 818 2078 857 est,
2095 820 2127 849 &
2143 820 2259 850 obtenta
2272 819 2362 849 licen·-

1292 854 1331 885 tia
1346 855 1488 894 eligendi,
1504 856 1538 886 ad
1554 855 1725 886 electionem
1739 856 1774 885 de
1791 856 1882 886 futuro
1899 854 2035 886 Pontis-‘ree
2047 858 2247 896 procedentes,

1330 894 1462 932 Qiidam
1481 903 1515 924 ex
1534 894 1611 933 ipsis,
1629 894 1776 932 videlicet,
1801 893 1948 932 DecanuS,
1965 904 2032 924 cum
2056 894 2169 929 Decem
2193 895 2364 933 Canonicis,

1292 932 1327 962 ad
1342 941 1449 969 partem
1463 932 1489 963 se
1503 934 1657 972 trahentes,
1677 942 1735 963 non
1757 933 1787 963 in
1809 932 1942 970 Capitulo
1960 933 2039 970 ipsius
2060 933 2209 971 Ecclelize,
2226 934 2263 965 set
2287 935 2361 971 apud

1293 970 1396 1001 Villam
1412 970 1562 1010 Killociae,
1579 971 1781 1002 Venerabilem
1789 970 1918 1009 Patrem,
1933 971 2093 1009 johannem
2107 971 2277 1009 Episcopum
2286 973 2363 1002 Cor-

1293 1009 1464 1047 cagensem,
1481 1009 1651 1047 postularunt
1668 1011 1697 1040 iri
1714 1009 1968 1047 Archiepiscopum
1982 1010 2115 1040 Ecclefiae
2129 1010 2305 1047 supradictae:

1332 1047 1459 1087 Quidam
1483 1051 1574 1087 vero,
1598 1048 1642 1078 alii
1667 1047 1811 1079 Canonici
1833 1048 1955 1086 ejusdem
1980 1048 2131 1086 Ecclesiae,
2154 1048 2187 1078 ad
2213 1048 2365 1078 Ecclesiam

1293 1085 1510 1117 Casshellensem
1526 1087 1735 1125 *accedentes,
1753 1086 2106 1125 MagistrumThomam,
2124 1086 2366 1117 Archidiaconum

1294 1125 1428 1156 Ecclefiae
1441 1125 1527 1164 illius,
1545 1127 1574 1155 in
1589 1125 1668 1156 suum
1683 1125 1939 1163 Archiepiscopum
1952 1125 2104 1163 elegerunt.

1332 1163 1442 1194 Verum
1457 1165 1519 1202 quia
1538 1164 1640 1202 isdem,
1659 1164 1810 1202 postulatus
1833 1165 1865 1194 &
1887 1163 2016 1201 Eled‘ms,
2033 1164 2066 1194 ad
2089 1163 2189 1195 vestrae
2212 1162 2368 1194 Sanffitatis

1295 1203 1484 1241 praesentiam,
1502 1202 1537 1233 ad
1550 1202 1773 1241 prosequendum
1787 1202 1945 1240 hujusmodi
1968 1204 2135 1241 negotium,
2154 1202 2195 1240 se,
2212 1210 2240 1233 ut
2255 1204 2369 1239 accepi-

1295 1251 1375 1280 mus,
1400 1241 1590 1281 diverterunt,
1606 1252 1655 1272 nos
1676 1241 1879 1272 considerantes
1901 1240 2004 1271 statum
2020 1241 2117 1271 Terrae
2141 1241 2242 1271 nostrae
2263 1240 2369 1270 Hiber-

1295 1281 1368 1319 niae,
1387 1281 1451 1318 qui,
1469 1280 1576 1311 furente
1591 1281 1782 1319 quorumdam
1797 1279 1918 1318 insania,
1935 1280 2011 1310 bellis
2023 1281 2057 1311 ὃς
2074 1279 2304 1309 contentionibus
2320 1289 2368 1309 va-

1296 1320 1343 1349 riis
1366 1318 1555 1350 miserabiliter
1572 1318 1714 1358 oppressus
1733 1319 1774 1349 est
1792 1319 1844 1349 hiis
1864 1319 1979 1358 diebus,
1996 1328 2029 1349 ac
2048 1316 2185 1356 sperantes
2205 1317 2300 1355 qued,
2320 1327 2370 1355 per

1295 1357 1515 1389 sollicitudinem
1526 1358 1636 1389 Praelari
1650 1357 1764 1397 idonei,
1780 1357 1868 1389 diCtae
1882 1356 2016 1388 Ecclesiae
2029 1356 2201 1395 praeficiendi
2210 1379 2218 1393 ,
2237 1365 2371 1393 quorum-

1297 1396 1363 1426 dam
1388 1396 1551 1427 Rebellium
1573 1397 1733 1428 nostrorum
1754 1397 1905 1433 tumultus,
1922 1397 1952 1425 iri
1976 1396 2097 1434 partibus
2117 1395 2186 1433 illis,
2212 1395 2260 1432 qui
2275 1402 2372 1424 contra

1298 1445 1350 1465 nos
1363 1445 1453 1473 nuper
1474 1435 1607 1466 hostiliter
1623 1435 1842 1473 insurrexerunt,
1861 1434 1961 1465 melitis
1975 1434 2061 1466 sedari
2080 1441 2227 1472 poterunt,
2247 1433 2281 1463 &
2296 1433 2372 1470 pacis

1298 1474 1465 1512 tranquilitas
1481 1474 1591 1504 facilius
1601 1474 1762 1512 reformati,

1334 1512 1479 1543 Sanffltati
1494 1512 1593 1543 vestrae
1613 1512 1718 1543 devoto
1738 1512 1924 1551 supplicamus
1942 1510 2046 1542 affe&u
2069 1511 2212 1550 quatinus,
2230 1509 2251 1540 fi
2272 1508 2376 1547 dietas,

1298 1550 1514 1588 postulationem
1535 1552 1569 1582 ὃς
1590 1551 1780 1589 electionem,
1799 1560 1896 1589 utpote
1921 1552 2013 1581 minus
2033 1552 2086 1580 rite
2107 1549 2210 1587 facus,
2233 1549 2377 1579 autoritate

1300 1589 1391 1620 vestra
1405 1590 1558 1627 contigerit
1571 1589 1720 1629 infirmari,
1739 1590 1772 1620 &
1786 1590 1884 1620 vestrae
1899 1589 2032 1627 placuerit
2050 1588 2196 1619 Sasiffitati
2209 1587 2304 1617 eidem
2319 1585 2379 1617 Ec·-

1300 1627 1390 1658 clesiae
1404 1628 1440 1659 de
1455 1627 1568 1658 Pastore
1590 1628 1695 1659 idoneo
1717 1628 1884 1666 providere,
1903 1637 1972 1658 tunc
1994 1626 2140 1665 personam
2147 1649 2158 1665 ,
2175 1626 2272 1656 dilecti
2294 1626 2379 1656 nobis

1300 1667 1330 1696 in
1345 1666 1480 1705 Christo,
1498 1667 1596 1698 Fratris
1611 1667 1734 1698 Galfridi
1754 1667 1791 1697 de
1810 1666 1963 1708 Aylsham,
1982 1667 2018 1697 de
2038 1665 2149 1696 Ordine
2171 1664 2299 1695 Fratrum
2316 1663 2380 1693 Mi-

1301 1715 1408 1736 norum
1428 1706 1534 1745 (virum
1555 1706 1651 1745 utique
1670 1707 1701 1736 in
1721 1705 1883 1743 Religionis
1904 1704 2081 1736 observantia
2104 1705 2271 1742 probatum,
2288 1702 2381 1734 devo-

1299 1745 1377 1774 tione
1395 1745 1600 1783 conspicuum,
1624 1745 1776 1776 litterarum
1798 1744 1913 1775 scientia
1934 1743 2103 1782 praeditum,
2128 1744 2161 1774 &
2181 1743 2272 1773 divini
2295 1741 2376 1773 verbi

1300 1783 1494 1815 exhortatione
1518 1783 1685 1821 facundum)
1708 1792 1917 1821 convertenteS,
1935 1783 1954 1813 si
1968 1783 2076 1821 placet,
2094 1783 2156 1820 pios
2170 1782 2269 1812 oculos
2290 1789 2381 1819 pater·-

1298 1821 1388 1861 nales,
1407 1822 1517 1861 ipsum,
1536 1822 1679 1861 praemiffis
1696 1822 1808 1860 paterna
1829 1821 2006 1852 solicitudine
2026 1821 2142 1859 pensatis
2181 1821 2210 1850 in
2229 1820 2380 1857 Archiepi-

1301 1860 1421 1898 scopum
1436 1861 1596 1899 saepedictae
1611 1860 1748 1892 Ecclesiae
1764 1860 1907 1899 praeficere
1919 1860 2078 1897 dignemini
2092 1859 2125 1890 &
2140 1844 2295 1889 f’astorem.

1340 1900 1490 1937 Speramus
1505 1901 1611 1931 etenim
1631 1900 1730 1939 quod,
1747 1900 1768 1930 si
1782 1900 1858 1930 idem
1879 1899 2024 1930 Galfiidus
2040 1899 2134 1929 eidem
2150 1897 2287 1929 Ecclesiae
2307 1906 2379 1935 prae-

1302 1947 1436 1977 ponatur,
1454 1939 1590 1969 laborabit
1605 1938 1723 1969 sollicite
1739 1947 1768 1969 ut
1784 1938 1909 1969 sedentur
1923 1938 2057 1968 tumultus
2069 1938 2102 1969 δε
2118 1936 2380 1975 contumeliaeprae<

1301 1977 1406 2015 didiae,
1424 1986 1454 2008 ut
1470 1978 1630 2008 oberrantes
1643 1977 1677 2008 ad
1695 1978 1773 2009 viam
1783 1977 1906 2008 veritatis
1920 1977 1953 2008 ὃς
1964 1975 2079 2014 justitiae
2095 1976 2272 2008 reducantur.

1339 2015 1513 2053 Conservet,
1532 2017 1592 2046 δίε.

1377 2053 1438 2084 Dat
1451 2053 1524 2091 apud
1537 2053 1799 2092 Notinghamiam,
1817 2062 1846 2093 4.
1862 2053 1908 2084 die
1919 2052 2052 2092 Januarii.

1531 2185 1581 2218 De
1603 2186 1697 2217 Scotis
1719 2187 1751 2216 in
1774 2181 1927 2218 Hibernia
1949 2182 2153 2230 reprimendis.

1307 2268 1446 2326 REX,
1463 2269 1571 2300 dileaesto
1585 2270 1619 2301 &
1634 2268 1708 2300 fideli
1721 2269 1789 2306 suo,
1803 2269 1929 2307 Johanni
1944 2268 1980 2299 de
1992 2268 2165 2306 Hastinges,
2181 2268 2304 2300 salutem.

1399 2308 1527 2376 Qaliter
1543 2307 1698 2338 Edwardus
1722 2308 1758 2338 de
1781 2308 1862 2347 Brus,
1878 2308 1975 2345 suique
1993 2306 2162 2344 Complices
2183 2307 2217 2337 &
2241 2306 2385 2343 Fautores,

1306 2344 1404 2384 Scoti,
1438 2347 1540 2377 nimici
1555 2346 1588 2376 &
1604 2345 1733 2376 Rebelles
1745 2345 1852 2383 nostri,
1867 2345 1992 2376 Terram
2008 2343 2132 2375 nostram
2145 2344 2306 2383 Hiberniae,
2321 2344 2382 2382 jam

1307 2382 1356 2414 diu
1371 2385 1430 2423 est,
1450 2385 1620 2424 invaserunt,
1638 2384 1811 2423 homicidia,
1829 2384 2066 2422 depraedationes,
2084 2383 2117 2413 δε
2131 2383 2181 2414 alia
2201 2383 2327 2414 facinora
2340 2382 2384 2411 di-

1309 2422 1386 2454 versa
1402 2423 1510 2454 ibidem
1530 2423 1719 2454 inhumaniter
1736 2422 1938 2461 perpeti-ando,
1956 2423 1989 2453 8<
2003 2423 2060 2452 tam
2083 2421 2193 2460 nostra,
2210 2423 2296 2461 quam
2317 2420 2387 2451 alio-

1309 2471 1374 2492 rum
1396 2461 1511 2500 Castra,
1533 2461 1639 2500 Villas,
1658 2462 1691 2493 &
1716 2462 1864 2493 Fortalicia
1886 2460 2070 2499 destruendo,
2088 2461 2121 2492 &
2136 2461 2226 2492 adhuc
2246 2461 2277 2490 in
2297 2459 2388 2491 Terra

1310 2500 1449 2538 praedieta
1462 2509 1622 2539 morantur,
1642 2500 1801 2531 consimilia
1816 2500 1919 2539 indies,
1944 2500 1989 2531 vel
2003 2500 2099 2538 pejora
2113 2509 2166 2538 pro
2180 2500 2285 2531 viribus
2302 2509 2387 2530 com-

1313 2540 1470 2577 mittendo,
1487 2549 1540 2570 vos
1553 2539 1721 2570 intendimus
1736 2549 1795 2569 non
1809 2539 1902 2569 latere.

1348 2577 1402 2616 Et,
1422 2580 1502 2617 quia,
1520 2587 1573 2616 pro
1586 2577 1748 2608 defeisione
1768 2579 1801 2609 &
1814 2578 1962 2608 salvatione
1975 2576 2079 2607 Terrae
2102 2576 2204 2608 nostrae
2226 2575 2390 2615 praedic‘tae,

1313 2627 1348 2648 ac
1372 2617 1526 2655 repulsione
1542 2617 1687 2647 dierorum
1706 2616 1896 2647 Inimicorum
1909 2615 2088 2654 nostrorum,
2106 2615 2324 2652 OrdinavimuS,
2342 2625 2392 2653 per

1314 2666 1383 2695 nOS,
1401 2657 1434 2687 ὃς
1449 2655 1618 2686 Concilium
1633 2655 1781 2693 nostrum,
1801 2655 1899 2693 quod,
1917 2654 2034 2685 dilectus
2054 2654 2285 2692 Consanguineus
2304 2654 2338 2684 δε
2358 2652 2393 2683 fi-

1314 2694 1383 2725 delis
1397 2693 1509 2733 noster,
1527 2693 1660 2731 Rogerus
1675 2693 1711 2723 de
1724 2693 1847 2724 Mortuo
1861 2694 1937 2724 Mari
1949 2693 1985 2723 de
1999 2693 2193 2732 &Viggemoss
2211 2702 2282 2723 cum
2295 2691 2392 2722 multi-

1313 2733 1410 2764 tudine
1424 2741 1614 2770 armatorutn,
1636 2732 1669 2763 ad
1687 2741 1774 2770 partes
1788 2732 1862 2770 illas,
1881 2733 1909 2762 in
1933 2732 2027 2770 brevi,
2044 2732 2071 2762 se
2093 2731 2232 2770 divertat,
2250 2732 2286 2762 ita
2307 2730 2389 2769 quod

1314 2772 1346 2802 sit
1361 2772 1435 2810 apud
1449 2771 1610 2802 Haverford
1625 2771 1659 2802 ad
1674 2771 1785 2802 Festum
1805 2770 2010 2801 Purificationis
2029 2771 2116 2801 beatae
2130 2770 2234 2801 Mariae
2254 2770 2393 2808 proximo

1315 2810 1440 2841 futurum
1449 2833 1459 2848 ,
1473 2818 1620 2848 promptus
1633 2810 1667 2841 ὃς
1681 2818 1785 2847 paratus
1798 2809 1834 2840 ad
1856 2808 2091 2848 proficiscendum
2111 2808 2213 2839 exinde
2228 2809 2317 2841 versus
2331 2818 2394 2846 par-

1315 2858 1356 2880 tes
1377 2849 1543 2887 praedictas,
1562 2849 1597 2879 ad
1617 2848 1753 2879 malitiam
1776 2848 1810 2879 &
1834 2848 2004 2886 proterviam
2026 2847 2216 2878 Inimicorum
2239 2846 2393 2886 praedicC'ro-

1316 2898 1397 2926 rum,
1415 2897 1463 2925 per
1475 2887 1630 2918 Consilium
1646 2888 1679 2918 &
1694 2886 1826 2918 auxilium
1838 2887 1958 2917 aliorum
1982 2885 2109 2917 fidelium
2130 2885 2291 2917 nostrorum
2301 2908 2310 2924 ,
2329 2895 2393 2923 par-

1316 2928 1388 2996 hium
1402 2926 1530 2966 illarum,
1548 2926 1661 2957 viriliter
1680 2926 1714 2957 &
1735 2933 1880 2965 potenter,
1899 2935 1968 2957 curn
1990 2924 2049 2955 Dei
2064 2924 2223 2963 adjutorio,
2240 2926 2394 2963 reprimen-

1338 2976 1379 2997 as:

1353 3004 1389 3035 Et
1404 3014 1472 3042 vos,
1490 3004 1524 3035 &
1539 3002 1632 3034 fideles
1647 3001 1754 3041 nostri,
1772 3003 1820 3041 qui
1832 3009 1914 3033 terras
1929 3002 1962 3033 &
1982 3010 2143 3033 tenementa
2164 3003 2195 3032 in
2210 3001 2293 3032 distis
2308 3001 2394 3039 parti-

1314 3044 1367 3074 bus
1381 3043 1501 3081 habetis,
1519 3042 1554 3073 ad
1568 3050 1671 3072 terram
1686 3041 1763 3072 illam
1778 3040 1988 3071 defendendam
2000 3040 2196 3072 &salvandam
2205 3064 2214 3080 ,
2233 3041 2266 3071 &
2281 3040 2314 3070 ad
2324 3049 2391 3077 pro-

1316 3082 1435 3113 terviam
1458 3081 1645 3112 Inimicorum
1660 3079 1821 3111 nostrorum
1843 3079 2045 3118 repellendam,
2062 3080 2199 3110 tenemini
2216 3079 2320 3109 ratione
2336 3085 2392 3109 ter-

1317 3130 1408 3152 rarum
1424 3121 1456 3151 &
1469 3127 1694 3150 tenementorum
1709 3118 1866 3150 vestrorum
1882 3118 2102 3157 praedidfflrum,

1353 3158 1446 3189 Vobis
1463 3158 1644 3196 mandamus,
1670 3156 1788 3188 firmiter
1810 3157 2004 3195 injungentes,
2031 3157 2110 3195 quod
2132 3165 2200 3193 VOS,
2224 3156 2254 3185 in
2278 3153 2394 3193 propria

1318 3197 1432 3235 persona
1443 3197 1549 3235 vestra,
1566 3197 1601 3227 ad
1611 3204 1701 3235 partes
1715 3195 1862 3234 praedidtas
1876 3195 2028 3232 accedatis,
2046 3194 2091 3225 vel
2110 3193 2296 3224 sufficientem
2311 3201 2393 3231 pote-

1317 3237 1415 3267 statem
1436 3236 1603 3274 hominum,
1620 3236 1779 3273 potentium
1798 3234 1834 3265 ad
1856 3245 1950 3272 arma,
1974 3235 2047 3272 juxta
2062 3234 2241 3271 quantitatem
2257 3240 2391 3262 terrarum

1318 3276 1352 3306 ὃς
1372 3283 1598 3305 tenementorum
1607 3298 1617 3313 ‚
1641 3284 1706 3314 quae
1729 3274 1758 3303 in
1781 3274 1901 3311 partibus
1922 3273 1973 3302 illis
1992 3273 2116 3310 habetis,
2135 3271 2245 3301 ibidem
2264 3271 2393 3308 mittatis5

1316 3314 1354 3344 ita
1368 3313 1447 3352 quod
1463 3324 1529 3352 vos,
1547 3313 1591 3343 vel
1607 3312 1663 3350 illi,
1683 3322 1753 3351 quos
1770 3311 1837 3342 loco
1856 3309 1948 3341 vestro
1966 3310 2073 3340 ibidem
2097 3309 2203 3340 missiiri
2220 3308 2282 3339 estis
2316 3308 2369 3337 sitis
2382 3330 2392 3345 ,

1318 3353 1362 3383 vel
1378 3352 1429 3382 sint
1444 3352 1517 3390 apud
1531 3351 1689 3383 Haverford
1710 3350 1745 3381 ad
1764 3349 1867 3381 festum
1888 3349 2076 3388 praediCtum,
2093 3349 2138 3380 vel
2159 3349 2219 3379 cito
2242 3357 2279 3384 po
2321 3355 2390 3376 cum

1318 3391 1399 3421 omni
1420 3391 1572 3428 celeritate,
1591 3389 1646 3428 qua
1668 3389 1807 3427 poteritis,
1824 3388 1868 3419 vel
1889 3396 2035 3427 poterunt,
2055 3388 2138 3425 parati
2160 3386 2194 3417 ad
2212 3383 2391 3429 ‘transFretan-

1317 3429 1389 3460 dum
1402 3429 1503 3460 exinde
1517 3429 1605 3460 versus
1625 3428 1771 3466 praedietas
1785 3436 1891 3465 partes,
1909 3427 1942 3457 &
1963 3426 1999 3458 ad
2022 3425 2190 3457 morandum
2210 3433 2239 3452 m
2258 3430 2335 3452 terris
2356 3422 2389 3453 &

1317 3469 1483 3499 tenementis
1499 3467 1640 3506 praediCtis
1652 3477 1705 3505 pro
1718 3466 1866 3497 salvatione
1878 3466 1912 3496 δε
1927 3465 2086 3495 defensione
2101 3461 2282 3498 eorumdem,
2300 3460 2334 3491 &
2349 3470 2392 3491 re-

1318 3507 1441 3546 pulsione
1455 3506 1648 3537 Inimicorum
1665 3505 1826 3536 nostrorum
1841 3504 2056 3543 praedictorum.
2210 3538 2214 3543 Ι
2284 3537 2288 3543 ¹
2313 3538 2319 3543 .

1355 3545 1392 3576 Et
1406 3545 1480 3584 hoc,
1498 3545 1547 3575 sub
1560 3543 1737 3574 forisfaetura
1751 3544 1886 3573 omnium
1895 3564 1905 3580 ,
1923 3551 1985 3579 quae
1999 3540 2081 3570 nobis
2100 3539 2130 3569 in
2147 3537 2268 3576 pambus
2281 3537 2333 3569 illis
2346 3536 2392 3569 fo‹

1317 3584 1446 3615 risfacere
1481 3584 1600 3622 oteritis,
1618 3582 1771 3613 nullatenus
1784 3582 1925 3611 omittatis.
2014 3615 2031 3621 ..

1356 3621 1445 3654 Teste
1491 3632 1545 3660 ege
1557 3621 1631 3660 apud
1647 3620 1792 3659 Clipston,
1809 3629 1838 3658 4.
1854 3618 1900 3649 die
1910 3617 2040 3656 januam.

1370 3762 1450 3794 *De
1473 3759 1605 3806 Pasfhgio
1628 3760 1713 3804 Regis
1736 3755 1780 3788 ad
1799 3756 1930 3789 Terram
1951 3753 2096 3787 Saniiam
2119 3751 2296 3787 ordinando.

1326 3844 1449 3905 REX
1472 3843 1634 3887 Univers‘is,
1651 3840 1795 3879 praesentes
1811 3840 1927 3871 Litteras
1941 3838 2122 3880 mspenuris,
2137 3838 2270 3879 salutem,
2286 3840 2320 3871 &
2333 3838 2393 3878 ple-

1405 3893 1469 3914 nam
1483 3882 1660 3920 praesentibus
1673 3880 1738 3910 dare
1753 3879 1850 3909 fidem.

1362 3923 1412 3953 De
1432 3920 1559 3952 fidelitate
1580 3918 1713 3957 probata,
1737 3919 1770 3950 &
1792 3916 2044 3955 circumspeetione
2062 3917 2198 3957 provida,
2222 3916 2390 3948 diledmrum

2382 584 2423 607 Fr.
2446 589 2487 608 10.

2382 622 2412 645 E.
2433 627 2459 645 2.
2476 626 2512 645 m,

2387 667 2413 695 3.

2404 1090 2424 1112 *ἓ
2449 1091 2504 1119 111„

2424 1130 2489 1166 59⁶0

2409 2273 2484 2306 Ann.
2501 2272 2542 2305 D.

2431 2322 2517 2354 1317-

2409 2357 2463 2381 ΑΛ.
2481 2364 2524 2380 io.

2411 2432 2499 2468 Claus.

2417 2475 2498 2498 roffi.
2516 2480 2541 2497 2„

2413 2519 2448 2539 m.
2467 2516 2496 2547 ις
2517 2510 2545 2542 ἄ»,

2430 3723 2447 3742 ⁸
2470 3723 2526 3752 111,

2448 3770 2514 3797 597-

2501 3798 2534 3829 D

2433 3822 2519 3878 13i7.
2534 3822 2542 3828 α

2410 3881 2462 3905 Aa.
2483 3887 2525 3905 10,

2412 3920 2439 3945 Ε.
2462 3925 2485 3944 2.

1324 3962 1358 3994 &
1380 3959 1506 3991 fidelium
1528 3957 1705 3995 nostrorum,
1723 3956 1929 3987 Venerabilium
1953 3955 2084 3995 Patrum,
2106 3957 2241 3996 Johannis
2263 3955 2391 4000 Norwy-
2408 3952 2524 3986 Rom-&³

1326 3999 1428 4036 censis,
1447 3998 1480 4028 &
1497 3997 1632 4036 Johannis
1654 3996 1784 4033 EliensiS,
1802 3995 2019 4039 Episcoporum:
2041 3995 2179 4027 Adomari
2199 3995 2236 4025 de
2250 3993 2393 4029 Valentia,

2411 3997 2451 4021 Fr.
2475 4001 2519 4019 ιοῃ

1328 4037 1453 4070 Comitis
1467 4035 1684 4075 Pembrochiae,
1703 4034 1914 4112 Consanssuugei
1927 4033 2015 4065 nostri
2034 4033 2184 4071 kariffimi3
2201 4033 2234 4065 δε
2248 4029 2392 4063 Bartholo-
2411 4035 2442 4059 E.
2460 4039 2486 4057 2.

2334 4067 2392 4099 mei
2411 4078 2447 4097 m·
2460 4075 2489 4103 ς,
