2562 4279
206 34 287 88 136

59 112 137 144 'Affl-
151 110 318 156 D·mensis,
336 114 524 147 inhumaniter
537 112 699 148 fastorum,
718 107 894 148 quamplures
916 105 952 136 de
975 104 1120 137 Comitatu
1142 112 1192 134 tuo
1211 108 1270 132 tur-

84 159 169 189 1317.
204 158 304 188 bantur
320 155 473 194 plurimum
487 153 520 183 ὅ(
533 158 678 181 terrentur:

62 191 132 220 Ielv.
152 200 179 219 2.
241 194 308 225 Nos
320 217 330 232 ‚
354 193 480 232 quietem
498 191 531 220 ὃ(
549 186 766 224 tranquilitatem
787 184 919 214 omnium
944 182 980 213 de
997 182 1076 213 dieto
1094 180 1201 218 Regno
1218 187 1271 207 no-

203 232 261 265 stro
297 241 327 263 ut
343 230 462 262 securius
472 229 505 258 ὃ(
519 224 687 263 tranquillius
699 223 748 253 sub
760 221 861 252 nostro
875 221 1028 261 Regimine
1042 222 1135 251 vivere
1152 218 1270 259 valeant,

205 255 329 303 corditer
346 268 520 304 affectantes,
541 265 590 294 tibi
607 262 785 300 praecipimus
807 261 887 299 quod
903 261 933 290 i'n
954 259 1139 296 Civitatibus,
1159 256 1271 300 Effugis,

204 310 286 341 Villis
302 305 497 341 Mercatoriis,
514 304 547 334 &
560 301 617 331 aliis
634 300 733 338 Locis,
748 299 799 330 ubi
821 299 922 329 videris
943 297 1091 336 expedire,
1108 295 1223 339 publice
1238 296 1272 322 ii-

204 359 242 379 ne
257 347 388 378 dilatione
403 341 586 381 proclamari,
603 339 636 369 δε
658 338 792 369 omnibus
809 338 842 368 &
866 336 976 374 lingulis
993 336 1113 367 intimari
1134 333 1218 377 factas
1239 340 1273 361 ex

207 395 282 425 parte
297 382 405 420 nostta,
423 379 498 419 quod
514 387 583 415 nos,
601 387 668 408 cum
684 375 893 407 Proceribus&
909 375 1092 412 Magnatibus
1106 373 1205 409 Regni
1221 379 1274 400 no-

209 425 281 461 stri,
300 422 333 452 &
356 420 463 450 caeteris
484 417 520 447 de
543 415 679 446 Concilio
698 415 810 453 nostro,
832 414 916 445 talem
972 414 1111 443 nitionem
1129 410 1274 441 dierorum

209 459 431 493 Malefaetorurn
447 455 523 493 fieri,
540 465 573 484 ac
593 453 715 484 excessus
734 454 764 491 (si
780 454 828 492 qui
844 463 892 491 per
948 451 1057 481 inistros
1074 449 1200 486 nostros,
1227 446 1273 476 seu

206 500 313 536 aliquos
330 496 366 527 de
381 495 502 532 hospitio
519 492 635 530 nostr0‚
661 503 711 533 per
726 494 888 530 captionem
906 491 1050 520 bonorum
1072 489 1204 523 suorum,
1227 484 1272 515 seu

204 538 259 568 alio
277 535 366 566 modo
383 533 507 564 indebite
524 531 592 562 faeti
609 530 720 568 fuerint)
742 532 849 568 corrigi
868 530 902 560 &
920 527 1082 567 emendari,
1095 537 1130 557 ac
1150 525 1217 556 inde
1233 523 1273 554 sa-

206 574 298 607 tisfieri
316 575 346 603 in
363 573 459 610 brevi,
477 570 653 601 concedente
671 569 820 606 Domino,
837 569 983 599 faciemus:
1213 599 1218 605 .

247 611 358 651 Qiod,
373 610 480 641 sublatis
497 607 664 650 quibussibet
680 609 785 639 timore
802 608 835 639 &
853 615 969 643 terrore,
987 613 1038 643 pax
1058 601 1150 646 nostra
1169 601 1275 639 ubique

204 650 413 683 conservabitur
431 648 530 686 illaesa,
547 647 581 677 ad
594 648 733 678 honorem
749 646 824 684 Dei,
839 646 872 676 ὃς
886 643 989 682 nostri,
1016 643 1049 673 &
1066 640 1209 683 utilitatem
1230 647 1275 682 to-

207 691 260 721 tius
274 688 376 726 Populi
389 687 487 725 Regni
502 685 605 725 nostri,
625 687 661 717 ita
678 685 752 724 quod
767 684 845 715 idem
861 682 984 720 Populus
997 679 1091 711 noster
1112 680 1148 710 ab
1170 686 1275 720 injuriis

207 730 241 760 ὃ(
254 726 491 766 oppressionibus,
509 724 648 755 mediante
660 724 779 762 justitia,
797 722 967 753 defendetur.
1064 757 1069 762 ¹

246 766 334 797 Teste
349 764 430 804 Rege
444 764 518 805 apud
533 763 681 802 Eborum,
698 763 835 796 vicelimo
852 760 897 791 die
914 757 1091 797 Septembris.

242 842 356 874 Eodem
373 841 463 874 modo
475 840 637 872 mandatum
655 839 695 871 est
710 838 818 879 singulis
830 833 1056 868 Vicecomitibus
1070 842 1119 871 per
1129 829 1275 869 Angliam.

208 979 265 1014 Ad
289 976 547 1023 Dearcstandum,
563 976 594 1019 fi
613 978 666 1021 qui
679 974 800 1019 fuerint
822 972 962 1017 uastati,
986 970 1022 1005 de
1041 965 1255 1004 adhaerentibus

572 1027 696 1058 Comitis
719 1022 907 1066 Lancast‘riae.

59 1130 129 1163 ‘Arm
155 1130 187 1161 D
275 1117 359 1156 EX,
376 1117 483 1147 dilectis
499 1116 531 1147 ὃς
545 1113 672 1145 fidelibus
692 1109 759 1151 suis,
780 1112 926 1143 Adomaro
947 1112 982 1142 de
997 1108 1144 1146 Valentia,
1165 1106 1276 1138 Comiti

86 1156 171 1206 12i7.
189 1154 197 1162 ‘
210 1123 272 1188 R
293 1156 511 1193 Pembrochix,
532 1153 753 1190 Consanguineo
769 1153 819 1181 suo
837 1151 996 1188 cariffimo‚
1013 1149 1047 1180 &
1063 1145 1226 1178 Humfredo
1239 1144 1275 1175 de

59 1190 119 1236 Aa?
133 1219 161 1237 Η
208 1194 324 1232 Bohun,
340 1193 452 1224 Comiti
468 1191 613 1223 Hereford
624 1192 657 1222 ὃς
671 1190 771 1227 Effex,
788 1189 912 1220 salutem.
1074 1225 1080 1231 ⁶
1183 1224 1188 1228 Ι

61 1252 83 1274 E
114 1257 127 1274 2
167 1230 175 1238 “
242 1233 342 1271 Cum,
360 1241 471 1271 propter
484 1231 566 1262 ardua
580 1230 711 1267 negoiia,
730 1239 797 1272 nos,
815 1228 847 1259 &
861 1227 963 1259 statum
982 1226 1082 1262 Regni
1103 1222 1190 1254 nostri
1202 1228 1274 1254 {tan-

60 1266 190 1315 pjtsu·
225 1273 297 1316 entia
333 1272 393 1310 jam
418 1270 642 1301 ordinaverimus
665 1266 883 1297 parliamentum
912 1265 1039 1296 nostrum
1065 1272 1174 1300 tenere,
1199 1260 1274 1298 apud

59 1327 90 1350 E.
109 1330 170 1360 2.p.

64 1371 192 1399 i.m.25.

234 1320 299 1342 inco
310 1320 406 1349 niam,
430 1310 459 1339 in
479 1307 631 1347 Qindena
650 1305 747 1336 Sancti
772 1304 873 1335 Hilarii
892 1305 1023 1342 proximo
1042 1301 1220 1344 futuraQac,
1238 1298 1274 1330 ad

204 1349 344 1388 vestram,
363 1349 395 1379 ὅ(
410 1348 527 1378 aliorum
544 1345 716 1382 Magnarum
732 1343 767 1372 de
781 1342 916 1374 Concilio
934 1341 1029 1373 nostro
1047 1339 1273 1378 requisitionem,

208 1398 260 1428 pro
276 1388 354 1418 bono
369 1387 442 1425 pacis
463 1387 495 1416 δε
510 1383 671 1415 concordiae
696 1381 905 1420 confovendae,
932 1379 1153 1412 concesserirnus
1197 1376 1274 1415 uod,

204 1426 323 1458 diledms
335 1425 479 1461 Consang.
497 1424 530 1454 ὃς
551 1422 637 1452 fidelis
658 1419 750 1451 noster
765 1443 774 1459 ,
798 1421 930 1451 Thomas
951 1418 1058 1450 Comes
1079 1416 1189 1447 Lancai
1203 1416 1250 1445 riae
1262 1437 1272 1454 ,

204 1465 315 1497 Gentes
332 1464 401 1501 suae,
420 1464 451 1493 δε
465 1471 565 1492 omnes
579 1460 615 1490 de
632 1458 747 1491 familia
765 1460 798 1490 ὃς
819 1458 990 1489 Retentione
1005 1456 1068 1495 sua,
1083 1455 1158 1486 salvo
1179 1453 1276 1498 &ie-

205 1504 290 1542 cure,
308 1513 357 1541 per
372 1510 465 1532 totum
485 1499 619 1537 Regnum
638 1499 671 1529 δε
690 1497 860 1528 Potestatem
882 1496 1027 1534 nostram,
1045 1503 1103 1533 quo
1121 1491 1277 1531 voluerint,

204 1543 343 1575 divertere
358 1540 383 1571 se
401 1538 503 1578 poffmt
518 1561 528 1577 ,
549 1539 583 1569 &
601 1536 677 1576 quod
697 1536 770 1566 nulla
789 1535 945 1573 Arestatio,
968 1535 1009 1564 ob
1023 1533 1145 1571 aliquam
1165 1530 1275 1575 causam

208 1581 394 1620 praeteritam,
418 1578 495 1616 super
510 1575 584 1615 ipsos
598 1599 608 1615 ,
633 1575 678 1606 vel
704 1575 781 1605 bona
799 1574 859 1611 sua,
877 1584 925 1612 per
944 1572 1009 1604 Nos
1023 1595 1033 1610 ,
1057 1571 1102 1602 vel
1125 1569 1276 1613 Mmistros

208 1619 315 1651 nostros
340 1616 551 1656 quoscumque,
576 1614 622 1645 fiat
642 1613 859 1653 quomodolibet
881 1614 950 1643 citra
965 1609 1152 1650 Qtndenam
1174 1608 1277 1647 praedi-

207 1660 301 1695 ctam,
318 1655 356 1687 set
373 1656 472 1686 omnia
489 1654 603 1685 interim
621 1654 649 1683 in
667 1662 736 1690 pace
754 1659 926 1682 remaneant:

243 1696 326 1735 Nos,
343 1695 380 1725 de
400 1693 543 1730 fidelitate,
568 1693 602 1723 ὅ(
627 1690 881 1727 circumspectione
903 1687 995 1720 vestra
1014 1687 1125 1726 plenam
1142 1686 1277 1717 fiduciam

203 1736 360 1774 opdnentes
396 1730 595 1770 Dearestandi,
623 1730 794 1768 Qiietandi,
817 1729 851 1760 ὃ(
868 1728 1037 1758 deliberandi
1055 1736 1155 1756 omnes
1173 1725 1205 1756 ὃς
1223 1724 1277 1755 sin-

203 1774 286 1812 gulos
299 1773 334 1804 de
349 1756 489 1802 (ientibus
503 1769 575 1800 dieti
594 1767 733 1805 Comitis,
750 1777 783 1798 ac
802 1766 838 1798 de
858 1766 977 1797 Familia
989 1766 1023 1797 &
1037 1764 1208 1795 Retentione
1219 1762 1276 1801 sua,

204 1822 276 1851 quos
293 1812 334 1842 ob
358 1810 478 1848 aliquam
495 1807 604 1839 causam
622 1807 829 1848 praecedentem
846 1804 993 1843 arrestari,
1018 1801 1276 1848 occasionarihseu

205 1852 317 1889 gravari
331 1848 483 1886 contigerit
497 1855 611 1887 quoquo
627 1845 734 1884 modo,
754 1844 866 1882 plenam
880 1844 981 1882 vobis,
998 1843 1032 1874 &
1046 1842 1123 1873 alteri
1137 1839 1277 1880 vestrum,

204 1899 304 1922 tenore
318 1887 509 1927 praesentium,
526 1884 711 1916 concedimus
727 1882 898 1922 potestatem.
1258 1917 1263 1923 .

246 1927 358 1958 Damus
374 1934 466 1956 autem
483 1923 618 1954 omnibus
637 1923 669 1954 &
693 1921 803 1961 singulis
826 1921 935 1952 Ballivis
958 1920 992 1951 &
1018 1918 1158 1950 Ministris
1176 1917 1278 1948 nostris

205 1968 236 1997 in
256 1965 406 2002 mandatis,
423 1962 502 2001 quod
520 1962 602 1992 vobis
616 1985 625 1999 ,
651 1961 684 1991 &
701 1961 776 1991 alteri
794 1959 921 1990 vestrum
943 1960 971 1988 in
996 1956 1142 1996 praemiffis
1166 1963 1277 1994 pareant

202 2006 237 2037 &
244 2002 416 2074 1intendant,
433 2002 560 2040 quotiens
578 2000 611 2030 &
630 2007 712 2037 prout
729 2000 766 2029 eis
786 1998 855 2029 scire
872 1998 994 2028 feceritis
1013 2005 1047 2027 ex
1063 2004 1138 2033 parte
1154 1994 1257 2025 nostra.

294 2051 330 2071 cu
343 2051 371 2071 us

277 2051 471 2117 Teite'Rege
487 2075 560 2117 apud
577 2075 725 2115 Eborum,
743 2073 881 2107 vicesimo
899 2081 996 2113 quarto
1013 2072 1060 2104 die
1079 2070 1258 2111 Septembris.

678 2155 731 2183 Per
750 2152 832 2194 ipfiam
851 2154 946 2191 Regem
963 2149 1002 2187 ό·
1020 2148 1172 2181 Concilium.

261 2293 311 2325 De
333 2289 534 2330 Profectione,
553 2298 608 2334 pro
632 2285 784 2380 Zagff?
809 2285 960 2335 Rigaldo,
993 2287 1116 2320 Nuncio
1138 2283 1223 2317 Sedis

678 2347 715 2382 po
740 2350 752 2368 o
767 2347 823 2370 tcae.

59 2442 138 2474 m
150 2440 192 2472 D·
207 2425 288 2484 RE
298 2424 329 2456 X
348 2424 481 2471 qmnibus
497 2422 608 2467 Ballivis
622 2422 656 2453 &
673 2420 809 2452 Fidelibus
826 2420 896 2464 suis,
914 2420 947 2451 ad
967 2429 1054 2459 quos,
1071 2419 1132 2464 &c3
1150 2418 1276 2466 salutem*

318 2463 418 2501 Cum,
435 2462 628 2493 Sanetiffimus
646 2460 741 2499 Pater,
762 2459 905 2490 Dominus
916 2459 1073 2498 Johanues,
1092 2457 1279 2488 DivmaPro-

59 2489 177 2549 2331171'.
211 2502 350 2546 videntia,
368 2501 441 2545 Rapa
454 2500 604 2531 vicefimus
615 2498 765 2543 secundus,
783 2498 920 2542 dilectum
934 2498 1018 2542 nobis
1032 2499 1061 2527 in
1069 2495 1278 2539 Christo‚Maj

60 2562 92 2587 E.
110 2567 136 2586 2·
234 2541 333 2572 istrum
349 2539 505 2577 Rigaldum
527 2538 563 2569 de
579 2537 706 2576 Afferio,
724 2536 908 2567 Canonicum
927 2535 1135 2573 Aurialensem,
1160 2535 1193 2565 &
1207 2534 1282 2573 Juris

240 2579 310 2611 ivilis
324 2577 511 2610 Professorem
522 2600 531 2615 ,
547 2576 582 2607 ad
597 2585 682 2615 partes
698 2576 825 2613 Angliae,
843 2574 1009 2612 Hiberniae,
1022 2575 1056 2605 ὃς
1070 2573 1202 2612 Waniae,
1221 2581 1281 2603 tan-

232 2628 295 2649 uam
309 2618 462 2649 Nuncium
477 2615 599 2654 ejusdem
613 2614 696 2655 Papae
715 2624 747 2645 ac
763 2613 841 2644 Sedis
856 2613 1029 2651 Apostolicae
1048 2612 1215 2651 specialem,
1230 2611 1281 2642 de-

240 2658 353 2688 'naverit
369 2665 420 2693 pro
437 2654 547 2685 diversis
563 2652 744 2691 eorumdem,
763 2651 986 2690 Papae&Sedis‚
1003 2651 1124 2689 negotiis
1131 2650 1202 2681 inibi
1215 2659 1280 2689 pro-

210 2695 353 2734 sequendis
369 2695 402 2725 &
420 2692 611 2724 excercendis:
847 2729 852 2733 ῃ

248 2733 316 2765 Nos
333 2732 454 2764 eundem
472 2731 645 2769 Rigaldurn,
659 2730 700 2759 ob
718 2736 900 2760 reverentiam
913 2728 982 2760 dieti
996 2727 1100 2765 Patris,
1119 2728 1215 2759 favore
1229 2727 1280 2758 be-

210 2772 311 2804 nivolo
335 2771 547 2809 prosequentcS,
570 2768 735 2806 suscepimus
752 2767 858 2805 ipsum,
884 2777 917 2798 ac
943 2767 1185 2805 Subcolledwres,
1209 2766 1228 2785 '¹‘
1246 2766 1281 2796 &

210 2810 361 2842 Ministros
377 2809 437 2839 suos
457 2810 537 2847 (quos
554 2808 603 2838 sub
619 2807 645 2837 se
663 2806 792 2844 deputare
808 2807 928 2836 voluerit
945 2806 980 2836 ad
999 2806 1111 2842 negotia
1129 2804 1172 2835 illa
1189 2803 1280 2842 prose-

211 2848 322 2888 quenda
335 2849 368 2880 &
388 2847 526 2883 facienda)
547 2846 705 2883 Homines,
724 2845 796 2882 Res,
813 2845 847 2875 &
864 2844 943 2875 Bona
961 2844 1005 2875 sua
1026 2845 1055 2873 in
1071 2844 1281 2882 protectionem

209 2890 244 2921 &
265 2886 458 2955 defenii‘ignem
480 2884 621 2922 nostram,
647 2893 761 2914 necnon
785 2885 814 2913 in
838 2882 945 2914 salvum
968 2883 1002 2914 δε
1027 2882 1153 2913 securum
1171 2881 1281 2913 condu-

209 2928 293 2960 ‹stum
311 2936 351 2956 no
390 2934 447 2954 um.

248 2964 285 2995 Et
302 2963 368 2994 ideo
387 2963 469 2994 vobis
488 2961 652 2992 mandamus
672 2959 751 2998 quod
769 2959 863 2990 eidem
885 2958 1014 2997 Rigaldo
1028 2983 1037 2997 ,
1061 2957 1281 2990 subconeetori-

213 3004 281 3042 bus,
305 3002 351 3033 seu
371 3000 508 3032 Ministris
525 3000 575 3030 suis
590 3022 599 3037 ,
624 3008 671 3037 per
689 2999 778 3036 ipsum
795 2998 829 3028 ad
847 2997 987 3036 praemissa
1003 2998 1131 3029 facienda
1147 2997 1282 3035 deputatis

211 3042 258 3073 seu
275 3040 457 3079 deputandis,
474 3041 503 3070 in
523 3038 605 3068 dietis
622 3038 743 3075 negotiis
762 3036 956 3075 prosequendis
974 3037 1008 3068 &
1023 3036 1217 3074 excercendis‚
1233 3035 1278 3066 seu

211 3080 390 3110 Hominibus
407 3078 477 3116 suis,
503 3079 532 3107 in
550 3076 686 3114 personis,
710 3075 867 3116 rebushaut
881 3075 962 3105 bonis
978 3075 1047 3114 suis,
1071 3085 1129 3105 non
1145 3074 1281 3112 inferatis,

213 3118 259 3150 seu
267 3119 303 3149 ab
315 3118 389 3154 aliis,
407 3124 541 3155 quantum
555 3116 585 3145 in
599 3115 681 3145 vobis
696 3113 755 3152 est,
772 3114 868 3143 inferri
903 3114 1045 3144 ermittatis
1057 3114 1203 3151 injuriam,
1219 3113 1280 3143 &c.

249 3156 318 3186 Etsi
335 3155 401 3193 quid
417 3155 471 3193 eis,
490 3154 552 3185 &c.
570 3152 678 3184 faciatis
694 3151 852 3190 emendari,
891 3161 941 3182 um
956 3159 1069 3190 tamen,
1085 3153 1114 3181 in
1131 3151 1214 3182 dietis
1231 3161 1281 3181 ne-

210 3196 297 3232 gotiis
313 3193 495 3231 exequendis,
513 3192 539 3222 se
553 3192 670 3223 habeant
684 3194 767 3229 p'rout
785 3189 831 3220 alii
847 3188 880 3219 N
883 3190 959 3220 uncii
976 3189 1062 3219 dietae
1080 3189 1159 3219 Sedis
1178 3189 1277 3219 haste-

214 3243 268 3264 nus
292 3231 489 3263 rationabiliter
513 3230 539 3261 se
566 3230 669 3260 habere
693 3228 917 3265 consueverunt,
942 3228 975 3258 ὃς
1000 3227 1088 3266 aliqua
1106 3227 1209 3266 nobis,
1233 3226 1280 3259 seu

215 3271 326 3309 Regno
340 3269 436 3300 nostro
455 3268 639 3307 praejudiciala
657 3278 715 3299 non
733 3273 906 3304 attemptent.

252 3309 286 3340 In
304 3309 399 3347 cujus,
417 3308 480 3339 &c.
498 3306 632 3345 quamdiu
650 3307 731 3336 nobis
750 3305 882 3346 placuerit
899 3302 1046 3333 duraturas.

287 3347 380 3379 Teste
398 3346 483 3384 Rege
497 3345 570 3384 apud
589 3344 733 3382 Eborum,
749 3342 885 3374 vicefimo
900 3349 999 3381 quarto
1015 3341 1061 3372 die
1077 3340 1259 3379 Septembris.

59 2601 119 2626 tat.
142 2605 186 2623 ιι.

59 2640 158 2672 E·²·'P·
170 2643 194 2662 1.

61 2683 99 2703 m.
109 2675 155 2702 26.

77 2779 98 2799 ³*
118 2781 172 2809 111.

77 2818 145 2854 §68-

217 3482 315 3530 Qod
338 3485 436 3516 Comes
461 3478 659 3524 Lancastriae,
685 3480 720 3517 &¹⁴
737 3476 797 3522 fibi
819 3475 994 3510 adhaercntes
1008 3502 1019 3519 ,
1048 3476 1154 3522 secure
1170 3475 1207 3522 fi
1232 3474 1280 3508 di-

545 3537 668 3563 vertant
691 3527 774 3571 infra
798 3529 943 3572 Regnum.

74 3621 152 3653 Ann.
162 3618 205 3650 D.
271 3614 297 3646 E
314 3614 375 3645 Roi
393 3625 419 3646 as
435 3614 553 3652 Baillifs,
579 3613 724 3645 Ministres
738 3635 748 3651 ,
771 3611 805 3642 ὅτ,
822 3618 891 3641 touz
908 3618 954 3640 ces
969 3607 1049 3640 feaux
1073 3607 1107 3639 &
1124 3607 1202 3639 leaux
1216 3631 1227 3645 ,
1254 3617 1282 3638 as

94 3667 180 3699 1317,
291 3663 360 3691 quex
381 3653 467 3683 cestes
485 3653 618 3690 presentes
636 3652 725 3696 lettres
741 3649 898 3687 vendront,
914 3648 1006 3678 salutz.
1163 3677 1165 3679 ,
1237 3685 1242 3690 ⁸

73 3702 127 3727 An.
148 3707 191 3726 ii.
259 3690 368 3728 Come,
393 3701 443 3728 pur
462 3691 565 3725 groffes
579 3690 724 3728 bosoignes
739 3713 748 3727 ,
772 3689 934 3719 touchantes
957 3695 1026 3716 nous
1042 3685 1075 3716 &
1092 3683 1186 3715 nostre
1202 3683 1283 3715 roral-

75 3741 107 3764 Ε.
128 3745 155 3764 2.
221 3738 286 3767 me,
304 3738 382 3758 eoms
397 3726 505 3759 Ordine
519 3728 610 3759 nostre
624 3728 779 3759 Parlement
789 3737 804 3757 a
819 3727 905 3765 tenir,
920 3735 935 3755 3
947 3723 1071 3762 Nicole,
1089 3734 1105 3753 a
1119 3723 1144 3754 la
1158 3723 1284 3761 quinzei-

76 3779 135 3803 Par.
148 3784 191 3802 ii.
224 3777 262 3798 ne
274 3766 310 3796 de
322 3766 398 3795 Seint
415 3766 511 3797 Hillair
527 3767 670 3805 preschein
689 3777 706 3797 a
726 3766 820 3803 venir,
839 3774 892 3803 por
909 3773 978 3795 avor
990 3772 1009 3802 y
1026 3761 1129 3793 conseil
1146 3762 1179 3793 &
1195 3762 1281 3792 avise-

79 3818 143 3840 1:12.
150 3814 304 3851 p.1,ment
327 3804 362 3833 de
385 3814 442 3833 noz
458 3804 566 3836 Prelatz
581 3829 590 3843 ‚
615 3806 648 3835 ὃς
672 3804 708 3835 de
730 3803 824 3834 nostre
847 3803 930 3834 chere
948 3801 1034 3832 Cofin
1057 3801 1083 3831 le
1109 3799 1222 3830 Counte
1247 3799 1284 3830 de

75 3860 114 3880 m,
130 3860 176 3887 24,
223 3841 377 3879 Lancastr,
401 3844 434 3872 δε
452 3842 487 3872 de
504 3854 561 3873 noz
578 3852 666 3874 autres
683 3850 801 3879 grauntz
815 3864 825 3880 ,
850 3841 891 3871 sur
908 3841 934 3871 le
951 3841 1011 3870 bon
1026 3838 1093 3870 estat
1108 3839 1141 3870 &
1159 3848 1284 3876 govern-

220 3889 301 3913 ment
317 3880 352 3912 de
369 3879 461 3911 nostre
479 3880 626 3919 Roialme,
643 3883 676 3914 ὃς
693 3881 734 3912 sur
749 3880 862 3913 ascunes
880 3878 1084 3918 mustraunces‚
1105 3887 1122 3909 a
1143 3886 1214 3908 nous
1231 3876 1283 3908 fai·

687 9 1484 67 CONVENTIONES‚
1541 5 1926 55 LITERAE‚

1309 103 1349 126 tes
1365 106 1429 136 par,
1445 105 1503 127 notz.
1518 96 1607 127 chiers
1624 96 1658 127 &
1675 93 1765 133 fealz,
1783 92 1931 125 Monsieur
1947 92 2056 135 Aymer
2073 93 2108 124 de
2126 93 2251 126 Valence
2264 94 2382 127 Counte
2397 96 2474 127 Anti.
2488 92 2542 135 Di„

1310 135 1347 165 de
1362 135 1525 173 Pembiok,
1543 135 1576 165 &
1593 133 1737 164 Monsieur
1747 132 1882 163 Hunifrei
1896 133 1931 162 de
1944 131 2046 162 Bohun
2059 132 2174 164 Counte
2185 133 2222 164 de
2237 133 2380 164 Hereford

1312 175 1346 205 ὅ(
1363 174 1491 213 d'Effex,
1508 183 1561 212 por
1576 173 1643 202 bien
1659 172 1695 202 de
1713 170 1798 209 Pees,
1817 174 1849 202 &
1868 173 1927 201 bon
1943 170 2031 202 acord
2049 172 2142 209 norir,

1348 211 1437 243 Eoms
1465 220 1580 250 graunte
1601 220 1655 248 que
1677 219 1745 240 touz
1769 209 1807 238 les
1831 219 1919 246 gentz
1936 209 1961 239 le
1978 210 2018 239 dit
2037 208 2152 239 Counte
2178 209 2214 240 de
2231 209 2387 249 Lancastr‚

1313 250 1346 281 &
1363 260 1430 281 touz
1440 260 1525 282 ceaux
1541 250 1577 280 de
1592 249 1617 279 sa
1635 248 1754 286 mesnie,
1772 249 1806 278 δί
1822 248 1896 278 desa
1915 257 2078 286 retenance,
2095 248 2128 278 &
2145 247 2201 278 sees
2216 248 2330 288 alieetz,
2348 249 2383 279 ὃς

1312 289 1370 319 leur
1387 298 1474 326 gentz
1508 299 1562 319 oue
1580 287 1636 318 leur
1655 287 1751 325 biens,
1766 287 1891 324 peuffent
1908 287 2069 318 sauvement
2090 287 2123 317 &
2143 285 2312 325 sentement,
2333 297 2384 324 par

1314 335 1355 357 tot
1370 328 1464 359 nostre
1479 313 1610 358 Roialrne
1625 326 1659 356 &
1675 324 1769 355 nostre
1784 334 1871 364 poer,
1890 335 1962 363 queri
1983 334 2043 363 part
2064 324 2104 363 qil
2119 324 2252 363 voillent,
2277 325 2331 355 aler
2349 326 2383 356 δε

1312 365 1501 405 demorer5&
1518 376 1571 404 que
1586 364 1633 395 nul
1645 363 1732 402 arest,
1753 373 1799 401 pir
1814 363 1879 393 nule
1891 364 1987 403 cause,
2002 363 2057 394 fete
2072 370 2152 393 avant
2174 362 2199 393 13
2215 363 2383 394 εοηῑεᾶὶοη

1313 403 1349 433 de
1364 404 1439 434 ceste
1453 405 1547 443 lettre,
1560 403 1603 434 sur
1617 412 1684 441 eux,
1703 411 1738 432 ne
1754 401 1795 431 sur
1809 401 1866 431 leur
1879 402 1973 441 biens,
1991 410 2091 440 terres,
2109 411 2144 431 ne
2157 409 2321 432 tenementz.
2334 412 2382 440 par

1315 451 1405 481 nous,
1419 453 1455 473 ne
1471 453 1518 480 par
1529 443 1577 473 nul
1592 441 1627 472 de
1642 450 1701 471 noz
1722 439 1881 478 Ministres,
1899 439 1986 470 soient
2000 441 2094 478 faites,
2111 448 2214 478 taxique
2228 450 2245 470 a
2261 440 2285 470 la
2299 442 2383 478 quin-

1314 481 1396 511 zeine
1416 480 1572 520 avantdite,
1586 481 1651 510 n'en
1669 488 1712 510 tot
1728 478 1754 508 le
1771 488 1860 516 temps
1873 478 1973 509 durant
1987 477 2012 508 le
2026 478 2067 509 dit
2084 478 2260 515 Parlement,
2279 478 2312 510 &
2329 489 2384 518 que

1316 527 1386 549 totes
1404 519 1518 557 choses,
1541 527 1594 550 euz
1611 518 1772 556 tochantes,
1790 518 1964 547 endemetres
1978 518 2152 553 remaignent
2166 527 2202 547 en
2216 516 2305 556 Pees,
2323 527 2385 548 mes

1336 567 1369 587 ue
1389 557 1429 587 les
1447 557 1561 596 choses,
1579 558 1627 595 qui
1648 556 1762 586 devient
1781 555 1834 586 estr
1865 555 1980 585 redreses
1999 565 2035 585 en
2052 554 2229 594 Parlement,
2253 555 2385 594 adonque

1325 597 1402 626 oient
1420 595 1572 633 redresces3
1588 596 1620 626 &
1637 595 1676 624 les
1693 594 1803 632 choses,
1820 594 1963 625 tochantes
1981 592 2007 625 la
2028 603 2187 625 commune
2206 594 2267 634 ley,
2291 604 2339 632 pai·
2356 594 2397 626 la-

1316 634 1359 674 ley
1373 634 1411 664 du
1426 634 1558 664 Roialme
1571 633 1643 663 soint
1655 632 1743 663 aillors
1760 632 1904 663 redresces.

1351 672 1407 711 Et,
1424 673 1443 703 si
1460 683 1506 710 par
1519 679 1652 702 aventure
1665 672 1784 708 aveigne
1799 681 1853 709 que
1867 670 2013 710 ascun,ou
2026 670 2122 702 ascuns
2136 669 2172 701 de
2184 680 2254 710 eux,
2269 681 2308 702 ou
2322 670 2383 702 leur

1315 711 1410 749 biens,
1427 721 1475 749 par
1494 709 1633 741 enchesun
1653 708 1688 739 de
1711 709 1774 740 nule
1795 708 1893 748 cause,
1908 710 2016 740 sicome
2039 709 2080 740 est
2096 709 2191 748 susdit,
2207 709 2294 741 soient
2314 710 2384 741 ares-

1316 757 1389 788 tetz,
1404 749 1573 788 empeschez
1585 771 1594 785 ,
1621 747 1774 786 molestez,
1791 758 1829 778 ou
1852 757 1955 786 grevez
1975 754 2022 786 par
2040 758 2129 786 nous,
2144 758 2182 778 ou
2204 748 2253 778 nul
2273 748 2309 779 de
2327 758 2386 780 noz

1318 787 1463 818 Ministres
1477 810 1486 826 ,
1511 787 1624 817 volonis
1647 796 1700 824 que
1717 787 1790 816 tieux
1815 786 1903 816 arestz
1925 787 1958 817 &
1984 783 2209 825 attachementz,
2223 787 2386 824 empesche-

1318 835 1416 857 mentz
1429 827 1645 863 &grevance8,
1665 835 1713 862 par
1727 824 1766 854 les
1779 824 1839 854 ditz
1851 823 1990 864 CounteS,
2006 825 2042 855 de
2058 822 2205 856 Pembrok
2222 825 2255 856 &
2271 826 2307 856 de
2321 826 2383 856 He-

1316 864 1425 903 reford,
1444 875 1481 895 ou
1496 874 1544 902 par
1557 864 1615 894 l’un
1626 864 1662 893 de
1673 872 1759 902 eaux,
1776 872 1815 892 ou
1829 872 1875 900 par
1887 872 1975 901 ceux,
1992 873 2030 894 ou
2046 864 2118 902 celi,
2136 874 2163 894 as
2186 874 2294 902 queux,
2312 873 2350 894 ou
2370 875 2386 895 a

1317 903 1346 941 qi
1360 903 1397 933 les
1416 903 1477 933 ditz
1497 902 1640 940 Countes,
1664 912 1702 932 ou
1722 901 1778 931 l'un
1795 900 1832 931 de
1853 911 1905 931 eux
1922 911 2057 941 averont,
2073 912 2110 932 ou
2135 913 2217 933 avera
2233 913 2248 933 a
2262 913 2297 934 ce
2308 902 2388 933 done

1317 951 1385 981 poer
1406 951 1453 979 par
1471 941 1529 972 leur
1544 940 1650 978 lettres,
1667 950 1705 970 ou
1721 949 1769 977 par
1785 939 1823 969 les
1839 939 1933 970 lettres
1946 940 2002 970 l'un
2020 940 2056 970 de
2070 950 2138 971 eaux
2158 949 2297 980 patentes,
2316 951 2332 971 a
2349 941 2389 971 les

1317 990 1390 1018 qeux
1404 980 1446 1011 sur
1460 990 1495 1011 ce
1510 988 1609 1010 avoms
1623 978 1697 1008 done
1711 987 1769 1007 noz
1782 977 1872 1008 lettres
1885 986 2006 1015 patentes
2021 978 2199 1015 jountement
2216 979 2250 1010 ὃ(
2272 980 2388 1010 several-

1318 1027 1414 1057 ment,
1432 1029 1448 1049 a
1462 1017 1624 1055 desarester,
1642 1017 1675 1048 &
1687 1016 1751 1046 sanz
1762 1015 1832 1046 delai
1845 1025 1914 1054 eux,
1939 1017 1974 1046 ὃ(
1991 1016 2049 1046 leur
2064 1018 2142 1047 biens
2174 1018 2207 1049 &
2226 1017 2286 1049 leur
2305 1027 2388 1049 terres

1316 1057 1450 1088 deliverer
1465 1057 1539 1088 illint
1551 1066 1605 1095 que
1639 1054 1760 1086 dedeinz
1779 1054 1805 1084 le
1825 1053 1906 1085 susdit
1928 1061 2036 1092 temps,
2054 1054 2113 1086 nuls
2135 1040 2182 1086 <ies
2202 1065 2289 1093 gentz
2304 1057 2330 1087 le
2345 1057 2386 1087 dit

1318 1096 1433 1127 Counte
1452 1095 1488 1125 de
1503 1078 1645 1126 Lancaiir.
1666 1104 1713 1124 nes
1728 1101 1815 1131 gentz
1829 1092 1865 1123 de
1888 1093 1913 1123 sa
1934 1093 2044 1131 mesne,
2063 1103 2099 1124 ne
2120 1092 2156 1123 de
2175 1093 2202 1124 sa
2221 1103 2385 1134 retenance‚

1317 1145 1354 1166 ne
1373 1134 1420 1166 nul
1442 1134 1478 1164 de
1497 1133 1536 1164 ses
1549 1133 1629 1164 alliez
1642 1133 1729 1163 soient
1747 1130 1930 1170 empeschez,
1947 1131 2066 1170 arestez,
2087 1141 2123 1162 ne
2144 1133 2284 1172 quereles,
2299 1135 2389 1165 mole-

1318 1173 1394 1212 stez,
1412 1183 1448 1203 ne
1461 1181 1584 1211 grevez,
1600 1172 1698 1202 durant
1710 1171 1735 1201 le
1748 1170 1790 1201 dit
1805 1180 1912 1210 temps,
1921 1179 2075 1201 encounrre
2088 1170 2114 1201 13
2128 1168 2222 1202 forme
2233 1171 2348 1205 suzdite.

1352 1212 1397 1243 En
1412 1211 1621 1249 tesmoignance
1635 1210 1671 1240 de
1684 1208 1763 1248 quele
1776 1208 1875 1248 chose,
1893 1210 1954 1240 &c.

1394 1250 1474 1282 Don.
1492 1261 1508 1281 a
1526 1248 1669 1289 Everwyk
1685 1249 1712 1280 le
1729 1249 1778 1279 26.
1792 1249 1860 1287 jour
1878 1247 1915 1279 de
1932 1248 2093 1287 Septembr.

1988 1327 2042 1356 Per
2055 1323 2137 1365 ipficm
2150 1327 2256 1365 Regem.

1449 1365 1548 1406 Duppl.

1608 1491 1658 1525 De
1681 1488 1854 1524 inhibitione
1875 1491 2097 1525 Torneamenti.

1321 1575 1446 1633 REX
1465 1576 1925 1622 VicecomitiNorthamptoniae,
1941 1575 2065 1608 salutem.
2239 1615 2245 1621 ι
2347 1614 2352 1620 .

1418 1615 1604 1654 Praecipimus
1629 1616 1700 1653 tibi,
1717 1615 1833 1646 firmiter
1859 1624 2036 1655 injungentes
2050 1639 2060 1655 ,
2081 1613 2161 1654 quod
2185 1613 2300 1654 statim,
2325 1613 2388 1645 Visis

1318 1654 1512 1694 praesentibus,
1530 1655 1558 1684 in
1573 1653 1759 1692 Civitatibus,
1777 1654 1893 1694 Burgis‚
1913 1654 1994 1684 Villis
2002 1654 2198 1693 Mercatoriis,
2216 1654 2249 1685 δε
2263 1654 2320 1685 aliis
2327 1652 2388 1685 Lo-

2423 143 2507 173 1317.
2534 147 2537 150 >

2399 177 2467 202 Edu.
2486 183 2512 201 2.
2526 188 2544 210 ς,

2407 1577 2483 1611 Ann.
2499 1578 2541 1613 D.

2437 1627 2521 1659 1317.

2408 1660 2460 1685 An.
2479 1667 2522 1686 ii.

1318 1692 1375 1730 cis,
1394 1694 1443 1724 ubi
1457 1693 1588 1732 expedire
1601 1693 1722 1731 videris,
1739 1702 1787 1730 per
1805 1700 1896 1723 totam
1915 1692 2048 1723 Ballivam
2071 1701 2168 1732 tuam,
2186 1692 2301 1731 publice
2321 1701 2389 1730 pro-
2407 1700 2436 1724 Ε.
2455 1705 2483 1725 2.

1319 1730 1450 1771 clamari,
1466 1732 1500 1763 &
1514 1741 1548 1762 ex
1562 1739 1640 1774 parte
1652 1730 1747 1775 nostra
1761 1730 1877 1775 firmiter
1898 1731 2019 1761 inhiberi
2033 1731 2116 1762 facias
2151 1732 2188 1762 ne
2203 1732 2281 1770 quiS,
2299 1729 2388 1769 cujus-
2407 1734 2540 1772 Clauſsii.

1320 1779 1446 1809 cumque
1460 1769 1547 1801 status
1560 1772 1605 1800 seu
1627 1769 1799 1800 conditionis
1816 1769 1931 1808 existat,
1947 1770 1967 1789 ³³
1980 1770 2032 1801 sub
2050 1770 2117 1800 foris
2130 1771 2227 1801 actura
2239 1771 2391 1808 omniurn,
2408 1777 2439 1800 Ε.
2460 1783 2487 1801 2.
2503 1783 2541 1803 m.

1319 1818 1385 1847 quae
1404 1808 1496 1840 versus
1511 1818 1565 1839 nos
1584 1807 1742 1839 forisfacere
1756 1809 1878 1847 poten't,
1895 1808 2059 1847 Torneare,
2078 1808 2230 1847 Burdeare,
2243 1807 2259 1846 J
2263 1807 2332 1839 ustas
2346 1807 2390 1838 fa-

1320 1856 1402 1890 cere,
1421 1848 1576 1879 Aventuras
1617 1857 1736 1885 uaerere,
1760 1855 1807 1877 aut
1825 1847 1915 1885 aliqua
1937 1846 1989 1878 alia
2009 1847 2083 1879 faeta
2102 1856 2247 1878 armorum
2269 1847 2390 1885 alicubi,

1317 1885 1389 1929 infra
1402 1885 1541 1924 Regnum
1555 1895 1594 1916 no
1621 1895 1702 1924 rum,
1721 1885 1772 1915 nisi
1786 1894 1838 1923 pro
1857 1885 2036 1923 expeditione
2054 1886 2173 1917 Guerrae
2196 1885 2300 1916 nostrae
2317 1885 2390 1917 Sco-

1318 1931 1366 1955 tiae
1405 1935 1551 1956 excercere
1562 1923 1724 1962 praesumat,
1742 1923 1799 1954 sine
1815 1922 1908 1954 nostra
1919 1924 2033 1955 licentis
2044 1924 2172 1963 speciali:

1320 2001 1326 2007 ⁶
1355 1947 1408 2001 E't,
1426 1963 1446 1994 fi
1461 1973 1547 2002 quos,
1571 1962 1634 2001 post
1653 1961 1814 2000 hujusmodi
1834 1961 2092 1993 Proclamationem
2110 1964 2143 1994 δε
2163 1963 2391 2001 Inhibitionem,

1318 2003 1458 2032 inveneris
1471 2002 1562 2039 aliqua
1576 2001 1738 2039 hujusmodi
1751 1999 1825 2030 faeta
1840 2000 1998 2031 Armorum
2020 2002 2050 2030 in
2072 2000 2176 2032 Balliva
2195 2002 2243 2032 tua
2257 2010 2390 2032 exercen-

1318 2046 1375 2078 tes,
1389 2048 1457 2070 tunc
1474 2049 1595 2077 corpora
1609 2049 1725 2078 eorum,
1743 2040 1797 2069 una
1809 2047 1879 2069 cum
1894 2038 1978 2076 Equis
1992 2039 2025 2070 &
2041 2039 2183 2070 Hernesiis
2203 2040 2271 2078 suis,
2289 2038 2390 2071 aresta-

1318 2079 1361 2116 ri,
1377 2078 1411 2110 &
1426 2079 1510 2109 etiam
1524 2078 1620 2108 omnia
1634 2077 1713 2108 Bona
1726 2078 1760 2108 &
1773 2076 1881 2106 Catalla
1894 2077 1938 2107 sua
1946 2100 1956 2115 ,
1971 2078 2145 2116 ubicumque
2160 2079 2194 2109 &
2208 2079 2237 2108 in
2253 2087 2391 2117 quorum-

1319 2126 1445 2155 cumque
1463 2117 1593 2147 manibus
1615 2126 1664 2155 ea,
1680 2115 1750 2146 infra
1774 2114 1907 2145 Ballivam
1930 2124 2024 2154 tuam,
2041 2117 2158 2146 inveniri
2174 2117 2346 2155 contigerit,
2362 2117 2395 2148 in

1319 2164 1438 2186 manum
1451 2154 1576 2185 nostram
1587 2156 1651 2192 capi
1666 2154 1701 2184 &
1714 2153 1810 2184 seiliri:
1830 2153 1863 2184 &
1878 2153 1953 2184 Bona
1967 2154 2026 2192 illa,
2044 2155 2077 2185 &
2099 2154 2223 2194 Catalla,
2241 2165 2275 2186 ac
2297 2155 2394 2193 Equos

1319 2194 1353 2224 &
1367 2194 1500 2225 Hernesia
1511 2193 1663 2232 praedicta,
1682 2202 1730 2230 per
1744 2191 1833 2223 visum
1843 2191 1876 2223 ὃ(
1890 2192 2085 2222 testimonium
2097 2194 2254 2230 proborum
2267 2195 2300 2225 &
2315 2194 2394 2229 lega-

1319 2232 1391 2263 lium
1407 2233 1557 2263 hominum
1571 2232 1607 2261 de
1623 2231 1726 2261 83111νέ
1736 2231 1800 2268 tusa,
1818 2230 1973 2260 venditioni
1990 2232 2112 2268 exponi,
2139 2231 2173 2261 &
2195 2242 2294 2262 omnes
2306 2232 2393 2262 dena-

1320 2272 1377 2301 rios
1390 2293 1400 2308 ,
1422 2271 1489 2300 inde
1508 2270 1718 2310 provenientes,
1735 2269 1816 2298 nobis
1840 2269 1870 2298 in
1890 2267 2057 2300 Garderoba
2076 2268 2170 2299 nostra
2183 2293 2194 2308 ,
2219 2271 2395 2310 ubicumque

1320 2318 1389 2341 tunc
1403 2309 1555 2346 fuerimus,
1572 2308 1649 2338 mitti
1663 2308 1748 2338 iacias
1760 2306 1881 2336 indilate.

1359 2347 1396 2377 Et
1411 2347 1484 2384 hoc,
1503 2346 1630 2384 periculo
1645 2345 1722 2383 quod
1735 2345 1877 2375 incumbit
1913 2344 1991 2376 nullo
2004 2346 2093 2377 modo
2107 2347 2226 2377 omittas.

1357 2385 1446 2417 Teste
1461 2385 1547 2424 Rege
1564 2384 1637 2423 apud
1649 2385 1749 2416 Sutton
1764 2383 1844 2421 super
1858 2368 2018 2424 T'rentam,
2035 2384 2109 2416 sexto
2120 2385 2168 2416 die
2183 2384 2333 2416 octobris.

1895 2463 1949 2492 Per
1965 2467 2052 2493 Breve
2068 2462 2100 2492 a'e
2112 2465 2228 2501 privato
2246 2460 2347 2500 sigillo.

1356 2539 1470 2572 Eodem
1484 2539 1574 2572 modo
1587 2540 1754 2572 mandatum
1767 2538 1807 2571 est
1822 2538 2166 2578 suigulisVicecomitibus
2179 2549 2228 2577 per
2242 2538 2390 2577 Angliam.

1322 2671 1372 2704 De
1394 2669 1495 2703 Eletio
1519 2666 1675 2710 Eborum,
1696 2668 1768 2712 jam
1785 2665 1906 2699 tandem
1927 2668 1959 2698 in
1974 2663 2234 2714 Archiepifiopum
2242 2667 2390 2714 praefeHO.

1325 2754 1450 2812 REX
1469 2755 1617 2792 omnibus,
1635 2753 1670 2784 ad
1687 2763 1774 2792 qum,
1792 2753 1853 2784 &c.
1870 2752 1994 2784 salutem.

1439 2793 1535 2824 Sciatis
1549 2792 1646 2832 quod,
1665 2793 1733 2822 ctim
1750 2792 1894 2822 Dominus
1905 2791 2073 2830 J.Summus
2086 2790 2233 2829 Pontifex,
2250 2790 2388 2823 dileetum

1323 2830 1470 2863 Clericum
1485 2831 1632 2869 nostium,
1650 2830 1823 2868 Magistrum
1844 2830 2038 2861 Willielmum
2057 2831 2092 2860 de
2106 2829 2224 2860 Melton
2259 2829 2390 2861 Electum

1323 2869 1470 2909 Eborum,
1493 2872 1521 2901 in
1545 2869 1801 2908 Archiepiscopum
1822 2869 1880 2900 loci

1324 2909 1394 2941 sicut
1408 2910 1490 2940 nobis
1503 2908 1628 2940 constat:

1361 2949 1407 2979 Ac
1427 2959 1495 2986 nos,
1513 2949 1580 2978 licet
1596 2947 1710 2979 Litterae
1729 2946 1857 2978 Parentes
1872 2946 1985 2978 bullatae
2005 2945 2087 2986 ipsius
2108 2945 2222 2977 Summi
2243 2943 2392 2976 Pontificis

1324 2988 1408 3018 nobis
1420 2987 1488 3017 inde
1503 2986 1641 3025 porre&ae
1654 2996 1715 3017 non
1729 2985 1861 3023 fuissent,
1879 2995 1933 3016 nec
1955 2985 2033 3016 idem
2054 2983 2206 3014 Praefectus
2227 2981 2389 3014 fidelitatem

1322 3026 1398 3056 suam
1412 3027 1494 3056 nobis
1507 3026 1621 3064 fecerit,
1639 3033 1671 3056 ut
1691 3023 1731 3055 est
1747 3025 1854 3062 moris,
1871 3023 1907 3054 de
1925 3022 2022 3054 nostrfi
2039 3031 2135 3053 tamen
2155 3019 2243 3060 gratia
2261 3020 2388 3062 speciali,

1321 3064 1505 3103 Temporalia
1519 3061 1782 3102 Archiepiscopatfis
1796 3062 1925 3100 praedicti
1936 3060 2102 3092 restituimus
2115 3060 2225 3103 eidem,
2240 3058 2319 3091 salvis
2333 3070 2390 3092 no-

1323 3104 1365 3134 bis
1387 3103 1632 3133 Advocationibus
1655 3100 1841 3132 Ecclesiamrn
1864 3100 1898 3130 &
1920 3098 2088 3129 Domorum
2108 3097 2330 3138 Religiosarum,
2352 3109 2388 3130 ac

1321 3141 1529 3172 Collationibus
1546 3148 1793 3179 quorumcumque
1812 3136 2018 3168 Beneficiorum
2037 3135 2302 3168 Ecclefiasticorum
2315 3160 2327 3176 ,
2351 3137 2386 3169 ad

1322 3180 1421 3210 eadem
1435 3176 1846 3217 Temporalia‚spe&antibus,
1860 3175 2001 3216 quousque
2012 3174 2087 3206 idem
2103 3174 2257 3207 Praefedtus
2271 3174 2389 3209 fidelita-

1321 3226 1382 3249 tem
1396 3217 1472 3248 suam
1485 3217 1569 3247 nobis
1583 3215 1679 3246 fecerit
1694 3215 1725 3244 in
1740 3214 1795 3244 hac
1809 3221 1898 3251 parte:

1356 3256 1440 3294 Nos,
1457 3255 1583 3287 volentes
1596 3253 1688 3284 eidem
1697 3251 1841 3283 Praefe&o
1856 3252 1975 3288 gratiam
1989 3251 2145 3282 uberiorem
2159 3251 2269 3292 Facere,
2287 3253 2316 3283 in
2331 3253 2387 3286 hac

1321 3302 1414 3334 parte,
1442 3292 1628 3325 concessimus
1649 3292 1675 3322 ei
1695 3291 1792 3321 omnia
1807 3290 1889 3321 Blada
1906 3289 2017 3329 nostra,
2034 3291 2064 3319 in
2088 3289 2222 3328 Grangiis
2237 3291 2388 3329 Archiepi-

1321 3331 1448 3370 scopatsis
1462 3331 1590 3370 praedicti
1602 3329 1801 3368 existentia‚ac
1815 3328 1880 3366 alia,
1898 3330 1928 3359 in
1942 3328 2038 3359 Terris
2051 3327 2270 3367 Temporalium
2280 3329 2386 3369 pmdi-⁴

1320 3372 1435 3403 &orum
1448 3370 1594 3408 seminata,
1611 3369 1631 3400 si
1641 3378 1705 3408 quae
1719 3367 1788 3406 sint,
1803 3367 1930 3399 habenda
1941 3367 1978 3399 de
1991 3366 2071 3398 dono
2087 3367 2195 3399 nostro.

1357 3409 1583 3486 Inffflg’Rssggce
1599 3445 1672 3486 apud
1689 3444 1810 3485 Corby,
1828 3444 1934 3476 octavo
1949 3443 1997 3476 die
2013 3443 2161 3476 OCtobris.

1897 3523 1951 3552 Per
1965 3523 2060 3553 Breve
2073 3521 2105 3552 de
2111 3523 2227 3560 privato
2242 3518 2346 3559 Sigillo.

1322 3602 1411 3664 ET
1428 3602 1592 3633 mandatum
1608 3600 1649 3632 est
1670 3599 1814 3638 Magistro
1830 3598 1954 3638 Johanni
1967 3598 2149 3637 Walewayn,
2166 3595 2308 3627 Escaetori
2328 3597 2388 3629 Re-

1399 3643 1440 3682 gis
1453 3642 1521 3672 citra
1533 3640 1673 3671 Trentam
1708 3638 1788 3678 quod
1801 3637 2060 3676 eidemPraefeusto,
2076 3635 2122 3667 vel
2140 3635 2198 3673 ejus
2210 3636 2240 3665 in
2255 3635 2307 3666 hac
2323 3645 2386 3674 par-

1321 3689 1349 3712 te
1366 3680 1514 3711 Attomato
1527 3701 1537 3718 ,
1560 3680 1659 3709 omnia
1678 3661 1762 3708 i31ada
1782 3676 1886 3721 Regis,
1909 3677 1940 3706 in
1962 3674 2104 3717 Grangiis.
2121 3672 2388 3717 Archiepiscopatfis

1321 3719 1447 3758 praedicti
1465 3717 1626 3755 existentia,
1642 3716 1761 3755 ac·alia,
1778 3726 1809 3747 in
1829 3716 1929 3746 Terris
1942 3711 2159 3750 Temporalium
2183 3711 2385 3755 praedictorum

1322 3757 1481 3825 Serriiiiieatata,
1500 3756 1520 3787 fi
1533 3765 1597 3795 quae
1614 3755 1682 3795 sint,
1707 3755 1738 3786 in
1754 3754 1860 3788 Bauiva
1876 3753 1936 3792 sua,
1954 3752 2070 3790 liberet,
2090 3749 2218 3783 habenda
2237 3760 2268 3781 in
2287 3749 2383 3783 formfi

1322 3805 1380 3835 prae
1401 3805 1410 3825 i
1464 3817 1475 3832 ‚

1360 3832 1450 3866 Teste
1467 3840 1498 3866 ut
1514 3831 1601 3872 supra.

2277 3901 2386 3936 Eodem

2412 1821 2457 1838 20.
2473 1813 2499 1840 d.

2425 1849 2444 1869 ³*
2461 1850 2518 1879 111.

2447 1889 2513 1925 669.

2407 2766 2483 2798 Ann.
2501 2766 2542 2801 D,

2436 2814 2521 2846 1317.

1898 2869 1970 2900 illius
1990 2868 2150 2908 praefecerit
2172 2869 2206 2900 &
2226 2852 2391 2906 i’astorem,
2408 2847 2523 2910 ’Βίηὶη

2411 2924 2470 2948 Par.
2497 2923 2542 2951 ii.‘

2411 2963 2441 2987 E·
2459 2969 2486 2987 2.
2501 2965 2532 2997 p·

2412 3005 2536 3035 1.m.23.
