2562 4279
569 136 1375 189 CONVENTIONES‚
1431 135 1824 190 L1TERAE,

1232 233 1268 255 ex
1280 222 1483 263 ingratitudinis
1496 222 1646 254 horrendae
1661 223 1734 254 vitio
1748 222 1930 263 prodeuntia,
1947 233 2008 254 non
2023 224 2158 255 inmerito
2173 226 2302 265 compel-
2325 223 2400 253 Anni
2412 221 2452 252 D.

1234 263 1318 293 limur
1333 263 1386 293 viis
1407 263 1441 293 &
1461 261 1572 301 modis,
1590 262 1692 301 quibus
1707 272 1756 300 per
1769 261 1837 293 Nos
1852 284 1863 300 ,
1879 262 1913 293 &
1927 262 2050 294 Amicos
2063 262 2174 293 nostros
2186 265 2304 295 cariores
2347 269 2429 299 ¹323-

1233 303 1405 340 poterimus,
1420 301 1536 332 obviare
1550 302 1586 332 ne
1600 301 1713 339 talibus,
1734 300 1838 331 nostris
1851 302 1995 340 praecipue
2008 301 2182 340 temporibus
2196 324 2206 340 ,
2222 302 2303 333 Emi·
2320 302 2386 329 Edv-
2406 310 2432 327 2·

1233 340 1399 371 nentiorum
1420 339 1572 371 Locorum
1593 338 1749 379 Regimina
1769 339 1799 369 in
1820 338 1928 378 Regno
1949 339 2050 370 nostro
2071 340 2303 379 committantur,

1235 379 1273 409 set
1287 378 1366 418 quod
1382 378 1527 417 Regimini
1544 378 1693 409 Locorum
1712 376 1874 414 huiusmodi
1894 386 2111 418 praeponantur,
2129 379 2196 416 qui,
2215 380 2304 411 virtu-

1236 424 1300 448 tum
1318 417 1400 448 donis
1415 417 1590 448 circumfiilti
1606 440 1616 456 ,
1635 428 1696 448 non
1720 417 1811 447 solum
1833 416 1886 447 sibi
1899 417 2059 456 subJeCfflm
2080 415 2223 454 Populum
2236 417 2304 448 salii-

1235 455 1322 486 briter
1335 455 1470 496 diri'gere,
1489 457 1508 476 ²*
1517 456 1566 493 ‚set
1587 457 1674 486 etiam
1689 456 1773 486 nobis
1788 455 1986 487 incumbentia
2000 464 2086 486 onera
2099 456 2250 494 noverint,
2269 456 2303 487 &
2321 459 2438 488 *1v.(›.

134 150 186 190 80

0 229 61 260 lnn.
79 230 120 263 D.
154 235 263 265 raefatus
284 233 415 272 Rogeriis
437 229 562 260 Maneria
580 228 717 268 praedic'ia
735 229 843 266 tenuit,
868 236 1019 268 antequam
1040 227 1074 258 ad
1095 236 1196 257 manus

8 278 91 309 1323.
169 275 223 312 egis
238 273 427 308 devenerunt,
445 271 473 299 in
495 268 618 298 valorem
639 275 754 298 centum
774 267 941 298 Mercarum
953 268 1055 297 Terrae
1070 276 1119 304 per
1134 266 1196 297 An-

0 310 52 336 av.
70 317 97 336 2·
136 322 225 348 num,
245 310 344 347 absqiie
369 309 589 339 venditione.de
610 306 722 344 Terris,
739 305 785 337 seu
804 307 1008 345 Tenementis,
1025 305 1070 336 vel
1090 304 1199 342 Vasto,

133 351 178 380 seu
197 348 385 379 destructione
398 349 433 378 de
447 346 556 384 Boscis,
574 353 620 375 aut
636 345 730 376 Exilio
744 345 781 375 de
792 345 972 381 hominibus,
992 344 1027 375 ad
1040 343 1116 374 dieta
1131 342 1198 373 Ma-

132 390 208 418 neria
230 387 443 423 pertinentibus,
462 384 615 423 faciendis,
633 384 778 424 quousque
797 383 882 422 Rex,
899 383 944 414 vel
958 382 1095 414 Haeredes
1110 382 1200 420 Regis

155 425 249 456 raefato
267 424 398 455 Antonio
420 425 455 456 de
473 423 570 454 Terris
591 423 624 454 &
645 424 850 460 Tenementis,
868 422 903 452 ad
916 422 1066 452 valentiam
1078 428 1198 452 centum

173 471 299 494 arcarum
320 462 420 493 Terrae
440 472 490 499 per
512 462 648 500 Annum,
662 463 740 500 Juxta
752 471 858 501 verum>
870 461 998 491 valorem
1010 458 1198 497 eorumdem,

0 852 52 872 ism.
69 840 109 873 D.
128 827 176 889 P

0 890 84 920 1323.

0 924 27 948 ἠ,
48 930 89 956 17.

0 982 4 986 .
27 969 53 986 2.

0 1007 42 1025 im.
66 1007 108 1034 ¹7·

0 1056 3 1061 ,
23 1045 50 1064 2.

4 1084 62 1110 .7.

0 1458 48 1487 [V.

132 504 160 532 in
179 502 246 532 loco
269 503 461 540 competenti,
480 500 514 531 ad
538 509 628 531 totam
643 509 732 532 Vitam
748 500 825 531 suam
846 498 878 529 H
888 508 935 529 ΑΒ
945 509 963 530 Ε
976 503 998 529 N
1009 508 1051 530 D1
1062 509 1091 537 s,
1111 498 1199 529 duxe-

132 542 185 570 rint
208 540 436 578 providendum,
452 540 528 570 salvis
550 539 630 578 Regi
647 540 682 571 &
707 538 878 569 Haeredibus
899 538 987 578 Regis
1000 537 1103 569 Feodis
1115 536 1199 568 Mili-
1220 537 1224 539 ’

134 588 194 609 tum
232 578 265 609 δε
287 604 291 608 .

201 601 212 617 >
266 588 283 610 c
403 619 457 647 Per
469 616 551 656 tpfiam
564 619 676 656 Regem,
694 619 839 647 nunciante
853 614 1039 656 Thefhurario.

172 741 232 775 Ad
251 745 365 789 Papam
388 747 498 777 iterata:
516 746 620 778 Preces
636 754 740 777 contra
758 742 896 776 Eleffum
911 743 956 777 W
955 740 1158 786 intoniensem.

185 827 211 860 A
221 827 245 858 P
255 827 296 859 AE
316 828 382 859 Rex
397 829 498 860 devota
511 829 617 869 pedum
632 829 724 859 oscula
741 827 897 859 beatorum.

236 867 412 906 Apostolicae
432 869 510 900 Sedis
534 868 649 909 provida
669 868 904 906 circumspeftio‚
927 875 991 906 quae
1011 875 1062 896 nos
1076 864 1118 908 ⁸&
1141 873 1195 894 no-

127 904 212 944 stros,
231 907 384 938 innumeris
396 909 545 945 gratiarum
559 907 767 946 largitionibus,
781 906 917 936 haeftenus
933 904 1124 941 multipliciter
1141 902 1194 947 lio-

126 945 255 984 noravit,
272 946 376 976 nostrae
399 946 628 978 considerationis
643 945 804 981 obtutibus,
823 944 899 984 spem
915 943 1065 974 indubiam
1073 942 1196 972 admini-

126 983 239 1022 stravit,
260 985 340 1025 quod
356 985 398 1015 illa
414 986 541 1024 negotia,
560 995 624 1022 quse
645 985 732 1022 magis
748 983 866 1013 insident
884 983 965 1013 nobis
978 981 1059 1012 cordi
1067 991 1130 1024 ,eo
1143 991 1195 1011 ve—

125 1022 180 1053 litis
192 1024 335 1063 gratiosius
350 1025 494 1061 exaudire,
511 1034 570 1061 quo
586 1023 711 1054 solertius
723 1021 825 1054 vestrae
839 1021 1064 1061 Magnificentiae
1073 1029 1193 1058 januam

123 1061 247 1100 pulsandi
261 1063 421 1094 duxerimus
433 1072 485 1101 pro
497 1063 612 1094 eisdem.
1019 1098 1024 1102 ,

163 1101 380 1141 Qamobrem,
397 1101 479 1136 Pater
490 1101 602 1140 sancte,
615 1099 822 1132 considerantes
837 1098 905 1131 cura
918 1097 1046 1138 pervigili
1061 1106 1125 1136 quae
1139 1106 1194 1126 no-

122 1139 167 1168 bis
183 1163 192 1178 ,
219 1140 252 1170 &
275 1140 382 1179 Regno
405 1141 520 1178 nosti·0,
545 1150 613 1173 nota
634 1139 789 1177 Dispendia
811 1137 987 1176 protulerunt
1007 1134 1190 1180 quorundam

123 1176 309 1209 Praelatorum
333 1179 478 1211 indiscreta
499 1180 671 1218 Regimina,
689 1188 723 1208 ex
735 1176 882 1208 horrendae
896 1174 1190 1218 ingratitudinis·vitio⁵

123 1216 307 1256 prodeuntia,
326 1220 385 1249 tarn
405 1219 545 1250 transactis
565 1218 757 1256 temporibus,
774 1216 858 1253 quam
875 1214 1038 1257 modernis,
1056 1212 1189 1257 Vigilandi

122 1254 218 1286 studio
231 1256 469 1295 praecavendum,
485 1267 544 1288 non
561 1258 714 1293 inmerito,
731 1255 898 1286 arbitramur
912 1261 944 1283 ut
956 1252 1070 1296 talibus,
1090 1260 1192 1295 praeci-

122 1295 180 1333 pue
200 1295 302 1326 nostris
322 1297 512 1335 temporibus,
531 1296 753 1326 eminentiorum
770 1293 921 1323 Locorum
938 1290 1091 1333 Regimina
1106 1299 1192 1334 mini-

123 1333 173 1363 me
193 1335 436 1372 committantur,-
464 1335 502 1366 set
518 1334 599 1374 quod
620 1334 685 1365 tales
706 1332 852 1371 Regimini
870 1329 1019 1374 Locorum
1033 1328 1193 1373 huiusmodi

123 1379 342 1411 praeponantur,
370 1375 433 1412 qui,
459 1375 597 1404 virtutum
618 1373 701 1403 donis
719 1370 897 1408 praemuniti,
912 1378 972 1399 non
989 1367 1080 1398 solum
1099 1367 1191 1412 subje-

124 1409 206 1441 ‹Stum
224 1411 274 1442 sibi
296 1412 440 1451 Populum
461 1412 600 1442 salubriter
618 1411 753 1450 dirigere,
773 1408 810 1439 set
824 1410 910 1438 etiam
926 1407 1123 1438 incumbentia
1134 1416 1191 1437 no-

123 1449 165 1479 bis
187 1460 271 1482 onera
293 1452 446 1489 noverint,
470 1451 504 1482 &
527 1449 698 1482 *voluerint
719 1458 791 1480 curn
813 1447 942 1478 fidelitate
961 1445 1056 1478 debita
1073 1445 1192 1485 suppor-

121 1495 178 1519 tare

156 1526 281 1558 Proinde
295 1537 402 1566 nuper,

156 1565 265 1596 Audito
280 1567 360 1605 quod
376 1566 515 1604 Magister
525 1566 670 1605 Johannee
683 1564 719 1596 de
733 1562 888 1601 Stratford,
963 1600 979 1607 ..
1090 1601 1096 1607 ⁸

156 1603 211 1634 Per
232 1614 336 1644 quem,
355 1607 384 1636 in
405 1606 505 1636 vestrae
526 1605 684 1637 Sanctitatis
699 1604 790 1641 curia,
808 1613 861 1641 pro
874 1609 994 1641 negotiis
1007 1599 1190 1645 nostrispro-

120 1643 265 1682 curandis,
284 1654 333 1682 per
347 1645 461 1683 aliquod
478 1654 588 1684 tenipus
602 1644 708 1674 ibidem
724 1650 976 1680 commorantem,
994 1640 1096 1672 eadem
1111 1648 1188 1678 luxta

120 1681 210 1714 nostri
225 1682 393 1714 desiderium
409 1683 561 1721 prosperari
575 1683 766 1723 sperabamus,

156 1719 360 1759 Episcopatum
374 1722 615 1763 Wyntoniensem
628 1729 776 1752 vacantem
790 1718 946 1757 acceptavit
961 1727 969 1747 t
1005 1756 1011 1762 .
1071 1755 1077 1761 '

155 1757 206 1789 De
230 1770 308 1799 qu0‚
332 1761 413 1793 Salvii
435 1759 620 1801 Apostolatus
642 1758 729 1791 vestri
751 1757 923 1796 reverentia,
948 1764 1092 1788 anxietatis
1113 1756 1188 1795 quafi

120 1797 302 1830 intolerabilis
322 1800 451 1840 procellis
473 1800 665 1838 perferamur,
685 1798 837 1835 praesertim
851 1798 938 1834 cum,
959 1806 1011 1840 pro
1026 1794 1188 1840 hujusmodi

108 1836 271 1876 dignitate,
289 1838 370 1870 dicio
381 1838 506 1877 Johanni
519 1836 693 1877 providenda
702 1859 711 1875 ‚
724 1835 848 1868 vestram
861 1835 1054 1866 Clementiam
1067 1844 1130 1865 non
1144 1845 1191 1866 in—

0 3814 66 3846 Rnn.
75 3813 116 3846 D.

8 3862 92 3892 ¹323·

0 3896 41 3919 ¹171.
61 3902 102 3927 ¹7·

0 3942 4 3947 ·
39 3940 65 3956 2.

0 3973 57 3996 lom.
76 3977 105 4004 17

0 4019 15 4031 ’,
40 4016 64 4033 2,

0 4054 21 4070 τ,
39 4052 63 4078 7.

111 3990 118 3997 .
135 3964 202 3999 dus,

116 1882 158 1906 ter
180 1875 365 1908 ellaverimus·

169 1913 293 1954 demque
312 1901 473 1954 Joliannes,
491 1916 580 1947 sciens
599 1915 633 1946 &
647 1914 765 1945 sentiens
775 1921 843 1945 vota
858 1912 951 1944 nostra
966 1922 1021 1951 pro
1036 1911 1188 1951 Episcopa-

117 1958 148 1993 tu
163 1953 302 1989 praedieto
315 1954 350 1985 ad
364 1955 450 1985 alium
467 1955 571 1985 dire&a
581 1977 591 1992 ,
607 1954 730 1984 eundem
743 1952 946 1993 Episcopatum
955 1974 974 1996 ,⁸
984 1952 1067 1982 nobis
1080 1951 1188 1990 insciis,

115 1999 210 2032 immo
231 1993 323 2023 verius
344 2001 443 2023 contra
466 1993 642 2023 voluntatem
661 1991 806 2030 nostram,
824 1991 859 2021 ad
884 1989 974 2020 nostri
994 1989 1134 2030 dedecus,
1152 1991 1187 2022 &

119 2028 277 2073 illusionem
294 2031 419 2062 desiderii
438 2031 528 2062 nostri
548 2031 577 2061 in
589 2030 642 2061 hac
658 2039 751 2070 parte,
770 2029 858 2061 veluti
868 2028 1058 2069 dampnandae
1071 2029 1188 2069 ingrati-

118 2067 220 2098 tudinis
236 2068 416 2110 Alumpnus,
433 2071 591 2109 acceptavit
607 2079 614 2098 :

153 2105 275 2147 Sicque,
295 2117 397 2140 contra
418 2119 470 2140 nos
490 2108 702 2148 delinquendo,
721 2116 755 2139 ac
779 2106 886 2137 malum
907 2105 1020 2146 gestum
1043 2106 1141 2145 suum,
1155 2109 1186 2139 in

115 2148 240 2189 negotiis
261 2147 376 2185 nostris,
394 2149 455 2178 alias
474 2149 601 2187 nequiter
619 2154 809 2188 perpetratum
824 2146 864 2189 ⁴&
877 2154 1021 2184 repertum
1039 2146 1049 2183 (
1080 2156 1146 2177 uem
1160 2148 1187 2178 ei

115 2182 165 2214 sub
187 2187 233 2224 ipe
257 2185 452 2217 Correffionis
474 2187 609 2218 uberioris
628 2186 801 2221 remisimus)
821 2184 1011 2224 innovando,
1036 2155 1189 2218 effiaenatis

118 2222 225 2254 ausibus
242 2227 334 2264 pejora
347 2226 487 2265 prioribus
500 2225 681 2257 committere
698 2234 758 2255 non
771 2224 902 2262 expavit3

152 2261 298 2294 Sanditati
319 2264 420 2295 vestrae
439 2275 491 2295 nos
511 2265 693 2294 meminimus
714 2263 864 2294 literatorie
885 2260 1066 2301 supplicasse,
1091 2270 1189 2301 quate-

116 2298 186 2343 ῐὶῐιε,Ι
205 2310 235 2332 ut
258 2302 293 2332 ad
318 2303 417 2333 Animi
438 2302 525 2333 nostri
543 2303 686 2341 quietern,
704 2303 738 2333 &
758 2301 855 2339 Regni
877 2300 964 2331 nostri
977 2300 1171 2331 commodum

115 2346 251 2370 intuitum
273 2339 448 2372 Paternalem
469 2341 634 2371 benivolum
655 2350 737 2371 more
757 2339 839 2369 solito
854 2347 1067 2377 convertentes,
1086 2338 1106 2368 si
1120 2325 1188 2377 quid

114 2385 171 2413 pro
184 2377 270 2419 'dieto
287 2378 421 2416 Johanne
440 2378 477 2410 de
490 2379 660 2422 Episcopatu
677 2378 817 2416 praedicto
832 2377 943 2407 fat-Cium
958 2376 1070 2415 fuisset,
1089 2377 1188 2417 digna-

118 2418 218 2445 remini
235 2427 386 2456 revocare,
401 2418 453 2454 ὃς,
470 2417 617 2456 Religiolis
629 2418 711 2454 viris,
727 2417 761 2447 &
775 2415 875 2446 Nobis
887 2416 917 2444 iii
934 2414 1052 2445 Christo
1066 2415 1186 2455 dilectis,

116 2450 212 2523 {nolti
236 2456 268 2486 &
284 2454 420 2496 Capitulo
434 2456 571 2487 Ecclesiae
587 2455 733 2494 praedidtae
746 2454 863 2485 liberam
879 2453 1012 2494 Eligendi
1025 2455 1187 2487 concedere

130 2501 181 2522 acu
194 2501 288 2524 tatem.

156 2530 287 2572 Verum,
303 2534 367 2573 quia
390 2543 423 2564 ex
444 2533 609 2574 quibusdam
632 2532 732 2564 Literis
745 2531 867 2568 nostris,
884 2531 983 2562 vestrae
996 2530 1167 2564 Clementlae

116 2577 183 2601 ante
196 2571 259 2602 haec
275 2581 422 2611 tempora,
439 2583 493 2611 pro
509 2573 593 2603 nobis
604 2573 637 2605 ὃς
652 2571 753 2603 nostris
768 2571 887 2610 negotiis
900 2571 1081 2609 urgentibus,
1100 2580 1161 2602 tran
1174 2591 1188 2596 -

117 2608 223 2648 muris,
246 2620 425 2648 oportunum
448 2610 588 2642 effectum
607 2621 668 2641 non
687 2610 866 2647 sensivitnus,
884 2619 938 2640 nec
961 2609 998 2640 de
1018 2610 1121 2641 eisdem
1142 2620 1186 2641 re-

116 2644 250 2690 sponsum
271 2651 429 2688 recepimus
449 2650 563 2689 aliquale
577 2673 587 2689 ,
616 2648 801 2679 verisimiliter
822 2649 922 2679 timere
960 2647 1085 2679 offumus
1105 2650 1186 2689 quod

115 2684 202 2717 dic'tae
223 2687 346 2729 Literae,
366 2689 504 2720 malitiose
526 2696 659 2727 retentae,
676 2687 710 2719 ad
731 2687 854 2718 vestram
870 2697 929 2725 prae
941 2688 1048 2718 entiam
1061 2697 1122 2719 non
1138 2698 1188 2720 ve-

117 2732 221 2755 nerunt
238 2738 242 2743 ·

155 2762 211 2802 Et,
229 2750 267 2796 r'ie
288 2766 420 2805 forsitan,
444 2766 474 2796 in
492 2766 620 2806 praesenti
643 2765 777 2804 negotio,
792 2763 870 2804 quod
886 2765 923 2795 ita
944 2764 1070 2796 ardenter
1086 2765 1186 2797 nostro

117 2802 201 2835 cordi
216 2803 331 2843 insidet,
347 2805 502 2844 periculum
520 2805 679 2844 hujusmodi
694 2803 798 2834 malitia
811 2804 977 2840 obveniret,

158 2840 356 2874 Venerabilem
376 2845 405 2874 in
425 2843 543 2874 Christo
563 2843 694 2881 Patrem,
716 2843 882 2872 Dominum
904 2842 948 2873 N.
962 2842 1057 2874 Saneti
1071 2842 1188 2874 Adriani

121 2880 288 2912 Diaconum
302 2882 501 2921 Cardinalem,
519 2882 658 2912 Amicum
672 2881 802 2912 nostrum
816 2880 1007 2921 carissimum,
1025 2883 1189 2922 rogavimus

120 2919 201 2959 quod
223 2921 368 2959 praesentes
395 2921 501 2953 Literas
520 2920 626 2951 nostras
646 2920 746 2951 vestrae
761 2919 908 2951 Sanetitati
922 2921 1069 2959 exhibeat,
1086 2921 1119 2952 &
1135 2931 1187 2960 pro

121 2958 300 2997 expeditione
315 2959 469 2991 earundem
484 2959 568 2990 instet
581 2960 649 2989 locis
663 2960 696 2990 &
713 2959 885 2998 temporibus
899 2960 1080 2999 opportunis:

163 2996 273 3029 Vestrae
294 2997 480 3036 Beatitudini,
500 2998 597 3029 sedulis
618 2998 651 3029 &
666 2998 767 3028 votivis
781 2997 910 3037 precibus
923 2999 1041 3038 iteratis,
1058 3008 1127 3030 cum
1147 2998 1189 3029 af·

123 3035 251 3068 senione
270 3038 380 3076 cordis,
404 3037 461 3075 qua
483 3036 644 3075 possumuS,
668 3036 809 3067 humiliter
830 3037 1034 3075 supplicamus,
1054 3037 1189 3076 quatenus

123 3075 292 3111 immistum
314 3076 445 3114 Patrem,
464 3077 495 3106 iri
515 3075 689 3106 exhibitione
709 3075 809 3106 harum
830 3075 990 3106 nostrarum
1011 3076 1188 3116 Literarum,

124 3113 158 3142 &
172 3115 343 3151 exponendis
357 3114 457 3145 vestrae
470 3114 615 3145 Sandiitati
624 3137 633 3152 ,
647 3123 681 3143 ex
695 3122 772 3153 parte
785 3113 897 3151 nostra,
915 3125 964 3154 per
977 3116 1120 3154 eundem,
1139 3126 1189 3146 au—

124 3151 185 3181 dire
201 3154 288 3182 velitis
300 3154 439 3193 gratiose,
458 3153 491 3184 δε
501 3176 511 3192 ,
529 3153 563 3191 ad
577 3153 664 3184 animi
678 3152 765 3182 nostri
782 3153 923 3191 quietem,
942 3154 975 3184 &
991 3153 1085 3194 Regni
1097 3154 1187 3185 nostri

126 3191 318 3221 commodum
327 3193 492 3230 ,Paternalis
504 3192 659 3223 affectionis
673 3192 806 3220 intuitum
820 3191 1010 3223 benivolentia
1022 3193 1102 3224 solita
1116 3203 1188 3224 con·

125 3237 282 3268 vertentes,
300 3230 319 3260 ii
335 3231 420 3269 quid,
437 3240 490 3271 pro
508 3231 589 3261 dicto
599 3229 747 3268 Johanne,
766 3229 801 3259 de
814 3228 985 3267 Episcopatu
999 3232 1136 3268 praedi&o
1150 3232 1190 3262 fa-

125 3266 208 3296 istum
230 3276 319 3305 extet,
345 3270 500 3307 dignemini
524 3278 673 3307 revocare,
698 3268 731 3299 &
749 3267 850 3306 diens,
873 3267 966 3298 Priori
985 3269 1017 3299 &
1036 3270 1190 3309 Capitulo,

128 3304 261 3336 Liberam
283 3307 402 3346 eligendi
424 3308 581 3337 concedere
603 3307 781 3344 facultatem,
799 3315 847 3345 per
862 3307 942 3344 quod
956 3305 1120 3338 fiducialiter
1133 3309 1191 3348 spe-

127 3354 219 3374 ramus
231 3345 318 3375 dietae
332 3345 467 3376 Ecclesiae
483 3346 624 3382 provideri
637 3346 776 3376 salubriter
790 3345 820 3374 in
836 3344 1029 3382 Spiritualibus
1045 3347 1079 3377 ὃς
1096 3347 1192 3377 Tem-

127 3383 282 3422 poralibus,
299 3394 332 3414 ac
352 3384 466 3415 laudem
490 3384 565 3423 Dei,
583 3394 615 3416 ac
636 3384 783 3421 nostrum,
800 3393 835 3414 ac
855 3385 931 3423 regni
952 3384 1040 3414 nostri
1053 3395 1188 3417 commo·

126 3419 213 3459 dum,
234 3423 338 3453 utiliter
351 3423 503 3461 procurari.

166 3459 336 3496 Qiaesumus
359 3464 468 3500 itaque,
485 3462 531 3499 pie
553 3459 653 3498 Pater,
671 3460 750 3499 super
763 3459 833 3498 hiis,
849 3470 912 3499 quae
927 3460 964 3491 sic
978 3461 1080 3492 nostris
1093 3462 1193 3494 arden-

128 3503 169 3527 ter
193 3499 334 3529 adhaerent
354 3499 518 3538 affinibus,
545 3510 595 3539 per
614 3498 735 3530 vestiam
757 3498 932 3531 Paternalem
955 3501 1177 3533 benivolentiam
1191 3525 1199 3540 ‚

129 3536 212 3565 nobis
223 3536 381 3577 responsum
395 3539 454 3569 fieri
467 3539 626 3579 gratiosum.

167 3573 341 3616 Conservet,
361 3578 419 3608 &c

203 3613 271 3644 Dat.
287 3616 359 3653 apud
374 3615 509 3657 Cowyk,
525 3614 662 3647 vicefimo
676 3614 781 3647 οᾶὶανο
794 3616 840 3647 die
848 3615 924 3655 julii.

186 3754 243 3786 Ad
260 3757 470 3802 Neapoleonem
488 3757 632 3800 Urfinum
657 3757 850 3790 Cardinalem
862 3785 872 3800 ‚
899 3769 1003 3791 contra
1025 3758 1140 3791 dmum

587 3807 615 3838 E
618 3805 736 3839 leffium.

209 3885 347 3929 Enerabili
367 3888 395 3916 in
418 3887 535 3918 Christo
556 3888 653 3926 Patri,
675 3888 811 3921 Domino
826 3891 871 3920 N.
894 3891 952 3922 Dei
967 3891 1057 3928 gratia
1070 3916 1079 3929 ,
1097 3891 1195 3923 sancii

217 3923 334 3954 Adriani
358 3924 493 3967 Diacono
514 3927 656 3958 Cardinali
670 3950 680 3965 ,
700 3928 806 3960 Amico
823 3929 873 3960 suo
895 3930 1036 3961 carissimo
1050 3953 1060 3964 ,
1077 3929 1196 3962 Edwar-

219 3962 341 4001 ejusdem
354 3963 455 4001 gratia,
473 3964 595 3995 Salutem
604 3988 614 4002 ,
632 3966 665 3995 ὃς
679 3966 792 3997 smcerae
804 3967 963 3999 dilectionis
977 3968 1126 3999 affeetum.

171 4000 313 4047 'Dum'ad
337 4009 464 4030 mentem
486 4003 645 4033 reducimus
682 4014 727 4034 uae
747 4006 830 4035 nobis
844 4006 920 4050 &R
959 4017 998 4037 no
1011 4005 1110 4037 nostro
1126 4015 1194 4038 nota

135 4040 287 4080 Dupeiidia
297 4039 470 4079 protulerunt
484 4041 662 4078 quorundam
702 4042 865 4075 raelatorum
879 4054 909 4076 in
931 4047 936 4050 '
949 4054 1024 4078 creta
1036 4044 1196 4085 Regimina,

1219 2692 1366 2733 Johannes
1379 2695 1416 2726 de
1430 2695 1569 2728 Stratford
1582 2696 1594 2734 (
1601 2705 1689 2736 quern
1703 2696 1740 2728 ad

1235 494 1378 525 voluerint
1392 494 1557 525 fiducialiter
1571 494 1742 534 supportare.

1271 531 1354 563 Cum
1375 533 1469 572 itaque
1490 533 1634 578 Magister·
1645 533 1789 573 Johannes
1807 532 1843 563 de
1863 531 2002 564 stratford
2018 532 2122 574 (quem
2135 531 2172 563 ad
2184 531 2305 564 Curiam

1235 569 1403 603 Romanam
1420 595 1430 611 ‚
1455 580 1508 609 pro
1528 576 1648 611 negotiis
1668 571 1770 602 nostris
1791 571 1997 611 procurandis,
2019 581 2109 610 nuper
2128 570 2179 602 sub
2200 581 2232 601 m
2268 570 2305 603 na
2343 591 2346 594 ·

1235 609 1412 642 confidentia
1431 609 1634 642 destinavimus
1647 633 1657 650 ,
1682 621 1732 648 per
1751 620 1838 650 quem
1855 610 1954 641 eadem
1966 633 1976 648 ,
1997 609 2072 647 juxta
2091 609 2181 641 nostri
2200 607 2219 640 d
2245 609 2306 641 ide-

1236 650 1313 679 rium
1326 672 1336 687 ,
1354 648 1508 688 prosperari
1528 649 1719 687 sperabamus)
1736 649 1823 680 sciens
1843 649 1877 680 &
1891 649 2008 680 sentiens
2026 648 2155 680 secretius
2169 657 2238 680 vota
2250 659 2306 680 no-

1234 686 1289 718 stra
1312 696 1367 725 pro
1389 687 1560 727 Episcopatu
1579 687 1780 726 Wyntoniensi
1793 711 1803 726 ,
1826 688 1861 719 ad
1883 686 2058 726 Magistrum
2079 686 2247 719 Robertum
2269 688 2305 719 de

1233 725 1360 765 Baldok,
1379 724 1526 756 Clericum
1541 725 1671 757 nostrum
1685 726 1900 766 praedilectum,
1916 725 2039 766 directa,

1270 763 1362 803 Cujus
1380 764 1601 795 Promotionem
1621 775 1680 806 prae
1695 766 1801 796 caeteris
1824 765 1990 796 affectamus
2001 788 2010 804 ,
2029 765 2078 804 qui
2092 787 2103 804 ,
2119 765 2196 803 tam,
2212 764 2302 797 bonae

1234 804 1385 833 memoriae
1401 826 1410 842 ,
1427 802 1515 833 Patris
1529 802 1620 834 nostri
1634 827 1644 842 ,
1662 804 1751 843 quiitn
1765 803 1867 834 nostris
1883 805 1968 835 etiam
1981 803 2156 844 temporibus
2168 826 2179 842 ‚
2195 803 2305 835 labores

1232 842 1328 872 anxios
1341 865 1350 879 ,
1369 843 1426 871 tam
1450 842 1479 871 in
1502 841 1637 880 prosperis
1650 864 1660 880 ,
1684 842 1769 878 quam
1787 842 1905 873 adversis
1918 867 1928 882 ,
1952 851 2090 884 gratanter
2108 841 2253 881 sustinuit,
2270 844 2305 874 δε

1231 880 1354 917 impensa
1370 879 1530 919 Obsequia,
1547 880 1630 910 nobis
1643 881 1678 911 δε
1693 880 1802 921 Regno
1820 881 1919 912 nostro
1937 881 2128 921 multipliciter
2143 880 2302 920 fruetuosa,

1231 918 1337 987 ἓηῗίίῖἳ,
1357 928 1417 948 non
1439 918 1496 948 sine
1511 918 1605 958 grandi
1627 919 1810 958 expensarum
1827 930 1933 959 onere,
1947 921 2049 961 jugiter
2060 919 2223 959 impendere
2241 929 2302 952 non

1251 967 1284 987 el
1313 967 1331 988 lt

1270 981 1405 1027 Eundem
1421 995 1642 1037 Episcopatum,
1664 995 1750 1027 nobis
1763 995 1855 1027 insciis
1886 996 1981 1028 immo
1993 1005 2093 1029 contra
2107 997 2236 1028 nostram
2248 1007 2303 1027 vo·

1231 1034 1366 1066 luntatem
1376 1058 1386 1074 ,
1405 1036 1439 1065 ad
1453 1036 1576 1066 dedecus
1591 1034 1738 1078 nostrum,
1756 1019 1956 1066 &mulionem
1969 1037 2096 1069 desiderii
2111 1037 2215 1075 nostri,
2227 1036 2303 1077 spre-

1229 1081 1260 1104 to
1279 1073 1302 1104 F
1304 1074 1429 1105 idelitatis
1447 1075 1480 1106 ὅ(
1503 1074 1661 1113 Ligeantiae
1678 1073 1734 1104 suae
1756 1073 1856 1104 debito
1869 1097 1879 1112 ,
1896 1084 1929 1104 ac
1947 1074 2106 1113 Juramenti
2120 1099 2130 1114 ,
2148 1076 2218 1114 peri
2240 1076 2300 1105 sum

1229 1113 1312 1156 nobis
1332 1113 1468 1152 praestiti,
1486 1113 1523 1145 de
1542 1114 1655 1143 honore
1675 1111 1776 1143 nostro
1791 1121 1845 1151 pro
1862 1112 1970 1144 viribus
1987 1113 2201 1153 conservando,
2249 1114 2300 1145 eli⁴

1229 1160 1314 1190 grone
1331 1152 1514 1191 contempta,
1531 1152 1739 1190 acceptaverit,

1265 1189 1309 1220 Ex
1328 1200 1387 1230 quo
1402 1191 1440 1222 fic
1463 1191 1560 1222 animo
1583 1189 1807 1229 conturbamur,
1821 1189 1903 1230 quod
1918 1189 2068 1231 angustiae,
2085 1190 2159 1230 quafi
2171 1191 2300 1222 intolera-

1227 1227 1311 1267 biles,
1331 1239 1367 1260 eo
1381 1237 1518 1270 praetextu
1532 1238 1684 1268 conceptae
1699 1252 1708 1268 ,
1726 1239 1779 1260 nos
1794 1230 1941 1260 continere
1962 1239 2023 1260 non
2037 1230 2130 1260 sinunt
2144 1231 2211 1269 quin
2220 1253 2230 1269 ,
2266 1240 2301 1260 ro

1228 1268 1373 1307 remedio,
1392 1268 1427 1298 de
1441 1276 1520 1300 tanto
1533 1268 1663 1307 exceffu,
1679 1267 1903 1308 consequendo,
1920 1268 2000 1307 illos,
2017 1266 2052 1298 de
2065 1268 2167 1307 quibus
2181 1277 2239 1299 con
2258 1268 2301 1299 di-

1229 1314 1292 1336 mus
1300 1330 1309 1344 ,
1329 1306 1473 1346 specialius
1484 1307 1584 1338 nostris
1598 1307 1729 1347 precibus
1740 1316 1907 1339 oneremus:

1266 1343 1437 1377 Dilectionis
1459 1347 1546 1386 igitur
1563 1345 1664 1377 vestrae
1682 1346 1868 1377 sinceritatem
1883 1369 1894 1386 ,
1910 1345 1990 1377 omni
2010 1343 2104 1377 cordis
2122 1343 2278 1376 affectione
2291 1368 2302 1384 ,

1248 1383 1283 1413 ua
1307 1384 1450 1422 possumus
1465 1408 1475 1425 ,
1499 1386 1668 1423 requirimus
1689 1385 1723 1416 &
1747 1393 1879 1425 rogamus
1893 1407 1904 1424 ,
1918 1384 2046 1425 quatinus
2066 1383 2204 1423 praemissa
2219 1387 2301 1415 tanto

1254 1423 1399 1462 equentius
1418 1423 1499 1454 cordi
1517 1423 1609 1454 velitis
1624 1423 1761 1455 affumere
1772 1447 1783 1463 ,
1798 1425 1908 1462 quanto
1930 1423 2032 1454 nostris
2054 1422 2194 1454 ardentius
2207 1422 2301 1452 adhae-

1225 1469 1288 1491 rent
1299 1460 1465 1493 affeetibus:
1482 1463 1516 1493 δε
1531 1462 1639 1494 Literas
1656 1461 1782 1501 nostras,
1800 1471 1867 1502 quas
1880 1461 1960 1507 super
1972 1461 2026 1492 hiis
2039 1460 2174 1492 Domino
2187 1460 2301 1492 summo

1225 1498 1359 1531 Pontifici
1378 1501 1525 1540 dirigimus
1548 1502 1693 1542 (quarum
1711 1499 1838 1539 Copiam
1856 1501 1940 1531 vobis
1954 1523 1965 1540 ,
1982 1509 2036 1541 pro
2052 1498 2145 1531 vestra
2163 1499 2301 1530 informa-

1225 1539 1305 1569 tione
1322 1540 1441 1579 pleniori
1456 1563 1466 1579 ,
1485 1541 1626 1571 mittimus
1639 1538 1821 1578 praesentibus
1834 1538 2031 1577 interclusam)
2052 1538 2123 1570 locis
2136 1538 2169 1570 ὃς
2184 1547 2300 1579 tempo-

1223 1577 1300 1608 ribus
1313 1580 1460 1616 oportunis
1468 1602 1477 1617 ,
1500 1589 1570 1610 curn
1583 1578 1724 1610 celeritate
1739 1578 1866 1619 congrua
1874 1601 1884 1618 ,
1896 1578 2060 1617 praesentare
2067 1601 2078 1616 ,
2091 1587 2124 1609 ac
2139 1577 2233 1608 cordis
2245 1588 2301 1608 iio-

1263 1617 1270 1646 i
1291 1626 1393 1648 votum
1412 1618 1507 1649 eidem
1527 1627 1668 1657 exponere
1681 1641 1691 1656 ,
1709 1619 1740 1649 in
1760 1618 1814 1648 hac
1832 1627 1911 1657 parte
1923 1641 1933 1657 ,
1950 1617 2062 1648 meliori
2082 1617 2116 1649 &
2130 1615 2300 1656 diligentiori

1256 1654 1333 1695 od0,
1351 1667 1410 1696 quo
1424 1656 1556 1695 potestis:
1577 1656 1710 1687 Necnon
1724 1666 1820 1687 earum
1833 1657 2046 1688 exauditionem
2060 1655 2226 1700 gratiosam,
2235 1656 2302 1694 jux-

1223 1702 1252 1725 ta
1267 1693 1402 1734 speratam
1422 1695 1554 1726 fiduciam
1569 1718 1579 1734 ,
1596 1695 1676 1726 solita
1697 1694 1910 1735 benivolentia,
1929 1694 2114 1726 effeetuahter
2128 1704 2301 1733 procurare·,

1228 1741 1261 1763 ut
1305 1733 1402 1765 vestro
1422 1734 1566 1765 mediante
1578 1733 1708 1774 praesidio
1723 1757 1732 1772 ,
1750 1742 1847 1773 preces
1860 1734 1965 1764 nostrae
1981 1733 2144 1772 praedicere,
2162 1732 2197 1764 ad
2211 1734 2301 1764 animi

1226 1781 1266 1802 no
1292 1773 1314 1802 ri
1328 1774 1470 1812 quietem,
1488 1773 1524 1803 &
1542 1772 1640 1812 Regni
1654 1772 1745 1803 nostri
1760 1772 1952 1803 commodum
1965 1796 1976 1810 ‚
1995 1773 2070 1810 juxta
2090 1771 2182 1803 nostri
2194 1771 2303 1803 defide-

1225 1811 1300 1841 rium
1309 1834 1319 1850 ,
1335 1811 1371 1843 ad
1385 1813 1599 1843 enervationem
1612 1811 1777 1842 intentionis
1791 1811 1948 1842 ambitiosae
1961 1810 2030 1841 dieti
2041 1810 2196 1850 Johannis,
2215 1819 2301 1842 com-

1225 1849 1352 1886 pleantur
1366 1862 1376 1889 3
1393 1860 1444 1891 per
1461 1850 1539 1889 quod
1558 1851 1641 1882 vobis
1660 1849 1694 1880 ad
1708 1857 1797 1889 grates
1816 1849 1954 1888 infinitaS,
1972 1849 2006 1881 &
2023 1849 2188 1890 specialium
2201 1850 2301 1890 gratia-

1225 1897 1288 1919 rum
1303 1898 1440 1929 munera,
1457 1890 1548 1920 teneri
1560 1889 1694 1920 volumus
1706 1890 1737 1919 in
1751 1888 1888 1919 summm.

1263 1926 1354 1966 Super
1367 1928 1419 1959 hiis
1431 1936 1527 1960 autem
1541 1927 1680 1967 Magister
1694 1926 1831 1958 Parnolus
1844 1926 1977 1966 Caesarii,
1994 1926 2031 1958 de
2043 1934 2145 1957 monte
2159 1925 2298 1966 Florum,

1227 1965 1357 1997 Clericus
1377 1966 1468 1998 vester
1488 1969 1498 2003 (
1515 1967 1563 1997 cui
1576 1990 1587 2006 ,
1612 1966 1697 1998 vestri
1723 1966 1964 2006 contemplatione
1979 1987 1990 2003 ,
2008 1966 2173 1996 intentionis
2192 1964 2298 1996 nostrae

1223 2014 1276 2045 pro
1317 2005 1400 2036 situm
1412 2004 1611 2047 exposuimus)
1631 2004 1830 2036 Paternitatem
1843 2003 1966 2035 vestram
1980 2002 2089 2041 plenius
2102 2003 2279 2047 informabit.

1263 2014 1345 2083 &id
1363 2053 1458 2075 autem
1470 2067 1480 2082 ,
1503 2044 1534 2074 in
1549 2042 1694 2082 praemiffis
1710 2066 1720 2082 ,
1737 2043 1832 2075 dictus
1851 2042 2000 2073 Dominus
2014 2041 2148 2073 Summus
2164 2041 2299 2072 Pontifex

1227 2081 1337 2113 duxerit
1356 2082 1605 2123 faciendum,-per
1618 2081 1742 2114 vestram
1754 2082 1966 2122 paternitatem,
1986 2080 2100 2113 rescribi
2117 2081 2237 2119 petimus
2251 2089 2300 2111 ce-

1224 2120 1308 2153 lerius
1319 2131 1379 2162 quo
1394 2121 1521 2160 potestis.

1261 2159 1330 2192 Dat.
1345 2161 1419 2201 apud
1434 2159 1569 2200 Cowyk,
1586 2158 1723 2192 vicesimo
1739 2158 1847 2191 ostavo
1860 2158 1906 2190 die
1916 2157 1994 2198 Julii.

1400 2294 1460 2330 Ad
1477 2297 1598 2344 Nepotes
1617 2299 1720 2344 Papae,
1737 2291 1831 2344 ficper
1848 2297 1976 2343 Negotia
1987 2295 2137 2343 fiequato.

1228 2387 1285 2442 R
1294 2385 1361 2456 13(
1370 2410 1380 2426 ,
1397 2387 1504 2456 ¹dillecsto
1523 2388 1557 2420 &
1581 2387 1656 2419 fideli
1676 2387 1725 2419 suo
1737 2411 1747 2428 ,
1765 2387 1901 2420 Domino
1915 2384 2056 2420 Bernardd
2067 2385 2185 2426 Jordani
2197 2383 2233 2415 de
2246 2383 2296 2415 In-

1315 2437 1321 2454 i
1344 2436 1359 2456 a
1407 2437 1421 2456 a
1433 2434 1519 2457 utem.

1248 2449 1377 2505 ‘Vestrae'
1393 2464 1566 2496 sinceritatis
1577 2465 1701 2512 praefidia
1716 2466 1745 2496 in
1760 2466 1898 2504 negotiis,
1915 2474 1982 2504 quae
2073 2463 2079 2469 '
2096 2462 2228 2508 ,insident
2242 2472 2297 2493 no-

1225 2500 1268 2544 b.¹⁵
1284 2503 1384 2543 cordi,
1402 2506 1439 2534 eo
1454 2504 1607 2536 ferventius
1620 2505 1803 2542 imploramus
1813 2526 1823 2541 ‚
1840 2506 1901 2543 quo
1921 2513 1975 2535 vos
1989 2525 2000 2542 ,
2015 2512 2051 2533 ve
2062 2510 2102 2532 uti
2116 2501 2235 2533 honoris
2252 2511 2296 2532 re·

1222 2541 1262 2578 gii
1278 2541 1424 2573 Zelatores
1436 2544 1612 2582 praecipuos,
1627 2543 1699 2574 velle
1713 2542 1884 2573 confidimus
1897 2564 1908 2580 ,
1925 2551 1980 2579 pro
1998 2540 2101 2573 nostris
2115 2540 2295 2581 complendis

1223 2578 1377 2618 desideriis,
1394 2590 1485 2620 opem
1500 2582 1534 2612 &
1549 2591 1667 2619 operam
1679 2579 1832 2612 efficaciter
1842 2580 1988 2621 impertiri.

1259 2617 1342 2650 Cum
1357 2620 1453 2659 itaque
1464 2619 1574 2650 dudum
1583 2641 1593 2657 ,

1260 2656 1338 2687 Non
1351 2657 1410 2688 fine
1426 2658 1481 2688 diri
1503 2658 1654 2689 acerbitate
1667 2657 1773 2689 doloris
1807 2658 1940 2688 miranter
1952 2656 2047 2688 audito
2062 2655 2144 2696 quod
2159 2655 2298 2696 Magister

1760 2680 1881 2728 duriam
1894 2695 2062 2728 Romanam
2073 2719 2083 2735 ‚
2102 2706 2156 2734 pro
2172 2696 2299 2733 negotiis

1495 2734 1658 2766 rocurandis
1672 2758 1683 2775 ,
1701 2745 1790 2774 nuper
1803 2735 1854 2766 sub
1870 2733 1975 2774 magnit
1988 2733 2164 2767 confidentia
2177 2733 2298 2765 destina—

1475 2744 1629 2805 Fi⁴'idelit⁴‹itis
1644 2774 1678 2806 &
1701 2773 1858 2814 Ligeantiae
1872 2773 1927 2804 suae
1943 2771 2043 2805 debito
2055 2796 2066 2812 ,
2082 2783 2116 2804 ac
2126 2773 2280 2814 Jurarnenti
2289 2795 2300 2812 ,

1224 2733 1326 2764 nostris
1345 2734 1453 2765 ibidem

1223 2773 1317 2804 vimus
1333 2776 1343 2810 )
1366 2773 1461 2813 spreto

1225 2811 1311 2842 nobis
1329 2821 1378 2849 per
1398 2812 1490 2850 ipsum
1502 2812 1637 2860 praestiti,
1655 2812 1691 2843 de
1703 2812 1813 2843 honore
1832 2810 1931 2843 nostro
1944 2821 1997 2852 pro
2013 2813 2119 2843 viribus
2133 2811 2302 2843 conservan-

1225 2849 1282 2889 do,
1297 2849 1454 2888 Religione
1466 2859 1651 2890 contempta,
1665 2850 1870 2890 Episcopatum
1882 2849 2124 2890 Wyntoniensem
2137 2859 2300 2889 vacantem,

1223 2888 1307 2920 nobis
1327 2889 1419 2920 insciis
1459 2891 1553 2934 immo
1574 2891 1669 2921 verius
1683 2898 1783 2935 contra
1797 2890 2022 2934 voluntatem'&
2038 2890 2228 2934 intentionem
2245 2898 2299 2918 no-

1227 2927 1312 2968 stras,
1329 2927 1364 2959 ad
1378 2913 1467 2973 nosiri
1484 2929 1625 2969 dedecus,
1637 2930 1670 2961 &
1685 2928 1843 2960 illusionem
1859 2926 1986 2960 defideni
1999 2928 2108 2968 nostri,
2125 2938 2156 2958 iii
2168 2927 2221 2958 hac
2235 2936 2299 2965 par·

1226 2974 1254 2997 te
1261 2974 1564 3038 ³llzel'icci‘gtTDHilte'ifiionis
1582 3006 1616 3038 &
1638 3005 1788 3038 Fidelitatis
1822 3006 1953 3037 urintem
1964 3028 1975 3044 ,
1989 3014 2039 3045 per
2055 3003 2119 3035 alias
2138 3002 2229 3034 literas
2242 3013 2298 3034 no·

1226 3044 1293 3075 stras
1303 3045 1448 3084 speciales,
1466 3046 1550 3077 vobis
1563 3054 1629 3085 per,
1647 3045 1784 3076 dilectum
1829 3045 1956 3075 allettum
1970 3042 2117 3082 nostrum,
2132 3042 2296 3081 Johannem

1226 3082 1390 3123 Columby‚
1408 3083 1514 3115 Civem
1527 3083 1659 3115 Civitatis
1672 3083 1777 3114 nostrae
1790 3081 1971 3121 Burdegalliae
1979 3104 1990 3121 ,
2005 3081 2222 3121 praesentandas,
2235 3089 2297 3112 tan-

1225 3129 1258 3153 to
1273 3123 1365 3153 cordis
1377 3123 1500 3162 aflectu,
1517 3131 1626 3162 quanto
1638 3123 1783 3161 potuimus
1816 3131 1840 3165 r⁴
1884 3120 1998 3159 vimus,
2124 3158 2130 3164 .

1264 3161 1409 3200 Quirinus
1423 3171 1486 3200 erga
1494 3160 1711 3201 ,sanfflffimum
1722 3161 1753 3189 in
1867 3168 1888 3189 o
1900 3157 2012 3190 Patrem
2020 3157 2205 3197 ,Dominum
2211 3157 2298 3189 Sum·

1227 3208 1312 3229 mum
1328 3199 1501 3231 Pontificem
1522 3200 1587 3234 (cui
1603 3198 1683 3238 super
1700 3197 1780 3229 dieto
1794 3197 1912 3237 negotio
1946 3207 2021 3228 reces
2036 3196 2190 3229 effudimus
2211 3198 2297 3227 etiam

1227 3237 1373 3275 speciales)
1395 3245 1444 3276 ut,
1462 3238 1482 3269 fi
1497 3237 1581 3275 quid,
1598 3246 1652 3276 pro
1665 3235 1745 3267 dicto
1755 3234 1906 3276 Jobanne,
1942 3245 1959 3266 e
1973 3235 2144 3276 Episcopatu
2158 3235 2297 3279 praedicto

1227 3276 1334 3306 factum
1358 3275 1452 3306 fuisset
1463 3298 1473 3312 ,
1492 3276 1651 3314 dignaretur
1666 3284 1800 3306 revocare
1813 3298 1824 3314 ,
1841 3275 1892 3314 &,
1909 3274 2046 3312 religiosis
2067 3275 2148 3313 viris,
2166 3285 2200 3306 ac
2212 3274 2296 3304 nobis

1228 3315 1258 3344 in
1278 3314 1297 3332 *⁵
1318 3312 1436 3344 Christo
1450 3313 1577 3352 diledtis,
1597 3312 1689 3344 Priori
1705 3314 1739 3345 δε
1755 3312 1889 3354 Capitulo
1901 3312 2037 3345 Ecclefiae
2048 3313 2194 3353 praedictae
2209 3312 2295 3357 Libe-

1228 3361 1290 3382 ram
1305 3352 1426 3391 eligendi
1443 3352 1616 3396 Facultatem
1631 3352 1792 3396 concedere
1806 3352 1896 3383 nostri
1910 3353 2151 3397 contemplatione
2162 3358 2294 3393 rogatuS,

1228 3401 1277 3430 per
1293 3400 1361 3429 vos,
1376 3391 1410 3422 &
1423 3391 1505 3429 alios,
1521 3401 1591 3431 quos
1610 3391 1645 3422 ad
1659 3392 1717 3422 hoc
1734 3391 1884 3429 Adiutores
1904 3391 1959 3421 este
1973 3391 2132 3431 sperabitiS,
2151 3387 2243 3420 modls
2257 3388 2293 3419 &

1228 3430 1279 3458 viis
1294 3430 1442 3498 omniRus,
1460 3431 1560 3469 quibus
1572 3431 1698 3469 poteritis
1709 3452 1720 3468 ,
1737 3430 1966 3470 interponemus,
1977 3438 2048 3461 cum
2058 3429 2142 3460 omni
2155 3424 2295 3466 efficacia,

1251 3477 1326 3498 reces
1338 3477 1373 3498 ve
1400 3478 1412 3498 r
1442 3492 1449 3498 .

1231 3478 1250 3506 p
1268 3506 1371 3551 Adhuc
1380 3531 1389 3545 ,
1408 3478 1439 3538 Ξῖ
1454 3507 1574 3538 lucidius
1587 3506 1689 3539 vestrae
1704 3507 1805 3539 clareat
1819 3506 1992 3539 Dilefflonis
2004 3506 2039 3538 &
2050 3502 2201 3535 Fidelitatis
2218 3512 2292 3533 con-

1229 3544 1336 3576 stantiae
1351 3554 1458 3584 quanto
1471 3546 1609 3577 desiderio
1624 3547 1832 3586 expeditionem
1853 3544 2062 3587 praemiffomfn
2081 3540 2274 3586 praestqlamur
2284 3566 2293 3582 ‚

1232 3584 1320 3614 dietas
1339 3583 1446 3628 nostras
1460 3594 1563 3631 *preces
1577 3585 1661 3629 vobis
1673 3585 1804 3630 duximus
1816 3585 1968 3621 iterandas,
1984 3589 2048 3613 totis
2061 3579 2197 3624 desideriis
2210 3589 2293 3611 exor-

1230 3631 1338 3692 aa
1355 3617 2295 3705 argentearia&reginmsirani'safisifflffiit

1231 3701 1352 3767 ppmris,
1370 3700 1727 3768 cum'omnistsolicitudine¹
1741 3701 1774 3732 &
1786 3697 1930 3767 dffifflffufi
1940 3719 1953 3736 ,
1968 3695 2231 3765 efficacsstiguprffels
2244 3706 2294 3727 ve-

1235 3742 1329 3821 iigiise’r
1337 3746 1705 3821 ,ujoliiztilsnegoCbliuairri'gJai
1713 3749 1760 3809 eutii
1763 3748 1881 3807 pirriaerlri’ilis
1885 3742 2295 3821 isgfeplrlpsugiemimus-gfgtgigs

1234 3825 1308 3845 rium
1328 3816 1421 3863 cordis
1440 3815 1545 3853 nostri)
1563 3817 1645 3848 vobis
1661 3825 1721 3861 ,nex
1735 3822 1812 3856 parte
1825 3811 2032 3880 ηοῇῐαᾋρἑυεῑ
2043 3810 2222 3855 clarius-viva
2235 3821 2290 3880 {ft}-

1233 3851 1941 3933 &nl‘asofflss'idsigizze‘sseffssssizufflfflzrq
1952 3857 2293 3932 'vobffa‘iffiss‘finiiml

1234 3930 1343 3999 ffs's&
1357 3931 1373 3961 s
1405 3931 1680 3999 cialiumfgratiarum
1693 3938 1828 3967 munera,
1845 3935 1934 3959 teneri
1947 3925 2078 3958 volumus
2087 3950 2098 3966 ,
2114 3934 2146 3959 ut
2159 3926 2225 3959 alias
2237 3937 2293 3960 vo-

1255 3979 1275 3998 is
1297 3978 1458 4007 eripimus,
1473 3980 1503 4000 in
1531 3978 1654 4000 uturum.

1271 4005 1339 4039 Dat.
1354 4008 1427 4048 apud
1442 4006 1577 4048 Cowyk,
1594 4006 1729 4038 vicefimo
1743 4004 1850 4036 0&an
1863 4002 1910 4034 die
1917 4000 1994 4043 Julii„

2183 4078 2297 4111 Eodem

2310 2533 2329 2557 R

2309 2573 2372 2596 122

2314 2373 2391 2405 Anu.
2404 2373 2445 2404 D.

2334 2422 2420 2454 ¹3²3·

2313 2455 2365 2480 Aa.
2387 2462 2428 2488 ¹7·

2315 2495 2343 2519 Ε.
2359 2501 2384 2520 2.

2331 2539 2381 2557 om.
2404 2538 2447 2566 ¹7-

2312 2590 2447 2642 Μῆλον.

2311 3325 2327 3342 ‘¹
2338 3327 2389 3354 IV.
2406 3336 2437 3361 7.
