<?xml version="1.0" encoding="UTF-8"?>
<!DOCTYPE html PUBLIC "-//W3C//DTD XHTML 1.0 Transitional//EN"
    "http://www.w3.org/TR/xhtml1/DTD/xhtml1-transitional.dtd">
<html xmlns="http://www.w3.org/1999/xhtml" xml:lang="en" lang="en">
 <head>
  <title>
</title>
<meta http-equiv="Content-Type" content="text/html;charset=utf-8" />
  <meta name='ocr-system' content='tesseract 3.04.00' />
  <meta name='ocr-capabilities' content='ocr_page ocr_carea ocr_par ocr_line ocrx_word'/>
</head>
<body>
  <div class='ocr_page' id='page_1' title='image "./fderaconventione02ryme_0181.png"; bbox 0 0 2562 4279; ppageno 0'>
   <div class='ocr_carea' id='block_1_1' title="bbox 746 106 1192 152">
    <p class='ocr_par' dir='ltr' id='par_1_1' title="bbox 746 106 1192 152">
     <span class='ocr_line' id='line_1_1' title="bbox 746 106 1192 152; baseline -0.011 -1"><span class='ocrx_word' id='word_1_1' title='bbox 746 108 852 152; x_wconf 92' lang='lat' dir='ltr'><em>ET</em></span> <span class='ocrx_word' id='word_1_2' title='bbox 929 106 1192 149; x_wconf 86' lang='lat' dir='ltr'><strong>ACTA</strong></span> 
     </span>
    </p>
   </div>
   <div class='ocr_carea' id='block_1_2' title="bbox 6 192 1094 312">
    <p class='ocr_par' dir='ltr' id='par_1_2' title="bbox 6 192 1094 312">
     <span class='ocr_line' id='line_1_2' title="bbox 6 192 1094 233; baseline -0.009 -1"><span class='ocrx_word' id='word_1_3' title='bbox 6 199 81 232; x_wconf 83' lang='lat' dir='ltr'><em>Ann.</em></span> <span class='ocrx_word' id='word_1_4' title='bbox 94 197 134 228; x_wconf 88' lang='lat' dir='ltr'><em>D.</em></span> <span class='ocrx_word' id='word_1_5' title='bbox 282 197 394 228; x_wconf 84' lang='lat' dir='ltr'><em>Eodem</em></span> <span class='ocrx_word' id='word_1_6' title='bbox 414 197 502 228; x_wconf 85' lang='lat' dir='ltr'><em>modo</em></span> <span class='ocrx_word' id='word_1_7' title='bbox 523 195 685 228; x_wconf 84' lang='lat' dir='ltr'><em>mandatum</em></span> <span class='ocrx_word' id='word_1_8' title='bbox 702 193 744 225; x_wconf 92' lang='lat' dir='ltr'><em>est</em></span> <span class='ocrx_word' id='word_1_9' title='bbox 759 193 931 233; x_wconf 68' lang='lat' dir='ltr'><em>subscriptis,</em></span> <span class='ocrx_word' id='word_1_10' title='bbox 948 192 1094 229; x_wconf 88' lang='lat' dir='ltr'><em>videlicet,</em></span> 
     </span>
     <span class='ocr_line' id='line_1_3' title="bbox 8 245 597 312; baseline -0.005 -8"><span class='ocrx_word' id='word_1_11' title='bbox 8 246 79 306; x_wconf 51' lang='lat'><em>121</em></span> <span class='ocrx_word' id='word_1_12' title='bbox 82 245 111 303; x_wconf 54' lang='lat' dir='ltr'><em>Z·</em></span> <span class='ocrx_word' id='word_1_13' title='bbox 190 273 356 304; x_wconf 81' lang='lat' dir='ltr'><em>Alexandro</em></span> <span class='ocrx_word' id='word_1_14' title='bbox 374 275 406 304; x_wconf 84' lang='lat' dir='ltr'><em>de</em></span> <span class='ocrx_word' id='word_1_15' title='bbox 424 277 517 312; x_wconf 81' lang='lat' dir='ltr'><em>Cave,</em></span> <span class='ocrx_word' id='word_1_16' title='bbox 536 271 597 306; x_wconf 79' lang='lat' dir='ltr'><em>&amp;c.</em></span> 
     </span>
    </p>
   </div>
   <div class='ocr_carea' id='block_1_3' title="bbox 191 312 1222 390">
    <p class='ocr_par' dir='ltr' id='par_1_3' title="bbox 191 312 1222 390">
     <span class='ocr_line' id='line_1_4' title="bbox 191 312 563 348; baseline -0.008 -6"><span class='ocrx_word' id='word_1_17' title='bbox 191 312 332 342; x_wconf 80' lang='lat' dir='ltr'><em>Wllielmo</em></span> <span class='ocrx_word' id='word_1_18' title='bbox 350 314 382 342; x_wconf 85' lang='lat' dir='ltr'><em>de</em></span> <span class='ocrx_word' id='word_1_19' title='bbox 401 316 563 348; x_wconf 77' lang='lat' dir='ltr'><em>Bevercote,</em></span> 
     </span>
     <span class='ocr_line' id='line_1_5' title="bbox 191 343 1222 390; baseline -0.008 -9"><span class='ocrx_word' id='word_1_20' title='bbox 191 355 319 381; x_wconf 86' lang='lat' dir='ltr'><em>Antonio</em></span> <span class='ocrx_word' id='word_1_21' title='bbox 337 351 369 380; x_wconf 86' lang='lat' dir='ltr'><em>a&#39;e</em></span> <span class='ocrx_word' id='word_1_22' title='bbox 385 354 477 390; x_wconf 83' lang='lat' dir='ltr'><em>Lucy,</em></span> <span class='ocrx_word' id='word_1_23' title='bbox 494 353 541 379; x_wconf 67' lang='lat' dir='ltr'><em>&#39;Cu</em></span> <span class='ocrx_word' id='word_1_24' title='bbox 552 348 607 377; x_wconf 72' lang='lat' dir='ltr'><em>bodi</em></span> <span class='ocrx_word' id='word_1_25' title='bbox 626 346 704 377; x_wconf 87' lang='lat' dir='ltr'><em>Villae</em></span> <span class='ocrx_word' id='word_1_26' title='bbox 723 346 761 381; x_wconf 63' lang='grc' dir='ltr'><em>ὠ·</em></span> <span class='ocrx_word' id='word_1_27' title='bbox 778 346 933 377; x_wconf 79' lang='lat' dir='ltr'><em>Libertatis</em></span> <span class='ocrx_word' id='word_1_28' title='bbox 950 346 982 375; x_wconf 84' lang='lat' dir='ltr'><em>de</em></span> <span class='ocrx_word' id='word_1_29' title='bbox 999 343 1222 383; x_wconf 72' lang='lat' dir='ltr'><em>Hextila&#39;efham,</em></span> 
     </span>
    </p>
   </div>
   <div class='ocr_carea' id='block_1_4' title="bbox 147 382 1220 498">
    <p class='ocr_par' dir='ltr' id='par_1_4' title="bbox 147 382 1220 503">
     <span class='ocr_line' id='line_1_6' title="bbox 154 382 1220 428; baseline -0.008 -9"><span class='ocrx_word' id='word_1_30' title='bbox 154 389 187 419; x_wconf 88' lang='lat' dir='ltr'><em>de</em></span> <span class='ocrx_word' id='word_1_31' title='bbox 202 389 314 428; x_wconf 83' lang='lat' dir='ltr'><em>Bladis,</em></span> <span class='ocrx_word' id='word_1_32' title='bbox 332 392 361 419; x_wconf 85' lang='lat' dir='ltr'><em>in</em></span> <span class='ocrx_word' id='word_1_33' title='bbox 378 389 471 428; x_wconf 79' lang='lat' dir='ltr'><em>eisdem</em></span> <span class='ocrx_word' id='word_1_34' title='bbox 488 387 533 418; x_wconf 89' lang='lat' dir='ltr'><em>Vil</em></span> <span class='ocrx_word' id='word_1_35' title='bbox 542 399 560 417; x_wconf 87' lang='lat' dir='ltr'><em>a</em></span> <span class='ocrx_word' id='word_1_36' title='bbox 578 386 616 422; x_wconf 69' lang='lat'><em>&amp;⁴</em></span> <span class='ocrx_word' id='word_1_37' title='bbox 634 385 780 415; x_wconf 82' lang='lat' dir='ltr'><em>Libertate</em></span> <span class='ocrx_word' id='word_1_38' title='bbox 797 383 987 425; x_wconf 74' lang='lat' dir='ltr'><em>existentibus,</em></span> <span class='ocrx_word' id='word_1_39' title='bbox 1005 382 1043 418; x_wconf 59' lang='grc' dir='ltr'><em>ὁ·</em></span> <span class='ocrx_word' id='word_1_40' title='bbox 1059 386 1220 421; x_wconf 81' lang='lat' dir='ltr'><em>Seminatis,</em></span> 
     </span>
     <span class='ocr_line' id='line_1_7' title="bbox 147 428 322 498; baseline -0.008 -1"><span class='ocrx_word' id='word_1_41' title='bbox 147 428 175 468; x_wconf 63' lang='lat' dir='ltr'><em>fi</em></span> <span class='ocrx_word' id='word_1_42' title='bbox 190 427 504 503; x_wconf 61' lang='lat' dir='ltr'><em>iiiiii</em></span> 
     </span>
    </p>
   </div>
   <div class='ocr_carea' id='block_1_5' title="bbox 148 536 1222 620">
    <p class='ocr_par' dir='ltr' id='par_1_5' title="bbox 148 536 1222 620">
     <span class='ocr_line' id='line_1_8' title="bbox 191 536 1222 580; baseline -0.007 -7"><span class='ocrx_word' id='word_1_43' title='bbox 191 545 291 573; x_wconf 87' lang='lat' dir='ltr'><em>Simoni</em></span> <span class='ocrx_word' id='word_1_44' title='bbox 306 542 338 571; x_wconf 88' lang='lat' dir='ltr'><em>de</em></span> <span class='ocrx_word' id='word_1_45' title='bbox 353 539 470 579; x_wconf 80' lang='lat' dir='ltr'><em>Drieby‚</em></span> <span class='ocrx_word' id='word_1_46' title='bbox 489 536 594 578; x_wconf 85' lang='lat' dir='ltr'><em>Custodi</em></span> <span class='ocrx_word' id='word_1_47' title='bbox 609 541 796 568; x_wconf 82' lang='lat' dir='ltr'><em>Maneriorum</em></span> <span class='ocrx_word' id='word_1_48' title='bbox 813 538 845 567; x_wconf 80' lang='lat' dir='ltr'><em>de</em></span> <span class='ocrx_word' id='word_1_49' title='bbox 863 536 982 567; x_wconf 63' lang='lat' dir='ltr'><em>Bet-erle</em></span> <span class='ocrx_word' id='word_1_50' title='bbox 1001 537 1040 573; x_wconf 63' lang='grc' dir='ltr'><em>ὠ·</em></span> <span class='ocrx_word' id='word_1_51' title='bbox 1057 539 1222 580; x_wconf 28' lang='grc' dir='ltr'><em>Ηίροηλφιὲ</em></span> 
     </span>
     <span class='ocr_line' id='line_1_9' title="bbox 148 574 1222 620; baseline -0.007 -9"><span class='ocrx_word' id='word_1_52' title='bbox 148 579 234 620; x_wconf 72' lang='lat' dir='ltr'><em>fient,</em></span> <span class='ocrx_word' id='word_1_53' title='bbox 251 579 309 615; x_wconf 82' lang='lat' dir='ltr'><em>&amp;c.</em></span> <span class='ocrx_word' id='word_1_54' title='bbox 327 580 359 608; x_wconf 86' lang='lat' dir='ltr'><em>de</em></span> <span class='ocrx_word' id='word_1_55' title='bbox 373 577 490 616; x_wconf 84' lang='lat' dir='ltr'><em>Bladi5‚</em></span> <span class='ocrx_word' id='word_1_56' title='bbox 515 581 544 606; x_wconf 71' lang='lat' dir='ltr'><em>in</em></span> <span class='ocrx_word' id='word_1_57' title='bbox 563 576 656 616; x_wconf 77' lang='lat' dir='ltr'><em>eisdem</em></span> <span class='ocrx_word' id='word_1_58' title='bbox 674 579 809 607; x_wconf 80' lang='lat' dir='ltr'><em>Maneriis</em></span> <span class='ocrx_word' id='word_1_59' title='bbox 826 574 1016 615; x_wconf 72' lang='lat' dir='ltr'><em>existentibus,</em></span> <span class='ocrx_word' id='word_1_60' title='bbox 1041 574 1079 610; x_wconf 60' lang='grc' dir='ltr'><strong><em>ὠ</em></strong></span> <span class='ocrx_word' id='word_1_61' title='bbox 1099 580 1222 606; x_wconf 73' lang='lat' dir='ltr'><em>Semina-</em></span> 
     </span>
    </p>
   </div>
   <div class='ocr_carea' id='block_1_6' title="bbox 156 615 580 691">
    <p class='ocr_par' dir='ltr' id='par_1_6' title="bbox 156 615 580 691">
     <span class='ocr_line' id='line_1_10' title="bbox 156 615 580 691; baseline -0.014 -41"><span class='ocrx_word' id='word_1_62' title='bbox 156 618 327 688; x_wconf 57' lang='lat' dir='ltr'><em>m&#39;i&#39;fistquaet</em></span> <span class='ocrx_word' id='word_1_63' title='bbox 338 616 409 691; x_wconf 46' lang='lat' dir='ltr'><em>qn?</em></span> <span class='ocrx_word' id='word_1_64' title='bbox 427 615 580 645; x_wconf 76' lang='lat' dir='ltr'><em>liberandis.</em></span> 
     </span>
     <span class='ocr_line' id='line_1_11' title="bbox 226 664 428 687; baseline -0.015 0"><span class='ocrx_word' id='word_1_65' title='bbox 226 667 242 687; x_wconf 91' lang='lat' dir='ltr'><em>e</em></span> <span class='ocrx_word' id='word_1_66' title='bbox 266 666 282 686; x_wconf 93' lang='lat' dir='ltr'><em>e</em></span> <span class='ocrx_word' id='word_1_67' title='bbox 298 665 315 685; x_wconf 93' lang='lat' dir='ltr'><em>u</em></span> <span class='ocrx_word' id='word_1_68' title='bbox 354 664 370 684; x_wconf 93' lang='lat' dir='ltr'><em>u</em></span> <span class='ocrx_word' id='word_1_69' title='bbox 392 664 428 684; x_wconf 88' lang='lat' dir='ltr'><em>ra.</em></span> 
     </span>
    </p>
   </div>
   <div class='ocr_carea' id='block_1_7' title="bbox 153 728 1225 840">
    <p class='ocr_par' dir='ltr' id='par_1_7' title="bbox 153 728 1225 840">
     <span class='ocr_line' id='line_1_12' title="bbox 192 728 1224 769; baseline -0.004 -7"><span class='ocrx_word' id='word_1_70' title='bbox 192 734 289 764; x_wconf 84' lang='lat' dir='ltr'><em>Simoni</em></span> <span class='ocrx_word' id='word_1_71' title='bbox 304 731 336 760; x_wconf 82' lang='lat' dir='ltr'><em>de</em></span> <span class='ocrx_word' id='word_1_72' title='bbox 353 730 497 761; x_wconf 79' lang='lat' dir='ltr'><em>Wdeham</em></span> <span class='ocrx_word' id='word_1_73' title='bbox 510 752 520 768; x_wconf 90' lang='lat'><em>,</em></span> <span class='ocrx_word' id='word_1_74' title='bbox 546 728 651 768; x_wconf 85' lang='lat' dir='ltr'><em>Custodi</em></span> <span class='ocrx_word' id='word_1_75' title='bbox 671 733 859 760; x_wconf 86' lang='lat' dir='ltr'><em>Maneriorum</em></span> <span class='ocrx_word' id='word_1_76' title='bbox 876 731 910 760; x_wconf 84' lang='lat' dir='ltr'><em>de</em></span> <span class='ocrx_word' id='word_1_77' title='bbox 927 729 1020 769; x_wconf 84' lang='lat' dir='ltr'><em>Scroby</em></span> <span class='ocrx_word' id='word_1_78' title='bbox 1036 729 1075 764; x_wconf 65' lang='grc' dir='ltr'><em>ὠ·</em></span> <span class='ocrx_word' id='word_1_79' title='bbox 1092 732 1224 768; x_wconf 79' lang='lat' dir='ltr'><em>Lunum,</em></span> 
     </span>
     <span class='ocr_line' id='line_1_13' title="bbox 153 767 1225 840; baseline -0.001 -41"><span class='ocrx_word' id='word_1_80' title='bbox 153 782 212 840; x_wconf 55' lang='lat' dir='ltr'><em>{ige</em></span> <span class='ocrx_word' id='word_1_81' title='bbox 221 770 306 815; x_wconf 53' lang='lat' dir='ltr'><em>fist&gt;</em></span> <span class='ocrx_word' id='word_1_82' title='bbox 326 767 386 805; x_wconf 81' lang='lat' dir='ltr'><em>&amp;c.</em></span> <span class='ocrx_word' id='word_1_83' title='bbox 401 769 434 798; x_wconf 83' lang='lat' dir='ltr'><em>de</em></span> <span class='ocrx_word' id='word_1_84' title='bbox 451 768 566 806; x_wconf 80' lang='lat' dir='ltr'><em>Bladis,</em></span> <span class='ocrx_word' id='word_1_85' title='bbox 582 772 611 798; x_wconf 82' lang='lat' dir='ltr'><em>in</em></span> <span class='ocrx_word' id='word_1_86' title='bbox 629 767 723 808; x_wconf 84' lang='lat' dir='ltr'><em>eisdem</em></span> <span class='ocrx_word' id='word_1_87' title='bbox 740 772 876 799; x_wconf 84' lang='lat' dir='ltr'><em>Maneriis</em></span> <span class='ocrx_word' id='word_1_88' title='bbox 896 767 1088 809; x_wconf 81' lang='lat' dir='ltr'><em>existentibus,</em></span> <span class='ocrx_word' id='word_1_89' title='bbox 1113 767 1172 803; x_wconf 62' lang='lat' dir='ltr'><em>&amp;a</em></span> <span class='ocrx_word' id='word_1_90' title='bbox 1189 768 1225 798; x_wconf 88' lang='lat' dir='ltr'><em>li-</em></span> 
     </span>
    </p>
   </div>
   <div class='ocr_carea' id='block_1_8' title="bbox 203 809 290 839">
    <p class='ocr_par' dir='ltr' id='par_1_8' title="bbox 203 809 290 839">
     <span class='ocr_line' id='line_1_14' title="bbox 203 809 290 839; baseline -0.023 0"><span class='ocrx_word' id='word_1_91' title='bbox 203 809 290 839; x_wconf 77' lang='lat' dir='ltr'><em>andis.</em></span> 
     </span>
    </p>
   </div>
   <div class='ocr_carea' id='block_1_9' title="bbox 226 844 459 883">
    <p class='ocr_par' dir='ltr' id='par_1_9' title="bbox 226 844 459 883">
     <span class='ocr_line' id='line_1_15' title="bbox 226 844 459 883; baseline -0.017 -5"><span class='ocrx_word' id='word_1_92' title='bbox 226 845 315 878; x_wconf 88' lang='lat' dir='ltr'><em>Teste</em></span> <span class='ocrx_word' id='word_1_93' title='bbox 330 852 359 876; x_wconf 89' lang='lat' dir='ltr'><em>ut</em></span> <span class='ocrx_word' id='word_1_94' title='bbox 372 844 459 883; x_wconf 89' lang='lat' dir='ltr'><em>supra.</em></span> 
     </span>
    </p>
   </div>
   <div class='ocr_carea' id='block_1_10' title="bbox 156 919 1224 1036">
    <p class='ocr_par' dir='ltr' id='par_1_10' title="bbox 156 919 1224 1036">
     <span class='ocr_line' id='line_1_16' title="bbox 192 919 1224 964; baseline -0.001 -11"><span class='ocrx_word' id='word_1_95' title='bbox 192 922 301 953; x_wconf 83' lang='lat' dir='ltr'><em>Thomae</em></span> <span class='ocrx_word' id='word_1_96' title='bbox 320 922 351 951; x_wconf 88' lang='lat' dir='ltr'><em>de</em></span> <span class='ocrx_word' id='word_1_97' title='bbox 370 920 480 962; x_wconf 85' lang='lat' dir='ltr'><em>Derby,</em></span> <span class='ocrx_word' id='word_1_98' title='bbox 496 919 604 960; x_wconf 78' lang='lat' dir='ltr'><em>Custodi</em></span> <span class='ocrx_word' id='word_1_99' title='bbox 619 924 743 952; x_wconf 83' lang='lat' dir='ltr'><em>Manerii</em></span> <span class='ocrx_word' id='word_1_100' title='bbox 760 923 791 953; x_wconf 85' lang='lat' dir='ltr'><em>de</em></span> <span class='ocrx_word' id='word_1_101' title='bbox 809 922 943 963; x_wconf 81' lang='lat' dir='ltr'><em>Cawode,</em></span> <span class='ocrx_word' id='word_1_102' title='bbox 960 923 1033 964; x_wconf 84' lang='lat' dir='ltr'><em>quod</em></span> <span class='ocrx_word' id='word_1_103' title='bbox 1044 920 1099 962; x_wconf 75' lang='lat' dir='ltr'><em>cst,</em></span> <span class='ocrx_word' id='word_1_104' title='bbox 1116 920 1176 958; x_wconf 63' lang='lat' dir='ltr'><em>&amp;a</em></span> <span class='ocrx_word' id='word_1_105' title='bbox 1191 923 1224 953; x_wconf 86' lang='lat' dir='ltr'><em>de</em></span> 
     </span>
     <span class='ocr_line' id='line_1_17' title="bbox 156 959 759 999; baseline -0.002 -7"><span class='ocrx_word' id='word_1_106' title='bbox 156 961 254 992; x_wconf 78' lang='lat' dir='ltr'><em>Bladis</em></span> <span class='ocrx_word' id='word_1_107' title='bbox 269 963 300 990; x_wconf 86' lang='lat' dir='ltr'><em>in</em></span> <span class='ocrx_word' id='word_1_108' title='bbox 316 960 420 999; x_wconf 80' lang='lat' dir='ltr'><em>eodem,</em></span> <span class='ocrx_word' id='word_1_109' title='bbox 438 959 500 996; x_wconf 59' lang='grc' dir='ltr'><em>ὀνο.</em></span> <span class='ocrx_word' id='word_1_110' title='bbox 517 960 682 999; x_wconf 77' lang='lat' dir='ltr'><em>liberandis,</em></span> <span class='ocrx_word' id='word_1_111' title='bbox 699 959 759 996; x_wconf 62' lang='lat' dir='ltr'><em>&amp;a</em></span> 
     </span>
     <span class='ocr_line' id='line_1_18' title="bbox 192 997 421 1036; baseline -0.013 -5"><span class='ocrx_word' id='word_1_112' title='bbox 192 998 281 1031; x_wconf 88' lang='lat' dir='ltr'><em>Teste</em></span> <span class='ocrx_word' id='word_1_113' title='bbox 294 997 421 1036; x_wconf 85' lang='lat' dir='ltr'><em>utsupra.</em></span> 
     </span>
    </p>
   </div>
   <div class='ocr_carea' id='block_1_11' title="bbox 218 1079 1170 1082">
    <p class='ocr_par' dir='ltr' id='par_1_11' title="bbox 218 1079 1170 1082">
     <span class='ocr_line' id='line_1_19' title="bbox 218 1079 1170 1082; baseline 0 0"><span class='ocrx_word' id='word_1_114' title='bbox 218 1079 1170 1082; x_wconf 95' lang='lat' dir='ltr'><em> </em></span> 
     </span>
    </p>
   </div>
   <div class='ocr_carea' id='block_1_12' title="bbox 27 1124 1224 1220">
    <p class='ocr_par' dir='ltr' id='par_1_12' title="bbox 27 1124 1224 1220">
     <span class='ocr_line' id='line_1_20' title="bbox 27 1124 1224 1171; baseline -0.003 -11"><span class='ocrx_word' id='word_1_115' title='bbox 27 1141 44 1160; x_wconf 70' lang='lat' dir='ltr'><em>n</em></span> <span class='ocrx_word' id='word_1_116' title='bbox 61 1141 116 1168; x_wconf 53' lang='lat'><em>111,</em></span> <span class='ocrx_word' id='word_1_117' title='bbox 156 1125 252 1159; x_wconf 59' lang='lat' dir='ltr'><em>*Pro</em></span> <span class='ocrx_word' id='word_1_118' title='bbox 273 1124 401 1159; x_wconf 77' lang='lat' dir='ltr'><em>Wltero</em></span> <span class='ocrx_word' id='word_1_119' title='bbox 424 1126 584 1168; x_wconf 79' lang='lat' dir='ltr'><em>Exoniensi</em></span> <span class='ocrx_word' id='word_1_120' title='bbox 602 1126 759 1171; x_wconf 81' lang='lat' dir='ltr'><em>Episc&#39;op0‚</em></span> <span class='ocrx_word' id='word_1_121' title='bbox 791 1124 828 1158; x_wconf 87' lang='lat' dir='ltr'><em>a&#39;e</em></span> <span class='ocrx_word' id='word_1_122' title='bbox 853 1124 1027 1171; x_wconf 74' lang='lat' dir='ltr'><em>inquirendo</em></span> <span class='ocrx_word' id='word_1_123' title='bbox 1044 1135 1099 1171; x_wconf 87' lang='lat' dir='ltr'><em>per</em></span> <span class='ocrx_word' id='word_1_124' title='bbox 1116 1124 1224 1158; x_wconf 87' lang='lat' dir='ltr'><em>Cardi-</em></span> 
     </span>
     <span class='ocr_line' id='line_1_21' title="bbox 29 1174 828 1220; baseline -0.001 -13"><span class='ocrx_word' id='word_1_125' title='bbox 29 1182 96 1218; x_wconf 88' lang='lat'><em>670.</em></span> <span class='ocrx_word' id='word_1_126' title='bbox 543 1174 623 1206; x_wconf 77' lang='lat' dir='ltr'><em>nates</em></span> <span class='ocrx_word' id='word_1_127' title='bbox 644 1179 676 1207; x_wconf 87' lang='lat' dir='ltr'><em>in</em></span> <span class='ocrx_word' id='word_1_128' title='bbox 699 1174 828 1220; x_wconf 77' lang='lat' dir='ltr'><em>Anglia.</em></span> 
     </span>
    </p>
   </div>
   <div class='ocr_carea' id='block_1_13' title="bbox 11 1257 1228 2683">
    <p class='ocr_par' dir='ltr' id='par_1_13' title="bbox 13 1257 927 1297">
     <span class='ocr_line' id='line_1_22' title="bbox 13 1257 927 1297; baseline -0.003 -5"><span class='ocrx_word' id='word_1_129' title='bbox 13 1265 87 1297; x_wconf 81' lang='grc' dir='ltr'><strong>Αῃῃ.</strong></span> <span class='ocrx_word' id='word_1_130' title='bbox 99 1262 140 1293; x_wconf 93' lang='lat' dir='ltr'><em>D.</em></span> <span class='ocrx_word' id='word_1_131' title='bbox 203 1258 260 1292; x_wconf 85' lang='grc' dir='ltr'><em>ΑΡ</em></span> <span class='ocrx_word' id='word_1_132' title='bbox 271 1257 312 1290; x_wconf 92' lang='lat' dir='ltr'>AE</span> <span class='ocrx_word' id='word_1_133' title='bbox 334 1259 400 1290; x_wconf 82' lang='lat' dir='ltr'><em>Rex</em></span> <span class='ocrx_word' id='word_1_134' title='bbox 417 1259 519 1291; x_wconf 88' lang='lat' dir='ltr'><em>devota</em></span> <span class='ocrx_word' id='word_1_135' title='bbox 536 1258 642 1297; x_wconf 85' lang='lat' dir='ltr'><em>pedum</em></span> <span class='ocrx_word' id='word_1_136' title='bbox 659 1258 755 1290; x_wconf 85' lang='lat' dir='ltr'><em>oscula</em></span> <span class='ocrx_word' id='word_1_137' title='bbox 770 1258 927 1289; x_wconf 86' lang='lat' dir='ltr'><em>beatorum.</em></span> 
     </span>
    </p>

    <p class='ocr_par' dir='ltr' id='par_1_14' title="bbox 11 1296 1228 1448">
     <span class='ocr_line' id='line_1_23' title="bbox 33 1296 1225 1343; baseline 0.001 -15"><span class='ocrx_word' id='word_1_138' title='bbox 33 1311 116 1343; x_wconf 82' lang='lat'>1317.</span> <span class='ocrx_word' id='word_1_139' title='bbox 239 1299 357 1337; x_wconf 74' lang='lat' dir='ltr'><em>Qianto</em></span> <span class='ocrx_word' id='word_1_140' title='bbox 373 1298 454 1329; x_wconf 91' lang='lat' dir='ltr'><em>nobis</em></span> <span class='ocrx_word' id='word_1_141' title='bbox 467 1298 677 1336; x_wconf 86' lang='lat' dir='ltr'><em>obsequentium</em></span> <span class='ocrx_word' id='word_1_142' title='bbox 695 1297 806 1328; x_wconf 87' lang='lat' dir='ltr'><em>servitia</em></span> <span class='ocrx_word' id='word_1_143' title='bbox 824 1299 913 1334; x_wconf 86' lang='lat' dir='ltr'><em>magis</em></span> <span class='ocrx_word' id='word_1_144' title='bbox 930 1297 1069 1328; x_wconf 56' lang='lat' dir='ltr'><em>frustuosa</em></span> <span class='ocrx_word' id='word_1_145' title='bbox 1084 1296 1225 1337; x_wconf 80' lang='lat' dir='ltr'><em>sentimuS,</em></span> 
     </span>
     <span class='ocr_line' id='line_1_24' title="bbox 11 1335 1224 1374; baseline -0.002 -5"><span class='ocrx_word' id='word_1_146' title='bbox 11 1347 61 1372; x_wconf 80' lang='lat' dir='ltr'><em>An.</em></span> <span class='ocrx_word' id='word_1_147' title='bbox 82 1351 123 1369; x_wconf 86' lang='lat' dir='ltr'><em>ii.</em></span> <span class='ocrx_word' id='word_1_148' title='bbox 156 1345 233 1368; x_wconf 86' lang='lat' dir='ltr'><em>tanto</em></span> <span class='ocrx_word' id='word_1_149' title='bbox 249 1338 358 1367; x_wconf 85' lang='lat' dir='ltr'><em>illorum</em></span> <span class='ocrx_word' id='word_1_150' title='bbox 372 1337 491 1367; x_wconf 85' lang='lat' dir='ltr'>honores</span> <span class='ocrx_word' id='word_1_151' title='bbox 504 1337 537 1367; x_wconf 64' lang='grc' dir='ltr'><em>ὃς</em></span> <span class='ocrx_word' id='word_1_152' title='bbox 552 1335 710 1367; x_wconf 88' lang='lat' dir='ltr'><em>commoda</em></span> <span class='ocrx_word' id='word_1_153' title='bbox 726 1335 876 1366; x_wconf 86' lang='lat' dir='ltr'><em>ferventius</em></span> <span class='ocrx_word' id='word_1_154' title='bbox 889 1338 1062 1374; x_wconf 81' lang='lat' dir='ltr'><em>appetimus,</em></span> <span class='ocrx_word' id='word_1_155' title='bbox 1080 1338 1129 1374; x_wconf 83' lang='lat'><em>&amp;,</em></span> <span class='ocrx_word' id='word_1_156' title='bbox 1147 1338 1224 1367; x_wconf 88' lang='lat' dir='ltr'><em>audi-</em></span> 
     </span>
     <span class='ocr_line' id='line_1_25' title="bbox 12 1374 1228 1415; baseline 0.001 -10"><span class='ocrx_word' id='word_1_157' title='bbox 12 1386 42 1410; x_wconf 77' lang='lat' dir='ltr'><em>E.</em></span> <span class='ocrx_word' id='word_1_158' title='bbox 60 1389 85 1407; x_wconf 90' lang='lat'><em>2.</em></span> <span class='ocrx_word' id='word_1_159' title='bbox 156 1377 191 1406; x_wconf 89' lang='lat' dir='ltr'><em>tis</em></span> <span class='ocrx_word' id='word_1_160' title='bbox 210 1385 243 1406; x_wconf 84' lang='lat' dir='ltr'><em>ex</em></span> <span class='ocrx_word' id='word_1_161' title='bbox 262 1377 299 1406; x_wconf 87' lang='lat' dir='ltr'><em>eis</em></span> <span class='ocrx_word' id='word_1_162' title='bbox 315 1375 426 1406; x_wconf 80' lang='lat' dir='ltr'><em>sinistris</em></span> <span class='ocrx_word' id='word_1_163' title='bbox 439 1399 450 1415; x_wconf 89' lang='lat'><em>,</em></span> <span class='ocrx_word' id='word_1_164' title='bbox 474 1376 590 1407; x_wconf 87' lang='lat' dir='ltr'><em>veritate</em></span> <span class='ocrx_word' id='word_1_165' title='bbox 610 1384 669 1405; x_wconf 88' lang='lat' dir='ltr'><em>non</em></span> <span class='ocrx_word' id='word_1_166' title='bbox 689 1374 809 1413; x_wconf 82' lang='lat' dir='ltr'><em>fulcitis,</em></span> <span class='ocrx_word' id='word_1_167' title='bbox 826 1375 855 1404; x_wconf 92' lang='lat' dir='ltr'><em>in</em></span> <span class='ocrx_word' id='word_1_168' title='bbox 881 1374 967 1405; x_wconf 90' lang='lat' dir='ltr'><em>corde</em></span> <span class='ocrx_word' id='word_1_169' title='bbox 988 1376 1082 1406; x_wconf 80' lang='lat' dir='ltr'><em>anxius</em></span> <span class='ocrx_word' id='word_1_170' title='bbox 1105 1376 1228 1413; x_wconf 86' lang='lat' dir='ltr'><em>perfora-</em></span> 
     </span>
     <span class='ocr_line' id='line_1_26' title="bbox 11 1424 231 1448; baseline -0.018 0"><span class='ocrx_word' id='word_1_171' title='bbox 11 1424 80 1448; x_wconf 65' lang='lat' dir='ltr'><em>an.</em></span> <span class='ocrx_word' id='word_1_172' title='bbox 158 1425 231 1445; x_wconf 86' lang='lat' dir='ltr'><em>mur.</em></span> 
     </span>
    </p>

    <p class='ocr_par' dir='ltr' id='par_1_15' title="bbox 11 1415 1222 1492">
     <span class='ocr_line' id='line_1_27' title="bbox 11 1415 1222 1492; baseline -0.002 -6"><span class='ocrx_word' id='word_1_173' title='bbox 11 1462 53 1486; x_wconf 77' lang='lat' dir='ltr'><em>Fr.</em></span> <span class='ocrx_word' id='word_1_174' title='bbox 73 1415 132 1484; x_wconf 52' lang='grc' dir='ltr'><em>ιιᾷ</em></span> <span class='ocrx_word' id='word_1_175' title='bbox 195 1452 274 1483; x_wconf 78' lang='lat' dir='ltr'><em>Cum</em></span> <span class='ocrx_word' id='word_1_176' title='bbox 291 1454 399 1490; x_wconf 80' lang='lat' dir='ltr'><em>itaque,</em></span> <span class='ocrx_word' id='word_1_177' title='bbox 416 1451 495 1483; x_wconf 88' lang='lat' dir='ltr'><em>Pater</em></span> <span class='ocrx_word' id='word_1_178' title='bbox 510 1452 630 1492; x_wconf 68' lang='lat' dir='ltr'><em>sinete,</em></span> <span class='ocrx_word' id='word_1_179' title='bbox 649 1461 679 1483; x_wconf 91' lang='lat' dir='ltr'><em>ut</em></span> <span class='ocrx_word' id='word_1_180' title='bbox 693 1451 894 1489; x_wconf 83' lang='lat' dir='ltr'><em>intelleximus,</em></span> <span class='ocrx_word' id='word_1_181' title='bbox 913 1451 947 1482; x_wconf 90' lang='lat' dir='ltr'><em>de</em></span> <span class='ocrx_word' id='word_1_182' title='bbox 962 1451 1111 1482; x_wconf 72' lang='lat' dir='ltr'><em>venerabili</em></span> <span class='ocrx_word' id='word_1_183' title='bbox 1126 1451 1222 1491; x_wconf 78' lang='lat' dir='ltr'><em>Patre,</em></span> 
     </span>
    </p>

    <p class='ocr_par' dir='ltr' id='par_1_16' title="bbox 11 1490 1228 1533">
     <span class='ocr_line' id='line_1_28' title="bbox 11 1490 1228 1533; baseline -0.002 -10"><span class='ocrx_word' id='word_1_184' title='bbox 11 1500 40 1524; x_wconf 79' lang='grc' dir='ltr'><em>Ε.</em></span> <span class='ocrx_word' id='word_1_185' title='bbox 60 1506 86 1523; x_wconf 87' lang='lat'><em>2.</em></span> <span class='ocrx_word' id='word_1_186' title='bbox 103 1505 140 1523; x_wconf 85' lang='lat' dir='ltr'><em>m.</em></span> <span class='ocrx_word' id='word_1_187' title='bbox 158 1492 192 1522; x_wconf 86' lang='lat'>&amp;</span> <span class='ocrx_word' id='word_1_188' title='bbox 206 1492 287 1522; x_wconf 90' lang='lat' dir='ltr'><em>nobis</em></span> <span class='ocrx_word' id='word_1_189' title='bbox 310 1491 492 1529; x_wconf 66' lang='lat' dir='ltr'><em>praedilersto,</em></span> <span class='ocrx_word' id='word_1_190' title='bbox 508 1491 637 1522; x_wconf 82' lang='lat' dir='ltr'><em>Waltero</em></span> <span class='ocrx_word' id='word_1_191' title='bbox 656 1490 809 1523; x_wconf 84' lang='lat' dir='ltr'><em>Exoniensi</em></span> <span class='ocrx_word' id='word_1_192' title='bbox 830 1490 974 1530; x_wconf 85' lang='lat' dir='ltr'>Episcopo</span> <span class='ocrx_word' id='word_1_193' title='bbox 994 1491 1053 1529; x_wconf 87' lang='lat' dir='ltr'><em>(qui</em></span> <span class='ocrx_word' id='word_1_194' title='bbox 1075 1490 1109 1533; x_wconf 84' lang='lat' dir='ltr'><em>de</em></span> <span class='ocrx_word' id='word_1_195' title='bbox 1130 1490 1228 1521; x_wconf 81' lang='lat' dir='ltr'><em>nostro</em></span> 
     </span>
    </p>

    <p class='ocr_par' dir='ltr' id='par_1_17' title="bbox 15 1529 1228 1645">
     <span class='ocr_line' id='line_1_29' title="bbox 15 1529 1228 1570; baseline -0.002 -9"><span class='ocrx_word' id='word_1_196' title='bbox 15 1543 57 1570; x_wconf 84' lang='lat'><em>¹4·</em></span> <span class='ocrx_word' id='word_1_197' title='bbox 158 1529 295 1560; x_wconf 86' lang='lat' dir='ltr'><em>Concilio</em></span> <span class='ocrx_word' id='word_1_198' title='bbox 305 1529 456 1567; x_wconf 85' lang='lat' dir='ltr'><em>specialiter</em></span> <span class='ocrx_word' id='word_1_199' title='bbox 468 1529 572 1568; x_wconf 82' lang='lat' dir='ltr'><em>existit,</em></span> <span class='ocrx_word' id='word_1_200' title='bbox 590 1531 624 1561; x_wconf 65' lang='grc' dir='ltr'><em>ὃς</em></span> <span class='ocrx_word' id='word_1_201' title='bbox 638 1530 672 1561; x_wconf 87' lang='lat' dir='ltr'><em>ad</em></span> <span class='ocrx_word' id='word_1_202' title='bbox 687 1539 790 1567; x_wconf 86' lang='lat' dir='ltr'><em>onera,</em></span> <span class='ocrx_word' id='word_1_203' title='bbox 808 1530 890 1559; x_wconf 85' lang='lat' dir='ltr'><em>nobis</em></span> <span class='ocrx_word' id='word_1_204' title='bbox 903 1530 1114 1567; x_wconf 75' lang='lat' dir='ltr'><em>incumbentia,</em></span> <span class='ocrx_word' id='word_1_205' title='bbox 1134 1529 1228 1559; x_wconf 89' lang='lat' dir='ltr'><em>nobis-</em></span> 
     </span>
     <span class='ocr_line' id='line_1_30' title="bbox 157 1567 1225 1607; baseline -0.001 -8"><span class='ocrx_word' id='word_1_206' title='bbox 157 1577 225 1599; x_wconf 90' lang='lat' dir='ltr'><em>cum</em></span> <span class='ocrx_word' id='word_1_207' title='bbox 241 1568 458 1606; x_wconf 86' lang='lat' dir='ltr'><em>supportandum</em></span> <span class='ocrx_word' id='word_1_208' title='bbox 473 1570 611 1607; x_wconf 87' lang='lat' dir='ltr'><em>requisitus</em></span> <span class='ocrx_word' id='word_1_209' title='bbox 626 1576 750 1606; x_wconf 84' lang='lat' dir='ltr'><em>paratum</em></span> <span class='ocrx_word' id='word_1_210' title='bbox 763 1568 789 1598; x_wconf 86' lang='lat' dir='ltr'><em>se</em></span> <span class='ocrx_word' id='word_1_211' title='bbox 804 1568 910 1605; x_wconf 81' lang='lat' dir='ltr'><em>semper</em></span> <span class='ocrx_word' id='word_1_212' title='bbox 923 1567 1046 1604; x_wconf 82' lang='lat' dir='ltr'><em>exhibet)</em></span> <span class='ocrx_word' id='word_1_213' title='bbox 1067 1567 1156 1605; x_wconf 85' lang='lat' dir='ltr'><em>aliqua</em></span> <span class='ocrx_word' id='word_1_214' title='bbox 1170 1569 1225 1598; x_wconf 90' lang='lat' dir='ltr'><em>cri-</em></span> 
     </span>
     <span class='ocr_line' id='line_1_31' title="bbox 157 1606 728 1645; baseline 0.002 -9"><span class='ocrx_word' id='word_1_215' title='bbox 157 1606 280 1644; x_wconf 84' lang='lat' dir='ltr'><em>minosa,</em></span> <span class='ocrx_word' id='word_1_216' title='bbox 300 1607 386 1636; x_wconf 79' lang='lat' dir='ltr'><em>bonae</em></span> <span class='ocrx_word' id='word_1_217' title='bbox 401 1606 485 1636; x_wconf 84' lang='lat' dir='ltr'><em>famae</em></span> <span class='ocrx_word' id='word_1_218' title='bbox 498 1607 553 1637; x_wconf 80' lang='lat' dir='ltr'><em>suae</em></span> <span class='ocrx_word' id='word_1_219' title='bbox 569 1608 728 1645; x_wconf 85' lang='lat' dir='ltr'><em>contraria,</em></span> 
     </span>
    </p>

    <p class='ocr_par' dir='ltr' id='par_1_18' title="bbox 156 1643 1226 1798">
     <span class='ocr_line' id='line_1_32' title="bbox 196 1643 1226 1682; baseline -0.001 -8"><span class='ocrx_word' id='word_1_220' title='bbox 196 1645 412 1676; x_wconf 86' lang='lat' dir='ltr'><em>Procurantibus</em></span> <span class='ocrx_word' id='word_1_221' title='bbox 427 1645 460 1676; x_wconf 74' lang='grc' dir='ltr'><em>δε</em></span> <span class='ocrx_word' id='word_1_222' title='bbox 481 1644 720 1676; x_wconf 88' lang='lat' dir='ltr'><em>Promoventibus</em></span> <span class='ocrx_word' id='word_1_223' title='bbox 734 1644 814 1682; x_wconf 91' lang='lat' dir='ltr'><em>ipfius</em></span> <span class='ocrx_word' id='word_1_224' title='bbox 836 1643 972 1681; x_wconf 78' lang='lat' dir='ltr'><em>Episcopi</em></span> <span class='ocrx_word' id='word_1_225' title='bbox 996 1643 1148 1681; x_wconf 85' lang='lat' dir='ltr'><em>malivolis,</em></span> <span class='ocrx_word' id='word_1_226' title='bbox 1168 1654 1226 1674; x_wconf 90' lang='lat' dir='ltr'><em>non</em></span> 
     </span>
     <span class='ocr_line' id='line_1_33' title="bbox 156 1679 1225 1722; baseline -0.001 -8"><span class='ocrx_word' id='word_1_227' title='bbox 156 1683 221 1714; x_wconf 86' lang='lat' dir='ltr'><em>zelo</em></span> <span class='ocrx_word' id='word_1_228' title='bbox 231 1683 361 1722; x_wconf 80' lang='lat' dir='ltr'><em>justitiae,</em></span> <span class='ocrx_word' id='word_1_229' title='bbox 379 1693 431 1713; x_wconf 90' lang='lat' dir='ltr'><em>nec</em></span> <span class='ocrx_word' id='word_1_230' title='bbox 445 1679 559 1714; x_wconf 84' lang='lat' dir='ltr'><em>salutaris</em></span> <span class='ocrx_word' id='word_1_231' title='bbox 581 1684 765 1714; x_wconf 69' lang='lat' dir='ltr'><em>correfflonis</em></span> <span class='ocrx_word' id='word_1_232' title='bbox 779 1682 904 1720; x_wconf 81' lang='lat' dir='ltr'><em>medela,</em></span> <span class='ocrx_word' id='word_1_233' title='bbox 919 1682 958 1712; x_wconf 89' lang='lat' dir='ltr'><em>set</em></span> <span class='ocrx_word' id='word_1_234' title='bbox 979 1691 1011 1711; x_wconf 72' lang='lat' dir='ltr'><em>ex</em></span> <span class='ocrx_word' id='word_1_235' title='bbox 1028 1682 1085 1712; x_wconf 92' lang='lat' dir='ltr'><em>odii</em></span> <span class='ocrx_word' id='word_1_236' title='bbox 1107 1682 1225 1721; x_wconf 85' lang='lat' dir='ltr'><em>fomite,</em></span> 
     </span>
     <span class='ocr_line' id='line_1_34' title="bbox 156 1719 1226 1763; baseline -0.001 -11"><span class='ocrx_word' id='word_1_237' title='bbox 156 1722 191 1752; x_wconf 88' lang='lat' dir='ltr'><em>ad</em></span> <span class='ocrx_word' id='word_1_238' title='bbox 207 1723 263 1753; x_wconf 89' lang='lat' dir='ltr'><em>hoc</em></span> <span class='ocrx_word' id='word_1_239' title='bbox 277 1722 352 1760; x_wconf 93' lang='lat' dir='ltr'><em>quod</em></span> <span class='ocrx_word' id='word_1_240' title='bbox 365 1721 472 1758; x_wconf 71' lang='lat' dir='ltr'><em>dictus,</em></span> <span class='ocrx_word' id='word_1_241' title='bbox 489 1719 746 1760; x_wconf 87' lang='lat' dir='ltr'><em>Episcopus,super</em></span> <span class='ocrx_word' id='word_1_242' title='bbox 761 1720 895 1763; x_wconf 75' lang='lat' dir='ltr'><em>personali</em></span> <span class='ocrx_word' id='word_1_243' title='bbox 910 1722 1063 1751; x_wconf 85' lang='lat' dir='ltr'><em>vocatione</em></span> <span class='ocrx_word' id='word_1_244' title='bbox 1077 1720 1110 1751; x_wconf 91' lang='lat' dir='ltr'><em>ad</em></span> <span class='ocrx_word' id='word_1_245' title='bbox 1126 1720 1226 1753; x_wconf 86' lang='lat' dir='ltr'><em>vestrae</em></span> 
     </span>
     <span class='ocr_line' id='line_1_35' title="bbox 156 1759 1045 1798; baseline -0.001 -7"><span class='ocrx_word' id='word_1_246' title='bbox 156 1760 310 1791; x_wconf 61' lang='lat' dir='ltr'><em>Sanititatis</em></span> <span class='ocrx_word' id='word_1_247' title='bbox 325 1759 515 1798; x_wconf 65' lang='lat' dir='ltr'><em>praesentiam,</em></span> <span class='ocrx_word' id='word_1_248' title='bbox 533 1760 671 1790; x_wconf 87' lang='lat' dir='ltr'>laboribus</span> <span class='ocrx_word' id='word_1_249' title='bbox 684 1761 718 1791; x_wconf 72' lang='grc' dir='ltr'><em>δε</em></span> <span class='ocrx_word' id='word_1_250' title='bbox 732 1762 854 1797; x_wconf 81' lang='lat' dir='ltr'><em>expensis</em></span> <span class='ocrx_word' id='word_1_251' title='bbox 868 1759 1045 1798; x_wconf 84' lang='lat' dir='ltr'><em>fatigaretur,</em></span> 
     </span>
    </p>

    <p class='ocr_par' dir='ltr' id='par_1_19' title="bbox 196 1797 650 1836">
     <span class='ocr_line' id='line_1_36' title="bbox 196 1797 650 1836; baseline 0 -7"><span class='ocrx_word' id='word_1_252' title='bbox 196 1799 242 1829; x_wconf 89' lang='lat' dir='ltr'><em>Ad</em></span> <span class='ocrx_word' id='word_1_253' title='bbox 258 1808 333 1829; x_wconf 87' lang='lat' dir='ltr'><em>aures</em></span> <span class='ocrx_word' id='word_1_254' title='bbox 345 1797 445 1829; x_wconf 85' lang='lat' dir='ltr'><em>vestras</em></span> <span class='ocrx_word' id='word_1_255' title='bbox 462 1797 650 1836; x_wconf 82' lang='lat' dir='ltr'><em>deducantur;</em></span> 
     </span>
    </p>

    <p class='ocr_par' dir='ltr' id='par_1_20' title="bbox 153 1835 1227 2144">
     <span class='ocr_line' id='line_1_37' title="bbox 193 1835 1223 1877; baseline 0.003 -10"><span class='ocrx_word' id='word_1_256' title='bbox 193 1837 259 1867; x_wconf 89' lang='lat' dir='ltr'><em>Nos</em></span> <span class='ocrx_word' id='word_1_257' title='bbox 273 1836 352 1874; x_wconf 88' lang='lat' dir='ltr'><em>ipsius</em></span> <span class='ocrx_word' id='word_1_258' title='bbox 366 1835 502 1874; x_wconf 85' lang='lat' dir='ltr'><em>Episcopi</em></span> <span class='ocrx_word' id='word_1_259' title='bbox 514 1837 626 1867; x_wconf 87' lang='lat' dir='ltr'><em>consilia</em></span> <span class='ocrx_word' id='word_1_260' title='bbox 640 1837 673 1868; x_wconf 88' lang='lat'>&amp;</span> <span class='ocrx_word' id='word_1_261' title='bbox 685 1836 816 1876; x_wconf 82' lang='lat' dir='ltr'><em>obsequia</em></span> <span class='ocrx_word' id='word_1_262' title='bbox 839 1836 920 1868; x_wconf 88' lang='lat' dir='ltr'><em>nobis</em></span> <span class='ocrx_word' id='word_1_263' title='bbox 941 1836 1070 1877; x_wconf 82' lang='lat' dir='ltr'><em>perutilia</em></span> <span class='ocrx_word' id='word_1_264' title='bbox 1090 1838 1223 1877; x_wconf 90' lang='lat' dir='ltr'><em>(quorum</em></span> 
     </span>
     <span class='ocr_line' id='line_1_38' title="bbox 153 1874 1224 1915; baseline 0.003 -10"><span class='ocrx_word' id='word_1_265' title='bbox 153 1882 288 1913; x_wconf 74' lang='lat' dir='ltr'><em>praetexm</em></span> <span class='ocrx_word' id='word_1_266' title='bbox 302 1875 382 1912; x_wconf 90' lang='lat' dir='ltr'><em>ipsius</em></span> <span class='ocrx_word' id='word_1_267' title='bbox 398 1874 538 1912; x_wconf 83' lang='lat' dir='ltr'><em>praesentia</em></span> <span class='ocrx_word' id='word_1_268' title='bbox 552 1875 677 1906; x_wconf 90' lang='lat' dir='ltr'><em>comode</em></span> <span class='ocrx_word' id='word_1_269' title='bbox 691 1885 784 1906; x_wconf 85' lang='lat' dir='ltr'><em>carere</em></span> <span class='ocrx_word' id='word_1_270' title='bbox 799 1885 858 1905; x_wconf 87' lang='lat' dir='ltr'><em>non</em></span> <span class='ocrx_word' id='word_1_271' title='bbox 879 1875 1012 1913; x_wconf 85' lang='lat' dir='ltr'><em>valemus)</em></span> <span class='ocrx_word' id='word_1_272' title='bbox 1035 1877 1224 1915; x_wconf 85' lang='lat' dir='ltr'><em>multipliciter</em></span> 
     </span>
     <span class='ocr_line' id='line_1_39' title="bbox 154 1913 1224 1954; baseline 0.004 -11"><span class='ocrx_word' id='word_1_273' title='bbox 154 1915 313 1951; x_wconf 81' lang='lat' dir='ltr'><em>sentientes,</em></span> <span class='ocrx_word' id='word_1_274' title='bbox 330 1923 362 1943; x_wconf 91' lang='lat' dir='ltr'><em>ac</em></span> <span class='ocrx_word' id='word_1_275' title='bbox 377 1913 558 1945; x_wconf 86' lang='lat' dir='ltr'><em>desiderantes</em></span> <span class='ocrx_word' id='word_1_276' title='bbox 571 1914 692 1945; x_wconf 89' lang='lat' dir='ltr'><em>eundem</em></span> <span class='ocrx_word' id='word_1_277' title='bbox 713 1915 812 1952; x_wconf 89' lang='lat' dir='ltr'><em>(quern</em></span> <span class='ocrx_word' id='word_1_278' title='bbox 824 1916 854 1944; x_wconf 86' lang='lat' dir='ltr'><em>in</em></span> <span class='ocrx_word' id='word_1_279' title='bbox 868 1913 998 1945; x_wconf 77' lang='lat' dir='ltr'><em>Consiliis</em></span> <span class='ocrx_word' id='word_1_280' title='bbox 1013 1924 1154 1946; x_wconf 84' lang='lat' dir='ltr'><em>maturum</em></span> <span class='ocrx_word' id='word_1_281' title='bbox 1164 1937 1173 1954; x_wconf 82' lang='grc'>,</span> <span class='ocrx_word' id='word_1_282' title='bbox 1190 1917 1224 1947; x_wconf 90' lang='lat'>&amp;</span> 
     </span>
     <span class='ocr_line' id='line_1_40' title="bbox 154 1952 1225 1991; baseline 0.004 -10"><span class='ocrx_word' id='word_1_283' title='bbox 154 1952 270 1989; x_wconf 81' lang='lat' dir='ltr'><em>agendis</em></span> <span class='ocrx_word' id='word_1_284' title='bbox 285 1952 524 1990; x_wconf 59' lang='lat' dir='ltr'><em>circumspectum</em></span> <span class='ocrx_word' id='word_1_285' title='bbox 541 1954 574 1984; x_wconf 88' lang='lat'>&amp;</span> <span class='ocrx_word' id='word_1_286' title='bbox 596 1952 768 1991; x_wconf 88' lang='lat' dir='ltr'><em>providum,</em></span> <span class='ocrx_word' id='word_1_287' title='bbox 785 1962 905 1990; x_wconf 85' lang='lat' dir='ltr'><em>operum</em></span> <span class='ocrx_word' id='word_1_288' title='bbox 925 1955 1118 1991; x_wconf 79' lang='lat' dir='ltr'><em>experimento</em></span> <span class='ocrx_word' id='word_1_289' title='bbox 1142 1957 1225 1985; x_wconf 89' lang='lat' dir='ltr'><em>novi-</em></span> 
     </span>
     <span class='ocr_line' id='line_1_41' title="bbox 157 1991 1227 2030; baseline 0.002 -9"><span class='ocrx_word' id='word_1_290' title='bbox 157 2000 220 2021; x_wconf 88' lang='lat' dir='ltr'><em>mus</em></span> <span class='ocrx_word' id='word_1_291' title='bbox 227 2013 237 2029; x_wconf 87' lang='lat'><em>,</em></span> <span class='ocrx_word' id='word_1_292' title='bbox 256 1991 333 2029; x_wconf 88' lang='lat' dir='ltr'><em>cujus</em></span> <span class='ocrx_word' id='word_1_293' title='bbox 355 1992 438 2022; x_wconf 88' lang='lat' dir='ltr'><em>etiam</em></span> <span class='ocrx_word' id='word_1_294' title='bbox 460 1991 531 2022; x_wconf 90' lang='lat' dir='ltr'><em>odor</em></span> <span class='ocrx_word' id='word_1_295' title='bbox 554 1993 642 2023; x_wconf 81' lang='lat' dir='ltr'><em>bonae</em></span> <span class='ocrx_word' id='word_1_296' title='bbox 660 1991 745 2022; x_wconf 78' lang='lat' dir='ltr'><em>famae</em></span> <span class='ocrx_word' id='word_1_297' title='bbox 759 1991 831 2030; x_wconf 88' lang='lat' dir='ltr'><em>apud</em></span> <span class='ocrx_word' id='word_1_298' title='bbox 853 2002 921 2030; x_wconf 88' lang='lat' dir='ltr'><em>nos,</em></span> <span class='ocrx_word' id='word_1_299' title='bbox 941 1993 974 2023; x_wconf 69' lang='grc' dir='ltr'><em>ὅτ.</em></span> <span class='ocrx_word' id='word_1_300' title='bbox 994 1992 1067 2030; x_wconf 88' lang='lat' dir='ltr'><em>apud</em></span> <span class='ocrx_word' id='word_1_301' title='bbox 1088 1993 1180 2023; x_wconf 92' lang='lat' dir='ltr'><em>bonos</em></span> <span class='ocrx_word' id='word_1_302' title='bbox 1196 1994 1227 2023; x_wconf 92' lang='lat' dir='ltr'><em>in</em></span> 
     </span>
     <span class='ocr_line' id='line_1_42' title="bbox 156 2028 1225 2069; baseline 0.003 -11"><span class='ocrx_word' id='word_1_303' title='bbox 156 2028 264 2065; x_wconf 82' lang='lat' dir='ltr'><em>Regno</em></span> <span class='ocrx_word' id='word_1_304' title='bbox 285 2029 380 2059; x_wconf 89' lang='lat' dir='ltr'><em>nostro</em></span> <span class='ocrx_word' id='word_1_305' title='bbox 396 2029 514 2069; x_wconf 81' lang='lat' dir='ltr'><em>fragrat,</em></span> <span class='ocrx_word' id='word_1_306' title='bbox 541 2039 622 2069; x_wconf 81' lang='lat' dir='ltr'><em>prout</em></span> <span class='ocrx_word' id='word_1_307' title='bbox 643 2030 742 2068; x_wconf 87' lang='lat' dir='ltr'><em>decet,</em></span> <span class='ocrx_word' id='word_1_308' title='bbox 761 2040 816 2060; x_wconf 90' lang='lat' dir='ltr'><em>nec</em></span> <span class='ocrx_word' id='word_1_309' title='bbox 840 2031 949 2060; x_wconf 86' lang='lat' dir='ltr'><em>crimen</em></span> <span class='ocrx_word' id='word_1_310' title='bbox 969 2030 1082 2068; x_wconf 82' lang='lat' dir='ltr'><em>aliquod</em></span> <span class='ocrx_word' id='word_1_311' title='bbox 1104 2032 1225 2068; x_wconf 76' lang='lat' dir='ltr'><em>accusat)</em></span> 
     </span>
     <span class='ocr_line' id='line_1_43' title="bbox 155 2066 1226 2108; baseline 0.003 -12"><span class='ocrx_word' id='word_1_312' title='bbox 155 2067 238 2097; x_wconf 82' lang='lat' dir='ltr'><em>nobis</em></span> <span class='ocrx_word' id='word_1_313' title='bbox 251 2066 385 2106; x_wconf 85' lang='lat' dir='ltr'><em>assistere,</em></span> <span class='ocrx_word' id='word_1_314' title='bbox 403 2068 436 2098; x_wconf 91' lang='lat'>&amp;</span> <span class='ocrx_word' id='word_1_315' title='bbox 451 2068 531 2105; x_wconf 87' lang='lat' dir='ltr'><em>ipfius</em></span> <span class='ocrx_word' id='word_1_316' title='bbox 549 2070 760 2099; x_wconf 85' lang='lat' dir='ltr'><em>immunitatem</em></span> <span class='ocrx_word' id='word_1_317' title='bbox 776 2069 848 2106; x_wconf 88' lang='lat' dir='ltr'><em>apud</em></span> <span class='ocrx_word' id='word_1_318' title='bbox 864 2068 983 2099; x_wconf 84' lang='lat' dir='ltr'><em>vestram</em></span> <span class='ocrx_word' id='word_1_319' title='bbox 1003 2069 1226 2108; x_wconf 86' lang='lat' dir='ltr'><em>Beatitudinern,</em></span> 
     </span>
     <span class='ocr_line' id='line_1_44' title="bbox 156 2105 863 2144; baseline 0.003 -10"><span class='ocrx_word' id='word_1_320' title='bbox 156 2113 240 2143; x_wconf 83' lang='lat' dir='ltr'><em>prout</em></span> <span class='ocrx_word' id='word_1_321' title='bbox 253 2105 315 2135; x_wconf 65' lang='lat' dir='ltr'><em>sana</em></span> <span class='ocrx_word' id='word_1_322' title='bbox 329 2106 501 2137; x_wconf 61' lang='lat' dir='ltr'><em>conscientia</em></span> <span class='ocrx_word' id='word_1_323' title='bbox 517 2106 678 2144; x_wconf 80' lang='lat' dir='ltr'><em>possumus,</em></span> <span class='ocrx_word' id='word_1_324' title='bbox 697 2117 863 2144; x_wconf 73' lang='lat' dir='ltr'><em>procurare,</em></span> 
     </span>
    </p>

    <p class='ocr_par' dir='ltr' id='par_1_21' title="bbox 156 2142 1228 2328">
     <span class='ocr_line' id='line_1_45' title="bbox 195 2142 1226 2184; baseline 0.003 -11"><span class='ocrx_word' id='word_1_325' title='bbox 195 2142 304 2173; x_wconf 80' lang='lat' dir='ltr'><em>Vestrae</em></span> <span class='ocrx_word' id='word_1_326' title='bbox 317 2143 459 2174; x_wconf 68' lang='lat' dir='ltr'><em>Sanetitati</em></span> <span class='ocrx_word' id='word_1_327' title='bbox 470 2144 613 2175; x_wconf 88' lang='lat' dir='ltr'><em>humiliter</em></span> <span class='ocrx_word' id='word_1_328' title='bbox 627 2145 826 2182; x_wconf 80' lang='lat' dir='ltr'><em>supplicamus,</em></span> <span class='ocrx_word' id='word_1_329' title='bbox 845 2145 971 2182; x_wconf 90' lang='lat' dir='ltr'><em>quatinus</em></span> <span class='ocrx_word' id='word_1_330' title='bbox 993 2144 1172 2184; x_wconf 86' lang='lat' dir='ltr'><em>hujusmodi,</em></span> <span class='ocrx_word' id='word_1_331' title='bbox 1190 2145 1226 2176; x_wconf 89' lang='lat' dir='ltr'><em>de</em></span> 
     </span>
     <span class='ocr_line' id='line_1_46' title="bbox 159 2182 1228 2221; baseline 0.003 -10"><span class='ocrx_word' id='word_1_332' title='bbox 159 2190 319 2212; x_wconf 86' lang='lat' dir='ltr'><em>memorato</em></span> <span class='ocrx_word' id='word_1_333' title='bbox 334 2182 476 2219; x_wconf 89' lang='lat' dir='ltr'><em>Episcopo</em></span> <span class='ocrx_word' id='word_1_334' title='bbox 495 2182 595 2213; x_wconf 86' lang='lat' dir='ltr'><em>sinistra</em></span> <span class='ocrx_word' id='word_1_335' title='bbox 610 2184 838 2221; x_wconf 82' lang='lat' dir='ltr'><em>procurantibus,</em></span> <span class='ocrx_word' id='word_1_336' title='bbox 855 2183 900 2213; x_wconf 91' lang='lat' dir='ltr'><em>seu</em></span> <span class='ocrx_word' id='word_1_337' title='bbox 922 2185 1168 2221; x_wconf 83' lang='lat' dir='ltr'><em>promoventibus,</em></span> <span class='ocrx_word' id='word_1_338' title='bbox 1186 2184 1228 2215; x_wconf 89' lang='lat' dir='ltr'><em>fa-</em></span> 
     </span>
     <span class='ocr_line' id='line_1_47' title="bbox 156 2220 1226 2260; baseline 0.003 -10"><span class='ocrx_word' id='word_1_339' title='bbox 156 2230 274 2258; x_wconf 88' lang='lat' dir='ltr'><em>vorem,</em></span> <span class='ocrx_word' id='word_1_340' title='bbox 291 2220 334 2250; x_wconf 89' lang='lat' dir='ltr'><em>seu</em></span> <span class='ocrx_word' id='word_1_341' title='bbox 347 2220 435 2250; x_wconf 85' lang='lat' dir='ltr'><em>fidem</em></span> <span class='ocrx_word' id='word_1_342' title='bbox 448 2231 506 2250; x_wconf 90' lang='lat' dir='ltr'><em>non</em></span> <span class='ocrx_word' id='word_1_343' title='bbox 521 2221 652 2258; x_wconf 85' lang='lat' dir='ltr'><em>dignetur</em></span> <span class='ocrx_word' id='word_1_344' title='bbox 665 2221 756 2252; x_wconf 82' lang='lat' dir='ltr'><em>vestra</em></span> <span class='ocrx_word' id='word_1_345' title='bbox 778 2220 927 2251; x_wconf 88' lang='lat' dir='ltr'><em>Paternitas</em></span> <span class='ocrx_word' id='word_1_346' title='bbox 947 2221 1078 2252; x_wconf 86' lang='lat' dir='ltr'><em>adhibere</em></span> <span class='ocrx_word' id='word_1_347' title='bbox 1093 2234 1098 2239; x_wconf 87' lang='lat'>·</span> <span class='ocrx_word' id='word_1_348' title='bbox 1125 2222 1163 2253; x_wconf 88' lang='lat' dir='ltr'><em>set</em></span> <span class='ocrx_word' id='word_1_349' title='bbox 1182 2223 1226 2260; x_wconf 90' lang='lat' dir='ltr'><em>ip-</em></span> 
     </span>
     <span class='ocr_line' id='line_1_48' title="bbox 157 2246 1225 2299; baseline 0.002 -10"><span class='ocrx_word' id='word_1_350' title='bbox 157 2259 218 2290; x_wconf 91' lang='lat' dir='ltr'><em>sum</em></span> <span class='ocrx_word' id='word_1_351' title='bbox 228 2281 236 2297; x_wconf 84' lang='lat'><em>,</em></span> <span class='ocrx_word' id='word_1_352' title='bbox 253 2259 287 2290; x_wconf 84' lang='lat'>&amp;</span> <span class='ocrx_word' id='word_1_353' title='bbox 301 2258 456 2289; x_wconf 84' lang='lat' dir='ltr'><em>Ecclesiam</em></span> <span class='ocrx_word' id='word_1_354' title='bbox 467 2258 544 2289; x_wconf 87' lang='lat' dir='ltr'><em>suam</em></span> <span class='ocrx_word' id='word_1_355' title='bbox 559 2259 760 2298; x_wconf 82' lang='lat' dir='ltr'><em>Exoniensem,</em></span> <span class='ocrx_word' id='word_1_356' title='bbox 778 2258 877 2289; x_wconf 87' lang='lat' dir='ltr'><em>nostris</em></span> <span class='ocrx_word' id='word_1_357' title='bbox 891 2261 1036 2299; x_wconf 73' lang='lat' dir='ltr'><em>precibus,</em></span> <span class='ocrx_word' id='word_1_358' title='bbox 1053 2246 1155 2291; x_wconf 78' lang='lat' dir='ltr'><em>habere</em></span> <span class='ocrx_word' id='word_1_359' title='bbox 1165 2260 1225 2299; x_wconf 89' lang='lat' dir='ltr'><em>spe-</em></span> 
     </span>
     <span class='ocr_line' id='line_1_49' title="bbox 158 2296 500 2328; baseline 0 -1"><span class='ocrx_word' id='word_1_360' title='bbox 158 2297 262 2328; x_wconf 81' lang='lat' dir='ltr'><em>cialiter</em></span> <span class='ocrx_word' id='word_1_361' title='bbox 278 2296 500 2327; x_wconf 88' lang='lat' dir='ltr'><em>commendatos.</em></span> 
     </span>
    </p>

    <p class='ocr_par' dir='ltr' id='par_1_22' title="bbox 156 2335 1228 2637">
     <span class='ocr_line' id='line_1_50' title="bbox 197 2335 1226 2375; baseline 0.002 -10"><span class='ocrx_word' id='word_1_362' title='bbox 197 2335 249 2374; x_wconf 84' lang='lat' dir='ltr'><em>Et,</em></span> <span class='ocrx_word' id='word_1_363' title='bbox 268 2335 287 2365; x_wconf 88' lang='lat' dir='ltr'><em>si</em></span> <span class='ocrx_word' id='word_1_364' title='bbox 299 2345 363 2375; x_wconf 62' lang='lat' dir='ltr'><em>quie</em></span> <span class='ocrx_word' id='word_1_365' title='bbox 378 2335 412 2365; x_wconf 90' lang='lat' dir='ltr'><em>de</em></span> <span class='ocrx_word' id='word_1_366' title='bbox 431 2335 490 2372; x_wconf 91' lang='lat' dir='ltr'><em>ipso</em></span> <span class='ocrx_word' id='word_1_367' title='bbox 509 2335 648 2374; x_wconf 83' lang='lat' dir='ltr'><em>proposita</em></span> <span class='ocrx_word' id='word_1_368' title='bbox 666 2335 786 2374; x_wconf 87' lang='lat' dir='ltr'><em>fuerint,</em></span> <span class='ocrx_word' id='word_1_369' title='bbox 803 2335 839 2366; x_wconf 92' lang='lat' dir='ltr'><em>de</em></span> <span class='ocrx_word' id='word_1_370' title='bbox 855 2337 954 2373; x_wconf 90' lang='lat' dir='ltr'><em>quibus</em></span> <span class='ocrx_word' id='word_1_371' title='bbox 969 2336 1091 2367; x_wconf 87' lang='lat' dir='ltr'><em>vestram</em></span> <span class='ocrx_word' id='word_1_372' title='bbox 1106 2336 1226 2367; x_wconf 84' lang='lat' dir='ltr'><em>Beatitu-</em></span> 
     </span>
     <span class='ocr_line' id='line_1_51' title="bbox 156 2372 1227 2414; baseline 0.002 -10"><span class='ocrx_word' id='word_1_373' title='bbox 156 2373 254 2404; x_wconf 85' lang='lat' dir='ltr'><em>dinem</em></span> <span class='ocrx_word' id='word_1_374' title='bbox 270 2373 388 2412; x_wconf 84' lang='lat' dir='ltr'><em>placeret</em></span> <span class='ocrx_word' id='word_1_375' title='bbox 401 2374 548 2404; x_wconf 85' lang='lat' dir='ltr'><em>informari</em></span> <span class='ocrx_word' id='word_1_376' title='bbox 583 2383 651 2405; x_wconf 91' lang='lat' dir='ltr'><em>tunc</em></span> <span class='ocrx_word' id='word_1_377' title='bbox 667 2385 699 2406; x_wconf 90' lang='lat' dir='ltr'><em>ea</em></span> <span class='ocrx_word' id='word_1_378' title='bbox 731 2375 933 2405; x_wconf 88' lang='lat' dir='ltr'><em>venerabilibus</em></span> <span class='ocrx_word' id='word_1_379' title='bbox 947 2372 1076 2405; x_wconf 84' lang='lat' dir='ltr'><em>Patribus</em></span> <span class='ocrx_word' id='word_1_380' title='bbox 1088 2399 1097 2414; x_wconf 89' lang='lat'><em>,</em></span> <span class='ocrx_word' id='word_1_381' title='bbox 1120 2375 1227 2406; x_wconf 90' lang='lat' dir='ltr'><em>Domi-</em></span> 
     </span>
     <span class='ocr_line' id='line_1_52' title="bbox 158 2398 1224 2452; baseline 0.003 -10"><span class='ocrx_word' id='word_1_382' title='bbox 158 2413 215 2450; x_wconf 86' lang='lat' dir='ltr'><em>nis,</em></span> <span class='ocrx_word' id='word_1_383' title='bbox 233 2411 395 2443; x_wconf 88' lang='lat' dir='ltr'><em>Gaucelino</em></span> <span class='ocrx_word' id='word_1_384' title='bbox 409 2411 500 2443; x_wconf 90' lang='lat' dir='ltr'><em>Tituli</em></span> <span class='ocrx_word' id='word_1_385' title='bbox 515 2413 684 2443; x_wconf 56' lang='lat' dir='ltr'><em>Sanffltorum</em></span> <span class='ocrx_word' id='word_1_386' title='bbox 704 2398 867 2444; x_wconf 66' lang='lat' dir='ltr'><em>Marcellini</em></span> <span class='ocrx_word' id='word_1_387' title='bbox 888 2414 921 2444; x_wconf 67' lang='grc' dir='ltr'><em>ὃς</em></span> <span class='ocrx_word' id='word_1_388' title='bbox 944 2413 1035 2451; x_wconf 91' lang='lat' dir='ltr'><em>Petri,</em></span> <span class='ocrx_word' id='word_1_389' title='bbox 1051 2412 1224 2452; x_wconf 87' lang='lat' dir='ltr'><em>PresbiterO,</em></span> 
     </span>
     <span class='ocr_line' id='line_1_53' title="bbox 158 2450 1225 2490; baseline 0.001 -8"><span class='ocrx_word' id='word_1_390' title='bbox 158 2451 192 2482; x_wconf 90' lang='lat'>&amp;</span> <span class='ocrx_word' id='word_1_391' title='bbox 209 2450 298 2482; x_wconf 90' lang='lat' dir='ltr'><em>Lucae</em></span> <span class='ocrx_word' id='word_1_392' title='bbox 319 2450 430 2481; x_wconf 62' lang='lat' dir='ltr'><em>Sandiae</em></span> <span class='ocrx_word' id='word_1_393' title='bbox 447 2450 551 2481; x_wconf 84' lang='lat' dir='ltr'><em>Mariae</em></span> <span class='ocrx_word' id='word_1_394' title='bbox 572 2452 601 2481; x_wconf 89' lang='lat' dir='ltr'><em>in</em></span> <span class='ocrx_word' id='word_1_395' title='bbox 623 2451 680 2483; x_wconf 64' lang='lat' dir='ltr'><em>Via</em></span> <span class='ocrx_word' id='word_1_396' title='bbox 701 2451 771 2490; x_wconf 66' lang='lat' dir='ltr'><em>lata,</em></span> <span class='ocrx_word' id='word_1_397' title='bbox 789 2451 943 2489; x_wconf 91' lang='lat' dir='ltr'><em>Diacono,</em></span> <span class='ocrx_word' id='word_1_398' title='bbox 959 2451 1173 2490; x_wconf 81' lang='lat' dir='ltr'><em>Cardinalibus,</em></span> <span class='ocrx_word' id='word_1_399' title='bbox 1196 2454 1225 2483; x_wconf 90' lang='lat' dir='ltr'><em>in</em></span> 
     </span>
     <span class='ocr_line' id='line_1_54' title="bbox 158 2488 1227 2530; baseline 0.002 -11"><span class='ocrx_word' id='word_1_400' title='bbox 158 2488 270 2527; x_wconf 90' lang='lat' dir='ltr'><em>Regno</em></span> <span class='ocrx_word' id='word_1_401' title='bbox 285 2489 381 2520; x_wconf 88' lang='lat' dir='ltr'><em>nostro</em></span> <span class='ocrx_word' id='word_1_402' title='bbox 401 2488 596 2528; x_wconf 78' lang='lat' dir='ltr'><em>existentibus,</em></span> <span class='ocrx_word' id='word_1_403' title='bbox 614 2500 663 2527; x_wconf 88' lang='lat' dir='ltr'><em>per</em></span> <span class='ocrx_word' id='word_1_404' title='bbox 682 2501 732 2521; x_wconf 92' lang='lat' dir='ltr'><em>vos</em></span> <span class='ocrx_word' id='word_1_405' title='bbox 746 2491 894 2520; x_wconf 84' lang='lat' dir='ltr'><em>committi</em></span> <span class='ocrx_word' id='word_1_406' title='bbox 912 2491 1070 2530; x_wconf 85' lang='lat' dir='ltr'><em>quaesumus</em></span> <span class='ocrx_word' id='word_1_407' title='bbox 1086 2491 1227 2528; x_wconf 87' lang='lat' dir='ltr'><em>inquiren-</em></span> 
     </span>
     <span class='ocr_line' id='line_1_55' title="bbox 159 2527 1226 2568; baseline 0.002 -10"><span class='ocrx_word' id='word_1_408' title='bbox 159 2527 214 2566; x_wconf 72' lang='lat' dir='ltr'><em>da,</em></span> <span class='ocrx_word' id='word_1_409' title='bbox 233 2536 264 2558; x_wconf 85' lang='lat' dir='ltr'><em>ut</em></span> <span class='ocrx_word' id='word_1_410' title='bbox 275 2528 312 2559; x_wconf 88' lang='lat' dir='ltr'><em>fic</em></span> <span class='ocrx_word' id='word_1_411' title='bbox 328 2528 364 2558; x_wconf 88' lang='lat' dir='ltr'><em>de</em></span> <span class='ocrx_word' id='word_1_412' title='bbox 379 2528 542 2568; x_wconf 87' lang='lat' dir='ltr'><em>propositis,</em></span> <span class='ocrx_word' id='word_1_413' title='bbox 560 2529 579 2558; x_wconf 86' lang='lat' dir='ltr'><em>fi</em></span> <span class='ocrx_word' id='word_1_414' title='bbox 595 2539 658 2566; x_wconf 78' lang='lat' dir='ltr'><em>quae</em></span> <span class='ocrx_word' id='word_1_415' title='bbox 674 2529 789 2567; x_wconf 87' lang='lat' dir='ltr'><em>fuerint,</em></span> <span class='ocrx_word' id='word_1_416' title='bbox 808 2528 885 2567; x_wconf 90' lang='lat' dir='ltr'><em>quod</em></span> <span class='ocrx_word' id='word_1_417' title='bbox 900 2528 1006 2566; x_wconf 90' lang='lat' dir='ltr'><em>justum</em></span> <span class='ocrx_word' id='word_1_418' title='bbox 1020 2529 1099 2559; x_wconf 88' lang='lat' dir='ltr'><em>fuerit</em></span> <span class='ocrx_word' id='word_1_419' title='bbox 1112 2529 1175 2568; x_wconf 77' lang='lat' dir='ltr'><em>fiat,</em></span> <span class='ocrx_word' id='word_1_420' title='bbox 1193 2531 1226 2561; x_wconf 89' lang='lat'>&amp;</span> 
     </span>
     <span class='ocr_line' id='line_1_56' title="bbox 158 2566 1228 2606; baseline 0.003 -10"><span class='ocrx_word' id='word_1_421' title='bbox 158 2575 212 2597; x_wconf 85' lang='lat' dir='ltr'><em>nos</em></span> <span class='ocrx_word' id='word_1_422' title='bbox 227 2568 377 2598; x_wconf 87' lang='lat' dir='ltr'><em>memorati</em></span> <span class='ocrx_word' id='word_1_423' title='bbox 392 2566 523 2606; x_wconf 86' lang='lat' dir='ltr'><em>Episcopi</em></span> <span class='ocrx_word' id='word_1_424' title='bbox 546 2567 666 2600; x_wconf 81' lang='lat' dir='ltr'><em>consiliis</em></span> <span class='ocrx_word' id='word_1_425' title='bbox 686 2567 720 2600; x_wconf 86' lang='lat'>&amp;</span> <span class='ocrx_word' id='word_1_426' title='bbox 734 2567 872 2606; x_wconf 88' lang='lat' dir='ltr'><em>obsequiis</em></span> <span class='ocrx_word' id='word_1_427' title='bbox 892 2567 1004 2598; x_wconf 89' lang='lat' dir='ltr'><em>utilibus</em></span> <span class='ocrx_word' id='word_1_428' title='bbox 1024 2568 1228 2599; x_wconf 87' lang='lat' dir='ltr'><em>nichilominus</em></span> 
     </span>
     <span class='ocr_line' id='line_1_57' title="bbox 161 2604 349 2637; baseline 0 -1"><span class='ocrx_word' id='word_1_429' title='bbox 161 2604 349 2637; x_wconf 82' lang='lat' dir='ltr'><em>consolemur.</em></span> 
     </span>
    </p>

    <p class='ocr_par' dir='ltr' id='par_1_23' title="bbox 197 2642 447 2683">
     <span class='ocr_line' id='line_1_58' title="bbox 197 2642 447 2683; baseline 0.008 -9"><span class='ocrx_word' id='word_1_430' title='bbox 197 2642 369 2683; x_wconf 87' lang='lat' dir='ltr'><em>Conservet,</em></span> <span class='ocrx_word' id='word_1_431' title='bbox 386 2645 447 2676; x_wconf 78' lang='lat' dir='ltr'><em>&amp;c-</em></span> 
     </span>
    </p>
   </div>
   <div class='ocr_carea' id='block_1_14' title="bbox 233 2681 1038 2724">
    <p class='ocr_par' dir='ltr' id='par_1_24' title="bbox 233 2681 1038 2724">
     <span class='ocr_line' id='line_1_59' title="bbox 233 2681 1038 2724; baseline 0.004 -12"><span class='ocrx_word' id='word_1_432' title='bbox 233 2681 301 2714; x_wconf 83' lang='lat' dir='ltr'><em>Dat.</em></span> <span class='ocrx_word' id='word_1_433' title='bbox 317 2683 390 2721; x_wconf 84' lang='lat' dir='ltr'><em>apud</em></span> <span class='ocrx_word' id='word_1_434' title='bbox 407 2683 569 2723; x_wconf 69' lang='lat' dir='ltr'><em>Wakham,</em></span> <span class='ocrx_word' id='word_1_435' title='bbox 583 2684 701 2716; x_wconf 89' lang='lat' dir='ltr'><em>decimo</em></span> <span class='ocrx_word' id='word_1_436' title='bbox 717 2686 815 2724; x_wconf 90' lang='lat' dir='ltr'><em>quinto</em></span> <span class='ocrx_word' id='word_1_437' title='bbox 829 2684 876 2716; x_wconf 92' lang='lat' dir='ltr'><em>die</em></span> <span class='ocrx_word' id='word_1_438' title='bbox 892 2684 1038 2717; x_wconf 63' lang='lat' dir='ltr'><em>Odiobris.</em></span> 
     </span>
    </p>
   </div>
   <div class='ocr_carea' id='block_1_15' title="bbox 220 2762 749 2767">
    <p class='ocr_par' dir='ltr' id='par_1_25' title="bbox 220 2762 749 2767">
     <span class='ocr_line' id='line_1_60' title="bbox 220 2762 749 2767; baseline 0 0"><span class='ocrx_word' id='word_1_439' title='bbox 220 2762 749 2767; x_wconf 95' lang='lat' dir='ltr'><em> </em></span> 
     </span>
    </p>
   </div>
   <div class='ocr_carea' id='block_1_16' title="bbox 183 2807 1204 2907">
    <p class='ocr_par' dir='ltr' id='par_1_26' title="bbox 183 2807 1204 2907">
     <span class='ocr_line' id='line_1_61' title="bbox 183 2807 1204 2858; baseline 0.008 -20"><span class='ocrx_word' id='word_1_440' title='bbox 183 2809 243 2839; x_wconf 84' lang='lat' dir='ltr'><em>Pro</em></span> <span class='ocrx_word' id='word_1_441' title='bbox 269 2807 369 2840; x_wconf 64' lang='lat' dir='ltr'><em>Elatia</em></span> <span class='ocrx_word' id='word_1_442' title='bbox 392 2810 600 2854; x_wconf 80' lang='lat' dir='ltr'><em>Dunolmensi‚</em></span> <span class='ocrx_word' id='word_1_443' title='bbox 621 2822 674 2858; x_wconf 82' lang='lat' dir='ltr'><em>per</em></span> <span class='ocrx_word' id='word_1_444' title='bbox 696 2809 897 2855; x_wconf 84' lang='lat' dir='ltr'><em>Robbatores‚</em></span> <span class='ocrx_word' id='word_1_445' title='bbox 932 2824 952 2846; x_wconf 81' lang='lat' dir='ltr'><em>a</em></span> <span class='ocrx_word' id='word_1_446' title='bbox 977 2813 1204 2858; x_wconf 79' lang='lat' dir='ltr'><em>Conficrationis</em></span> 
     </span>
     <span class='ocr_line' id='line_1_62' title="bbox 542 2860 832 2907; baseline 0.007 -15"><span class='ocrx_word' id='word_1_447' title='bbox 542 2872 662 2892; x_wconf 76' lang='lat' dir='ltr'><em>munere</em></span> <span class='ocrx_word' id='word_1_448' title='bbox 682 2860 832 2907; x_wconf 84' lang='lat' dir='ltr'><em>impedito.</em></span> 
     </span>
    </p>
   </div>
   <div class='ocr_carea' id='block_1_17' title="bbox 11 2938 1227 3104">
    <p class='ocr_par' dir='ltr' id='par_1_27' title="bbox 11 2938 1227 3104">
     <span class='ocr_line' id='line_1_63' title="bbox 12 2938 1017 3002; baseline 0.01 -33"><span class='ocrx_word' id='word_1_449' title='bbox 12 2948 86 2981; x_wconf 60' lang='grc' dir='ltr'><em>ΑΜ,</em></span> <span class='ocrx_word' id='word_1_450' title='bbox 101 2947 142 2980; x_wconf 58' lang='lat' dir='ltr'><em>D,</em></span> <span class='ocrx_word' id='word_1_451' title='bbox 159 2938 401 3002; x_wconf 35' lang='lat' dir='ltr'><em>PAPAE&#39;Rex</em></span> <span class='ocrx_word' id='word_1_452' title='bbox 412 2943 514 2975; x_wconf 86' lang='lat' dir='ltr'><em>devota</em></span> <span class='ocrx_word' id='word_1_453' title='bbox 529 2945 635 2990; x_wconf 78' lang='lat' dir='ltr'><em>pedum</em></span> <span class='ocrx_word' id='word_1_454' title='bbox 650 2946 742 2978; x_wconf 86' lang='lat' dir='ltr'><em>oscula</em></span> <span class='ocrx_word' id='word_1_455' title='bbox 764 2946 920 2991; x_wconf 76' lang='lat' dir='ltr'><em>beatorum.</em></span> <span class='ocrx_word' id='word_1_456' title='bbox 1012 2987 1017 2992; x_wconf 32' lang='lat'>¹</span> 
     </span>
     <span class='ocr_line' id='line_1_64' title="bbox 30 2980 1227 3057; baseline 0.008 -9"><span class='ocrx_word' id='word_1_457' title='bbox 30 2996 115 3028; x_wconf 82' lang='lat'>¹³¹⁷·</span> <span class='ocrx_word' id='word_1_458' title='bbox 161 2980 1227 3057; x_wconf 46' lang='lat' dir='ltr'><em>M0m2Q¹ffit5aivss¹5szl³i¹3n{samsari}²ffifffifueffiisss¹e¹ssessssa¹³³¹3}</em></span> 
     </span>
     <span class='ocr_line' id='line_1_65' title="bbox 11 3030 1226 3104; baseline 0.007 -19"><span class='ocrx_word' id='word_1_459' title='bbox 11 3030 123 3093; x_wconf 30' lang='grc' dir='ltr'><em>ἕωλα.</em></span> <span class='ocrx_word' id='word_1_460' title='bbox 160 3057 252 3087; x_wconf 90' lang='lat' dir='ltr'><em>noster</em></span> <span class='ocrx_word' id='word_1_461' title='bbox 273 3042 496 3095; x_wconf 81' lang='lat' dir='ltr'><em>&#39;consanguineus</em></span> <span class='ocrx_word' id='word_1_462' title='bbox 518 3045 672 3091; x_wconf 82' lang='lat' dir='ltr'><em>cariffim&#39;us</em></span> <span class='ocrx_word' id='word_1_463' title='bbox 685 3084 695 3104; x_wconf 83' lang='lat'><em>,</em></span> <span class='ocrx_word' id='word_1_464' title='bbox 720 3072 777 3099; x_wconf 92' lang='lat' dir='ltr'><em>quo</em></span> <span class='ocrx_word' id='word_1_465' title='bbox 799 3063 891 3093; x_wconf 90' lang='lat' dir='ltr'><em>minus</em></span> <span class='ocrx_word' id='word_1_466' title='bbox 916 3062 1142 3093; x_wconf 86' lang='lat' dir='ltr'><em>Consecrationis</em></span> <span class='ocrx_word' id='word_1_467' title='bbox 1166 3048 1226 3095; x_wconf 60' lang='lat' dir='ltr'><em>&#39;suae</em></span> 
     </span>
    </p>
   </div>
   <div class='ocr_carea' id='block_1_18' title="bbox 11 3101 140 3208">
    <p class='ocr_par' dir='ltr' id='par_1_28' title="bbox 11 3101 140 3208">
     <span class='ocr_line' id='line_1_66' title="bbox 11 3101 127 3136; baseline -0.009 -4"><span class='ocrx_word' id='word_1_468' title='bbox 11 3108 79 3132; x_wconf 76' lang='lat' dir='ltr'><em>Rom.</em></span> <span class='ocrx_word' id='word_1_469' title='bbox 93 3101 127 3136; x_wconf 67' lang='grc' dir='ltr'><em>ό·</em></span> 
     </span>
     <span class='ocr_line' id='line_1_67' title="bbox 13 3145 115 3171; baseline 0.01 -1"><span class='ocrx_word' id='word_1_470' title='bbox 13 3145 53 3170; x_wconf 76' lang='lat' dir='ltr'><em>Fr.</em></span> <span class='ocrx_word' id='word_1_471' title='bbox 75 3151 115 3171; x_wconf 89' lang='lat' dir='ltr'><em>ii.</em></span> 
     </span>
     <span class='ocr_line' id='line_1_68' title="bbox 13 3183 140 3208; baseline 0.016 -2"><span class='ocrx_word' id='word_1_472' title='bbox 13 3183 42 3206; x_wconf 76' lang='lat' dir='ltr'><em>E.</em></span> <span class='ocrx_word' id='word_1_473' title='bbox 62 3189 88 3207; x_wconf 82' lang='lat'><em>2.</em></span> <span class='ocrx_word' id='word_1_474' title='bbox 103 3190 140 3208; x_wconf 88' lang='lat' dir='ltr'><em>m.</em></span> 
     </span>
    </p>
   </div>
   <div class='ocr_carea' id='block_1_19' title="bbox 19 3226 59 3254">
    <p class='ocr_par' dir='ltr' id='par_1_29' title="bbox 19 3226 59 3254">
     <span class='ocr_line' id='line_1_69' title="bbox 19 3226 59 3254; baseline 0.025 -10"><span class='ocrx_word' id='word_1_475' title='bbox 19 3226 59 3254; x_wconf 79' lang='lat'><em>¹4·</em></span> 
     </span>
    </p>
   </div>
   <div class='ocr_carea' id='block_1_20' title="bbox 154 3096 1227 3794">
    <p class='ocr_par' dir='ltr' id='par_1_30' title="bbox 155 3096 1227 3405">
     <span class='ocr_line' id='line_1_70' title="bbox 161 3096 1227 3140; baseline 0.007 -15"><span class='ocrx_word' id='word_1_476' title='bbox 161 3105 261 3140; x_wconf 80' lang='lat' dir='ltr'><em>munus</em></span> <span class='ocrx_word' id='word_1_477' title='bbox 278 3096 307 3126; x_wconf 89' lang='lat' dir='ltr'><em>in</em></span> <span class='ocrx_word' id='word_1_478' title='bbox 325 3096 449 3127; x_wconf 79' lang='lat' dir='ltr'><em>Ecclesia</em></span> <span class='ocrx_word' id='word_1_479' title='bbox 462 3097 668 3137; x_wconf 87' lang='lat' dir='ltr'><em>Dunolmensi,</em></span> <span class='ocrx_word' id='word_1_480' title='bbox 683 3108 758 3137; x_wconf 84' lang='lat' dir='ltr'><em>Juxta</em></span> <span class='ocrx_word' id='word_1_481' title='bbox 780 3099 880 3130; x_wconf 82' lang='lat' dir='ltr'><em>vestrae</em></span> <span class='ocrx_word' id='word_1_482' title='bbox 898 3100 1072 3139; x_wconf 82' lang='lat' dir='ltr'><em>Apostolicae</em></span> <span class='ocrx_word' id='word_1_483' title='bbox 1094 3101 1227 3140; x_wconf 89' lang='lat' dir='ltr'><em>Benigni—</em></span> 
     </span>
     <span class='ocr_line' id='line_1_71' title="bbox 160 3135 1226 3178; baseline 0.008 -15"><span class='ocrx_word' id='word_1_484' title='bbox 160 3141 222 3177; x_wconf 76' lang='lat' dir='ltr'><em>tatis</em></span> <span class='ocrx_word' id='word_1_485' title='bbox 239 3135 354 3171; x_wconf 83' lang='lat' dir='ltr'><em>gratiam</em></span> <span class='ocrx_word' id='word_1_486' title='bbox 367 3136 416 3166; x_wconf 87' lang='lat' dir='ltr'><em>fibi</em></span> <span class='ocrx_word' id='word_1_487' title='bbox 428 3135 533 3167; x_wconf 56' lang='lat' dir='ltr'><em>fastam</em></span> <span class='ocrx_word' id='word_1_488' title='bbox 543 3159 552 3175; x_wconf 89' lang='lat'><em>,</em></span> <span class='ocrx_word' id='word_1_489' title='bbox 568 3136 614 3167; x_wconf 90' lang='lat' dir='ltr'><em>die</em></span> <span class='ocrx_word' id='word_1_490' title='bbox 633 3146 712 3168; x_wconf 89' lang='lat' dir='ltr'><em>certo</em></span> <span class='ocrx_word' id='word_1_491' title='bbox 732 3137 832 3169; x_wconf 88' lang='lat' dir='ltr'><em>statuto</em></span> <span class='ocrx_word' id='word_1_492' title='bbox 848 3140 991 3177; x_wconf 82' lang='lat' dir='ltr'><em>percipere</em></span> <span class='ocrx_word' id='word_1_493' title='bbox 1006 3140 1114 3178; x_wconf 84' lang='lat' dir='ltr'><em>potuit,</em></span> <span class='ocrx_word' id='word_1_494' title='bbox 1133 3150 1182 3177; x_wconf 90' lang='lat' dir='ltr'><em>per</em></span> <span class='ocrx_word' id='word_1_495' title='bbox 1194 3140 1226 3171; x_wconf 84' lang='lat' dir='ltr'><em>fi-</em></span> 
     </span>
     <span class='ocr_line' id='line_1_72' title="bbox 160 3172 1227 3218; baseline 0.007 -17"><span class='ocrx_word' id='word_1_496' title='bbox 160 3172 212 3202; x_wconf 91' lang='lat' dir='ltr'><em>lios</em></span> <span class='ocrx_word' id='word_1_497' title='bbox 231 3173 375 3210; x_wconf 86' lang='lat' dir='ltr'><em>iniquitatis</em></span> <span class='ocrx_word' id='word_1_498' title='bbox 389 3197 399 3211; x_wconf 93' lang='lat'><em>,</em></span> <span class='ocrx_word' id='word_1_499' title='bbox 422 3174 475 3205; x_wconf 88' lang='lat' dir='ltr'><em>suae</em></span> <span class='ocrx_word' id='word_1_500' title='bbox 502 3174 590 3206; x_wconf 88' lang='lat' dir='ltr'><em>salutis</em></span> <span class='ocrx_word' id='word_1_501' title='bbox 613 3177 801 3215; x_wconf 87' lang='lat' dir='ltr'><em>inmemores,</em></span> <span class='ocrx_word' id='word_1_502' title='bbox 816 3176 875 3207; x_wconf 93' lang='lat' dir='ltr'><em>Dei</em></span> <span class='ocrx_word' id='word_1_503' title='bbox 895 3178 1000 3208; x_wconf 88' lang='lat' dir='ltr'><em>timore</em></span> <span class='ocrx_word' id='word_1_504' title='bbox 1021 3178 1055 3208; x_wconf 92' lang='lat'>&amp;</span> <span class='ocrx_word' id='word_1_505' title='bbox 1075 3177 1227 3218; x_wconf 86' lang='lat' dir='ltr'><em>Ecclefiae,</em></span> 
     </span>
     <span class='ocr_line' id='line_1_73' title="bbox 159 3210 1226 3256; baseline 0.007 -16"><span class='ocrx_word' id='word_1_506' title='bbox 159 3210 216 3241; x_wconf 88' lang='lat' dir='ltr'><em>suae</em></span> <span class='ocrx_word' id='word_1_507' title='bbox 230 3210 349 3254; x_wconf 78' lang='lat' dir='ltr'><em>sponsae,</em></span> <span class='ocrx_word' id='word_1_508' title='bbox 363 3214 515 3243; x_wconf 75' lang='lat' dir='ltr'><em>reverentia</em></span> <span class='ocrx_word' id='word_1_509' title='bbox 529 3214 702 3254; x_wconf 79' lang='lat' dir='ltr'><em>postpositiS,</em></span> <span class='ocrx_word' id='word_1_510' title='bbox 719 3225 778 3245; x_wconf 88' lang='lat' dir='ltr'><em>nori</em></span> <span class='ocrx_word' id='word_1_511' title='bbox 791 3215 846 3246; x_wconf 89' lang='lat' dir='ltr'><em>fine</em></span> <span class='ocrx_word' id='word_1_512' title='bbox 860 3215 964 3253; x_wconf 84' lang='lat' dir='ltr'><em>Regiae</em></span> <span class='ocrx_word' id='word_1_513' title='bbox 978 3215 1142 3256; x_wconf 85' lang='lat' dir='ltr'><em>Magestatis</em></span> <span class='ocrx_word' id='word_1_514' title='bbox 1155 3227 1226 3248; x_wconf 89' lang='lat' dir='ltr'><em>con-</em></span> 
     </span>
     <span class='ocr_line' id='line_1_74' title="bbox 157 3250 1226 3294; baseline 0.007 -16"><span class='ocrx_word' id='word_1_515' title='bbox 157 3257 284 3293; x_wconf 78' lang='lat' dir='ltr'><em>temptu,</em></span> <span class='ocrx_word' id='word_1_516' title='bbox 302 3250 450 3289; x_wconf 87' lang='lat' dir='ltr'><em>impeditus</em></span> <span class='ocrx_word' id='word_1_517' title='bbox 464 3251 552 3282; x_wconf 90' lang='lat' dir='ltr'><em>fuerat</em></span> <span class='ocrx_word' id='word_1_518' title='bbox 571 3254 603 3283; x_wconf 92' lang='lat'>&amp;</span> <span class='ocrx_word' id='word_1_519' title='bbox 624 3254 654 3283; x_wconf 86' lang='lat' dir='ltr'><em>iri</em></span> <span class='ocrx_word' id='word_1_520' title='bbox 674 3253 796 3292; x_wconf 90' lang='lat' dir='ltr'><em>ipsorum</em></span> <span class='ocrx_word' id='word_1_521' title='bbox 811 3255 971 3291; x_wconf 86' lang='lat' dir='ltr'><em>captivitate</em></span> <span class='ocrx_word' id='word_1_522' title='bbox 991 3254 1133 3294; x_wconf 84' lang='lat' dir='ltr'><em>detentus,</em></span> <span class='ocrx_word' id='word_1_523' title='bbox 1154 3266 1226 3294; x_wconf 90' lang='lat' dir='ltr'><em>quo-</em></span> 
     </span>
     <span class='ocr_line' id='line_1_75' title="bbox 158 3286 1225 3333; baseline 0.008 -17"><span class='ocrx_word' id='word_1_524' title='bbox 158 3287 242 3325; x_wconf 85' lang='lat' dir='ltr'><em>usque</em></span> <span class='ocrx_word' id='word_1_525' title='bbox 255 3286 357 3331; x_wconf 79' lang='lat' dir='ltr'><em>eisdem</em></span> <span class='ocrx_word' id='word_1_526' title='bbox 373 3289 490 3328; x_wconf 85' lang='lat' dir='ltr'><em>iniquis,</em></span> <span class='ocrx_word' id='word_1_527' title='bbox 507 3299 558 3327; x_wconf 92' lang='lat' dir='ltr'><em>pro</em></span> <span class='ocrx_word' id='word_1_528' title='bbox 573 3291 766 3329; x_wconf 88' lang='lat' dir='ltr'><em>redemptione</em></span> <span class='ocrx_word' id='word_1_529' title='bbox 779 3292 919 3331; x_wconf 81' lang='lat' dir='ltr'><em>ejusdem,</em></span> <span class='ocrx_word' id='word_1_530' title='bbox 936 3294 1075 3330; x_wconf 79' lang='lat' dir='ltr'><em>maxima,</em></span> <span class='ocrx_word' id='word_1_531' title='bbox 1099 3294 1132 3325; x_wconf 73' lang='grc' dir='ltr'><em>δε</em></span> <span class='ocrx_word' id='word_1_532' title='bbox 1151 3295 1225 3333; x_wconf 86' lang='lat' dir='ltr'><em>quasi</em></span> 
     </span>
     <span class='ocr_line' id='line_1_76' title="bbox 156 3325 1227 3370; baseline 0.009 -16"><span class='ocrx_word' id='word_1_533' title='bbox 156 3325 345 3370; x_wconf 77' lang='lat' dir='ltr'><em>intollerabilis</em></span> <span class='ocrx_word' id='word_1_534' title='bbox 358 3329 486 3363; x_wconf 78' lang='lat' dir='ltr'><em>pecuniae</em></span> <span class='ocrx_word' id='word_1_535' title='bbox 499 3328 606 3360; x_wconf 90' lang='lat' dir='ltr'><em>summa</em></span> <span class='ocrx_word' id='word_1_536' title='bbox 621 3330 714 3361; x_wconf 83' lang='lat' dir='ltr'><em>fuiffet</em></span> <span class='ocrx_word' id='word_1_537' title='bbox 725 3330 877 3370; x_wconf 85' lang='lat' dir='ltr'><em>persoluta,</em></span> <span class='ocrx_word' id='word_1_538' title='bbox 895 3331 930 3362; x_wconf 92' lang='lat' dir='ltr'><em>ad</em></span> <span class='ocrx_word' id='word_1_539' title='bbox 944 3331 1044 3363; x_wconf 86' lang='lat' dir='ltr'><em>vestrae</em></span> <span class='ocrx_word' id='word_1_540' title='bbox 1060 3331 1227 3364; x_wconf 87' lang='lat' dir='ltr'><em>Mansuetu-</em></span> 
     </span>
     <span class='ocr_line' id='line_1_77' title="bbox 155 3364 701 3405; baseline 0.007 -11"><span class='ocrx_word' id='word_1_541' title='bbox 155 3364 226 3394; x_wconf 89' lang='lat' dir='ltr'><em>dinis</em></span> <span class='ocrx_word' id='word_1_542' title='bbox 240 3372 372 3394; x_wconf 77' lang='lat' dir='ltr'><em>notitiam</em></span> <span class='ocrx_word' id='word_1_543' title='bbox 388 3365 527 3396; x_wconf 89' lang='lat' dir='ltr'><em>credimus</em></span> <span class='ocrx_word' id='word_1_544' title='bbox 540 3367 701 3405; x_wconf 76' lang='lat' dir='ltr'><em>pervenisse.</em></span> 
     </span>
    </p>

    <p class='ocr_par' dir='ltr' id='par_1_31' title="bbox 154 3401 1226 3548">
     <span class='ocr_line' id='line_1_78' title="bbox 195 3401 1224 3447; baseline 0.008 -15"><span class='ocrx_word' id='word_1_545' title='bbox 195 3401 323 3447; x_wconf 75' lang='lat' dir='ltr'><em>Verum,</em></span> <span class='ocrx_word' id='word_1_546' title='bbox 340 3401 419 3433; x_wconf 87' lang='lat' dir='ltr'><em>Pater</em></span> <span class='ocrx_word' id='word_1_547' title='bbox 433 3403 550 3443; x_wconf 69' lang='lat' dir='ltr'><em>Sancte,</em></span> <span class='ocrx_word' id='word_1_548' title='bbox 569 3407 633 3443; x_wconf 86' lang='lat' dir='ltr'><em>quia</em></span> <span class='ocrx_word' id='word_1_549' title='bbox 647 3406 739 3437; x_wconf 58' lang='lat' dir='ltr'><em>difirus</em></span> <span class='ocrx_word' id='word_1_550' title='bbox 754 3406 883 3445; x_wconf 59' lang='lat' dir='ltr'><em>Electus,</em></span> <span class='ocrx_word' id='word_1_551' title='bbox 902 3407 1037 3439; x_wconf 64' lang='lat' dir='ltr'><em>transacto</em></span> <span class='ocrx_word' id='word_1_552' title='bbox 1051 3416 1144 3440; x_wconf 87' lang='lat' dir='ltr'><em>tamen</em></span> <span class='ocrx_word' id='word_1_553' title='bbox 1151 3418 1224 3441; x_wconf 90' lang='lat' dir='ltr'><em>tem-</em></span> 
     </span>
     <span class='ocr_line' id='line_1_79' title="bbox 154 3441 1226 3486; baseline 0.007 -14"><span class='ocrx_word' id='word_1_554' title='bbox 154 3450 224 3479; x_wconf 86' lang='lat' dir='ltr'><em>pore</em></span> <span class='ocrx_word' id='word_1_555' title='bbox 237 3441 307 3471; x_wconf 89' lang='lat' dir='ltr'><em>infra</em></span> <span class='ocrx_word' id='word_1_556' title='bbox 322 3441 396 3484; x_wconf 83' lang='lat' dir='ltr'><em>quod</em></span> <span class='ocrx_word' id='word_1_557' title='bbox 405 3464 422 3484; x_wconf 34' lang='lat'><em>,¹</em></span> <span class='ocrx_word' id='word_1_558' title='bbox 433 3441 553 3473; x_wconf 79' lang='lat' dir='ltr'><em>cessante</em></span> <span class='ocrx_word' id='word_1_559' title='bbox 567 3445 788 3483; x_wconf 88' lang='lat' dir='ltr'><em>impedimento,</em></span> <span class='ocrx_word' id='word_1_560' title='bbox 809 3446 964 3477; x_wconf 88' lang='lat' dir='ltr'><em>consecrari</em></span> <span class='ocrx_word' id='word_1_561' title='bbox 987 3446 1142 3486; x_wconf 76' lang='lat' dir='ltr'><em>debuisset,</em></span> <span class='ocrx_word' id='word_1_562' title='bbox 1161 3459 1226 3479; x_wconf 90' lang='lat' dir='ltr'><em>mu-</em></span> 
     </span>
     <span class='ocr_line' id='line_1_80' title="bbox 154 3479 1224 3548; baseline 0.008 -39"><span class='ocrx_word' id='word_1_563' title='bbox 154 3490 205 3510; x_wconf 90' lang='lat' dir='ltr'><em>nus</em></span> <span class='ocrx_word' id='word_1_564' title='bbox 219 3479 436 3548; x_wconf 51' lang='lat' dir='ltr'><em>Sofseciffoms</em></span> <span class='ocrx_word' id='word_1_565' title='bbox 450 3480 581 3520; x_wconf 87' lang='lat' dir='ltr'><em>consequi</em></span> <span class='ocrx_word' id='word_1_566' title='bbox 603 3492 662 3513; x_wconf 92' lang='lat' dir='ltr'><em>non</em></span> <span class='ocrx_word' id='word_1_567' title='bbox 677 3484 794 3523; x_wconf 86' lang='lat' dir='ltr'><em>poterit,</em></span> <span class='ocrx_word' id='word_1_568' title='bbox 810 3484 861 3515; x_wconf 88' lang='lat' dir='ltr'><em>nifi</em></span> <span class='ocrx_word' id='word_1_569' title='bbox 882 3483 919 3515; x_wconf 91' lang='lat' dir='ltr'><em>de</em></span> <span class='ocrx_word' id='word_1_570' title='bbox 938 3485 1040 3516; x_wconf 87' lang='lat' dir='ltr'><em>vestrae</em></span> <span class='ocrx_word' id='word_1_571' title='bbox 1060 3487 1224 3524; x_wconf 77' lang='lat' dir='ltr'><em>provisionis</em></span> 
     </span>
    </p>

    <p class='ocr_par' dir='ltr' id='par_1_32' title="bbox 154 3526 1225 3794">
     <span class='ocr_line' id='line_1_81' title="bbox 190 3526 383 3548; baseline -0.005 0"><span class='ocrx_word' id='word_1_572' title='bbox 190 3526 242 3548; x_wconf 87' lang='lat' dir='ltr'><em>atia</em></span> <span class='ocrx_word' id='word_1_573' title='bbox 289 3528 331 3548; x_wconf 89' lang='lat' dir='ltr'><em>eci</em></span> <span class='ocrx_word' id='word_1_574' title='bbox 361 3528 383 3547; x_wconf 91' lang='lat' dir='ltr'><em>i·</em></span> 
     </span>
     <span class='ocr_line' id='line_1_82' title="bbox 154 3527 1219 3602; baseline 0.008 -17"><span class='ocrx_word' id='word_1_575' title='bbox 154 3527 336 3600; x_wconf 60' lang='lat' dir='ltr'><em>grSanrfiiitati</em></span> <span class='ocrx_word' id='word_1_576' title='bbox 351 3542 450 3601; x_wconf 58' lang='lat' dir='ltr'><em>ve&#39;strsae</em></span> <span class='ocrx_word' id='word_1_577' title='bbox 464 3557 594 3588; x_wconf 88' lang='lat' dir='ltr'><em>humilter</em></span> <span class='ocrx_word' id='word_1_578' title='bbox 607 3558 809 3600; x_wconf 81' lang='lat' dir='ltr'><em>supplicamus,</em></span> <span class='ocrx_word' id='word_1_579' title='bbox 828 3562 952 3602; x_wconf 89' lang='lat' dir='ltr'><em>quatinus</em></span> <span class='ocrx_word' id='word_1_580' title='bbox 964 3561 1051 3593; x_wconf 86' lang='lat' dir='ltr'><em>Statui</em></span> <span class='ocrx_word' id='word_1_581' title='bbox 1071 3565 1219 3594; x_wconf 89' lang='lat' dir='ltr'><em>memorati</em></span> 
     </span>
     <span class='ocr_line' id='line_1_83' title="bbox 155 3592 1224 3640; baseline 0.007 -15"><span class='ocrx_word' id='word_1_582' title='bbox 155 3592 248 3639; x_wconf 69' lang='lat' dir='ltr'><em>Elefsti</em></span> <span class='ocrx_word' id='word_1_583' title='bbox 261 3595 294 3626; x_wconf 84' lang='lat'><strong>&amp;</strong></span> <span class='ocrx_word' id='word_1_584' title='bbox 310 3595 472 3639; x_wconf 70' lang='lat' dir='ltr'><em>AngustiiS,</em></span> <span class='ocrx_word' id='word_1_585' title='bbox 492 3606 557 3634; x_wconf 89' lang='lat' dir='ltr'><em>quas</em></span> <span class='ocrx_word' id='word_1_586' title='bbox 571 3599 710 3635; x_wconf 78' lang='lat' dir='ltr'><em>perpessus</em></span> <span class='ocrx_word' id='word_1_587' title='bbox 729 3599 788 3638; x_wconf 89' lang='lat' dir='ltr'><em>est,</em></span> <span class='ocrx_word' id='word_1_588' title='bbox 805 3601 1009 3638; x_wconf 88' lang='lat' dir='ltr'><em>compatientes</em></span> <span class='ocrx_word' id='word_1_589' title='bbox 1031 3599 1136 3632; x_wconf 60' lang='lat' dir='ltr'><em>affeffiffl</em></span> <span class='ocrx_word' id='word_1_590' title='bbox 1156 3603 1224 3640; x_wconf 78' lang='lat' dir='ltr'><em>pio,</em></span> 
     </span>
     <span class='ocr_line' id='line_1_84' title="bbox 157 3633 1225 3678; baseline 0.009 -16"><span class='ocrx_word' id='word_1_591' title='bbox 157 3641 188 3663; x_wconf 89' lang='lat' dir='ltr'><em>ut</em></span> <span class='ocrx_word' id='word_1_592' title='bbox 208 3633 279 3663; x_wconf 88' lang='lat' dir='ltr'><em>infra</em></span> <span class='ocrx_word' id='word_1_593' title='bbox 295 3633 447 3665; x_wconf 88' lang='lat' dir='ltr'><em>Diocesem</em></span> <span class='ocrx_word' id='word_1_594' title='bbox 468 3634 617 3674; x_wconf 89' lang='lat' dir='ltr'><em>Eborum,</em></span> <span class='ocrx_word' id='word_1_595' title='bbox 634 3637 679 3666; x_wconf 93' lang='lat' dir='ltr'><em>vel</em></span> <span class='ocrx_word' id='word_1_596' title='bbox 697 3637 779 3676; x_wconf 82' lang='lat' dir='ltr'><em>alibi,</em></span> <span class='ocrx_word' id='word_1_597' title='bbox 802 3649 818 3669; x_wconf 90' lang='lat' dir='ltr'><em>a</em></span> <span class='ocrx_word' id='word_1_598' title='bbox 837 3638 1059 3677; x_wconf 77' lang='lat' dir='ltr'><em>quibuscumque</em></span> <span class='ocrx_word' id='word_1_599' title='bbox 1080 3638 1225 3678; x_wconf 86' lang='lat' dir='ltr'><em>Episcopis</em></span> 
     </span>
     <span class='ocr_line' id='line_1_85' title="bbox 159 3670 1225 3718; baseline 0.007 -16"><span class='ocrx_word' id='word_1_600' title='bbox 159 3670 312 3702; x_wconf 84' lang='lat' dir='ltr'><em>Catholicis</em></span> <span class='ocrx_word' id='word_1_601' title='bbox 328 3695 338 3711; x_wconf 86' lang='lat'><em>,</em></span> <span class='ocrx_word' id='word_1_602' title='bbox 365 3672 476 3710; x_wconf 85' lang='lat' dir='ltr'><em>quando</em></span> <span class='ocrx_word' id='word_1_603' title='bbox 498 3675 671 3711; x_wconf 83' lang='lat' dir='ltr'><em>oportunitas</em></span> <span class='ocrx_word' id='word_1_604' title='bbox 688 3674 813 3716; x_wconf 70' lang='lat' dir='ltr'><em>affixerit,</em></span> <span class='ocrx_word' id='word_1_605' title='bbox 837 3678 871 3709; x_wconf 91' lang='lat'>&amp;</span> <span class='ocrx_word' id='word_1_606' title='bbox 889 3677 940 3707; x_wconf 88' lang='lat' dir='ltr'><em>fibi</em></span> <span class='ocrx_word' id='word_1_607' title='bbox 961 3677 1092 3715; x_wconf 80' lang='lat' dir='ltr'><em>expedire</em></span> <span class='ocrx_word' id='word_1_608' title='bbox 1108 3678 1225 3718; x_wconf 89' lang='lat' dir='ltr'><em>viderit,</em></span> 
     </span>
     <span class='ocr_line' id='line_1_86' title="bbox 158 3710 1225 3754; baseline 0.007 -14"><span class='ocrx_word' id='word_1_609' title='bbox 158 3710 313 3741; x_wconf 82' lang='lat' dir='ltr'><em>consecrari</em></span> <span class='ocrx_word' id='word_1_610' title='bbox 335 3712 423 3741; x_wconf 86' lang='lat' dir='ltr'><em>valeat</em></span> <span class='ocrx_word' id='word_1_611' title='bbox 458 3712 508 3742; x_wconf 90' lang='lat' dir='ltr'><em>fibi</em></span> <span class='ocrx_word' id='word_1_612' title='bbox 531 3713 650 3748; x_wconf 87' lang='lat' dir='ltr'><em>gratiam</em></span> <span class='ocrx_word' id='word_1_613' title='bbox 670 3712 829 3750; x_wconf 86' lang='lat' dir='ltr'><em>dignemini</em></span> <span class='ocrx_word' id='word_1_614' title='bbox 853 3715 1029 3754; x_wconf 79' lang='lat' dir='ltr'><em>concedere;</em></span> <span class='ocrx_word' id='word_1_615' title='bbox 1052 3716 1101 3753; x_wconf 67' lang='lat' dir='ltr'><em>&amp;a</em></span> <span class='ocrx_word' id='word_1_616' title='bbox 1118 3716 1225 3748; x_wconf 57' lang='lat' dir='ltr'><em>dilecto</em></span> 
     </span>
     <span class='ocr_line' id='line_1_87' title="bbox 158 3735 1224 3794; baseline 0.008 -16"><span class='ocrx_word' id='word_1_617' title='bbox 158 3748 257 3787; x_wconf 87' lang='lat' dir='ltr'><em>nobis,</em></span> <span class='ocrx_word' id='word_1_618' title='bbox 273 3747 417 3786; x_wconf 89' lang='lat' dir='ltr'><em>Magistro</em></span> <span class='ocrx_word' id='word_1_619' title='bbox 430 3735 602 3780; x_wconf 62' lang='lat' dir='ltr'><em>Theobaldo</em></span> <span class='ocrx_word' id='word_1_620' title='bbox 616 3750 652 3780; x_wconf 90' lang='lat' dir='ltr'><em>de</em></span> <span class='ocrx_word' id='word_1_621' title='bbox 665 3751 783 3790; x_wconf 88' lang='lat' dir='ltr'><em>Tullio,</em></span> <span class='ocrx_word' id='word_1_622' title='bbox 801 3753 879 3792; x_wconf 84' lang='lat' dir='ltr'><em>super</em></span> <span class='ocrx_word' id='word_1_623' title='bbox 893 3754 963 3793; x_wconf 84' lang='lat' dir='ltr'><em>hiis,</em></span> <span class='ocrx_word' id='word_1_624' title='bbox 972 3764 1035 3792; x_wconf 87' lang='lat' dir='ltr'><em>quae</em></span> <span class='ocrx_word' id='word_1_625' title='bbox 1049 3754 1078 3783; x_wconf 92' lang='lat' dir='ltr'><em>in</em></span> <span class='ocrx_word' id='word_1_626' title='bbox 1094 3754 1148 3785; x_wconf 89' lang='lat' dir='ltr'><em>hac</em></span> <span class='ocrx_word' id='word_1_627' title='bbox 1160 3766 1224 3794; x_wconf 88' lang='lat' dir='ltr'><em>par-</em></span> 
     </span>
    </p>
   </div>
   <div class='ocr_carea' id='block_1_21' title="bbox 157 3787 1222 3857">
    <p class='ocr_par' dir='ltr' id='par_1_33' title="bbox 157 3787 1222 3857">
     <span class='ocr_line' id='line_1_88' title="bbox 157 3787 1222 3857; baseline 0.008 -41"><span class='ocrx_word' id='word_1_628' title='bbox 157 3787 551 3857; x_wconf 49' lang='lat' dir='ltr'><em>tcergdplrltgnprffiiegggle&amp;0‚</em></span> <span class='ocrx_word' id='word_1_629' title='bbox 569 3789 588 3808; x_wconf 63' lang='lat'><em>²*</em></span> <span class='ocrx_word' id='word_1_630' title='bbox 598 3798 713 3827; x_wconf 80' lang='lat' dir='ltr'><em>exparte</em></span> <span class='ocrx_word' id='word_1_631' title='bbox 722 3791 834 3831; x_wconf 70' lang='lat' dir='ltr'><em>nostra,</em></span> <span class='ocrx_word' id='word_1_632' title='bbox 850 3793 933 3823; x_wconf 88' lang='lat' dir='ltr'><em>vobis</em></span> <span class='ocrx_word' id='word_1_633' title='bbox 947 3792 1119 3832; x_wconf 83' lang='lat' dir='ltr'><em>exposuerit,</em></span> <span class='ocrx_word' id='word_1_634' title='bbox 1136 3792 1222 3825; x_wconf 89' lang='lat' dir='ltr'><em>fidem</em></span> 
     </span>
    </p>
   </div>
   <div class='ocr_carea' id='block_1_22' title="bbox 191 3862 1160 3944">
    <p class='ocr_par' dir='ltr' id='par_1_34' title="bbox 191 3862 1160 3944">
     <span class='ocr_line' id='line_1_89' title="bbox 193 3862 439 3903; baseline 0.012 -11"><span class='ocrx_word' id='word_1_635' title='bbox 193 3862 363 3903; x_wconf 82' lang='lat' dir='ltr'><em>Conservet,</em></span> <span class='ocrx_word' id='word_1_636' title='bbox 380 3865 439 3895; x_wconf 72' lang='lat' dir='ltr'><em>&amp;c</em></span> 
     </span>
     <span class='ocr_line' id='line_1_90' title="bbox 191 3899 1160 3944; baseline 0.009 -14"><span class='ocrx_word' id='word_1_637' title='bbox 191 3899 260 3931; x_wconf 90' lang='lat' dir='ltr'><em>Dat.</em></span> <span class='ocrx_word' id='word_1_638' title='bbox 276 3902 349 3939; x_wconf 89' lang='lat' dir='ltr'><em>apud</em></span> <span class='ocrx_word' id='word_1_639' title='bbox 365 3903 667 3944; x_wconf 88' lang='lat' dir='ltr'><em>Westmonasterium,</em></span> <span class='ocrx_word' id='word_1_640' title='bbox 683 3905 820 3937; x_wconf 82' lang='lat' dir='ltr'><em>vicesimo</em></span> <span class='ocrx_word' id='word_1_641' title='bbox 834 3906 939 3938; x_wconf 62' lang='lat' dir='ltr'><em>ofitavo</em></span> <span class='ocrx_word' id='word_1_642' title='bbox 953 3907 1000 3938; x_wconf 91' lang='lat' dir='ltr'><em>die</em></span> <span class='ocrx_word' id='word_1_643' title='bbox 1015 3906 1160 3940; x_wconf 65' lang='lat' dir='ltr'><em>Octobris.</em></span> 
     </span>
    </p>
   </div>
   <div class='ocr_carea' id='block_1_23' title="bbox 29 3798 111 3875">
    <p class='ocr_par' dir='ltr' id='par_1_35' title="bbox 29 3798 111 3875">
     <span class='ocr_line' id='line_1_91' title="bbox 29 3798 111 3831; baseline 0.037 -3"><span class='ocrx_word' id='word_1_644' title='bbox 29 3798 111 3831; x_wconf 64' lang='lat'><em>³111.</em></span> 
     </span>
     <span class='ocr_line' id='line_1_92' title="bbox 40 3840 103 3875; baseline 0.016 -9"><span class='ocrx_word' id='word_1_645' title='bbox 40 3840 103 3875; x_wconf 82' lang='lat'><em>⁶71.</em></span> 
     </span>
    </p>
   </div>
   <div class='ocr_carea' id='block_1_24' title="bbox 142 3974 1224 4088">
    <p class='ocr_par' dir='ltr' id='par_1_36' title="bbox 142 3974 1224 4088">
     <span class='ocr_line' id='line_1_93' title="bbox 178 3974 1224 4023; baseline 0.011 -17"><span class='ocrx_word' id='word_1_646' title='bbox 178 3974 359 4020; x_wconf 33' lang='lat' dir='ltr'><em>*Consimiles</em></span> <span class='ocrx_word' id='word_1_647' title='bbox 374 3980 488 4011; x_wconf 88' lang='lat' dir='ltr'><em>Litterae</em></span> <span class='ocrx_word' id='word_1_648' title='bbox 500 3980 656 4019; x_wconf 85' lang='lat' dir='ltr'><em>diriguntur</em></span> <span class='ocrx_word' id='word_1_649' title='bbox 669 3982 780 4021; x_wconf 86' lang='lat' dir='ltr'><em>eidem,</em></span> <span class='ocrx_word' id='word_1_650' title='bbox 798 3982 849 4014; x_wconf 89' lang='lat' dir='ltr'><em>sub</em></span> <span class='ocrx_word' id='word_1_651' title='bbox 867 3984 1003 4023; x_wconf 86' lang='lat' dir='ltr'><em>nomine,</em></span> <span class='ocrx_word' id='word_1_652' title='bbox 1019 3983 1115 4018; x_wconf 74' lang='lat' dir='ltr'><em>dileffi</em></span> <span class='ocrx_word' id='word_1_653' title='bbox 1130 3984 1224 4018; x_wconf 87' lang='lat' dir='ltr'><em>Cleri-</em></span> 
     </span>
     <span class='ocr_line' id='line_1_94' title="bbox 142 4012 694 4088; baseline 0.022 -45"><span class='ocrx_word' id='word_1_654' title='bbox 142 4023 185 4067; x_wconf 39' lang='lat' dir='ltr'><em>‘el</em></span> <span class='ocrx_word' id='word_1_655' title='bbox 191 4012 449 4088; x_wconf 43' lang='grc' dir='ltr'><em>ἓξὲιεῄῐνξςῗὶῄ</em></span> <span class='ocrx_word' id='word_1_656' title='bbox 462 4019 584 4052; x_wconf 79' lang='lat' dir='ltr'><em>Andreae</em></span> <span class='ocrx_word' id='word_1_657' title='bbox 597 4020 694 4060; x_wconf 79' lang='lat' dir='ltr'><em>Sapiti.</em></span> 
     </span>
    </p>
   </div>
   <div class='ocr_carea' id='block_1_25' title="bbox 1273 105 2326 173">
    <p class='ocr_par' dir='ltr' id='par_1_37' title="bbox 1273 105 2326 173">
     <span class='ocr_line' id='line_1_95' title="bbox 1273 105 2326 173; baseline 0.014 -28"><span class='ocrx_word' id='word_1_658' title='bbox 1273 105 1746 153; x_wconf 87' lang='lat' dir='ltr'>PUBLICA.</span> <span class='ocrx_word' id='word_1_659' title='bbox 2250 131 2326 173; x_wconf 84' lang='lat'><em>137</em></span> 
     </span>
    </p>
   </div>
   <div class='ocr_carea' id='block_1_26' title="bbox 1321 232 2317 248">
    <p class='ocr_par' dir='ltr' id='par_1_38' title="bbox 1321 232 2317 248">
     <span class='ocr_line' id='line_1_96' title="bbox 1321 232 2317 248; baseline 0 0"><span class='ocrx_word' id='word_1_660' title='bbox 1321 232 2317 248; x_wconf 95' lang='lat' dir='ltr'><em> </em></span> 
     </span>
    </p>
   </div>
   <div class='ocr_carea' id='block_1_27' title="bbox 1255 246 2467 1130">
    <p class='ocr_par' dir='ltr' id='par_1_39' title="bbox 1255 246 2467 1130">
     <span class='ocr_line' id='line_1_97' title="bbox 2333 246 2467 279; baseline 0.015 -2"><span class='ocrx_word' id='word_1_661' title='bbox 2333 246 2409 277; x_wconf 86' lang='lat' dir='ltr'><em>Ann.</em></span> <span class='ocrx_word' id='word_1_662' title='bbox 2426 247 2467 279; x_wconf 84' lang='lat' dir='ltr'><em>D.</em></span> 
     </span>
     <span class='ocr_line' id='line_1_98' title="bbox 2336 295 2442 352; baseline 0.028 -38"><span class='ocrx_word' id='word_1_663' title='bbox 2336 296 2373 352; x_wconf 46' lang='grc' dir='ltr'><em>ΕΣ</em></span> <span class='ocrx_word' id='word_1_664' title='bbox 2375 295 2442 326; x_wconf 90' lang='lat'><em>317.</em></span> 
     </span>
     <span class='ocr_line' id='line_1_99' title="bbox 2375 335 2449 354; baseline 0.014 -2"><span class='ocrx_word' id='word_1_665' title='bbox 2375 335 2403 354; x_wconf 79' lang='lat' dir='ltr'><em>U.</em></span> <span class='ocrx_word' id='word_1_666' title='bbox 2422 335 2449 353; x_wconf 76' lang='lat'><em>2.</em></span> 
     </span>
     <span class='ocr_line' id='line_1_100' title="bbox 1284 362 2448 414; baseline 0.016 -23"><span class='ocrx_word' id='word_1_667' title='bbox 1284 362 1419 408; x_wconf 80' lang='lat' dir='ltr'><em>Ohannes</em></span> <span class='ocrx_word' id='word_1_668' title='bbox 1434 365 1605 405; x_wconf 79' lang='lat' dir='ltr'><em>Episcopus,</em></span> <span class='ocrx_word' id='word_1_669' title='bbox 1627 369 1718 414; x_wconf 76' lang='lat' dir='ltr'><em>servus</em></span> <span class='ocrx_word' id='word_1_670' title='bbox 1741 371 1882 405; x_wconf 87' lang='lat' dir='ltr'><em>servorum</em></span> <span class='ocrx_word' id='word_1_671' title='bbox 1899 374 1974 413; x_wconf 87' lang='lat' dir='ltr'><em>Dei,</em></span> <span class='ocrx_word' id='word_1_672' title='bbox 1999 374 2105 406; x_wconf 56' lang='lat' dir='ltr'><em>dilecto</em></span> <span class='ocrx_word' id='word_1_673' title='bbox 2126 373 2202 414; x_wconf 84' lang='lat' dir='ltr'><em>filio,</em></span> <span class='ocrx_word' id='word_1_674' title='bbox 2220 372 2321 414; x_wconf 84' lang='lat' dir='ltr'><em>Magi-</em></span> <span class='ocrx_word' id='word_1_675' title='bbox 2336 365 2386 390; x_wconf 63' lang='lat'><strong><em>‘¹⁷¹&#39;</em></strong></span> <span class='ocrx_word' id='word_1_676' title='bbox 2406 371 2448 391; x_wconf 79' lang='lat'><em>¹¹·</em></span> 
     </span>
     <span class='ocr_line' id='line_1_101' title="bbox 1302 401 2416 453; baseline 0.016 -23"><span class='ocrx_word' id='word_1_677' title='bbox 1302 401 1359 445; x_wconf 78' lang='lat' dir='ltr'><em>stro</em></span> <span class='ocrx_word' id='word_1_678' title='bbox 1375 402 1507 442; x_wconf 82' lang='lat' dir='ltr'><em>Rigando</em></span> <span class='ocrx_word' id='word_1_679' title='bbox 1521 405 1556 435; x_wconf 88' lang='lat' dir='ltr'><em>de</em></span> <span class='ocrx_word' id='word_1_680' title='bbox 1573 406 1700 446; x_wconf 89' lang='lat' dir='ltr'><em>Asserio,</em></span> <span class='ocrx_word' id='word_1_681' title='bbox 1718 409 1869 442; x_wconf 88' lang='lat' dir='ltr'><em>Canonico</em></span> <span class='ocrx_word' id='word_1_682' title='bbox 1891 414 2094 453; x_wconf 81' lang='lat' dir='ltr'><em>Aurelianensi,</em></span> <span class='ocrx_word' id='word_1_683' title='bbox 2122 413 2277 453; x_wconf 84' lang='lat' dir='ltr'><em>Capellano</em></span> <span class='ocrx_word' id='word_1_684' title='bbox 2288 415 2321 446; x_wconf 70' lang='grc' dir='ltr'>δί</span> <span class='ocrx_word' id='word_1_685' title='bbox 2337 404 2365 427; x_wconf 83' lang='lat' dir='ltr'><em>E.</em></span> <span class='ocrx_word' id='word_1_686' title='bbox 2389 409 2416 428; x_wconf 79' lang='lat'><em>²¹</em></span> 
     </span>
     <span class='ocr_line' id='line_1_102' title="bbox 1259 438 2447 489; baseline 0.018 -21"><span class='ocrx_word' id='word_1_687' title='bbox 1259 438 1381 485; x_wconf 76' lang='lat' dir='ltr'><em>Nuncio</em></span> <span class='ocrx_word' id='word_1_688' title='bbox 1392 441 1504 481; x_wconf 88' lang='lat' dir='ltr'><em>nostro,</em></span> <span class='ocrx_word' id='word_1_689' title='bbox 1518 443 1630 475; x_wconf 86' lang='lat' dir='ltr'><em>salutem</em></span> <span class='ocrx_word' id='word_1_690' title='bbox 1646 446 1679 489; x_wconf 72' lang='grc' dir='ltr'><em>ὃς</em></span> <span class='ocrx_word' id='word_1_691' title='bbox 1692 447 1888 485; x_wconf 85' lang='lat' dir='ltr'><em>Apostolicam</em></span> <span class='ocrx_word' id='word_1_692' title='bbox 1903 452 2142 483; x_wconf 61' lang='lat' dir='ltr'><em>benedicitionem.</em></span> <span class='ocrx_word' id='word_1_693' title='bbox 2334 442 2374 465; x_wconf 79' lang='lat' dir='ltr'><em>Ex</em></span> <span class='ocrx_word' id='word_1_694' title='bbox 2388 441 2447 466; x_wconf 52' lang='lat' dir='ltr'><em>A*</em></span> 
     </span>
     <span class='ocr_line' id='line_1_103' title="bbox 1293 477 2395 531; baseline 0.016 -24"><span class='ocrx_word' id='word_1_695' title='bbox 1293 477 1372 522; x_wconf 79' lang='lat' dir='ltr'><em>Cum</em></span> <span class='ocrx_word' id='word_1_696' title='bbox 1395 487 1422 509; x_wconf 89' lang='lat' dir='ltr'><em>te</em></span> <span class='ocrx_word' id='word_1_697' title='bbox 1436 480 1470 510; x_wconf 90' lang='lat' dir='ltr'><em>ad</em></span> <span class='ocrx_word' id='word_1_698' title='bbox 1491 490 1578 524; x_wconf 74' lang='lat' dir='ltr'><em>partes</em></span> <span class='ocrx_word' id='word_1_699' title='bbox 1591 483 1720 523; x_wconf 78' lang='lat' dir='ltr'><em>Angliae,</em></span> <span class='ocrx_word' id='word_1_700' title='bbox 1739 486 1869 526; x_wconf 81' lang='lat' dir='ltr'><em>Walliae,</em></span> <span class='ocrx_word' id='word_1_701' title='bbox 1887 489 2008 528; x_wconf 77' lang='lat' dir='ltr'><em>Scotiae,</em></span> <span class='ocrx_word' id='word_1_702' title='bbox 2034 491 2067 521; x_wconf 92' lang='lat'>&amp;</span> <span class='ocrx_word' id='word_1_703' title='bbox 2091 491 2255 530; x_wconf 69' lang='lat' dir='ltr'><em>Hiberniae,</em></span> <span class='ocrx_word' id='word_1_704' title='bbox 2269 502 2323 531; x_wconf 85' lang='lat' dir='ltr'><em>pro</em></span> <span class='ocrx_word' id='word_1_705' title='bbox 2331 483 2395 513; x_wconf 59' lang='lat'><em>&#39;⁰3⁷⁴‘</em></span> 
     </span>
     <span class='ocr_line' id='line_1_104' title="bbox 1256 516 2322 569; baseline 0.017 -24"><span class='ocrx_word' id='word_1_706' title='bbox 1256 516 1359 560; x_wconf 74' lang='lat' dir='ltr'><em>nostris</em></span> <span class='ocrx_word' id='word_1_707' title='bbox 1373 517 1555 564; x_wconf 68' lang='lat' dir='ltr'><em>&amp;Ecclesiae</em></span> <span class='ocrx_word' id='word_1_708' title='bbox 1574 520 1715 553; x_wconf 69' lang='lat' dir='ltr'><em>Romanae</em></span> <span class='ocrx_word' id='word_1_709' title='bbox 1731 522 1894 557; x_wconf 89' lang='lat' dir='ltr'><em>Redditibus</em></span> <span class='ocrx_word' id='word_1_710' title='bbox 1908 528 1940 558; x_wconf 88' lang='lat'>&amp;</span> <span class='ocrx_word' id='word_1_711' title='bbox 1954 528 2064 560; x_wconf 89' lang='lat' dir='ltr'><em>Debitis</em></span> <span class='ocrx_word' id='word_1_712' title='bbox 2078 530 2216 569; x_wconf 81' lang='lat' dir='ltr'><em>exigendis</em></span> <span class='ocrx_word' id='word_1_713' title='bbox 2230 531 2263 562; x_wconf 87' lang='lat'><strong>&amp;</strong></span> <span class='ocrx_word' id='word_1_714' title='bbox 2279 541 2322 562; x_wconf 91' lang='lat' dir='ltr'><em>re-</em></span> 
     </span>
     <span class='ocr_line' id='line_1_105' title="bbox 1255 554 2323 623; baseline 0.017 -39"><span class='ocrx_word' id='word_1_715' title='bbox 1255 554 1440 623; x_wconf 61' lang='lat' dir='ltr'><em>golligendis,</em></span> <span class='ocrx_word' id='word_1_716' title='bbox 1456 567 1489 587; x_wconf 90' lang='lat' dir='ltr'><em>ac</em></span> <span class='ocrx_word' id='word_1_717' title='bbox 1511 558 1569 588; x_wconf 89' lang='lat' dir='ltr'><em>aliis</em></span> <span class='ocrx_word' id='word_1_718' title='bbox 1591 560 1756 598; x_wconf 87' lang='lat' dir='ltr'><em>peragendis</em></span> <span class='ocrx_word' id='word_1_719' title='bbox 1775 563 1815 592; x_wconf 91' lang='lat' dir='ltr'><em>ibi</em></span> <span class='ocrx_word' id='word_1_720' title='bbox 1835 567 1954 602; x_wconf 86' lang='lat' dir='ltr'><em>negotiis</em></span> <span class='ocrx_word' id='word_1_721' title='bbox 1969 590 1980 605; x_wconf 95' lang='lat'><em>,</em></span> <span class='ocrx_word' id='word_1_722' title='bbox 2004 567 2162 599; x_wconf 81' lang='lat' dir='ltr'><em>duxerimus</em></span> <span class='ocrx_word' id='word_1_723' title='bbox 2180 569 2323 601; x_wconf 81' lang='lat' dir='ltr'><em>destinan-</em></span> 
     </span>
     <span class='ocr_line' id='line_1_106' title="bbox 1277 603 1344 631; baseline 0.03 -9"><span class='ocrx_word' id='word_1_724' title='bbox 1277 603 1325 623; x_wconf 88' lang='lat' dir='ltr'><em>um</em></span> <span class='ocrx_word' id='word_1_725' title='bbox 1335 617 1344 631; x_wconf 91' lang='lat'><em>,</em></span> 
     </span>
     <span class='ocr_line' id='line_1_107' title="bbox 1261 631 2322 684; baseline 0.015 -23"><span class='ocrx_word' id='word_1_726' title='bbox 1261 670 1267 675; x_wconf 24' lang='grc' dir='ltr'>ι</span> <span class='ocrx_word' id='word_1_727' title='bbox 1297 631 1413 679; x_wconf 75' lang='lat' dir='ltr'><em>Petendi</em></span> <span class='ocrx_word' id='word_1_728' title='bbox 1429 633 1647 678; x_wconf 41' lang='lat' dir='ltr'><em>&amp;recipiendg</em></span> <span class='ocrx_word' id='word_1_729' title='bbox 1666 645 1719 674; x_wconf 91' lang='lat' dir='ltr'><em>pro</em></span> <span class='ocrx_word' id='word_1_730' title='bbox 1731 638 1814 668; x_wconf 87' lang='lat' dir='ltr'><em>nobis</em></span> <span class='ocrx_word' id='word_1_731' title='bbox 1828 640 1861 670; x_wconf 74' lang='grc' dir='ltr'><em>δε</em></span> <span class='ocrx_word' id='word_1_732' title='bbox 1875 640 1975 672; x_wconf 64' lang='lat' dir='ltr'><em>eidem</em></span> <span class='ocrx_word' id='word_1_733' title='bbox 1990 642 2132 684; x_wconf 53' lang='lat' dir='ltr'><em>Ecclesia,</em></span> <span class='ocrx_word' id='word_1_734' title='bbox 2149 656 2165 677; x_wconf 93' lang='lat' dir='ltr'><em>a</em></span> <span class='ocrx_word' id='word_1_735' title='bbox 2180 645 2322 678; x_wconf 68' lang='lat' dir='ltr'><em>carissimo</em></span> 
     </span>
     <span class='ocr_line' id='line_1_108' title="bbox 1258 670 2306 722; baseline 0.018 -23"><span class='ocrx_word' id='word_1_736' title='bbox 1258 679 1289 713; x_wconf 76' lang='lat' dir='ltr'><em>in</em></span> <span class='ocrx_word' id='word_1_737' title='bbox 1305 670 1422 715; x_wconf 69' lang='lat' dir='ltr'><em>Christo</em></span> <span class='ocrx_word' id='word_1_738' title='bbox 1436 671 1495 702; x_wconf 89' lang='lat' dir='ltr'><em>filio</em></span> <span class='ocrx_word' id='word_1_739' title='bbox 1510 672 1627 712; x_wconf 84' lang='lat' dir='ltr'><em>nostro,</em></span> <span class='ocrx_word' id='word_1_740' title='bbox 1642 674 1784 706; x_wconf 88' lang='lat' dir='ltr'><em>Edwardo</em></span> <span class='ocrx_word' id='word_1_741' title='bbox 1806 676 1889 715; x_wconf 86' lang='lat' dir='ltr'><em>Rege</em></span> <span class='ocrx_word' id='word_1_742' title='bbox 1903 679 2015 717; x_wconf 77' lang='lat' dir='ltr'><em>Angliae</em></span> <span class='ocrx_word' id='word_1_743' title='bbox 2030 683 2125 714; x_wconf 86' lang='lat' dir='ltr'><em>illustri</em></span> <span class='ocrx_word' id='word_1_744' title='bbox 2134 707 2144 722; x_wconf 91' lang='lat'><em>,</em></span> <span class='ocrx_word' id='word_1_745' title='bbox 2161 684 2306 716; x_wconf 76' lang='lat' dir='ltr'>CENSUM</span> 
     </span>
     <span class='ocr_line' id='line_1_109' title="bbox 1259 709 2325 762; baseline 0.019 -25"><span class='ocrx_word' id='word_1_746' title='bbox 1259 718 1288 737; x_wconf 89' lang='lat' dir='ltr'><em>in</em></span> <span class='ocrx_word' id='word_1_747' title='bbox 1305 719 1363 753; x_wconf 84' lang='lat' dir='ltr'><em>quo</em></span> <span class='ocrx_word' id='word_1_748' title='bbox 1374 709 1431 753; x_wconf 83' lang='lat' dir='ltr'><em>ipse</em></span> <span class='ocrx_word' id='word_1_749' title='bbox 1444 711 1587 755; x_wconf 56' lang='lat' dir='ltr'><em>praedifitae</em></span> <span class='ocrx_word' id='word_1_750' title='bbox 1599 720 1709 743; x_wconf 89' lang='lat' dir='ltr'><em>tenetur</em></span> <span class='ocrx_word' id='word_1_751' title='bbox 1723 713 1872 754; x_wconf 83' lang='lat' dir='ltr'><em>Ecclesiae,</em></span> <span class='ocrx_word' id='word_1_752' title='bbox 1892 724 1949 747; x_wconf 90' lang='lat' dir='ltr'><em>tam</em></span> <span class='ocrx_word' id='word_1_753' title='bbox 1966 729 2015 756; x_wconf 87' lang='lat' dir='ltr'><em>pro</em></span> <span class='ocrx_word' id='word_1_754' title='bbox 2030 724 2168 758; x_wconf 81' lang='lat' dir='ltr'><em>praeterito</em></span> <span class='ocrx_word' id='word_1_755' title='bbox 2182 709 2325 762; x_wconf 70' lang='lat' dir='ltr'><em>tempore²</em></span> 
     </span>
     <span class='ocr_line' id='line_1_110' title="bbox 1261 749 2323 797; baseline 0.018 -21"><span class='ocrx_word' id='word_1_756' title='bbox 1261 757 1319 784; x_wconf 89' lang='lat' dir='ltr'><em>quo</em></span> <span class='ocrx_word' id='word_1_757' title='bbox 1332 758 1369 791; x_wconf 36' lang='lat' dir='ltr'><em>&#39;in</em></span> <span class='ocrx_word' id='word_1_758' title='bbox 1382 758 1440 791; x_wconf 75' lang='lat' dir='ltr'><em>ejus</em></span> <span class='ocrx_word' id='word_1_759' title='bbox 1460 749 1594 780; x_wconf 88' lang='lat' dir='ltr'><em>solutione</em></span> <span class='ocrx_word' id='word_1_760' title='bbox 1608 749 1743 782; x_wconf 71' lang='lat' dir='ltr'><em>cessatum</em></span> <span class='ocrx_word' id='word_1_761' title='bbox 1763 753 1868 792; x_wconf 76' lang='lat' dir='ltr'><em>extitit,</em></span> <span class='ocrx_word' id='word_1_762' title='bbox 1887 757 1972 792; x_wconf 72' lang='lat' dir='ltr'><em>quani</em></span> <span class='ocrx_word' id='word_1_763' title='bbox 1993 757 2099 797; x_wconf 81' lang='lat' dir='ltr'><em>futuro,</em></span> <span class='ocrx_word' id='word_1_764' title='bbox 2119 771 2187 792; x_wconf 89' lang='lat' dir='ltr'><em>curn</em></span> <span class='ocrx_word' id='word_1_765' title='bbox 2209 749 2323 794; x_wconf 84' lang='lat' dir='ltr'><em>termini</em></span> 
     </span>
     <span class='ocr_line' id='line_1_111' title="bbox 1260 785 2325 840; baseline 0.017 -25"><span class='ocrx_word' id='word_1_766' title='bbox 1260 785 1402 830; x_wconf 78' lang='lat' dir='ltr'><em>solutionis</em></span> <span class='ocrx_word' id='word_1_767' title='bbox 1421 787 1588 832; x_wconf 70' lang='lat' dir='ltr'><em>advenerit,</em></span> <span class='ocrx_word' id='word_1_768' title='bbox 1614 788 1738 828; x_wconf 82' lang='lat' dir='ltr'><em>sibique,</em></span> <span class='ocrx_word' id='word_1_769' title='bbox 1761 791 1806 821; x_wconf 93' lang='lat' dir='ltr'><em>vel</em></span> <span class='ocrx_word' id='word_1_770' title='bbox 1832 791 2006 824; x_wconf 81' lang='lat' dir='ltr'><em>Procuratori</em></span> <span class='ocrx_word' id='word_1_771' title='bbox 2029 796 2091 835; x_wconf 87' lang='lat' dir='ltr'><em>suo,</em></span> <span class='ocrx_word' id='word_1_772' title='bbox 2112 801 2167 837; x_wconf 89' lang='lat' dir='ltr'><em>ejus</em></span> <span class='ocrx_word' id='word_1_773' title='bbox 2189 803 2325 840; x_wconf 82' lang='lat' dir='ltr'><em>nomine,</em></span> 
     </span>
     <span class='ocr_line' id='line_1_112' title="bbox 1260 826 2324 876; baseline 0.017 -23"><span class='ocrx_word' id='word_1_774' title='bbox 1260 832 1442 869; x_wconf 81' lang='lat' dir='ltr'><em>quitationem</em></span> <span class='ocrx_word' id='word_1_775' title='bbox 1458 826 1493 856; x_wconf 89' lang='lat' dir='ltr'><em>de</em></span> <span class='ocrx_word' id='word_1_776' title='bbox 1502 827 1570 870; x_wconf 76' lang='lat' dir='ltr'><em>hiis,</em></span> <span class='ocrx_word' id='word_1_777' title='bbox 1587 837 1650 865; x_wconf 87' lang='lat' dir='ltr'><em>quae</em></span> <span class='ocrx_word' id='word_1_778' title='bbox 1665 837 1778 867; x_wconf 89' lang='lat' dir='ltr'><em>propter</em></span> <span class='ocrx_word' id='word_1_779' title='bbox 1792 829 1850 860; x_wconf 91' lang='lat' dir='ltr'><em>hoc</em></span> <span class='ocrx_word' id='word_1_780' title='bbox 1865 832 1900 861; x_wconf 88' lang='lat' dir='ltr'><em>ab</em></span> <span class='ocrx_word' id='word_1_781' title='bbox 1916 842 1951 861; x_wconf 90' lang='lat' dir='ltr'><em>eo</em></span> <span class='ocrx_word' id='word_1_782' title='bbox 1964 837 2114 873; x_wconf 76' lang='lat' dir='ltr'><em>receperis,</em></span> <span class='ocrx_word' id='word_1_783' title='bbox 2132 839 2165 867; x_wconf 90' lang='lat'>&amp;</span> <span class='ocrx_word' id='word_1_784' title='bbox 2180 849 2324 876; x_wconf 81' lang='lat' dir='ltr'><em>quaecum-</em></span> 
     </span>
     <span class='ocr_line' id='line_1_113' title="bbox 1262 863 2322 910; baseline 0.016 -18"><span class='ocrx_word' id='word_1_785' title='bbox 1262 872 1318 906; x_wconf 80' lang='lat' dir='ltr'><em>que</em></span> <span class='ocrx_word' id='word_1_786' title='bbox 1334 872 1408 907; x_wconf 71' lang='lat' dir='ltr'><em>circa</em></span> <span class='ocrx_word' id='word_1_787' title='bbox 1423 863 1451 894; x_wconf 92' lang='lat' dir='ltr'><em>id</em></span> <span class='ocrx_word' id='word_1_788' title='bbox 1467 864 1568 908; x_wconf 83' lang='lat' dir='ltr'><em>fuerint</em></span> <span class='ocrx_word' id='word_1_789' title='bbox 1581 874 1737 905; x_wconf 85' lang='lat' dir='ltr'><em>oportuna,</em></span> <span class='ocrx_word' id='word_1_790' title='bbox 1754 867 1850 897; x_wconf 87' lang='lat' dir='ltr'><em>nostro</em></span> <span class='ocrx_word' id='word_1_791' title='bbox 1862 869 1895 899; x_wconf 76' lang='grc' dir='ltr'><em>ὃς</em></span> <span class='ocrx_word' id='word_1_792' title='bbox 1910 870 1990 906; x_wconf 79' lang='lat' dir='ltr'><em>ipsius</em></span> <span class='ocrx_word' id='word_1_793' title='bbox 2005 871 2137 904; x_wconf 70' lang='lat' dir='ltr'><em>Ecclesiae</em></span> <span class='ocrx_word' id='word_1_794' title='bbox 2151 880 2268 908; x_wconf 85' lang='lat' dir='ltr'><em>nomine</em></span> <span class='ocrx_word' id='word_1_795' title='bbox 2281 879 2322 910; x_wconf 86' lang='lat' dir='ltr'><em>fa-</em></span> 
     </span>
     <span class='ocr_line' id='line_1_114' title="bbox 1261 901 2303 949; baseline 0.016 -19"><span class='ocrx_word' id='word_1_796' title='bbox 1261 901 1354 931; x_wconf 89' lang='lat' dir='ltr'><em>ciendi</em></span> <span class='ocrx_word' id='word_1_797' title='bbox 1360 924 1370 940; x_wconf 88' lang='lat'><em>,</em></span> <span class='ocrx_word' id='word_1_798' title='bbox 1389 902 1497 939; x_wconf 84' lang='lat' dir='ltr'><em>plenam</em></span> <span class='ocrx_word' id='word_1_799' title='bbox 1513 904 1564 933; x_wconf 91' lang='lat' dir='ltr'><em>tibi</em></span> <span class='ocrx_word' id='word_1_800' title='bbox 1579 905 1780 948; x_wconf 83' lang='lat' dir='ltr'><em>concedimus,</em></span> <span class='ocrx_word' id='word_1_801' title='bbox 1799 914 1895 937; x_wconf 89' lang='lat' dir='ltr'><em>tenore</em></span> <span class='ocrx_word' id='word_1_802' title='bbox 1912 909 2104 948; x_wconf 81' lang='lat' dir='ltr'><em>praesentium,</em></span> <span class='ocrx_word' id='word_1_803' title='bbox 2122 916 2303 949; x_wconf 85' lang='lat' dir='ltr'><em>potestatem:</em></span> 
     </span>
     <span class='ocr_line' id='line_1_115' title="bbox 1274 939 2322 988; baseline 0.016 -19"><span class='ocrx_word' id='word_1_804' title='bbox 1274 978 1288 983; x_wconf 90' lang='lat'><em>..</em></span> <span class='ocrx_word' id='word_1_805' title='bbox 1300 939 1353 969; x_wconf 90' lang='lat' dir='ltr'><em>Per</em></span> <span class='ocrx_word' id='word_1_806' title='bbox 1370 940 1427 971; x_wconf 90' lang='lat' dir='ltr'><em>hoc</em></span> <span class='ocrx_word' id='word_1_807' title='bbox 1439 950 1531 972; x_wconf 87' lang='lat' dir='ltr'><em>autem</em></span> <span class='ocrx_word' id='word_1_808' title='bbox 1547 941 1819 983; x_wconf 85' lang='lat' dir='ltr'><em>Comrmffionibus,</em></span> <span class='ocrx_word' id='word_1_809' title='bbox 1838 945 1917 983; x_wconf 87' lang='lat' dir='ltr'><em>super</em></span> <span class='ocrx_word' id='word_1_810' title='bbox 1930 946 1999 984; x_wconf 82' lang='lat' dir='ltr'><em>illis,</em></span> <span class='ocrx_word' id='word_1_811' title='bbox 2018 948 2061 978; x_wconf 89' lang='lat' dir='ltr'><em>vel</em></span> <span class='ocrx_word' id='word_1_812' title='bbox 2073 949 2144 988; x_wconf 75' lang='lat' dir='ltr'><em>aliis,</em></span> <span class='ocrx_word' id='word_1_813' title='bbox 2163 953 2271 984; x_wconf 66' lang='lat' dir='ltr'><em>dilectis</em></span> <span class='ocrx_word' id='word_1_814' title='bbox 2289 953 2322 986; x_wconf 85' lang='lat' dir='ltr'><em>fi-</em></span> 
     </span>
     <span class='ocr_line' id='line_1_116' title="bbox 1261 977 2304 1031; baseline 0.015 -24"><span class='ocrx_word' id='word_1_815' title='bbox 1261 977 1303 1007; x_wconf 90' lang='lat' dir='ltr'><em>liis</em></span> <span class='ocrx_word' id='word_1_816' title='bbox 1317 978 1432 1016; x_wconf 88' lang='lat' dir='ltr'><em>nostris,</em></span> <span class='ocrx_word' id='word_1_817' title='bbox 1450 979 1621 1019; x_wconf 89' lang='lat' dir='ltr'><em>Gauselino,</em></span> <span class='ocrx_word' id='word_1_818' title='bbox 1638 982 1698 1013; x_wconf 91' lang='lat' dir='ltr'><em>Tit.</em></span> <span class='ocrx_word' id='word_1_819' title='bbox 1717 982 1813 1013; x_wconf 63' lang='lat' dir='ltr'><em>Sandt.</em></span> <span class='ocrx_word' id='word_1_820' title='bbox 1830 982 1961 1014; x_wconf 89' lang='lat' dir='ltr'><em>Marcell.</em></span> <span class='ocrx_word' id='word_1_821' title='bbox 1982 986 2015 1016; x_wconf 71' lang='grc' dir='ltr'><em>ὃς</em></span> <span class='ocrx_word' id='word_1_822' title='bbox 2030 986 2121 1025; x_wconf 85' lang='lat' dir='ltr'><em>Petri,</em></span> <span class='ocrx_word' id='word_1_823' title='bbox 2141 988 2304 1031; x_wconf 85' lang='lat' dir='ltr'><em>Presbytero</em></span> 
     </span>
     <span class='ocr_line' id='line_1_117' title="bbox 1260 1016 2326 1068; baseline 0.014 -22"><span class='ocrx_word' id='word_1_824' title='bbox 1260 1016 1294 1046; x_wconf 92' lang='lat'>&amp;</span> <span class='ocrx_word' id='word_1_825' title='bbox 1310 1016 1398 1060; x_wconf 79' lang='lat' dir='ltr'><em>Lucae</em></span> <span class='ocrx_word' id='word_1_826' title='bbox 1413 1017 1523 1061; x_wconf 63' lang='lat' dir='ltr'><em>Sandiae</em></span> <span class='ocrx_word' id='word_1_827' title='bbox 1537 1017 1639 1050; x_wconf 82' lang='lat' dir='ltr'><em>Mariae</em></span> <span class='ocrx_word' id='word_1_828' title='bbox 1655 1021 1685 1050; x_wconf 90' lang='lat' dir='ltr'><em>in</em></span> <span class='ocrx_word' id='word_1_829' title='bbox 1700 1020 1834 1059; x_wconf 65' lang='lat' dir='ltr'><em>Vifilata,</em></span> <span class='ocrx_word' id='word_1_830' title='bbox 1852 1021 2003 1062; x_wconf 88' lang='lat' dir='ltr'><em>Diacono,</em></span> <span class='ocrx_word' id='word_1_831' title='bbox 2020 1024 2228 1066; x_wconf 83' lang='lat' dir='ltr'><em>Cardinalibus,</em></span> <span class='ocrx_word' id='word_1_832' title='bbox 2246 1016 2326 1068; x_wconf 63' lang='lat' dir='ltr'><em>Apo³</em></span> 
     </span>
     <span class='ocr_line' id='line_1_118' title="bbox 1260 1054 2325 1105; baseline 0.015 -22"><span class='ocrx_word' id='word_1_833' title='bbox 1260 1054 1368 1085; x_wconf 85' lang='lat' dir='ltr'><em>stolicae</em></span> <span class='ocrx_word' id='word_1_834' title='bbox 1384 1055 1463 1086; x_wconf 88' lang='lat' dir='ltr'><em>Sedis</em></span> <span class='ocrx_word' id='word_1_835' title='bbox 1478 1056 1619 1096; x_wconf 88' lang='lat' dir='ltr'><em>Nunciis,</em></span> <span class='ocrx_word' id='word_1_836' title='bbox 1638 1068 1686 1096; x_wconf 88' lang='lat' dir='ltr'><em>per</em></span> <span class='ocrx_word' id='word_1_837' title='bbox 1697 1069 1748 1089; x_wconf 91' lang='lat' dir='ltr'><em>nos</em></span> <span class='ocrx_word' id='word_1_838' title='bbox 1761 1058 1856 1098; x_wconf 62' lang='lat' dir='ltr'><em>factis,</em></span> <span class='ocrx_word' id='word_1_839' title='bbox 1872 1071 1932 1092; x_wconf 92' lang='lat' dir='ltr'><em>non</em></span> <span class='ocrx_word' id='word_1_840' title='bbox 1949 1063 2118 1095; x_wconf 87' lang='lat' dir='ltr'><em>intendimus</em></span> <span class='ocrx_word' id='word_1_841' title='bbox 2129 1066 2158 1095; x_wconf 91' lang='lat' dir='ltr'><em>in</em></span> <span class='ocrx_word' id='word_1_842' title='bbox 2172 1066 2263 1105; x_wconf 88' lang='lat' dir='ltr'><em>aliquo</em></span> <span class='ocrx_word' id='word_1_843' title='bbox 2277 1070 2325 1099; x_wconf 86' lang='lat' dir='ltr'><em>de-</em></span> 
     </span>
     <span class='ocr_line' id='line_1_119' title="bbox 1259 1103 1368 1130; baseline 0.009 -8"><span class='ocrx_word' id='word_1_844' title='bbox 1259 1103 1368 1130; x_wconf 83' lang='lat' dir='ltr'><em>rogare.</em></span> 
     </span>
    </p>
   </div>
   <div class='ocr_carea' id='block_1_28' title="bbox 1262 1131 2328 1202">
    <p class='ocr_par' dir='ltr' id='par_1_40' title="bbox 1262 1131 2328 1202">
     <span class='ocr_line' id='line_1_120' title="bbox 1262 1131 2328 1201; baseline 0.015 -41"><span class='ocrx_word' id='word_1_845' title='bbox 1262 1131 1368 1200; x_wconf 42' lang='lat' dir='ltr'><em>no13at.</em></span> <span class='ocrx_word' id='word_1_846' title='bbox 1387 1131 1526 1201; x_wconf 33' lang='lat' dir='ltr'><em>diviniori.</em></span> <span class='ocrx_word' id='word_1_847' title='bbox 1545 1142 1642 1172; x_wconf 89' lang='lat' dir='ltr'><em>quarto</em></span> <span class='ocrx_word' id='word_1_848' title='bbox 1664 1133 1730 1167; x_wconf 83' lang='lat' dir='ltr'><em>Kal.</em></span> <span class='ocrx_word' id='word_1_849' title='bbox 1754 1135 1951 1177; x_wconf 85' lang='lat' dir='ltr'><em>Novembris,</em></span> <span class='ocrx_word' id='word_1_850' title='bbox 1971 1138 2157 1173; x_wconf 77' lang='lat' dir='ltr'><em>Pontificatfis</em></span> <span class='ocrx_word' id='word_1_851' title='bbox 2176 1143 2265 1175; x_wconf 88' lang='lat' dir='ltr'><em>nostri</em></span> <span class='ocrx_word' id='word_1_852' title='bbox 2278 1154 2328 1177; x_wconf 85' lang='lat' dir='ltr'><em>aii-</em></span> 
     </span>
     <span class='ocr_line' id='line_1_121' title="bbox 1326 1180 1445 1202; baseline 0.017 -2"><span class='ocrx_word' id='word_1_853' title='bbox 1326 1180 1397 1201; x_wconf 90' lang='lat' dir='ltr'><em>ecun</em></span> <span class='ocrx_word' id='word_1_854' title='bbox 1417 1181 1445 1202; x_wconf 93' lang='lat' dir='ltr'><em>o.</em></span> 
     </span>
    </p>
   </div>
   <div class='ocr_carea' id='block_1_29' title="bbox 1383 281 2199 332">
    <p class='ocr_par' dir='ltr' id='par_1_41' title="bbox 1383 281 2199 332">
     <span class='ocr_line' id='line_1_122' title="bbox 1383 281 2199 332; baseline 0.016 -21"><span class='ocrx_word' id='word_1_855' title='bbox 1383 281 1433 312; x_wconf 85' lang='lat' dir='ltr'><em>De</em></span> <span class='ocrx_word' id='word_1_856' title='bbox 1454 294 1510 314; x_wconf 83' lang='lat' dir='ltr'><em>non</em></span> <span class='ocrx_word' id='word_1_857' title='bbox 1533 283 1698 330; x_wconf 82' lang='lat' dir='ltr'><em>derogando</em></span> <span class='ocrx_word' id='word_1_858' title='bbox 1720 298 1740 319; x_wconf 78' lang='lat' dir='ltr'><em>a</em></span> <span class='ocrx_word' id='word_1_859' title='bbox 1762 286 1954 332; x_wconf 76' lang='lat' dir='ltr'><em>Potestasibus</em></span> <span class='ocrx_word' id='word_1_860' title='bbox 1977 288 2199 327; x_wconf 84' lang='lat' dir='ltr'><em>Cardinalium.</em></span> 
     </span>
    </p>
   </div>
   <div class='ocr_carea' id='block_1_30' title="bbox 1286 1293 2307 1394">
    <p class='ocr_par' dir='ltr' id='par_1_42' title="bbox 1286 1293 2307 1394">
     <span class='ocr_line' id='line_1_123' title="bbox 1286 1293 2307 1394; baseline 0.005 -66"><span class='ocrx_word' id='word_1_861' title='bbox 1286 1299 1345 1330; x_wconf 84' lang='lat' dir='ltr'><em>Pro</em></span> <span class='ocrx_word' id='word_1_862' title='bbox 1367 1293 1524 1330; x_wconf 80' lang='lat' dir='ltr'><em>Wllielmo</em></span> <span class='ocrx_word' id='word_1_863' title='bbox 1549 1297 1585 1332; x_wconf 83' lang='lat' dir='ltr'><em>de</em></span> <span class='ocrx_word' id='word_1_864' title='bbox 1606 1303 1839 1394; x_wconf 55' lang='lat' dir='ltr'><em>MontelAscitto</em></span> <span class='ocrx_word' id='word_1_865' title='bbox 1852 1329 1861 1344; x_wconf 91' lang='lat'>‚</span> <span class='ocrx_word' id='word_1_866' title='bbox 1886 1300 1923 1335; x_wconf 86' lang='lat' dir='ltr'><em>de</em></span> <span class='ocrx_word' id='word_1_867' title='bbox 1949 1301 2203 1349; x_wconf 80' lang='lat' dir='ltr'><em>Redemptionibus</em></span> <span class='ocrx_word' id='word_1_868' title='bbox 2225 1308 2307 1341; x_wconf 64' lang='lat' dir='ltr'><em>usal.</em></span> 
     </span>
     <span class='ocr_line' id='line_1_124' title="bbox 1736 1362 1854 1384; baseline 0.017 -2"><span class='ocrx_word' id='word_1_869' title='bbox 1736 1362 1854 1384; x_wconf 75' lang='lat' dir='ltr'><em>eninm.</em></span> 
     </span>
    </p>
   </div>
   <div class='ocr_carea' id='block_1_31' title="bbox 1264 1430 2483 1553">
    <p class='ocr_par' dir='ltr' id='par_1_43' title="bbox 1264 1430 2483 1553">
     <span class='ocr_line' id='line_1_125' title="bbox 1267 1430 2483 1500; baseline 0.007 -39"><span class='ocrx_word' id='word_1_870' title='bbox 1267 1430 1391 1500; x_wconf 80' lang='lat' dir='ltr'><em>RERX</em></span> <span class='ocrx_word' id='word_1_871' title='bbox 1405 1431 1541 1477; x_wconf 75' lang='lat' dir='ltr'><em>concessit</em></span> <span class='ocrx_word' id='word_1_872' title='bbox 1558 1430 1721 1466; x_wconf 87' lang='lat' dir='ltr'><em>Willielmo</em></span> <span class='ocrx_word' id='word_1_873' title='bbox 1734 1435 1770 1466; x_wconf 92' lang='lat' dir='ltr'><em>de</em></span> <span class='ocrx_word' id='word_1_874' title='bbox 1778 1435 1890 1479; x_wconf 31' lang='lat' dir='ltr'><em>&#39;Monte</em></span> <span class='ocrx_word' id='word_1_875' title='bbox 1906 1436 2020 1481; x_wconf 80' lang='lat' dir='ltr'><em>Acuro,</em></span> <span class='ocrx_word' id='word_1_876' title='bbox 2038 1436 2192 1469; x_wconf 85' lang='lat' dir='ltr'><em>Senescallo</em></span> <span class='ocrx_word' id='word_1_877' title='bbox 2207 1438 2332 1486; x_wconf 67' lang='lat' dir='ltr'><em>Hospitii</em></span> <span class='ocrx_word' id='word_1_878' title='bbox 2352 1440 2426 1471; x_wconf 90' lang='lat' dir='ltr'><em>Ann.</em></span> <span class='ocrx_word' id='word_1_879' title='bbox 2441 1440 2483 1471; x_wconf 83' lang='lat' dir='ltr'><em>D.</em></span> 
     </span>
     <span class='ocr_line' id='line_1_126' title="bbox 1374 1473 2460 1518; baseline 0.008 -18"><span class='ocrx_word' id='word_1_880' title='bbox 1374 1480 1445 1509; x_wconf 84' lang='lat' dir='ltr'><em>egis,</em></span> <span class='ocrx_word' id='word_1_881' title='bbox 1463 1482 1582 1509; x_wconf 83' lang='lat' dir='ltr'><em>corpora</em></span> <span class='ocrx_word' id='word_1_882' title='bbox 1598 1473 1632 1503; x_wconf 73' lang='grc' dir='ltr'><em>δε</em></span> <span class='ocrx_word' id='word_1_883' title='bbox 1647 1473 1852 1511; x_wconf 85' lang='lat' dir='ltr'><em>redemptiones</em></span> <span class='ocrx_word' id='word_1_884' title='bbox 1873 1474 1949 1505; x_wconf 88' lang='lat' dir='ltr'><em>Reni</em></span> <span class='ocrx_word' id='word_1_885' title='bbox 1969 1487 2004 1514; x_wconf 83' lang='lat' dir='ltr'><em>ap</em></span> <span class='ocrx_word' id='word_1_886' title='bbox 2020 1474 2141 1506; x_wconf 88' lang='lat' dir='ltr'><em>Grenon</em></span> <span class='ocrx_word' id='word_1_887' title='bbox 2156 1500 2166 1515; x_wconf 90' lang='lat'><em>,</em></span> <span class='ocrx_word' id='word_1_888' title='bbox 2191 1476 2331 1511; x_wconf 87' lang='lat' dir='ltr'><em>Maddoci</em></span> <span class='ocrx_word' id='word_1_889' title='bbox 2375 1487 2460 1518; x_wconf 87' lang='lat'><em>1317.</em></span> 
     </span>
     <span class='ocr_line' id='line_1_127' title="bbox 1264 1508 2465 1553; baseline 0.01 -15"><span class='ocrx_word' id='word_1_890' title='bbox 1264 1517 1298 1544; x_wconf 88' lang='lat' dir='ltr'><em>ap</em></span> <span class='ocrx_word' id='word_1_891' title='bbox 1320 1508 1459 1547; x_wconf 84' lang='lat' dir='ltr'><em>Vaghan,</em></span> <span class='ocrx_word' id='word_1_892' title='bbox 1475 1511 1508 1541; x_wconf 89' lang='lat'>&amp;</span> <span class='ocrx_word' id='word_1_893' title='bbox 1531 1510 1662 1542; x_wconf 89' lang='lat' dir='ltr'><em>Andoeni</em></span> <span class='ocrx_word' id='word_1_894' title='bbox 1683 1522 1718 1550; x_wconf 89' lang='lat' dir='ltr'><em>ap</em></span> <span class='ocrx_word' id='word_1_895' title='bbox 1740 1512 1873 1543; x_wconf 86' lang='lat' dir='ltr'><em>Maddok</em></span> <span class='ocrx_word' id='word_1_896' title='bbox 1889 1537 1898 1552; x_wconf 90' lang='lat'><em>,</em></span> <span class='ocrx_word' id='word_1_897' title='bbox 1923 1514 2076 1546; x_wconf 90' lang='lat' dir='ltr'><em>hominum</em></span> <span class='ocrx_word' id='word_1_898' title='bbox 2101 1514 2137 1545; x_wconf 93' lang='lat' dir='ltr'><em>de</em></span> <span class='ocrx_word' id='word_1_899' title='bbox 2155 1517 2277 1553; x_wconf 88' lang='lat' dir='ltr'><em>partibus</em></span> <span class='ocrx_word' id='word_1_900' title='bbox 2294 1518 2330 1549; x_wconf 92' lang='lat' dir='ltr'><em>de</em></span> <span class='ocrx_word' id='word_1_901' title='bbox 2352 1521 2404 1545; x_wconf 87' lang='lat' dir='ltr'><em>An.</em></span> <span class='ocrx_word' id='word_1_902' title='bbox 2425 1527 2465 1546; x_wconf 84' lang='lat'><em>¹1·</em></span> 
     </span>
    </p>
   </div>
   <div class='ocr_carea' id='block_1_32' title="bbox 1264 1546 2473 1623">
    <p class='ocr_par' dir='ltr' id='par_1_44' title="bbox 1264 1546 2473 1623">
     <span class='ocr_line' id='line_1_128' title="bbox 1264 1546 2426 1595; baseline 0.01 -20"><span class='ocrx_word' id='word_1_903' title='bbox 1264 1546 1484 1585; x_wconf 85' lang='lat' dir='ltr'><em>Glanniorgan,</em></span> <span class='ocrx_word' id='word_1_904' title='bbox 1504 1550 1552 1586; x_wconf 91' lang='lat' dir='ltr'><em>qui</em></span> <span class='ocrx_word' id='word_1_905' title='bbox 1570 1559 1659 1588; x_wconf 89' lang='lat' dir='ltr'><em>nuper</em></span> <span class='ocrx_word' id='word_1_906' title='bbox 1678 1559 1775 1582; x_wconf 83' lang='lat' dir='ltr'><em>contra</em></span> <span class='ocrx_word' id='word_1_907' title='bbox 1796 1550 1932 1591; x_wconf 84' lang='lat' dir='ltr'><em>Regem,</em></span> <span class='ocrx_word' id='word_1_908' title='bbox 1957 1555 1987 1584; x_wconf 87' lang='lat' dir='ltr'><em>in</em></span> <span class='ocrx_word' id='word_1_909' title='bbox 2010 1553 2114 1585; x_wconf 90' lang='lat' dir='ltr'><em>eisdem</em></span> <span class='ocrx_word' id='word_1_910' title='bbox 2136 1555 2278 1595; x_wconf 86' lang='lat' dir='ltr'><em>partibus,</em></span> <span class='ocrx_word' id='word_1_911' title='bbox 2296 1558 2333 1589; x_wconf 92' lang='lat' dir='ltr'><em>de</em></span> <span class='ocrx_word' id='word_1_912' title='bbox 2352 1560 2380 1586; x_wconf 86' lang='grc' dir='ltr'><em>Ε.</em></span> <span class='ocrx_word' id='word_1_913' title='bbox 2400 1565 2426 1582; x_wconf 90' lang='lat'><em>2·</em></span> 
     </span>
     <span class='ocr_line' id='line_1_129' title="bbox 1264 1583 2473 1623; baseline 0.007 -9"><span class='ocrx_word' id='word_1_914' title='bbox 1264 1583 1378 1616; x_wconf 69' lang='lat' dir='ltr'><em>Guerra</em></span> <span class='ocrx_word' id='word_1_915' title='bbox 1390 1586 1568 1618; x_wconf 79' lang='lat' dir='ltr'><em>surrexerunt.</em></span> <span class='ocrx_word' id='word_1_916' title='bbox 2354 1598 2412 1623; x_wconf 75' lang='lat' dir='ltr'><em>Pat.</em></span> <span class='ocrx_word' id='word_1_917' title='bbox 2432 1603 2473 1622; x_wconf 86' lang='lat' dir='ltr'><em>ii.</em></span> 
     </span>
    </p>
   </div>
   <div class='ocr_carea' id='block_1_33' title="bbox 1300 1622 2487 1708">
    <p class='ocr_par' dir='ltr' id='par_1_45' title="bbox 1300 1622 2487 1708">
     <span class='ocr_line' id='line_1_130' title="bbox 1300 1622 2466 1669; baseline 0.014 -16"><span class='ocrx_word' id='word_1_918' title='bbox 1300 1622 1334 1653; x_wconf 89' lang='lat' dir='ltr'><em>In</em></span> <span class='ocrx_word' id='word_1_919' title='bbox 1351 1625 1445 1663; x_wconf 83' lang='lat' dir='ltr'><em>cujus,</em></span> <span class='ocrx_word' id='word_1_920' title='bbox 1462 1625 1525 1656; x_wconf 88' lang='lat' dir='ltr'><em>&amp;c.</em></span> <span class='ocrx_word' id='word_1_921' title='bbox 2352 1637 2383 1660; x_wconf 73' lang='lat' dir='ltr'><em>E.</em></span> <span class='ocrx_word' id='word_1_922' title='bbox 2402 1643 2427 1660; x_wconf 91' lang='lat'><em>2-</em></span> <span class='ocrx_word' id='word_1_923' title='bbox 2440 1639 2466 1669; x_wconf 85' lang='lat' dir='ltr'><em>P·</em></span> 
     </span>
     <span class='ocr_line' id='line_1_131' title="bbox 1335 1662 2487 1708; baseline 0.015 -15"><span class='ocrx_word' id='word_1_924' title='bbox 1335 1662 1423 1694; x_wconf 85' lang='lat' dir='ltr'><em>Teste</em></span> <span class='ocrx_word' id='word_1_925' title='bbox 1436 1663 1519 1703; x_wconf 85' lang='lat' dir='ltr'><em>Rege</em></span> <span class='ocrx_word' id='word_1_926' title='bbox 1531 1664 1605 1703; x_wconf 86' lang='lat' dir='ltr'><em>apud</em></span> <span class='ocrx_word' id='word_1_927' title='bbox 1621 1664 1924 1707; x_wconf 81' lang='lat' dir='ltr'><em>westmonasterium,</em></span> <span class='ocrx_word' id='word_1_928' title='bbox 1938 1669 2062 1702; x_wconf 86' lang='lat' dir='ltr'><em>secundo</em></span> <span class='ocrx_word' id='word_1_929' title='bbox 2082 1671 2128 1703; x_wconf 91' lang='lat' dir='ltr'><em>die</em></span> <span class='ocrx_word' id='word_1_930' title='bbox 2144 1672 2335 1707; x_wconf 83' lang='lat' dir='ltr'><em>Novembris·</em></span> <span class='ocrx_word' id='word_1_931' title='bbox 2354 1672 2431 1708; x_wconf 48' lang='lat' dir='ltr'><em>afim.</em></span> <span class='ocrx_word' id='word_1_932' title='bbox 2444 1678 2487 1705; x_wconf 56' lang='grc' dir='ltr'><em>’δ’Λ</em></span> 
     </span>
    </p>
   </div>
   <div class='ocr_carea' id='block_1_34' title="bbox 1832 1744 2290 1790">
    <p class='ocr_par' dir='ltr' id='par_1_46' title="bbox 1832 1744 2290 1790">
     <span class='ocr_line' id='line_1_132' title="bbox 1832 1744 2290 1790; baseline 0.017 -16"><span class='ocrx_word' id='word_1_933' title='bbox 1832 1744 1887 1775; x_wconf 89' lang='lat' dir='ltr'><em>Per</em></span> <span class='ocrx_word' id='word_1_934' title='bbox 1904 1748 1996 1777; x_wconf 77' lang='lat' dir='ltr'><em>Breve</em></span> <span class='ocrx_word' id='word_1_935' title='bbox 2014 1749 2046 1778; x_wconf 82' lang='lat' dir='ltr'><em>de</em></span> <span class='ocrx_word' id='word_1_936' title='bbox 2057 1753 2174 1787; x_wconf 84' lang='lat' dir='ltr'><em>privato</em></span> <span class='ocrx_word' id='word_1_937' title='bbox 2192 1750 2290 1790; x_wconf 81' lang='lat' dir='ltr'><em>Sigillo.</em></span> 
     </span>
    </p>
   </div>
   <div class='ocr_carea' id='block_1_35' title="bbox 1262 1887 2341 1985">
    <p class='ocr_par' dir='ltr' id='par_1_47' title="bbox 1262 1887 2341 1985">
     <span class='ocr_line' id='line_1_133' title="bbox 1262 1887 2341 1985; baseline 0.012 -68"><span class='ocrx_word' id='word_1_938' title='bbox 1262 1888 1312 1920; x_wconf 90' lang='lat' dir='ltr'><em>De</em></span> <span class='ocrx_word' id='word_1_939' title='bbox 1343 1887 1523 1932; x_wconf 73' lang='lat' dir='ltr'><em>Semficilcia</em></span> <span class='ocrx_word' id='word_1_940' title='bbox 1548 1891 1721 1934; x_wconf 65' lang='lat' dir='ltr'><em>Aquitania:</em></span> <span class='ocrx_word' id='word_1_941' title='bbox 1737 1917 1772 1985; x_wconf 60' lang='lat' dir='ltr'><em>,J</em></span> <span class='ocrx_word' id='word_1_942' title='bbox 1793 1893 1941 1939; x_wconf 73' lang='lat' dir='ltr'><em>commissa</em></span> <span class='ocrx_word' id='word_1_943' title='bbox 1972 1895 2105 1927; x_wconf 81' lang='lat' dir='ltr'><em>Antonio</em></span> <span class='ocrx_word' id='word_1_944' title='bbox 2136 1895 2282 1944; x_wconf 74' lang='lat' dir='ltr'><em>Peffiigne</em></span> <span class='ocrx_word' id='word_1_945' title='bbox 2303 1898 2341 1932; x_wconf 86' lang='lat' dir='ltr'><em>de</em></span> 
     </span>
     <span class='ocr_line' id='line_1_134' title="bbox 1770 1951 1864 1974; baseline 0.032 -3"><span class='ocrx_word' id='word_1_946' title='bbox 1770 1951 1864 1974; x_wconf 78' lang='lat' dir='ltr'><em>anua.</em></span> 
     </span>
    </p>
   </div>
   <div class='ocr_carea' id='block_1_36' title="bbox 1262 2020 2488 3415">
    <p class='ocr_par' dir='ltr' id='par_1_48' title="bbox 1263 2020 2485 2102">
     <span class='ocr_line' id='line_1_135' title="bbox 1263 2020 2336 2075; baseline 0.012 -26"><span class='ocrx_word' id='word_1_947' title='bbox 1263 2020 1402 2075; x_wconf 80' lang='lat' dir='ltr'><em>REX,</em></span> <span class='ocrx_word' id='word_1_948' title='bbox 1420 2022 1635 2057; x_wconf 86' lang='lat' dir='ltr'><em>Constabulario</em></span> <span class='ocrx_word' id='word_1_949' title='bbox 1650 2025 1698 2056; x_wconf 92' lang='lat' dir='ltr'><em>suo</em></span> <span class='ocrx_word' id='word_1_950' title='bbox 1711 2025 1922 2065; x_wconf 86' lang='lat' dir='ltr'><em>Burdegalensi,</em></span> <span class='ocrx_word' id='word_1_951' title='bbox 1936 2028 1985 2066; x_wconf 86' lang='lat' dir='ltr'><em>qui</em></span> <span class='ocrx_word' id='word_1_952' title='bbox 2003 2037 2081 2059; x_wconf 89' lang='lat' dir='ltr'><em>nunc</em></span> <span class='ocrx_word' id='word_1_953' title='bbox 2094 2028 2204 2067; x_wconf 87' lang='lat' dir='ltr'><em>est,vel</em></span> <span class='ocrx_word' id='word_1_954' title='bbox 2218 2031 2266 2069; x_wconf 87' lang='lat' dir='ltr'><em>qui</em></span> <span class='ocrx_word' id='word_1_955' title='bbox 2282 2041 2336 2070; x_wconf 88' lang='lat' dir='ltr'><em>pro</em></span> 
     </span>
     <span class='ocr_line' id='line_1_136' title="bbox 1339 2055 2485 2102; baseline 0.015 -14"><span class='ocrx_word' id='word_1_956' title='bbox 1339 2067 1467 2102; x_wconf 78' lang='lat' dir='ltr'><em>tempore</em></span> <span class='ocrx_word' id='word_1_957' title='bbox 1480 2063 1561 2093; x_wconf 88' lang='lat' dir='ltr'><em>fuerit</em></span> <span class='ocrx_word' id='word_1_958' title='bbox 1571 2087 1581 2101; x_wconf 95' lang='lat'><em>,</em></span> <span class='ocrx_word' id='word_1_959' title='bbox 1594 2064 1714 2094; x_wconf 83' lang='lat' dir='ltr'><em>salutem-</em></span> <span class='ocrx_word' id='word_1_960' title='bbox 2355 2055 2429 2089; x_wconf 59' lang='lat' dir='ltr'><strong>Anu·</strong></span> <span class='ocrx_word' id='word_1_961' title='bbox 2444 2055 2485 2087; x_wconf 67' lang='lat' dir='ltr'><em>D‘</em></span> 
     </span>
    </p>

    <p class='ocr_par' dir='ltr' id='par_1_49' title="bbox 1262 2095 2488 2408">
     <span class='ocr_line' id='line_1_137' title="bbox 1301 2095 2460 2144; baseline 0.012 -18"><span class='ocrx_word' id='word_1_962' title='bbox 1301 2095 1382 2127; x_wconf 91' lang='lat' dir='ltr'><em>Cum</em></span> <span class='ocrx_word' id='word_1_963' title='bbox 1393 2099 1627 2139; x_wconf 81' lang='lat' dir='ltr'><em>concesserimus,</em></span> <span class='ocrx_word' id='word_1_964' title='bbox 1645 2102 1752 2132; x_wconf 61' lang='lat' dir='ltr'><em>dileiw</em></span> <span class='ocrx_word' id='word_1_965' title='bbox 1766 2102 1799 2132; x_wconf 91' lang='lat'>&amp;</span> <span class='ocrx_word' id='word_1_966' title='bbox 1814 2101 1888 2133; x_wconf 82' lang='lat' dir='ltr'><em>fideli</em></span> <span class='ocrx_word' id='word_1_967' title='bbox 1903 2103 2016 2143; x_wconf 86' lang='lat' dir='ltr'><em>nostro,</em></span> <span class='ocrx_word' id='word_1_968' title='bbox 2036 2104 2164 2136; x_wconf 87' lang='lat' dir='ltr'><em>Antonio</em></span> <span class='ocrx_word' id='word_1_969' title='bbox 2184 2105 2332 2144; x_wconf 74' lang='lat' dir='ltr'><em>Pessaigne</em></span> <span class='ocrx_word' id='word_1_970' title='bbox 2374 2105 2460 2136; x_wconf 82' lang='lat'>¹3¹7·</span> 
     </span>
     <span class='ocr_line' id='line_1_138' title="bbox 1263 2131 2470 2185; baseline 0.011 -20"><span class='ocrx_word' id='word_1_971' title='bbox 1263 2131 1394 2179; x_wconf 76' lang='lat' dir='ltr'><em>deJanua</em></span> <span class='ocrx_word' id='word_1_972' title='bbox 1411 2138 1470 2170; x_wconf 90' lang='lat' dir='ltr'><em>(cui</em></span> <span class='ocrx_word' id='word_1_973' title='bbox 1484 2140 1693 2171; x_wconf 82' lang='lat' dir='ltr'><em>commissimus</em></span> <span class='ocrx_word' id='word_1_974' title='bbox 1706 2139 1850 2171; x_wconf 87' lang='lat' dir='ltr'><em>Officium</em></span> <span class='ocrx_word' id='word_1_975' title='bbox 1863 2142 2044 2174; x_wconf 76' lang='lat' dir='ltr'><em>Senescalci&#39;ae</em></span> <span class='ocrx_word' id='word_1_976' title='bbox 2052 2144 2184 2175; x_wconf 76' lang='lat' dir='ltr'><em>Ducatfis</em></span> <span class='ocrx_word' id='word_1_977' title='bbox 2192 2146 2333 2185; x_wconf 62' lang='lat' dir='ltr'><em>praedisti,</em></span> <span class='ocrx_word' id='word_1_978' title='bbox 2353 2138 2406 2162; x_wconf 66' lang='lat'><em>‘¹²¹‘</em></span> <span class='ocrx_word' id='word_1_979' title='bbox 2429 2143 2470 2161; x_wconf 78' lang='lat'><em>¹¹¹²</em></span> 
     </span>
     <span class='ocr_line' id='line_1_139' title="bbox 1263 2172 2432 2221; baseline 0.012 -18"><span class='ocrx_word' id='word_1_980' title='bbox 1263 2172 1481 2219; x_wconf 74' lang='lat' dir='ltr'><em>⁴custodiendum</em></span> <span class='ocrx_word' id='word_1_981' title='bbox 1496 2179 1632 2216; x_wconf 88' lang='lat' dir='ltr'><em>quamdiu</em></span> <span class='ocrx_word' id='word_1_982' title='bbox 1646 2179 1727 2209; x_wconf 90' lang='lat' dir='ltr'><em>nobis</em></span> <span class='ocrx_word' id='word_1_983' title='bbox 1746 2179 1890 2217; x_wconf 85' lang='lat' dir='ltr'><em>placuerit)</em></span> <span class='ocrx_word' id='word_1_984' title='bbox 1912 2182 2010 2220; x_wconf 78' lang='lat' dir='ltr'><em>quod,</em></span> <span class='ocrx_word' id='word_1_985' title='bbox 2028 2183 2160 2221; x_wconf 87' lang='lat' dir='ltr'><em>quamdiu</em></span> <span class='ocrx_word' id='word_1_986' title='bbox 2178 2185 2208 2213; x_wconf 89' lang='lat' dir='ltr'><em>in</em></span> <span class='ocrx_word' id='word_1_987' title='bbox 2222 2184 2335 2216; x_wconf 89' lang='lat' dir='ltr'><em>Officio</em></span> <span class='ocrx_word' id='word_1_988' title='bbox 2355 2176 2384 2200; x_wconf 80' lang='lat' dir='ltr'><em>E.</em></span> <span class='ocrx_word' id='word_1_989' title='bbox 2406 2183 2432 2200; x_wconf 87' lang='lat'><em>²·</em></span> 
     </span>
     <span class='ocr_line' id='line_1_140' title="bbox 1262 2209 2488 2260; baseline 0.007 -21"><span class='ocrx_word' id='word_1_990' title='bbox 1262 2209 1311 2240; x_wconf 90' lang='lat' dir='ltr'><em>illo</em></span> <span class='ocrx_word' id='word_1_991' title='bbox 1327 2211 1424 2257; x_wconf 81' lang='lat' dir='ltr'><em>fuerit,</em></span> <span class='ocrx_word' id='word_1_992' title='bbox 1449 2224 1479 2246; x_wconf 93' lang='lat' dir='ltr'><em>ut</em></span> <span class='ocrx_word' id='word_1_993' title='bbox 1500 2217 1703 2253; x_wconf 61' lang='lat' dir='ltr'><em>praedidiorum</em></span> <span class='ocrx_word' id='word_1_994' title='bbox 1718 2218 1776 2255; x_wconf 90' lang='lat' dir='ltr'><em>est,</em></span> <span class='ocrx_word' id='word_1_995' title='bbox 1801 2218 1901 2250; x_wconf 87' lang='lat' dir='ltr'><em>habeat</em></span> <span class='ocrx_word' id='word_1_996' title='bbox 1935 2221 1968 2251; x_wconf 72' lang='grc' dir='ltr'><em>δε</em></span> <span class='ocrx_word' id='word_1_997' title='bbox 1988 2222 2140 2260; x_wconf 84' lang='lat' dir='ltr'><em>percipiat,</em></span> <span class='ocrx_word' id='word_1_998' title='bbox 2158 2232 2208 2260; x_wconf 81' lang='lat' dir='ltr'><em>pro</em></span> <span class='ocrx_word' id='word_1_999' title='bbox 2227 2224 2330 2254; x_wconf 76' lang='lat' dir='ltr'><em>eodem</em></span> <span class='ocrx_word' id='word_1_1000' title='bbox 2352 2211 2420 2247; x_wconf 79' lang='lat' dir='ltr'><em>Vasc.</em></span> <span class='ocrx_word' id='word_1_1001' title='bbox 2446 2220 2474 2237; x_wconf 91' lang='lat'><em>¹¹</em></span> <span class='ocrx_word' id='word_1_1002' title='bbox 2481 2231 2488 2237; x_wconf 75' lang='lat'>=</span> 
     </span>
     <span class='ocr_line' id='line_1_141' title="bbox 1263 2247 2481 2300; baseline 0.009 -18"><span class='ocrx_word' id='word_1_1003' title='bbox 1263 2247 1394 2290; x_wconf 86' lang='lat' dir='ltr'><em>Officio,</em></span> <span class='ocrx_word' id='word_1_1004' title='bbox 1415 2262 1603 2297; x_wconf 30' lang='lat' dir='ltr'><em>per-manum</em></span> <span class='ocrx_word' id='word_1_1005' title='bbox 1627 2255 1834 2286; x_wconf 80' lang='lat' dir='ltr'><em>Constabularii</em></span> <span class='ocrx_word' id='word_1_1006' title='bbox 1855 2267 1894 2288; x_wconf 91' lang='lat' dir='ltr'><em>no</em></span> <span class='ocrx_word' id='word_1_1007' title='bbox 1920 2260 1942 2288; x_wconf 85' lang='lat' dir='ltr'><em>ri</em></span> <span class='ocrx_word' id='word_1_1008' title='bbox 1963 2258 2168 2296; x_wconf 85' lang='lat' dir='ltr'><em>Burdegalensis</em></span> <span class='ocrx_word' id='word_1_1009' title='bbox 2181 2283 2190 2298; x_wconf 83' lang='lat'>‚</span> <span class='ocrx_word' id='word_1_1010' title='bbox 2213 2263 2262 2299; x_wconf 91' lang='lat' dir='ltr'><em>qui</em></span> <span class='ocrx_word' id='word_1_1011' title='bbox 2279 2272 2332 2300; x_wconf 88' lang='lat' dir='ltr'><em>pro</em></span> <span class='ocrx_word' id='word_1_1012' title='bbox 2350 2254 2382 2277; x_wconf 85' lang='lat' dir='ltr'><em>E.</em></span> <span class='ocrx_word' id='word_1_1013' title='bbox 2398 2259 2424 2277; x_wconf 82' lang='lat'><em>²·</em></span> <span class='ocrx_word' id='word_1_1014' title='bbox 2443 2258 2481 2277; x_wconf 43' lang='grc' dir='ltr'><em>’Ψ</em></span> 
     </span>
     <span class='ocr_line' id='line_1_142' title="bbox 1262 2290 2396 2340; baseline 0.012 -23"><span class='ocrx_word' id='word_1_1015' title='bbox 1262 2294 1389 2326; x_wconf 89' lang='lat' dir='ltr'><em>tempore</em></span> <span class='ocrx_word' id='word_1_1016' title='bbox 1409 2291 1508 2330; x_wconf 87' lang='lat' dir='ltr'><em>fuerit,</em></span> <span class='ocrx_word' id='word_1_1017' title='bbox 1533 2294 1577 2323; x_wconf 88' lang='lat' dir='ltr'><em>vel</em></span> <span class='ocrx_word' id='word_1_1018' title='bbox 1599 2295 1656 2332; x_wconf 87' lang='lat' dir='ltr'><em>ejus</em></span> <span class='ocrx_word' id='word_1_1019' title='bbox 1677 2294 1796 2332; x_wconf 85' lang='lat' dir='ltr'><em>madati,</em></span> <span class='ocrx_word' id='word_1_1020' title='bbox 1820 2295 1892 2331; x_wconf 88' lang='lat' dir='ltr'><em>apud</em></span> <span class='ocrx_word' id='word_1_1021' title='bbox 1915 2296 2123 2336; x_wconf 81' lang='lat' dir='ltr'><em>Burdegaliam,</em></span> <span class='ocrx_word' id='word_1_1022' title='bbox 2142 2308 2190 2337; x_wconf 91' lang='lat' dir='ltr'><em>per</em></span> <span class='ocrx_word' id='word_1_1023' title='bbox 2208 2310 2333 2340; x_wconf 85' lang='lat' dir='ltr'><em>annum,</em></span> <span class='ocrx_word' id='word_1_1024' title='bbox 2353 2290 2396 2318; x_wconf 74' lang='lat'><em>¹⁶·</em></span> 
     </span>
     <span class='ocr_line' id='line_1_143' title="bbox 1263 2328 2334 2375; baseline 0.011 -17"><span class='ocrx_word' id='word_1_1025' title='bbox 1263 2328 1391 2362; x_wconf 79' lang='lat' dir='ltr'><em>Feodum</em></span> <span class='ocrx_word' id='word_1_1026' title='bbox 1404 2329 1562 2361; x_wconf 87' lang='lat' dir='ltr'><em>Senescallis</em></span> <span class='ocrx_word' id='word_1_1027' title='bbox 1575 2331 1706 2363; x_wconf 75' lang='lat' dir='ltr'><em>Ducatsis</em></span> <span class='ocrx_word' id='word_1_1028' title='bbox 1720 2333 1847 2370; x_wconf 64' lang='lat' dir='ltr'><em>praediciti</em></span> <span class='ocrx_word' id='word_1_1029' title='bbox 1862 2335 2013 2373; x_wconf 78' lang='lat' dir='ltr'><em>antiquitus</em></span> <span class='ocrx_word' id='word_1_1030' title='bbox 2033 2335 2217 2375; x_wconf 71' lang='lat' dir='ltr'><em>assignatum,</em></span> <span class='ocrx_word' id='word_1_1031' title='bbox 2235 2339 2334 2370; x_wconf 90' lang='lat' dir='ltr'><em>videli-</em></span> 
     </span>
     <span class='ocr_line' id='line_1_144' title="bbox 1264 2366 1925 2408; baseline 0.008 -11"><span class='ocrx_word' id='word_1_1032' title='bbox 1264 2378 1325 2408; x_wconf 77' lang='lat' dir='ltr'><em>cet,</em></span> <span class='ocrx_word' id='word_1_1033' title='bbox 1345 2366 1415 2398; x_wconf 91' lang='lat' dir='ltr'><em>Duo</em></span> <span class='ocrx_word' id='word_1_1034' title='bbox 1429 2367 1514 2399; x_wconf 87' lang='lat' dir='ltr'><em>Milia</em></span> <span class='ocrx_word' id='word_1_1035' title='bbox 1531 2370 1683 2401; x_wconf 84' lang='lat' dir='ltr'><em>Librarum</em></span> <span class='ocrx_word' id='word_1_1036' title='bbox 1697 2372 1925 2403; x_wconf 82' lang='lat' dir='ltr'><em>Turonenlium:</em></span> 
     </span>
    </p>

    <p class='ocr_par' dir='ltr' id='par_1_50' title="bbox 1264 2409 2338 2673">
     <span class='ocr_line' id='line_1_145' title="bbox 1301 2409 2334 2456; baseline 0.01 -19"><span class='ocrx_word' id='word_1_1037' title='bbox 1301 2410 1362 2442; x_wconf 86' lang='lat' dir='ltr'><em>Ac,</em></span> <span class='ocrx_word' id='word_1_1038' title='bbox 1380 2416 1432 2444; x_wconf 90' lang='lat' dir='ltr'><em>pro</em></span> <span class='ocrx_word' id='word_1_1039' title='bbox 1447 2418 1483 2437; x_wconf 92' lang='lat' dir='ltr'><em>eo</em></span> <span class='ocrx_word' id='word_1_1040' title='bbox 1503 2409 1582 2446; x_wconf 79' lang='lat' dir='ltr'><em>quod</em></span> <span class='ocrx_word' id='word_1_1041' title='bbox 1602 2409 1692 2446; x_wconf 87' lang='lat' dir='ltr'><em>ipsum</em></span> <span class='ocrx_word' id='word_1_1042' title='bbox 1716 2409 1874 2440; x_wconf 86' lang='lat' dir='ltr'><em>Antonium</em></span> <span class='ocrx_word' id='word_1_1043' title='bbox 1897 2420 2015 2449; x_wconf 84' lang='lat' dir='ltr'><em>magnas</em></span> <span class='ocrx_word' id='word_1_1044' title='bbox 2036 2413 2115 2444; x_wconf 87' lang='lat' dir='ltr'><em>misas</em></span> <span class='ocrx_word' id='word_1_1045' title='bbox 2138 2414 2171 2445; x_wconf 92' lang='lat'>&amp;</span> <span class='ocrx_word' id='word_1_1046' title='bbox 2192 2415 2334 2456; x_wconf 81' lang='lat' dir='ltr'><em>expensas,</em></span> 
     </span>
     <span class='ocr_line' id='line_1_146' title="bbox 1264 2444 2337 2489; baseline 0.012 -16"><span class='ocrx_word' id='word_1_1047' title='bbox 1264 2457 1318 2485; x_wconf 84' lang='lat' dir='ltr'><em>pro</em></span> <span class='ocrx_word' id='word_1_1048' title='bbox 1339 2444 1477 2489; x_wconf 28' lang='lat' dir='ltr'><em>Custodi-3.</em></span> <span class='ocrx_word' id='word_1_1049' title='bbox 1499 2448 1569 2477; x_wconf 65' lang='lat' dir='ltr'><em>dieti</em></span> <span class='ocrx_word' id='word_1_1050' title='bbox 1592 2446 1740 2486; x_wconf 75' lang='lat' dir='ltr'><em>Ducatfis,</em></span> <span class='ocrx_word' id='word_1_1051' title='bbox 1766 2448 1859 2479; x_wconf 88' lang='lat' dir='ltr'><em>facere</em></span> <span class='ocrx_word' id='word_1_1052' title='bbox 1881 2451 2042 2489; x_wconf 89' lang='lat' dir='ltr'><em>oportebit,</em></span> <span class='ocrx_word' id='word_1_1053' title='bbox 2067 2451 2285 2485; x_wconf 72' lang='lat' dir='ltr'><em>concesserimus</em></span> <span class='ocrx_word' id='word_1_1054' title='bbox 2309 2457 2337 2487; x_wconf 88' lang='lat' dir='ltr'><em>ei</em></span> 
     </span>
     <span class='ocr_line' id='line_1_147' title="bbox 1264 2483 2338 2529; baseline 0.008 -14"><span class='ocrx_word' id='word_1_1055' title='bbox 1264 2486 1400 2525; x_wconf 80' lang='lat' dir='ltr'><em>Qinque</em></span> <span class='ocrx_word' id='word_1_1056' title='bbox 1417 2483 1499 2515; x_wconf 87' lang='lat' dir='ltr'><em>Milia</em></span> <span class='ocrx_word' id='word_1_1057' title='bbox 1513 2485 1662 2517; x_wconf 85' lang='lat' dir='ltr'><em>Librarum</em></span> <span class='ocrx_word' id='word_1_1058' title='bbox 1678 2486 1906 2526; x_wconf 86' lang='lat' dir='ltr'><em>Turonensium,</em></span> <span class='ocrx_word' id='word_1_1059' title='bbox 1923 2489 2073 2529; x_wconf 91' lang='lat' dir='ltr'><em>videlicet,</em></span> <span class='ocrx_word' id='word_1_1060' title='bbox 2090 2490 2126 2521; x_wconf 94' lang='lat' dir='ltr'><em>de</em></span> <span class='ocrx_word' id='word_1_1061' title='bbox 2134 2491 2254 2523; x_wconf 80' lang='lat' dir='ltr'><em>Moneta</em></span> <span class='ocrx_word' id='word_1_1062' title='bbox 2263 2493 2338 2524; x_wconf 93' lang='lat' dir='ltr'><em>Cur-</em></span> 
     </span>
     <span class='ocr_line' id='line_1_148' title="bbox 1264 2523 2337 2570; baseline 0.011 -19"><span class='ocrx_word' id='word_1_1063' title='bbox 1264 2534 1344 2555; x_wconf 78' lang='lat' dir='ltr'><em>rente</em></span> <span class='ocrx_word' id='word_1_1064' title='bbox 1366 2523 1395 2552; x_wconf 88' lang='lat' dir='ltr'><em>in</em></span> <span class='ocrx_word' id='word_1_1065' title='bbox 1411 2523 1542 2562; x_wconf 84' lang='lat' dir='ltr'><em>Francia,</em></span> <span class='ocrx_word' id='word_1_1066' title='bbox 1560 2534 1609 2562; x_wconf 92' lang='lat' dir='ltr'><em>per</em></span> <span class='ocrx_word' id='word_1_1067' title='bbox 1631 2535 1758 2565; x_wconf 86' lang='lat' dir='ltr'><em>annum,</em></span> <span class='ocrx_word' id='word_1_1068' title='bbox 1782 2526 1849 2556; x_wconf 90' lang='lat' dir='ltr'><em>ultra</em></span> <span class='ocrx_word' id='word_1_1069' title='bbox 1873 2527 2000 2558; x_wconf 90' lang='lat' dir='ltr'><em>Feodum</em></span> <span class='ocrx_word' id='word_1_1070' title='bbox 2022 2528 2228 2567; x_wconf 63' lang='lat' dir='ltr'><em>supradictum:</em></span> <span class='ocrx_word' id='word_1_1071' title='bbox 2249 2531 2337 2570; x_wconf 84' lang='lat' dir='ltr'><em>Super</em></span> 
     </span>
     <span class='ocr_line' id='line_1_149' title="bbox 1265 2562 2336 2603; baseline 0.011 -13"><span class='ocrx_word' id='word_1_1072' title='bbox 1265 2564 1321 2602; x_wconf 60' lang='lat' dir='ltr'><em>quii</em></span> <span class='ocrx_word' id='word_1_1073' title='bbox 1349 2562 1459 2592; x_wconf 70' lang='lat' dir='ltr'><em>summa</em></span> <span class='ocrx_word' id='word_1_1074' title='bbox 1493 2562 1571 2593; x_wconf 86' lang='lat' dir='ltr'><em>idern</em></span> <span class='ocrx_word' id='word_1_1075' title='bbox 1596 2563 1736 2594; x_wconf 87' lang='lat' dir='ltr'><em>Antonius</em></span> <span class='ocrx_word' id='word_1_1076' title='bbox 1763 2563 1918 2602; x_wconf 89' lang='lat' dir='ltr'><em>sumptibus</em></span> <span class='ocrx_word' id='word_1_1077' title='bbox 1946 2567 1996 2596; x_wconf 89' lang='lat' dir='ltr'><em>suis</em></span> <span class='ocrx_word' id='word_1_1078' title='bbox 2017 2569 2069 2598; x_wconf 87' lang='lat' dir='ltr'><em>erit</em></span> <span class='ocrx_word' id='word_1_1079' title='bbox 2088 2568 2122 2598; x_wconf 88' lang='lat' dir='ltr'><em>ad</em></span> <span class='ocrx_word' id='word_1_1080' title='bbox 2151 2568 2336 2603; x_wconf 85' lang='lat' dir='ltr'><em>Parliamenta</em></span> 
     </span>
     <span class='ocr_line' id='line_1_150' title="bbox 1265 2602 2332 2671; baseline 0.008 -40"><span class='ocrx_word' id='word_1_1081' title='bbox 1265 2603 1390 2671; x_wconf 53' lang='lat' dir='ltr'><em>Ffiaiiciae</em></span> <span class='ocrx_word' id='word_1_1082' title='bbox 1407 2623 1417 2640; x_wconf 66' lang='lat'>2</span> <span class='ocrx_word' id='word_1_1083' title='bbox 1439 2602 1564 2641; x_wconf 86' lang='lat' dir='ltr'><em>quotiens</em></span> <span class='ocrx_word' id='word_1_1084' title='bbox 1585 2603 1698 2634; x_wconf 67' lang='lat' dir='ltr'><em>neceffie</em></span> <span class='ocrx_word' id='word_1_1085' title='bbox 1719 2602 1908 2641; x_wconf 80' lang='lat' dir='ltr'><em>fuerittipsum</em></span> <span class='ocrx_word' id='word_1_1086' title='bbox 1927 2604 2010 2636; x_wconf 69' lang='lat' dir='ltr'><em>distis</em></span> <span class='ocrx_word' id='word_1_1087' title='bbox 2032 2605 2222 2639; x_wconf 86' lang='lat' dir='ltr'><em>Parliamentis</em></span> <span class='ocrx_word' id='word_1_1088' title='bbox 2246 2610 2332 2640; x_wconf 89' lang='lat' dir='ltr'><em>inter-</em></span> 
     </span>
     <span class='ocr_line' id='line_1_151' title="bbox 1264 2651 1336 2673; baseline 0.014 -2"><span class='ocrx_word' id='word_1_1089' title='bbox 1264 2651 1280 2671; x_wconf 94' lang='lat' dir='ltr'><em>e</em></span> <span class='ocrx_word' id='word_1_1090' title='bbox 1305 2651 1336 2673; x_wconf 89' lang='lat' dir='ltr'><em>e:</em></span> 
     </span>
    </p>

    <p class='ocr_par' dir='ltr' id='par_1_51' title="bbox 1263 2679 2339 3030">
     <span class='ocr_line' id='line_1_152' title="bbox 1302 2679 2339 2726; baseline 0.006 -15"><span class='ocrx_word' id='word_1_1091' title='bbox 1302 2679 1529 2712; x_wconf 80' lang='lat' dir='ltr'><em>Concesserimus</em></span> <span class='ocrx_word' id='word_1_1092' title='bbox 1543 2681 1650 2720; x_wconf 85' lang='lat' dir='ltr'><em>insuper</em></span> <span class='ocrx_word' id='word_1_1093' title='bbox 1663 2681 1743 2721; x_wconf 77' lang='lat' dir='ltr'><em>quod</em></span> <span class='ocrx_word' id='word_1_1094' title='bbox 1758 2681 1849 2713; x_wconf 67' lang='lat' dir='ltr'><em>dietus</em></span> <span class='ocrx_word' id='word_1_1095' title='bbox 1865 2682 2006 2714; x_wconf 89' lang='lat' dir='ltr'><em>Antonius</em></span> <span class='ocrx_word' id='word_1_1096' title='bbox 2017 2682 2133 2724; x_wconf 85' lang='lat' dir='ltr'><em>habeat,</em></span> <span class='ocrx_word' id='word_1_1097' title='bbox 2150 2685 2339 2726; x_wconf 85' lang='lat' dir='ltr'><em>&amp;percipiat‚</em></span> 
     </span>
     <span class='ocr_line' id='line_1_153' title="bbox 1266 2719 2339 2762; baseline 0.005 -11"><span class='ocrx_word' id='word_1_1098' title='bbox 1266 2719 1335 2751; x_wconf 85' lang='lat' dir='ltr'><em>ultra</em></span> <span class='ocrx_word' id='word_1_1099' title='bbox 1353 2721 1471 2752; x_wconf 87' lang='lat' dir='ltr'><em>summas</em></span> <span class='ocrx_word' id='word_1_1100' title='bbox 1492 2720 1675 2760; x_wconf 64' lang='lat' dir='ltr'><em>supradidtas,</em></span> <span class='ocrx_word' id='word_1_1101' title='bbox 1702 2721 1877 2752; x_wconf 86' lang='lat' dir='ltr'><em>rationabiles</em></span> <span class='ocrx_word' id='word_1_1102' title='bbox 1900 2721 2036 2760; x_wconf 73' lang='lat' dir='ltr'><em>Expenfiis</em></span> <span class='ocrx_word' id='word_1_1103' title='bbox 2054 2721 2129 2762; x_wconf 85' lang='lat' dir='ltr'><em>suas,</em></span> <span class='ocrx_word' id='word_1_1104' title='bbox 2150 2733 2199 2762; x_wconf 91' lang='lat' dir='ltr'><em>per</em></span> <span class='ocrx_word' id='word_1_1105' title='bbox 2219 2734 2339 2756; x_wconf 87' lang='lat' dir='ltr'><em>manum</em></span> 
     </span>
     <span class='ocr_line' id='line_1_154' title="bbox 1267 2759 2337 2800; baseline 0.005 -11"><span class='ocrx_word' id='word_1_1106' title='bbox 1267 2759 1339 2790; x_wconf 70' lang='lat' dir='ltr'><em>dieii</em></span> <span class='ocrx_word' id='word_1_1107' title='bbox 1354 2759 1582 2799; x_wconf 88' lang='lat' dir='ltr'><em>Constabularii,</em></span> <span class='ocrx_word' id='word_1_1108' title='bbox 1599 2760 1645 2790; x_wconf 90' lang='lat' dir='ltr'><em>vel</em></span> <span class='ocrx_word' id='word_1_1109' title='bbox 1666 2760 1723 2797; x_wconf 87' lang='lat' dir='ltr'><em>ejus</em></span> <span class='ocrx_word' id='word_1_1110' title='bbox 1740 2760 1879 2798; x_wconf 85' lang='lat' dir='ltr'><em>mandati,</em></span> <span class='ocrx_word' id='word_1_1111' title='bbox 1896 2761 2150 2800; x_wconf 88' lang='lat' dir='ltr'><em>quotienscumque</em></span> <span class='ocrx_word' id='word_1_1112' title='bbox 2170 2762 2259 2800; x_wconf 90' lang='lat' dir='ltr'><em>ipsum</em></span> <span class='ocrx_word' id='word_1_1113' title='bbox 2275 2763 2337 2794; x_wconf 84' lang='lat' dir='ltr'><em>An·-</em></span> 
     </span>
     <span class='ocr_line' id='line_1_155' title="bbox 1264 2797 2336 2840; baseline 0.005 -12"><span class='ocrx_word' id='word_1_1114' title='bbox 1264 2799 1393 2837; x_wconf 88' lang='lat' dir='ltr'><em>tonium,</em></span> <span class='ocrx_word' id='word_1_1115' title='bbox 1412 2798 1598 2829; x_wconf 83' lang='lat' dir='ltr'><em>Senescallum</em></span> <span class='ocrx_word' id='word_1_1116' title='bbox 1616 2798 1635 2817; x_wconf 65' lang='lat'><em>²*</em></span> <span class='ocrx_word' id='word_1_1117' title='bbox 1653 2797 1799 2837; x_wconf 90' lang='lat' dir='ltr'><em>nostrum,</em></span> <span class='ocrx_word' id='word_1_1118' title='bbox 1827 2798 1895 2829; x_wconf 86' lang='lat' dir='ltr'><em>alibi</em></span> <span class='ocrx_word' id='word_1_1119' title='bbox 1910 2809 1960 2836; x_wconf 92' lang='lat' dir='ltr'><em>pro</em></span> <span class='ocrx_word' id='word_1_1120' title='bbox 1976 2799 2074 2829; x_wconf 87' lang='lat' dir='ltr'><em>nostris</em></span> <span class='ocrx_word' id='word_1_1121' title='bbox 2096 2801 2212 2838; x_wconf 85' lang='lat' dir='ltr'><em>agendis</em></span> <span class='ocrx_word' id='word_1_1122' title='bbox 2226 2824 2237 2840; x_wconf 84' lang='lat'><em>,</em></span> <span class='ocrx_word' id='word_1_1123' title='bbox 2261 2810 2336 2834; x_wconf 80' lang='lat' dir='ltr'><em>extra</em></span> 
     </span>
     <span class='ocr_line' id='line_1_156' title="bbox 1266 2836 2336 2877; baseline 0.004 -10"><span class='ocrx_word' id='word_1_1124' title='bbox 1266 2836 1372 2867; x_wconf 65' lang='lat' dir='ltr'><em>dietam</em></span> <span class='ocrx_word' id='word_1_1125' title='bbox 1389 2836 1591 2867; x_wconf 80' lang='lat' dir='ltr'><em>Senescalciam</em></span> <span class='ocrx_word' id='word_1_1126' title='bbox 1605 2837 1759 2874; x_wconf 88' lang='lat' dir='ltr'><em>contigerit</em></span> <span class='ocrx_word' id='word_1_1127' title='bbox 1772 2836 1931 2876; x_wconf 73' lang='lat' dir='ltr'><em>proficisci,</em></span> <span class='ocrx_word' id='word_1_1128' title='bbox 1948 2838 1981 2868; x_wconf 91' lang='lat'>&amp;</span> <span class='ocrx_word' id='word_1_1129' title='bbox 1995 2848 2062 2877; x_wconf 88' lang='lat' dir='ltr'><em>quas</em></span> <span class='ocrx_word' id='word_1_1130' title='bbox 2082 2838 2112 2869; x_wconf 89' lang='lat' dir='ltr'><em>in</em></span> <span class='ocrx_word' id='word_1_1131' title='bbox 2133 2839 2213 2870; x_wconf 73' lang='lat' dir='ltr'><em>faffls</em></span> <span class='ocrx_word' id='word_1_1132' title='bbox 2228 2839 2336 2871; x_wconf 91' lang='lat' dir='ltr'><em>Armo-</em></span> 
     </span>
     <span class='ocr_line' id='line_1_157' title="bbox 1264 2874 2336 2915; baseline 0.005 -10"><span class='ocrx_word' id='word_1_1133' title='bbox 1264 2885 1328 2906; x_wconf 88' lang='lat' dir='ltr'><em>rum</em></span> <span class='ocrx_word' id='word_1_1134' title='bbox 1364 2875 1397 2906; x_wconf 90' lang='lat'>&amp;</span> <span class='ocrx_word' id='word_1_1135' title='bbox 1411 2875 1468 2905; x_wconf 88' lang='lat' dir='ltr'><em>aliis</em></span> <span class='ocrx_word' id='word_1_1136' title='bbox 1482 2875 1699 2906; x_wconf 77' lang='lat' dir='ltr'><em>extraordinariis</em></span> <span class='ocrx_word' id='word_1_1137' title='bbox 1712 2874 1807 2906; x_wconf 85' lang='lat' dir='ltr'><em>Causis</em></span> <span class='ocrx_word' id='word_1_1138' title='bbox 1818 2875 1863 2906; x_wconf 89' lang='lat' dir='ltr'><em>seu</em></span> <span class='ocrx_word' id='word_1_1139' title='bbox 1878 2875 2035 2915; x_wconf 87' lang='lat' dir='ltr'><em>Negotiis,</em></span> <span class='ocrx_word' id='word_1_1140' title='bbox 2050 2877 2128 2915; x_wconf 83' lang='lat' dir='ltr'><em>juxta</em></span> <span class='ocrx_word' id='word_1_1141' title='bbox 2141 2877 2336 2911; x_wconf 88' lang='lat' dir='ltr'><em>discretionem</em></span> 
     </span>
     <span class='ocr_line' id='line_1_158' title="bbox 1263 2897 2336 2955; baseline 0.004 -11"><span class='ocrx_word' id='word_1_1142' title='bbox 1263 2915 1299 2945; x_wconf 76' lang='grc' dir='ltr'><em>δε</em></span> <span class='ocrx_word' id='word_1_1143' title='bbox 1315 2897 1474 2944; x_wconf 75' lang='lat' dir='ltr'><em>C&#39;oniilium</em></span> <span class='ocrx_word' id='word_1_1144' title='bbox 1488 2913 1613 2944; x_wconf 88' lang='lat' dir='ltr'><em>fidelium</em></span> <span class='ocrx_word' id='word_1_1145' title='bbox 1629 2913 1806 2952; x_wconf 82' lang='lat' dir='ltr'><em>nostrorum,</em></span> <span class='ocrx_word' id='word_1_1146' title='bbox 1823 2914 1859 2944; x_wconf 89' lang='lat' dir='ltr'><em>de</em></span> <span class='ocrx_word' id='word_1_1147' title='bbox 1872 2913 2008 2945; x_wconf 88' lang='lat' dir='ltr'><em>Concilio</em></span> <span class='ocrx_word' id='word_1_1148' title='bbox 2026 2914 2139 2954; x_wconf 87' lang='lat' dir='ltr'><em>nostro,</em></span> <span class='ocrx_word' id='word_1_1149' title='bbox 2163 2917 2192 2947; x_wconf 92' lang='lat' dir='ltr'><em>in</em></span> <span class='ocrx_word' id='word_1_1150' title='bbox 2215 2919 2336 2955; x_wconf 85' lang='lat' dir='ltr'><em>partibus</em></span> 
     </span>
     <span class='ocr_line' id='line_1_159' title="bbox 1264 2952 2336 2990; baseline 0.007 -9"><span class='ocrx_word' id='word_1_1151' title='bbox 1264 2952 1316 2982; x_wconf 89' lang='lat' dir='ltr'><em>illis</em></span> <span class='ocrx_word' id='word_1_1152' title='bbox 1330 2952 1524 2990; x_wconf 80' lang='lat' dir='ltr'><em>existentium,</em></span> <span class='ocrx_word' id='word_1_1153' title='bbox 1543 2962 1597 2990; x_wconf 90' lang='lat' dir='ltr'><em>pro</em></span> <span class='ocrx_word' id='word_1_1154' title='bbox 1605 2952 1667 2990; x_wconf 89' lang='lat' dir='ltr'><em>jure</em></span> <span class='ocrx_word' id='word_1_1155' title='bbox 1682 2953 1715 2983; x_wconf 90' lang='lat'>&amp;</span> <span class='ocrx_word' id='word_1_1156' title='bbox 1729 2952 1836 2983; x_wconf 90' lang='lat' dir='ltr'><em>honore</em></span> <span class='ocrx_word' id='word_1_1157' title='bbox 1852 2952 1940 2983; x_wconf 90' lang='lat' dir='ltr'><em>nostri</em></span> <span class='ocrx_word' id='word_1_1158' title='bbox 1954 2953 2096 2985; x_wconf 87' lang='lat' dir='ltr'><em>habendas</em></span> <span class='ocrx_word' id='word_1_1159' title='bbox 2109 2954 2154 2986; x_wconf 88' lang='lat' dir='ltr'><em>vel</em></span> <span class='ocrx_word' id='word_1_1160' title='bbox 2168 2955 2336 2988; x_wconf 85' lang='lat' dir='ltr'><em>conservan-</em></span> 
     </span>
     <span class='ocr_line' id='line_1_160' title="bbox 1263 2990 1605 3030; baseline 0.003 -10"><span class='ocrx_word' id='word_1_1161' title='bbox 1263 2990 1328 3030; x_wconf 85' lang='lat' dir='ltr'><em>das,</em></span> <span class='ocrx_word' id='word_1_1162' title='bbox 1346 2991 1445 3022; x_wconf 85' lang='lat' dir='ltr'><em>viderit</em></span> <span class='ocrx_word' id='word_1_1163' title='bbox 1458 2990 1605 3021; x_wconf 85' lang='lat' dir='ltr'><em>faciendas.</em></span> 
     </span>
    </p>

    <p class='ocr_par' dir='ltr' id='par_1_52' title="bbox 1262 3028 2332 3182">
     <span class='ocr_line' id='line_1_161' title="bbox 1300 3028 2332 3069; baseline 0.005 -10"><span class='ocrx_word' id='word_1_1164' title='bbox 1300 3028 1341 3061; x_wconf 88' lang='lat' dir='ltr'><em>Ita</em></span> <span class='ocrx_word' id='word_1_1165' title='bbox 1355 3038 1448 3060; x_wconf 88' lang='lat' dir='ltr'><em>tamen</em></span> <span class='ocrx_word' id='word_1_1166' title='bbox 1463 3029 1542 3068; x_wconf 82' lang='lat' dir='ltr'><em>quod</em></span> <span class='ocrx_word' id='word_1_1167' title='bbox 1557 3029 1635 3060; x_wconf 88' lang='lat' dir='ltr'><em>idem</em></span> <span class='ocrx_word' id='word_1_1168' title='bbox 1656 3028 1813 3068; x_wconf 83' lang='lat' dir='ltr'><em>Antonius,</em></span> <span class='ocrx_word' id='word_1_1169' title='bbox 1832 3029 1903 3060; x_wconf 77' lang='lat' dir='ltr'><em>dum</em></span> <span class='ocrx_word' id='word_1_1170' title='bbox 1926 3039 2000 3062; x_wconf 77' lang='lat' dir='ltr'><em>extra</em></span> <span class='ocrx_word' id='word_1_1171' title='bbox 2022 3031 2108 3069; x_wconf 88' lang='lat' dir='ltr'><em>ipsam</em></span> <span class='ocrx_word' id='word_1_1172' title='bbox 2129 3031 2332 3064; x_wconf 87' lang='lat' dir='ltr'><em>Senescalciam</em></span> 
     </span>
     <span class='ocr_line' id='line_1_162' title="bbox 1263 3067 2331 3109; baseline 0.003 -12"><span class='ocrx_word' id='word_1_1173' title='bbox 1263 3067 1362 3107; x_wconf 85' lang='lat' dir='ltr'><em>fuerit,</em></span> <span class='ocrx_word' id='word_1_1174' title='bbox 1379 3068 1414 3098; x_wconf 92' lang='lat' dir='ltr'><em>de</em></span> <span class='ocrx_word' id='word_1_1175' title='bbox 1429 3067 1512 3099; x_wconf 68' lang='lat' dir='ltr'><em>dietis</em></span> <span class='ocrx_word' id='word_1_1176' title='bbox 1532 3068 1620 3098; x_wconf 81' lang='lat' dir='ltr'><em>vadiis</em></span> <span class='ocrx_word' id='word_1_1177' title='bbox 1637 3067 1689 3098; x_wconf 88' lang='lat' dir='ltr'><em>suis</em></span> <span class='ocrx_word' id='word_1_1178' title='bbox 1709 3068 1840 3099; x_wconf 88' lang='lat' dir='ltr'><em>Duarum</em></span> <span class='ocrx_word' id='word_1_1179' title='bbox 1863 3069 1982 3100; x_wconf 88' lang='lat' dir='ltr'><em>Milium</em></span> <span class='ocrx_word' id='word_1_1180' title='bbox 2002 3069 2170 3109; x_wconf 86' lang='lat' dir='ltr'><em>Librarum,</em></span> <span class='ocrx_word' id='word_1_1181' title='bbox 2193 3071 2259 3109; x_wconf 89' lang='lat' dir='ltr'><em>illis,</em></span> <span class='ocrx_word' id='word_1_1182' title='bbox 2284 3072 2331 3109; x_wconf 89' lang='lat' dir='ltr'><em>qui</em></span> 
     </span>
     <span class='ocr_line' id='line_1_163' title="bbox 1263 3105 2332 3148; baseline 0.004 -13"><span class='ocrx_word' id='word_1_1183' title='bbox 1263 3105 1380 3137; x_wconf 91' lang='lat' dir='ltr'><em>Locum</em></span> <span class='ocrx_word' id='word_1_1184' title='bbox 1396 3106 1476 3137; x_wconf 90' lang='lat' dir='ltr'><em>suum</em></span> <span class='ocrx_word' id='word_1_1185' title='bbox 1490 3108 1631 3137; x_wconf 89' lang='lat' dir='ltr'><em>tenuerint</em></span> <span class='ocrx_word' id='word_1_1186' title='bbox 1647 3107 1676 3136; x_wconf 92' lang='lat' dir='ltr'><em>in</em></span> <span class='ocrx_word' id='word_1_1187' title='bbox 1696 3107 1795 3137; x_wconf 87' lang='lat' dir='ltr'><em>eadem</em></span> <span class='ocrx_word' id='word_1_1188' title='bbox 1810 3107 2003 3146; x_wconf 66' lang='lat' dir='ltr'><em>Senescalcia,</em></span> <span class='ocrx_word' id='word_1_1189' title='bbox 2023 3116 2146 3139; x_wconf 88' lang='lat' dir='ltr'><em>teneatur</em></span> <span class='ocrx_word' id='word_1_1190' title='bbox 2167 3109 2332 3148; x_wconf 81' lang='lat' dir='ltr'><em>providere,</em></span> 
     </span>
     <span class='ocr_line' id='line_1_164' title="bbox 1262 3144 1773 3182; baseline 0 -7"><span class='ocrx_word' id='word_1_1191' title='bbox 1262 3144 1306 3175; x_wconf 89' lang='lat' dir='ltr'><em>seu</em></span> <span class='ocrx_word' id='word_1_1192' title='bbox 1322 3145 1403 3176; x_wconf 87' lang='lat' dir='ltr'><em>vadia</em></span> <span class='ocrx_word' id='word_1_1193' title='bbox 1418 3146 1607 3182; x_wconf 90' lang='lat' dir='ltr'><em>competentia</em></span> <span class='ocrx_word' id='word_1_1194' title='bbox 1622 3144 1773 3182; x_wconf 76' lang='lat' dir='ltr'><em>assignare:</em></span> 
     </span>
    </p>

    <p class='ocr_par' dir='ltr' id='par_1_53' title="bbox 1262 3183 2333 3369">
     <span class='ocr_line' id='line_1_165' title="bbox 1303 3183 2332 3225; baseline 0.003 -12"><span class='ocrx_word' id='word_1_1195' title='bbox 1303 3183 1396 3214; x_wconf 88' lang='lat' dir='ltr'><em>Vobis</em></span> <span class='ocrx_word' id='word_1_1196' title='bbox 1410 3184 1576 3214; x_wconf 86' lang='lat' dir='ltr'><em>mandamus</em></span> <span class='ocrx_word' id='word_1_1197' title='bbox 1591 3183 1669 3222; x_wconf 62' lang='lat' dir='ltr'><em>quiid</em></span> <span class='ocrx_word' id='word_1_1198' title='bbox 1682 3184 1775 3214; x_wconf 89' lang='lat' dir='ltr'><em>eidem</em></span> <span class='ocrx_word' id='word_1_1199' title='bbox 1791 3183 1916 3215; x_wconf 90' lang='lat' dir='ltr'><em>Antonio</em></span> <span class='ocrx_word' id='word_1_1200' title='bbox 1932 3183 2067 3221; x_wconf 66' lang='lat' dir='ltr'><em>praedieta</em></span> <span class='ocrx_word' id='word_1_1201' title='bbox 2080 3183 2176 3223; x_wconf 82' lang='lat' dir='ltr'><em>vadia,</em></span> <span class='ocrx_word' id='word_1_1202' title='bbox 2194 3185 2227 3216; x_wconf 70' lang='grc' dir='ltr'><em>ὃ(</em></span> <span class='ocrx_word' id='word_1_1203' title='bbox 2237 3185 2332 3225; x_wconf 84' lang='lat' dir='ltr'><em>Qin-</em></span> 
     </span>
     <span class='ocr_line' id='line_1_166' title="bbox 1262 3221 2331 3262; baseline 0.002 -10"><span class='ocrx_word' id='word_1_1204' title='bbox 1262 3233 1317 3261; x_wconf 90' lang='lat' dir='ltr'><em>que</em></span> <span class='ocrx_word' id='word_1_1205' title='bbox 1334 3222 1417 3252; x_wconf 86' lang='lat' dir='ltr'><em>Milia</em></span> <span class='ocrx_word' id='word_1_1206' title='bbox 1432 3222 1578 3252; x_wconf 84' lang='lat' dir='ltr'><em>Librarum</em></span> <span class='ocrx_word' id='word_1_1207' title='bbox 1593 3223 1823 3261; x_wconf 88' lang='lat' dir='ltr'><em>Turonenfium,</em></span> <span class='ocrx_word' id='word_1_1208' title='bbox 1841 3232 1874 3253; x_wconf 86' lang='lat' dir='ltr'><em>ac</em></span> <span class='ocrx_word' id='word_1_1209' title='bbox 1889 3222 2016 3259; x_wconf 76' lang='lat' dir='ltr'><em>expensas</em></span> <span class='ocrx_word' id='word_1_1210' title='bbox 2031 3221 2190 3260; x_wconf 84' lang='lat' dir='ltr'><em>hujusmodi</em></span> <span class='ocrx_word' id='word_1_1211' title='bbox 2205 3223 2331 3262; x_wconf 80' lang='lat' dir='ltr'><em>solvatis,</em></span> 
     </span>
     <span class='ocr_line' id='line_1_167' title="bbox 1262 3259 2332 3301; baseline 0 -9"><span class='ocrx_word' id='word_1_1212' title='bbox 1262 3269 1345 3300; x_wconf 88' lang='lat' dir='ltr'><em>prout</em></span> <span class='ocrx_word' id='word_1_1213' title='bbox 1358 3271 1408 3301; x_wconf 91' lang='lat' dir='ltr'><em>per</em></span> <span class='ocrx_word' id='word_1_1214' title='bbox 1420 3260 1476 3291; x_wconf 88' lang='lat' dir='ltr'><em>suas</em></span> <span class='ocrx_word' id='word_1_1215' title='bbox 1489 3259 1617 3291; x_wconf 83' lang='lat' dir='ltr'><em>Patentes</em></span> <span class='ocrx_word' id='word_1_1216' title='bbox 1640 3261 1743 3291; x_wconf 85' lang='lat' dir='ltr'><em>Literas</em></span> <span class='ocrx_word' id='word_1_1217' title='bbox 1760 3272 1810 3291; x_wconf 85' lang='lat' dir='ltr'><em>vos</em></span> <span class='ocrx_word' id='word_1_1218' title='bbox 1832 3261 1898 3290; x_wconf 78' lang='lat' dir='ltr'><em>inde</em></span> <span class='ocrx_word' id='word_1_1219' title='bbox 1913 3261 2081 3298; x_wconf 84' lang='lat' dir='ltr'><em>requisierit,</em></span> <span class='ocrx_word' id='word_1_1220' title='bbox 2100 3260 2282 3300; x_wconf 74' lang='lat' dir='ltr'><em>Ministretis3</em></span> <span class='ocrx_word' id='word_1_1221' title='bbox 2298 3263 2332 3292; x_wconf 86' lang='lat'>&amp;</span> 
     </span>
     <span class='ocr_line' id='line_1_168' title="bbox 1262 3299 2333 3368; baseline 0 -38"><span class='ocrx_word' id='word_1_1222' title='bbox 1262 3310 1314 3368; x_wconf 47' lang='lat' dir='ltr'><em>{ios</em></span> <span class='ocrx_word' id='word_1_1223' title='bbox 1333 3300 1415 3330; x_wconf 88' lang='lat' dir='ltr'><em>vobis</em></span> <span class='ocrx_word' id='word_1_1224' title='bbox 1437 3299 1521 3337; x_wconf 75' lang='lat' dir='ltr'><em>inde,</em></span> <span class='ocrx_word' id='word_1_1225' title='bbox 1536 3299 1564 3328; x_wconf 85' lang='lat' dir='ltr'><em>in</em></span> <span class='ocrx_word' id='word_1_1226' title='bbox 1584 3308 1724 3338; x_wconf 88' lang='lat' dir='ltr'><em>compoto</em></span> <span class='ocrx_word' id='word_1_1227' title='bbox 1739 3299 1849 3337; x_wconf 88' lang='lat' dir='ltr'><em>vestro,</em></span> <span class='ocrx_word' id='word_1_1228' title='bbox 1866 3299 1991 3329; x_wconf 80' lang='lat' dir='ltr'><em>debitam</em></span> <span class='ocrx_word' id='word_1_1229' title='bbox 2012 3299 2209 3330; x_wconf 86' lang='lat' dir='ltr'><em>allocationem</em></span> <span class='ocrx_word' id='word_1_1230' title='bbox 2232 3300 2333 3331; x_wconf 84' lang='lat' dir='ltr'><em>habere</em></span> 
     </span>
     <span class='ocr_line' id='line_1_169' title="bbox 1275 3348 1405 3369; baseline -0.008 -1"><span class='ocrx_word' id='word_1_1231' title='bbox 1275 3348 1405 3369; x_wconf 85' lang='lat' dir='ltr'><em>aciemus.</em></span> 
     </span>
    </p>

    <p class='ocr_par' dir='ltr' id='par_1_54' title="bbox 1299 3375 2149 3415">
     <span class='ocr_line' id='line_1_170' title="bbox 1299 3375 2149 3415; baseline -0.002 -7"><span class='ocrx_word' id='word_1_1232' title='bbox 1299 3376 1368 3408; x_wconf 83' lang='lat' dir='ltr'><em>Dat.</em></span> <span class='ocrx_word' id='word_1_1233' title='bbox 1387 3375 1461 3415; x_wconf 85' lang='lat' dir='ltr'><em>apud</em></span> <span class='ocrx_word' id='word_1_1234' title='bbox 1476 3375 1780 3415; x_wconf 84' lang='lat' dir='ltr'><em>Westmonasterium‚</em></span> <span class='ocrx_word' id='word_1_1235' title='bbox 1798 3376 1879 3407; x_wconf 87' lang='lat' dir='ltr'><em>tertio</em></span> <span class='ocrx_word' id='word_1_1236' title='bbox 1898 3375 1945 3406; x_wconf 88' lang='lat' dir='ltr'><em>die</em></span> <span class='ocrx_word' id='word_1_1237' title='bbox 1960 3375 2149 3407; x_wconf 87' lang='lat' dir='ltr'><em>Novembris.</em></span> 
     </span>
    </p>
   </div>
   <div class='ocr_carea' id='block_1_37' title="bbox 2374 2794 2469 2870">
    <p class='ocr_par' dir='ltr' id='par_1_55' title="bbox 2374 2794 2469 2870">
     <span class='ocr_line' id='line_1_171' title="bbox 2374 2794 2469 2825; baseline 0.011 -1"><span class='ocrx_word' id='word_1_1238' title='bbox 2374 2794 2394 2816; x_wconf 58' lang='grc' dir='ltr'><em>*Ρ</em></span> <span class='ocrx_word' id='word_1_1239' title='bbox 2411 2797 2469 2825; x_wconf 87' lang='lat'><em>111.</em></span> 
     </span>
     <span class='ocr_line' id='line_1_172' title="bbox 2388 2836 2452 2870; baseline -0.016 -7"><span class='ocrx_word' id='word_1_1240' title='bbox 2388 2836 2452 2870; x_wconf 83' lang='lat'><em>672.</em></span> 
     </span>
    </p>
   </div>
   <div class='ocr_carea' id='block_1_38' title="bbox 1743 3450 2200 3491">
    <p class='ocr_par' dir='ltr' id='par_1_56' title="bbox 1743 3450 2200 3491">
     <span class='ocr_line' id='line_1_173' title="bbox 1743 3450 2200 3491; baseline 0 -9"><span class='ocrx_word' id='word_1_1241' title='bbox 1743 3455 1796 3483; x_wconf 86' lang='lat' dir='ltr'><em>Per</em></span> <span class='ocrx_word' id='word_1_1242' title='bbox 1815 3455 1907 3483; x_wconf 80' lang='lat' dir='ltr'><em>Breve</em></span> <span class='ocrx_word' id='word_1_1243' title='bbox 1926 3453 1958 3483; x_wconf 83' lang='lat' dir='ltr'><em>de</em></span> <span class='ocrx_word' id='word_1_1244' title='bbox 1970 3456 2084 3491; x_wconf 77' lang='lat' dir='ltr'><em>privato</em></span> <span class='ocrx_word' id='word_1_1245' title='bbox 2104 3450 2200 3489; x_wconf 49' lang='lat' dir='ltr'><em>sigillo.</em></span> 
     </span>
    </p>
   </div>
   <div class='ocr_carea' id='block_1_39' title="bbox 1401 3584 2183 3635">
    <p class='ocr_par' dir='ltr' id='par_1_57' title="bbox 1401 3584 2183 3635">
     <span class='ocr_line' id='line_1_174' title="bbox 1401 3584 2183 3635; baseline -0.006 -10"><span class='ocrx_word' id='word_1_1246' title='bbox 1401 3593 1451 3625; x_wconf 82' lang='lat' dir='ltr'><em>De</em></span> <span class='ocrx_word' id='word_1_1247' title='bbox 1473 3589 1582 3634; x_wconf 76' lang='lat' dir='ltr'><em>Castris</em></span> <span class='ocrx_word' id='word_1_1248' title='bbox 1605 3588 1728 3635; x_wconf 66' lang='lat' dir='ltr'><em>obseffis,</em></span> <span class='ocrx_word' id='word_1_1249' title='bbox 1750 3600 1801 3635; x_wconf 85' lang='lat' dir='ltr'><em>per</em></span> <span class='ocrx_word' id='word_1_1250' title='bbox 1826 3591 1970 3621; x_wconf 80' lang='lat' dir='ltr'><em>Comitem</em></span> <span class='ocrx_word' id='word_1_1251' title='bbox 1996 3584 2183 3630; x_wconf 73' lang='lat' dir='ltr'><em>Lancastriae.</em></span> 
     </span>
    </p>
   </div>
   <div class='ocr_carea' id='block_1_40' title="bbox 1258 3671 2486 4088">
    <p class='ocr_par' dir='ltr' id='par_1_58' title="bbox 1258 3671 2482 3745">
     <span class='ocr_line' id='line_1_175' title="bbox 1258 3671 2482 3745; baseline -0.007 -35"><span class='ocrx_word' id='word_1_1252' title='bbox 1258 3676 1396 3737; x_wconf 81' lang='lat' dir='ltr'><em>REX,</em></span> <span class='ocrx_word' id='word_1_1253' title='bbox 1406 3676 1521 3745; x_wconf 42' lang='lat' dir='ltr'><em>&#39;ducito</em></span> <span class='ocrx_word' id='word_1_1254' title='bbox 1528 3675 1749 3712; x_wconf 89' lang='lat' dir='ltr'><em>Consanguiiieo</em></span> <span class='ocrx_word' id='word_1_1255' title='bbox 1764 3674 1798 3705; x_wconf 89' lang='lat'>&amp;</span> <span class='ocrx_word' id='word_1_1256' title='bbox 1814 3672 1888 3702; x_wconf 85' lang='lat' dir='ltr'><em>fideli</em></span> <span class='ocrx_word' id='word_1_1257' title='bbox 1902 3671 1968 3711; x_wconf 87' lang='lat' dir='ltr'><em>suo,</em></span> <span class='ocrx_word' id='word_1_1258' title='bbox 1987 3671 2117 3702; x_wconf 82' lang='lat' dir='ltr'><em>Thomae</em></span> <span class='ocrx_word' id='word_1_1259' title='bbox 2130 3671 2328 3704; x_wconf 88' lang='lat' dir='ltr'><em>ComitiLan-</em></span> <span class='ocrx_word' id='word_1_1260' title='bbox 2346 3686 2422 3718; x_wconf 30' lang='lat' dir='ltr'>Ann-</span> <span class='ocrx_word' id='word_1_1261' title='bbox 2440 3687 2482 3719; x_wconf 70' lang='lat' dir='ltr'><em>D..</em></span> 
     </span>
    </p>

    <p class='ocr_par' dir='ltr' id='par_1_59' title="bbox 1258 3715 2486 4021">
     <span class='ocr_line' id='line_1_176' title="bbox 1299 3715 2461 3793; baseline -0.005 -8"><span class='ocrx_word' id='word_1_1262' title='bbox 1299 3715 1649 3785; x_wconf 54' lang='lat' dir='ltr'><em>AriaiicriltaeriimaluAtiidiium</em></span> <span class='ocrx_word' id='word_1_1263' title='bbox 1663 3772 1673 3787; x_wconf 91' lang='lat'><em>,</em></span> <span class='ocrx_word' id='word_1_1264' title='bbox 1697 3750 1820 3786; x_wconf 86' lang='lat' dir='ltr'><em>pluribus</em></span> <span class='ocrx_word' id='word_1_1265' title='bbox 1846 3748 2043 3787; x_wconf 82' lang='lat' dir='ltr'><em>referentibus,</em></span> <span class='ocrx_word' id='word_1_1266' title='bbox 2070 3758 2107 3779; x_wconf 90' lang='lat' dir='ltr'><em>nu</em></span> <span class='ocrx_word' id='word_1_1267' title='bbox 2129 3759 2157 3779; x_wconf 89' lang='lat' dir='ltr'><em>er</em></span> <span class='ocrx_word' id='word_1_1268' title='bbox 2184 3751 2330 3789; x_wconf 86' lang='lat' dir='ltr'><em>pervenit,</em></span> <span class='ocrx_word' id='word_1_1269' title='bbox 2346 3734 2461 3793; x_wconf 39' lang='lat' dir='ltr'><em>Aln3¹171⁴⁸</em></span> 
     </span>
     <span class='ocr_line' id='line_1_177' title="bbox 1258 3787 2417 3831; baseline -0.004 -8"><span class='ocrx_word' id='word_1_1270' title='bbox 1258 3793 1337 3830; x_wconf 82' lang='lat' dir='ltr'><em>quod</em></span> <span class='ocrx_word' id='word_1_1271' title='bbox 1360 3802 1411 3822; x_wconf 93' lang='lat' dir='ltr'><em>vos</em></span> <span class='ocrx_word' id='word_1_1272' title='bbox 1425 3813 1434 3828; x_wconf 83' lang='lat'><em>,</em></span> <span class='ocrx_word' id='word_1_1273' title='bbox 1458 3800 1525 3820; x_wconf 90' lang='lat' dir='ltr'><em>cum</em></span> <span class='ocrx_word' id='word_1_1274' title='bbox 1547 3788 1723 3819; x_wconf 87' lang='lat' dir='ltr'><em>multitudine</em></span> <span class='ocrx_word' id='word_1_1275' title='bbox 1743 3787 1944 3831; x_wconf 75' lang='lat' dir='ltr'><em>Armatorurn‚</em></span> <span class='ocrx_word' id='word_1_1276' title='bbox 1965 3787 2069 3817; x_wconf 85' lang='lat' dir='ltr'><em>diversa</em></span> <span class='ocrx_word' id='word_1_1277' title='bbox 2114 3787 2207 3826; x_wconf 62' lang='lat' dir='ltr'><em>astra,</em></span> <span class='ocrx_word' id='word_1_1278' title='bbox 2224 3788 2328 3822; x_wconf 66' lang='lat' dir='ltr'><em>idilecti</em></span> <span class='ocrx_word' id='word_1_1279' title='bbox 2346 3808 2376 3830; x_wconf 80' lang='lat' dir='ltr'><em>E.</em></span> <span class='ocrx_word' id='word_1_1280' title='bbox 2392 3789 2417 3829; x_wconf 84' lang='grc' dir='ltr'><em>’Ζ</em></span> 
     </span>
     <span class='ocr_line' id='line_1_178' title="bbox 1258 3825 2484 3896; baseline -0.009 -36"><span class='ocrx_word' id='word_1_1281' title='bbox 1258 3829 1516 3875; x_wconf 53' lang='grc' dir='ltr'><em>(ξοηίᾳῃὲυἰηείβε</em></span> <span class='ocrx_word' id='word_1_1282' title='bbox 1529 3827 1614 3856; x_wconf 86' lang='lat' dir='ltr'><em>fidelis</em></span> <span class='ocrx_word' id='word_1_1283' title='bbox 1628 3825 1714 3856; x_wconf 89' lang='lat' dir='ltr'><em>nostri</em></span> <span class='ocrx_word' id='word_1_1284' title='bbox 1724 3848 1733 3863; x_wconf 91' lang='lat'><em>,</em></span> <span class='ocrx_word' id='word_1_1285' title='bbox 1747 3826 1881 3893; x_wconf 78' lang='lat' dir='ltr'><em>Johanniss</em></span> <span class='ocrx_word' id='word_1_1286' title='bbox 1887 3825 2330 3896; x_wconf 50' lang='grc' dir='ltr'><em>ἒᾶὶὲἶαὲἱεὲὶεῦὲὶᾞῑῑίέεὸἒέῐ</em></span> <span class='ocrx_word' id='word_1_1287' title='bbox 2347 3842 2413 3868; x_wconf 83' lang='lat' dir='ltr'><em>Clau</em></span> <span class='ocrx_word' id='word_1_1288' title='bbox 2414 3840 2435 3874; x_wconf 46' lang='lat' dir='ltr'><em>s·</em></span> <span class='ocrx_word' id='word_1_1289' title='bbox 2478 3881 2484 3885; x_wconf 56' lang='lat'><em>,</em></span> 
     </span>
     <span class='ocr_line' id='line_1_179' title="bbox 1258 3864 2486 3946; baseline -0.005 -8"><span class='ocrx_word' id='word_1_1290' title='bbox 1258 3879 1318 3939; x_wconf 53' lang='grc' dir='ltr'><em>Εἷς,</em></span> <span class='ocrx_word' id='word_1_1291' title='bbox 1331 3864 1698 3942; x_wconf 47' lang='lat' dir='ltr'><em>dgtiffgffitagcuaiiiffljrgiirrii&#39;</em></span> <span class='ocrx_word' id='word_1_1292' title='bbox 1709 3865 2008 3946; x_wconf 48' lang='lat' dir='ltr'><em>lillgiitibaoinepartiiius</em></span> <span class='ocrx_word' id='word_1_1293' title='bbox 2023 3902 2075 3933; x_wconf 83' lang='lat' dir='ltr'><em>illis</em></span> <span class='ocrx_word' id='word_1_1294' title='bbox 2095 3875 2217 3942; x_wconf 57' lang='lat' dir='ltr'><em>fegistisj</em></span> <span class='ocrx_word' id='word_1_1295' title='bbox 2231 3904 2261 3933; x_wconf 91' lang='lat' dir='ltr'><em>in</em></span> <span class='ocrx_word' id='word_1_1296' title='bbox 2282 3904 2330 3934; x_wconf 83' lang='lat' dir='ltr'><em>lae-</em></span> <span class='ocrx_word' id='word_1_1297' title='bbox 2346 3882 2442 3945; x_wconf 41' lang='lat' dir='ltr'><em>27¹&#39;ss</em></span> <span class='ocrx_word' id='word_1_1298' title='bbox 2457 3887 2486 3944; x_wconf 56' lang='grc' dir='ltr'><em>ἴ(</em></span> 
     </span>
     <span class='ocr_line' id='line_1_180' title="bbox 1260 3940 2483 3985; baseline -0.021 -10"><span class='ocrx_word' id='word_1_1299' title='bbox 1260 3948 1368 3977; x_wconf 79' lang='lat' dir='ltr'><em>sionem</em></span> <span class='ocrx_word' id='word_1_1300' title='bbox 1387 3943 1462 3981; x_wconf 83' lang='lat' dir='ltr'><em>pacis</em></span> <span class='ocrx_word' id='word_1_1301' title='bbox 1484 3941 1603 3985; x_wconf 71' lang='lat' dir='ltr'><em>nostrae,</em></span> <span class='ocrx_word' id='word_1_1302' title='bbox 1621 3941 1654 3972; x_wconf 88' lang='lat'>&amp;</span> <span class='ocrx_word' id='word_1_1303' title='bbox 1678 3948 1814 3971; x_wconf 88' lang='lat' dir='ltr'><em>terrorem</em></span> <span class='ocrx_word' id='word_1_1304' title='bbox 1832 3940 1926 3979; x_wconf 89' lang='lat' dir='ltr'><em>populi</em></span> <span class='ocrx_word' id='word_1_1305' title='bbox 1948 3940 2036 3971; x_wconf 88' lang='lat' dir='ltr'><em>nostri</em></span> <span class='ocrx_word' id='word_1_1306' title='bbox 2056 3943 2180 3980; x_wconf 79' lang='lat' dir='ltr'><em>partium</em></span> <span class='ocrx_word' id='word_1_1307' title='bbox 2203 3941 2329 3980; x_wconf 72' lang='lat' dir='ltr'><em>illarum3</em></span> <span class='ocrx_word' id='word_1_1308' title='bbox 2480 3947 2483 3949; x_wconf 86' lang='lat'><em>.</em></span> 
     </span>
     <span class='ocr_line' id='line_1_181' title="bbox 1260 3979 1827 4021; baseline -0.011 -7"><span class='ocrx_word' id='word_1_1309' title='bbox 1260 3983 1355 4021; x_wconf 82' lang='lat' dir='ltr'><em>unde,</em></span> <span class='ocrx_word' id='word_1_1310' title='bbox 1376 3991 1429 4011; x_wconf 89' lang='lat' dir='ltr'><em>nec</em></span> <span class='ocrx_word' id='word_1_1311' title='bbox 1445 3982 1594 4018; x_wconf 84' lang='lat' dir='ltr'><em>inmerito,</em></span> <span class='ocrx_word' id='word_1_1312' title='bbox 1611 3979 1827 4010; x_wconf 87' lang='lat' dir='ltr'><em>conturbamur.</em></span> 
     </span>
    </p>

    <p class='ocr_par' dir='ltr' id='par_1_60' title="bbox 1301 4017 2339 4088">
     <span class='ocr_line' id='line_1_182' title="bbox 1301 4017 2339 4088; baseline -0.004 -35"><span class='ocrx_word' id='word_1_1313' title='bbox 1301 4021 1435 4054; x_wconf 72' lang='lat' dir='ltr'><em>volentes</em></span> <span class='ocrx_word' id='word_1_1314' title='bbox 1448 4019 1532 4058; x_wconf 85' lang='lat' dir='ltr'><em>igitur</em></span> <span class='ocrx_word' id='word_1_1315' title='bbox 1547 4017 1657 4058; x_wconf 87' lang='lat' dir='ltr'><em>paci&amp;</em></span> <span class='ocrx_word' id='word_1_1316' title='bbox 1666 4017 1841 4088; x_wconf 49' lang='lat' dir='ltr'><em>tranqgiilitati</em></span> <span class='ocrx_word' id='word_1_1317' title='bbox 1855 4017 1952 4057; x_wconf 82' lang='lat' dir='ltr'><em>populi</em></span> <span class='ocrx_word' id='word_1_1318' title='bbox 1968 4017 2058 4050; x_wconf 85' lang='lat' dir='ltr'><em>nostri</em></span> <span class='ocrx_word' id='word_1_1319' title='bbox 2071 4018 2237 4058; x_wconf 82' lang='lat' dir='ltr'><em>providere,</em></span> <span class='ocrx_word' id='word_1_1320' title='bbox 2254 4024 2339 4086; x_wconf 47' lang='lat' dir='ltr'><em>{geig-</em></span> 
     </span>
    </p>
   </div>
  </div>
 </body>
</html>
