2562 4279
759 162 866 204 ET
952 159 1216 202 ACTA

43 250 166 284 ΑΜΒ.
183 252 248 290 quia
263 260 315 282 nos
328 251 412 283 talem
427 251 461 282 ad
476 250 533 282 hoc
552 248 806 293 considerationem
816 248 920 279 habere
934 249 1120 286 proponimus
1129 269 1139 285 ,
1156 242 1236 283 quod

61 297 142 330 1325.
183 292 256 321 eritis
270 291 369 322 exinde
383 292 487 321 merito
500 297 662 320 contentati.
833 325 838 331 Ι
854 325 860 331 .
1116 321 1124 330 λ
1163 322 1168 327 ,

39 333 107 360 Edv.
123 338 150 356 2.
218 328 255 359 Et
275 329 331 359 hoc
353 329 494 359 Gentibus
515 327 611 358 vestris
630 325 764 355 insinuare
785 324 874 355 vehtis
896 333 929 368 eit
944 332 1020 361 parte
1034 322 1145 360 nostra,
1162 321 1234 361 ipsos

182 367 330 398 vobiscum
346 367 451 398 ibidem
465 366 567 396 morari
579 373 613 394 ex
625 363 707 393 causa
722 363 856 407 praedicit&
869 362 1007 405 facientes.

223 405 290 437 Dat.
310 405 382 444 apud
394 405 504 442 Shene,
521 403 634 434 decimo
649 401 755 432 octavo
769 401 816 431 die
830 399 975 431 Odiobris.

241 481 409 513 Consimiles
424 481 527 511 Literae
540 478 697 546 diriguntuir
707 477 880 545 Isubscriptis,
899 476 1009 506 mutatis
1023 474 1177 511 mutandi53

641 526 669 548 vi
690 523 786 553 ercet,

224 597 364 627 Edmundo
380 597 476 624 Comiti
488 596 612 623 Kantiae.

223 636 327 665 David
339 635 370 663 de
382 631 517 668 Strabolgi
525 655 535 669 ,
553 632 650 661 Comiti
663 625 772 658 Atholl.

220 675 266 703 W
264 672 369 703 illielmo
383 670 406 700 le
421 673 558 701 Latimer.

211 810 260 841 De
274 807 399 852 ‘Ti‘eugis
409 830 419 847 ‚
438 805 514 835 inter
529 803 637 846 Regem
656 802 693 838 (ῤ’
710 802 827 833 Ducem
845 801 1003 833 Britanniae
1009 798 1212 847 prorogandis.

41 888 117 918 Ann.
128 887 169 918 D.
187 890 300 947 REX
316 888 464 924 omnibus,
480 884 515 915 ad
526 894 615 928 quos,
633 885 693 916 &c.
713 884 844 929 Salutem.
927 924 932 930 ι
1040 925 1044 930 .

61 936 74 955 1
100 935 135 965 25
279 928 328 958 De
345 925 474 957 fidelitate
489 946 499 961 ,
522 924 555 953 &
577 923 831 961 Circumspetfihone
850 923 971 961 prowda
985 947 995 962 ,
1017 923 1185 968 dilectorum
1205 923 1239 953 δε

38 969 91 993 An.
111 975 151 1000 19.
187 965 311 996 fidelium
332 963 510 999 nostrorum,
535 962 698 992 venerabilis
721 961 827 999 Patris,
848 962 1002 1000 Johannis,
1027 961 1240 1002 Wyntomenfis

38 1008 69 1030 Ε.
89 1013 115 1031 2.
189 1003 332 1042 Episcopi,
350 1000 532 1038 &johannis
546 999 582 1029 de
596 999 751 1037 Britannia,
770 999 895 1031 Comitis
908 1000 1144 1039 Richemundiae‚
1159 999 1242 1030 Con-

37 1045 98 1068 Pat-
119 1051 162 1076 19·
188 1041 327 1078 sanguinei
340 1038 428 1069 nostri
442 1037 586 1076 carissimi,
604 1038 725 1076 plenarie
738 1038 928 1076 confidentes,

39 1083 68 1106 Ε.
86 1089 111 1106 2.
125 1086 150 1116 p.
224 1079 270 1110 Ad
283 1077 493 1117 prorogandum
508 1076 649 1114 Treugas,
665 1077 711 1107 seu
725 1076 912 1107 sufferentiam
922 1099 932 1115 ,
946 1078 1017 1108 inter
1028 1077 1153 1114 N0s‚&
1167 1076 1241 1107 Sub-

35 1126 65 1151 J-
81 1127 117 1146 m·
130 1126 172 1153 ¹9·
187 1118 261 1149 ditos
274 1115 403 1154 nostrOS‚
418 1125 452 1145 ex
466 1123 544 1153 parte
555 1114 669 1153 una,&
680 1114 842 1152 Johannem
855 1115 973 1146 Ducem
986 1115 1241 1159 Britanni23e3Con-

185 1157 229 1187 fin
250 1156 367 1186 uineum
378 1153 527 1191 nostrum,
544 1154 577 1184 &
593 1154 654 1184 suos
667 1153 814 1190 Subdiros,
833 1163 866 1184 ex
886 1153 989 1191 altera,
1006 1162 1095 1191 nuper
1114 1161 1206 1191 initas,
1225 1155 1240 1185 a

184 1165 258 1226 fesfi)
279 1193 423 1223 Omnium
445 1192 617 1223 Sannorum
638 1194 773 1230 proximo
794 1192 889 1222 futuro
906 1215 916 1230 ,
939 1202 988 1229 per
1008 1201 1099 1222 unum
1120 1191 1240 1222 Annum

184 1233 320 1273 proximo
334 1231 496 1269 sequentem
509 1230 665 1261 duraturas:

221 1270 260 1301 Et
280 1270 315 1300 ad
335 1269 443 1300 easdem
462 1269 606 1307 Treugas,
632 1268 678 1299 seu
695 1268 911 1306 Sufferentiam,
935 1268 1114 1307 venandum,
1140 1269 1173 1300 &
1193 1268 1240 1299 fir-

183 1308 337 1346 mandum,
355 1307 449 1338 modis
461 1308 495 1338 &
506 1308 558 1338 viis
573 1307 673 1345 quibus
695 1306 794 1337 melius
817 1307 945 1344 expedire
966 1306 1122 1345 videbitur,
1140 1308 1239 1347 praefa-

183 1349 236 1386 tis,
255 1346 397 1385 Episcopo
410 1347 443 1377 &
464 1344 594 1383 Comiti,
612 1345 646 1375 &
667 1354 770 1375 eorum
787 1344 880 1383 alteri,
898 1345 1027 1384 plenam,
1044 1353 1143 1376 tenore
1164 1345 1241 1377 Prae-

183 1386 320 1422 sentium,
336 1383 521 1415 concedimus
536 1382 725 1422 Potestatem3
787 1423 792 1426 Ι

222 1424 331 1454 Ratum
347 1446 357 1460 ,
382 1429 490 1461 gratum
505 1444 515 1459 ,
538 1422 572 1452 &
593 1421 709 1452 firmum
729 1421 849 1451 habituri
871 1421 1005 1460 quicquid
1025 1431 1074 1461 per
1095 1424 1241 1462 praefatos,

181 1461 355 1500 Episcopum
368 1461 402 1491 ὃς
416 1459 582 1497 Comitem,
595 1459 629 1491 &
644 1468 745 1490 eorum
757 1459 874 1491 alterum
883 1483 892 1499 ,
906 1461 1013 1491 factum
1027 1461 1109 1492 fuerit
1123 1463 1152 1492 in
1167 1472 1240 1500 prae-

182 1499 280 1530 missis.

221 1538 256 1569 In
269 1538 362 1575 cuim,
381 1538 441 1568 &c.
1089 1577 1094 1582 ⁸

259 1575 347 1607 Teste
361 1576 443 1616 Rege
457 1575 530 1615 apud
545 1575 743 1615 Cippenham,
760 1576 897 1608 vicesimo
910 1576 957 1606 die
970 1575 1115 1606 Oetobns.

872 1655 924 1683 Per
939 1651 1019 1691 ipſsaem
1034 1654 1136 1690 Regem.

185 1729 274 1794 ET
290 1733 453 1764 mandatum
468 1732 509 1763 est
520 1730 636 1770 praefato
651 1730 796 1769 Episcopo
811 1727 909 1768 quod,
1040 1769 1051 1777 ,-

281 1772 312 1802 Si
328 1772 456 1810 Treugas
469 1770 612 1808 praedictas
620 1792 629 1808 ,
642 1779 692 1807 per
704 1769 852 1806 praesatum
865 1768 982 1799 Ducem
993 1767 1027 1800 δε
1039 1768 1127 1806 ipsum
1143 1777 1243 1813 proro-

180 1811 241 1846 gari
263 1810 297 1841 &
316 1809 420 1840 firmari
440 1809 605 1847 contigerit,
623 1808 657 1838 &
681 1806 758 1837 idem
778 1806 848 1836 Dux
861 1817 923 1845 eaS,
941 1816 995 1845 pro
1008 1806 1051 1845 se,
1071 1807 1105 1838 &
1120 1807 1244 1853 Subditls

179 1847 250 1885 suis,
268 1847 406 1878 observari
420 1846 610 1884 mandaverit,
622 1845 693 1876 infra
706 1843 879 1876 Potestatem
893 1846 987 1883 suam,
1000 1845 1034 1876 &
1049 1845 1164 1883 pubhce
1177 1855 1244 1883 pro-

180 1885 314 1953 ela'rI'ntlhld
323 1922 436 1962 Regem
450 1922 517 1953 inde
533 1932 582 1961 per
596 1922 654 1953 suas
668 1922 757 1953 literas
770 1920 922 1966 certificet,
941 1930 972 1953 ut
984 1931 1029 1953 eas
1042 1921 1224 1953 confimiliter
1235 1946 1245 1962 ,

181 1960 252 1991 infra
265 1961 401 2000 Regnum
415 1962 581 1999 proclamari
595 1962 629 1993 ὃς
644 1961 732 1992 teneri
743 1959 809 1990 Rex
821 1961 911 1991 faciat.

221 1999 311 2030 Teste
323 2007 354 2030 ut
367 1999 453 2038 supra.

220 2075 445 2106 Memorandum
467 2076 547 2115 quod
571 2077 621 2107 ista
642 2076 743 2107 Patens
766 2077 877 2107 liberata
897 2072 950 2107 fuit
970 2086 1020 2114 per
1033 2071 1243 2107 Cancellarium

179 2110 501 2190 {ghgffeirgssdfffflym’
519 2116 575 2146 una
589 2124 658 2146 cum
671 2114 796 2153 quodam
809 2115 893 2146 Brevi
906 2114 996 2146 clauso
1005 2136 1015 2153 ,
1030 2114 1111 2146 dieto
1124 2114 1243 2153 Episco-

34 2300 51 2315 ιι
69 2300 122 2326 Ν,
253 2279 280 2306 ²*
306 2283 355 2316 De
378 2284 493 2329 Copulis
511 2281 723 2330 Conjugalibus
739 2287 771 2316 in
788 2281 939 2330 Hispania
954 2282 1169 2319 contrahendis.

36 2346 162 2404 Xrss'm
183 2366 313 2423 REX,
331 2367 438 2398 Nobni
450 2369 532 2406 viro,
549 2368 583 2399 sc
596 2367 672 2399 fideli
687 2368 755 2407 suo,
773 2368 899 2399 Amano
912 2367 1088 2408 Gussneimi,
1108 2369 1242 2401 Domino

54 2419 138 2450 1325,
256 2405 292 2435 de
307 2406 456 2450 Lescuno,
477 2406 616 2451 Salutem,
633 2407 667 2437 &
678 2407 794 2437 fincerae
806 2407 963 2437 dilectionis
976 2406 1123 2438 affectum.
1222 2447 1227 2452 .

34 2453 88 2478 An.
107 2459 149 2484 19·
221 2443 322 2482 Qam
337 2445 471 2488 benivole
487 2446 520 2488 ὃς.
535 2445 698 2489 ἀιΙιξζεηῑειζ,
717 2445 753 2475 ad
767 2445 930 2492 mandatum
943 2445 1091 2490 nostrum,
1107 2456 1176 2493 profi
1200 2457 1243 2491 ui-

32 2493 66 2516 E.
86 2499 111 2516 2,
183 2481 436 2526 busdam-Copulis
448 2483 659 2522 conjugalibus,
677 2493 707 2513 m
728 2482 836 2521 Ispama
855 2484 1067 2522 contrahendis,
1086 2485 1180 2515 labora
1208 2495 1243 2524 rs,

32 2526 168 2561 Claus.19‚
186 2530 351 2551 memoriter
371 2530 541 2559 retinemus,
559 2523 592 2552 &
612 2523 695 2552 vobis
720 2522 821 2552 exinde
836 2529 924 2560 grates
938 2522 1083 2554 referimus
1097 2522 1243 2566 speciales,

33 2569 148 2593 [μνη.
183 2559 259 2590 &in
273 2560 339 2597 hiis,
359 2570 424 2598 quae
437 2559 533 2591 vestro
554 2559 656 2590 honori
679 2561 869 2598 conveniunt,
888 2559 921 2590 ea
941 2560 1178 2599 consideranone,
1194 2572 1244 2600 ac,

36 2605 84 2638 25.
104 2603 166 2639 dors.
182 2597 223 2626 ob
245 2598 409 2629 laudabilem
429 2607 494 2637 erga
515 2608 584 2636 nos,
600 2599 631 2628 in
650 2598 723 2636 aliis,
742 2597 869 2628 Gestum
892 2597 1038 2637 vestrum,
1053 2601 1243 2638 promptiores

182 2635 314 2667 volumus
325 2638 454 2667 inveniri.
646 2642 653 2649 ¹

220 2674 259 2705 Et
275 2676 339 2713 quia
346 2676 421 2714 jam,
440 2686 491 2713 pro
505 2675 580 2705 finali
594 2676 773 2714 expeditione
788 2675 856 2705 dieti
870 2674 1013 2714 Negotii,
1032 2675 1066 2706 ad
1082 2676 1170 2707 didras
1181 2686 1245 2745 {3³¹-

180 2719 222 2742 tes
235 2713 350 2751 Ispaniae
362 2723 432 2751 VOS,
451 2715 497 2751 &‚
518 2714 654 2744 dileEtum
668 2713 815 2745 Clericum
830 2713 976 2752 nostrum,
995 2713 1171 2751 Magistrum
1213 2726 1242 2746 e-

180 2757 258 2780 trum
281 2751 318 2781 de
342 2751 507 2788 Galiciano,
525 2753 716 2783 ordinavimus
738 2751 892 2790 destinare,
915 2754 1021 2791 vosque
1043 2754 1071 2782 in
1096 2754 1189 2784 litteris
1209 2754 1244 2784 de

183 2786 338 2819 Credenriri
359 2790 444 2827 (quas
465 2788 600 2820 Domino
619 2791 698 2827 Regi
719 2789 833 2828 Ispaniae
853 2791 1083 2827 transmittimus)
1114 2792 1245 2823 duximus

184 2827 391 2865 nominandos,
408 2829 446 2857 eo
462 2827 542 2865 quod
554 2837 611 2864 prae
624 2829 723 2859 ceteris
737 2829 879 2858 informati
890 2829 956 2859 estis
967 2829 1004 2859 de
1018 2830 1097 2860 dieto
1117 2832 1244 2869 negotio,

183 2863 217 2893 &
232 2863 402 2903 Magnarum
415 2866 535 2904 partium
549 2865 658 2896 illarum
671 2867 776 2897 habetis
791 2867 936 2906 notitiam,
954 2868 988 2899 &
1010 2867 1046 2898 de
1066 2867 1156 2899 vestra
1177 2879 1244 2906 pru-

184 2900 280 2933 dentia
293 2902 425 2933 fiduciam
439 2904 562 2942 gerimus
573 2904 739 2942 ampliorem
748 2927 757 2942 ,
1186 2923 1189 2924 ν

219 2939 281 2971 Vos
295 2949 329 2971 ex
344 2940 433 2972 corde
446 2943 626 2979 requirimus,
645 2944 678 2974 ὃς
693 2952 824 2982 rogamus
837 2944 991 2982 quatenus,
1010 2944 1066 2974 una
1082 2954 1149 2975 cum
1172 2955 1245 2982 prae-

184 2978 245 3009 fato
259 2978 362 3017 Petro,
382 2980 470 3011 velitis
483 2981 516 3010 ad
528 2979 616 3009 dieras
629 2988 734 3018 partes,
752 2981 772 3010 si
787 2991 847 3018 quo
864 2982 953 3012 modo
974 2984 1117 3020 poteritis,
1136 2983 1243 3014 labora-

184 3026 216 3047 re
230 3025 277 3056 ut,
296 3018 374 3055 quod
388 3028 438 3056 per
451 3028 503 3049 vos
515 3018 594 3055 super
608 3018 689 3048 dietis
701 3018 821 3056 Copulis
833 3019 1003 3050 laudabiliter
1018 3021 1060 3050 est
1080 3022 1223 3060 inceptum
1233 3045 1243 3061 ,

183 3055 269 3086 vobis
285 3056 488 3095 mediantibus,
507 3056 624 3087 feliciter
639 3056 755 3094 perduci
769 3057 856 3088 valeat
867 3058 901 3087 ad
914 3057 1061 3088 effeerum.

220 3093 290 3124 Nos
303 3095 397 3133 enim,
415 3094 494 3133 super
508 3094 678 3132 Praemiffis‚
697 3095 845 3132 praefatum
862 3095 979 3126 Petrum
1002 3097 1085 3133 plene
1107 3097 1242 3128 informa-

185 3132 279 3162 vimus
291 3131 327 3162 de
340 3134 482 3164 voluntate
492 3133 605 3171 nostra,
622 3133 705 3164 vobis
721 3141 754 3163 ex
766 3141 841 3171 parte
860 3134 955 3164 nostra
977 3134 1099 3164 seriosius
1122 3136 1243 3167 referen-

184 3169 239 3206 daz,
258 3170 306 3200 cui
319 3172 350 3200 in
364 3171 432 3209 hiis,
449 3181 514 3210 quae
529 3172 610 3203 vobis
625 3171 716 3209 dicet,
733 3171 819 3201 fidem
830 3172 973 3202 credulam
985 3173 1137 3212 praebeatis.

223 3207 292 3239 Dat.
308 3210 382 3246 apud
396 3209 575 3249 Cippenham
583 3233 593 3249 ,
608 3210 744 3241 vicesimo
758 3210 805 3242 die
818 3210 964 3241 Octobris.

197 3292 231 3299 v
261 3293 287 3296 a*
335 3294 404 3297 ⁷7-r
444 3295 519 3298 k—-r

186 3343 244 3378 Ad
258 3347 402 3378 Comitem
418 3344 603 3389 Hollandiae‚
622 3347 715 3392 fitper
732 3350 842 3382 Literis
860 3349 897 3383 de
916 3351 1066 3385 Conduilu
1085 3351 1153 3385 hinc
1172 3352 1240 3386 inde

629 3395 790 3430 mittendis.

39 3491 167 3524 Anan-
184 3478 298 3537 REX
308 3502 317 3517 ‚
334 3471 439 3523 Nobili
451 3478 514 3523 viro
549 3479 717 3524 Guilli'elmo
730 3479 844 3526 Comiti
857 3483 1019 3516 Hollandiae
1034 3488 1068 3518 ὃς
1084 3487 1220 3531 Selandiae
1230 3511 1239 3527 ,

60 3539 142 3571 1325.
201 3564 225 3585 κ
237 3517 571 3586 ἀῗιίἃῼῶᾞιὲἓθξξὲὲῗ,
589 3527 683 3548 amico
707 3518 756 3549 suo
768 3520 923 3561 canffimo,
941 3523 1082 3563 Salutem,
1101 3526 1135 3557 &
1152 3531 1241 3557 lince-

38 3575 150 3635 {runis
186 3565 199 3586 r
226 3594 397 3632 Referenre‚
414 3594 518 3641 dllf‘stf)
533 3594 632 3637 ”Obisa
649 3593 775 3627 Ricafdo
791 3597 826 3627 de
840 3597 980 3642 Beioynffi
1000 3598 1113 3639 Majore
1126 3601 1242 3634 Merca*

37 3646 173 3682 maus-
188 3640 285 3702 {121st
295 3632 773 3703 §reffssfflnseszffinegss
787 3636 1242 3713 sggksffsssasssffliczzz

39 3688 71 3711 E.
92 3693 117 3711 ²⁸
136 3694 170 3713 Μ’
190 3710 286 3740 niendi
302 3711 374 3740 infra
388 3710 490 3740 Terras
511 3709 644 3739 Dominii
658 3697 758 3749 veihi,
778 3722 847 3742 cum
869 3713 967 3744 Rebus
989 3715 1023 3745 &
1046 3697 1244 3748 Mercisn'oniis

42 3731 86 3749 ω’
102 3721 137 3781 α’,
190 3746 259 3786 suis,
276 3748 406 3779 morandi
418 3747 540 3786 ibidem,
558 3748 591 3779 ὅ(
606 3748 708 3778 abinde
721 3749 885 3789 recedendi,
902 3753 987 3790 usque
1001 3752 1034 3783 ad
1049 3753 1174 3785 octabas
1190 3755 1243 3786 Pa-

190 3785 266 3817 schae
279 3788 415 3827 proximi)
432 3787 550 3824 futuras,
568 3785 756 3825 conceffistis·,
774 3789 807 3819 ὃς
823 3789 947 3821 voluistis
961 3791 1041 3828 quod
1063 3791 1130 3822 Nos
1150 3795 1243 3824 confi-

191 3824 271 3854 miles
287 3825 405 3856 Litteras
423 3825 459 3855 de
473 3823 629 3855 C011du<stu
645 3825 854 3868 Mercatoribus
868 3828 900 3858 &
917 3829 1058 3859 Gentibus
1072 3830 1183 3869 vestris,
1202 3833 1244 3861 in—

189 3861 232 3892 fra
249 3862 386 3903 Regnum
407 3863 537 3896 nostrum
559 3864 735 3895 venientibus
753 3887 762 3903 ,
785 3864 861 3904 fieri,
887 3866 921 3898 &
938 3868 1020 3898 vobis
1043 3869 1118 3899 mitti
1139 3869 1244 3901 facere-

189 3906 269 3938 mus,
297 3921 299 3923 -

227 3937 315 3976 Super
335 3949 396 3978 quo
413 3950 520 3973 eramus
556 3951 614 3973 non
636 3942 799 3980 immerito,
816 3942 957 3980 admirati,
982 3945 1051 3980 cum
1076 3953 1133 3976 non
1149 3946 1245 3977 creda-

193 3983 257 4019 mus
279 3978 349 4007 inter
371 3977 439 4010 Nos
461 3982 494 4012 &
508 3966 587 4019 Vos,
603 3980 714 4011 nostros
729 3981 762 4017 ὃς
775 3980 882 4011 vestros
896 3981 1046 4020 sabditos,
1064 3982 1145 4014 Pacis
1159 3986 1192 4016 δε
1207 3986 1247 4015 Α-

193 4013 309 4044 micitiae
322 4014 441 4047 Fcedera
456 4018 538 4049 fuiffe
554 4021 583 4048 in
596 4015 689 4057 aliquo
700 4018 886 4063 violatag-per
902 4019 978 4057 quod
999 4021 1142 4054 videbatur
1164 4025 1247 4056 nobis

193 4050 463 4122 hujuss-mdiiif‘e‘sss
476 4056 514 4124 {ile
529 4056 688 4093 Conductu
702 4057 861 4090 necessarias
875 4067 934 4091 non
949 4058 1044 4090 fuisse:

289 4101 341 4121 om.
397 4115 402 4121 .
451 4115 457 4122 .
511 4117 518 4125 .

1299 156 1763 207 PUBLICA.
2271 184 2346 229 147

1311 241 1496 286 Quamquam
1511 246 1589 288 enim
1604 248 1674 278 inter
1689 250 1795 317 aliquos
1810 252 1846 283 de
1859 253 1959 284 nostris
1972 256 2005 289 ὃς
2020 256 2118 286 vestris
2137 254 2273 297 Subditis,
2293 259 2329 290 de
2350 254 2421 290 Anu.
2432 257 2473 290 D„

1274 277 1414 321 Dampffls
1428 282 1461 311 δῖ
1474 281 1598 322 Ifllffl'lls,
1616 286 1692 323 supra
1709 288 1731 317 h
1747 300 1792 320 are
1803 291 1869 322 hinc
1886 293 1951 322 inde
1967 294 2061 333 illatis,
2079 295 2178 334 aliquae
2198 296 2327 328 Contena
2376 303 2457 337 ¹325·

1275 323 1365 359 tiones
1386 318 1437 348 s1nt
1459 324 1678 364 exortaeffifiiper
1699 328 1812 367 quibus,
1832 331 2011 362 amicabiliter
2026 333 2217 373 pacificandis,
2236 346 2327 367 certus
2348 338 2410 365 Edu.
2432 347 2459 364 2⁴

1277 354 1334 384 dies
1353 355 1386 385 &
1407 356 1486 386 locus
1507 358 1597 389 statuti
1617 362 1696 401 sunt,
1715 367 1784 395 iicut
1803 367 1909 406 nostis3
1929 378 1963 398 ex
1981 370 2037 400 hoc
2053 380 2147 402 tamen
2164 383 2223 402 non
2244 373 2327 407 decet

1278 394 1348 422 inter
1371 393 1438 423 Nos
1461 396 1494 425 ὃς
1518 396 1643 442 V'os',ac·
1662 400 1772 445 nostros
1792 404 1825 433 &
1847 405 1953 437 vestros
1967 407 2118 448 Subditos,
2135 410 2327 443 Guerrarurn

1278 431 1323 461 seu
1339 429 1507 463 Rancorum
1523 434 1679 467 discrimina
1694 439 1819 472 suscitari.
2317 436 2328 452 ²

1280 508 1285 512 ”
1316 469 1385 499 Nec
1402 469 1594 511 Mei-catores,
1609 484 1655 505 aut
1670 476 1839 517 Piscatores,
1854 480 1889 510 de
1903 481 2046 515 Dominio
2061 487 2174 525 vestro,
2215 490 2242 518 ui
2257 490 2328 521 infra

1278 506 1355 536 idem
1368 507 1505 552 Regnum
1518 520 1672 550 venerunt,
1686 515 1719 544 ὃς
1733 515 1865 548 haetenus
1879 519 1965 550 indies
1978 524 2095 554 veniunt
2109 535 2177 555 cum
2217 529 2280 557 onis
2292 529 2327 559 &

1277 544 1378 613 v'Rebus
1393 542 1460 584 suis,
1479 550 1604 588 ruerunt,
1621 550 1702 582 nobis
1714 552 1878 594 scientibus,
1891 559 2027 591 molestati
2041 562 2069 591 in
2084 562 2193 601 aliquo,
2208 565 2253 595 seu
2267 574 2328 605 gra-

1298 594 1313 613 a
1327 594 1343 612 1.

1316 621 1368 652 Ne
1387 630 1498 661 tamen,
1518 624 1536 654 s1
1556 625 1712 670 hujusmodi
1733 629 1830 661 litterae
1851 631 1887 662 de
1910 632 2066 668 conductu
2080 637 2095 668 a
2110 640 2191 670 nobis
2205 650 2265 671 non
2280 642 2331 672 flea

1277 668 1355 703 rent,
1372 661 1460 704 vestra
1473 662 1617 698 prudentia
1628 666 1712 702 poffit
1726 677 1760 697 ex
1772 668 1829 698 hoc
1845 670 1996 708 aliqualiter
2020 679 2199 708 commoveri
2237 680 2331 718 hujus-

1277 699 1357 727 modi
1379 698 1478 742 litteras
1497 700 1532 730 de
1552 701 1709 734 Conductu
1730 701 1804 743 fieri,
1819 707 1852 737 &
1873 709 1954 739 vobis
1973 712 2046 742 mitti
2070 703 2263 747 mandavimus
2303 728 2332 748 er

1278 737 1451 781 praesentium
1466 737 1747 778 Portitoren13vobis
1763 744 1942 782 fignificantes
1957 749 2036 786 quod
2050 752 2209 784 intentionis
2225 765 2263 785 no
2292 767 2331 786 rae

1279 783 1338 804 non
1355 775 1460 814 existit,
1478 786 1532 807 nec
1547 788 1597 808 vos
1612 780 1669 809 hoc
1683 781 1825 812 intendere
1838 783 1992 823 credimus,
2012 789 2106 826 quod,
2124 792 2229 823 effluxo
2250 794 2331 825 dic‘to

1280 820 1426 856 tempore,
1444 823 1539 845 mutua
1552 815 1732 848 Communio
1745 819 1818 850 inter
1832 821 1943 852 nostros
1958 824 1990 854 ὅ(
2005 825 2112 856 vestros
2133 829 2264 861 Subditos
2285 833 2334 862 ali-

1281 852 1397 888 qualiter
1411 852 1592 892 impediatur,
1612 855 1659 885 Set
1675 856 1754 894 quod
1771 857 1851 889 Pacis
1864 860 1896 889 ὃς
1911 860 2025 891 Amoris

1281 889 1324 919 sos
1337 891 1446 928 vigeat,
1465 892 1498 922 &
1511 893 1707 924 inviolabiliter
1724 896 1913 927 conservetur.

1282 965 1301 995 b
1318 927 1386 971 Dat.
1405 929 1476 966 apud
1499 929 1786 965 Westmonasteriutn
1803 959 1812 973 ,
1835 935 1970 967 vicesimo
1989 936 2107 976 septimo
2127 940 2171 972 die
2194 943 2331 976 Novem*

1303 976 1347 996 ris.

2040 864 2176 903 integritas
2197 870 2267 899 inter
2289 871 2333 908 ip—

1283 1084 1311 1111 *
1332 1090 1399 1120 Rex·
1416 1089 1561 1135 respondet
1580 1092 1673 1125 literis
1692 1097 1777 1139 Regis
1794 1097 1942 1128 Franciae:
1960 1097 2035 1131 dolet
2052 1101 2198 1148 Reginam
2213 1107 2250 1142 ᾤ’
2270 1107 2335 1139 Ed·
2351 1115 2365 1131 ¹⁸
2385 1114 2436 1144 IV⁴

1330 1135 1473 1169 wardnm
1492 1141 1725 1187 Primogenitum
1743 1145 1848 1188 (quos,
1867 1145 1952 1187 saffo
1973 1149 2124 1196 Homagio
2136 1178 2146 1192 ‚
2163 1151 2272 1193 statim
2291 1167 2337 1188 re·
2356 1152 2416 1180 ¹30·

1329 1183 1444 1217 dituros
1466 1186 1649 1231 crediderat)
1673 1189 1803 1223 nondum
1830 1191 1927 1224 redire
1947 1195 2039 1227 velle:
2065 1198 2145 1243 quod
2159 1199 2194 1232 de
2210 1204 2336 1248 {Itaegone

1331 1232 1356 1265 le
1373 1233 1531 1282 Deſj'venser
1550 1239 1673 1270 minime
1688 1238 1854 1273 timendum
1871 1238 1929 1283 est‚·
1944 1244 1979 1279 ὠ
1995 1246 2205 1291 Ρνιειειψοηω,
2226 1250 2269 1282 ad
2281 1249 2335 1283 ab·

1319 1282 1452 1327 sentiam
1472 1284 1673 1330 excufhndam
1686 1312 1696 1327 ‚
1711 1286 1844 1331 frivolae.

1280 1367 1466 1428 TRescher
1485 1369 1520 1400 &
1539 1370 1674 1402 Tresame
1693 1372 1795 1413 Frere,
1814 1385 1884 1407 nous
1905 1386 2003 1410 avoms
2023 1380 2134 1419 resceu,
2153 1382 2187 1412 &
2204 1384 2267 1414 bien
2287 1395 2337 1416 en·
2353 1385 2426 1416 Ann.
2438 1385 2480 1418 Di

1318 1444 1322 1448 ι
1359 1406 1445 1456 teqdu
1465 1416 1524 1438 voz
1543 1408 1652 1448 lettres,
1669 1421 1685 1441 a
1703 1421 1774 1443 nous
1796 1413 1916 1446 livereez
1938 1427 1985 1454 par
2000 1417 2191 1450 L'onourable
2204 1420 2284 1452 Piere
2303 1430 2338 1454 en
2375 1433 2457 1464 1325,

1281 1441 1360 1474 Dieu
1375 1444 1401 1474 L
1410 1444 1539 1484 Evesque
1555 1447 1590 1478 de
1603 1448 1793 1488 Wmcestre,
1807 1452 1841 1482 &
1856 1463 1890 1484 ce
1903 1455 1949 1493 q'il
1965 1466 2037 1487 nous
2047 1457 2081 1487 ad
2094 1458 2150 1496 dit,
2167 1458 2203 1489 de
2215 1460 2338 1500 bouche²
2351 1467 2401 1492 An.
2425 1474 2467 1498 ¹9⁴

1281 1482 1325 1511 sur
1341 1482 1378 1512 les
1392 1483 1504 1522 choses,
1523 1495 1678 1518 contenues
1693 1499 1728 1518 en
1743 1498 1801 1521 voz
1814 1490 1884 1522 dites
1897 1492 1997 1524 lettres.
2350 1506 2378 1529 E.
2399 1512 2424 1529 2.

1319 1519 1358 1551 Et
1377 1530 1463 1559 quant
1481 1532 1497 1552 a
1516 1533 1586 1562 ceo,
1605 1535 1659 1563 que
1681 1536 1753 1557 vous
1771 1537 1843 1558 nous
1861 1540 1931 1561 avez
1945 1533 2062 1571 mande,
2079 1534 2218 1566 Trescher
2237 1537 2320 1569 Frere
2355 1540 2442 1576 Claus.

1284 1567 1340 1594 que
1362 1569 1434 1603 vous
1456 1569 1528 1591 avez
1549 1563 1690 1594 entenduz
1712 1575 1759 1601 par
1781 1565 1896 1606 Gentz,
1914 1570 2011 1609 dignes
2030 1572 2066 1602 de
2089 1573 2146 1611 foi,
2166 1585 2222 1612 que
2241 1562 2338 1607 nostr}
2359 1583 2443 1611 19.13.
2459 1585 2483 1604 2,

1283 1596 1484 1641 Compaigne,
1502 1599 1527 1629 la
1540 1599 1658 1643 Roigne
1669 1602 1875 1644 d'Engleterre,
1893 1617 1929 1637 ne
1942 1610 1989 1639 ose
2003 1612 2083 1640 venir
2097 1621 2142 1647 par
2155 1612 2253 1644 devers
2266 1625 2338 1646 nous
2354 1626 2389 1644 m.
2409 1626 2436 1644 2·

1284 1643 1337 1671 pur
1352 1636 1419 1673 paril
1435 1636 1471 1666 de
1483 1636 1509 1667 sa
1523 1648 1585 1676 vie,
1603 1641 1636 1670 ὃς
1651 1639 1738 1671 doute
1750 1642 1820 1680 q'ele
1831 1643 1865 1673 ad
1879 1644 1915 1674 de
1929 1645 2019 1686 Hugh
2034 1648 2059 1678 le
2076 1648 2241 1687 Despenser.
2353 1654 2416 1691 dors.

1320 1672 1421 1705 Certes
1455 1674 1591 1707 Tresame
1604 1677 1627 1707 F
1629 1688 1702 1716 rere,
1724 1679 1743 1709 il
1758 1690 1795 1711 ne
1810 1683 1925 1713 covient
1939 1694 1986 1721 pas
2001 1686 2072 1723 q’ele
2086 1687 2112 1717 se
2127 1689 2213 1720 doute
2232 1690 2268 1721 de
2287 1692 2324 1723 lui

1285 1721 1322 1755 ne
1334 1711 1370 1743 de
1385 1698 1439 1743 nus
1447 1721 1523 1744 autre
1535 1715 1654 1747 homme
1669 1718 1765 1748 vivant
1780 1729 1815 1749 en
1830 1719 1926 1751 nostre
1940 1722 2183 1765 Roialme3quar,
2196 1737 2242 1766 par
2257 1716 2343 1762 Dieu’

1287 1750 1307 1780 11
1320 1760 1357 1791 ny
1371 1751 1405 1782 ad
1418 1751 1524 1796 Hugh,
1540 1754 1646 1785 n’autre
1661 1757 1757 1787 vivant
1772 1767 1807 1787 en
1823 1758 1918 1789 nostre
1931 1759 2032 1799 Poair,
2049 1773 2105 1800 que
2118 1765 2172 1795 mal
2186 1765 2212 1797 la
2227 1754 2345 1799 voufist’

1286 1788 1320 1819 &
1333 1800 1405 1821 nous
1418 1789 1445 1820 le
1455 1791 1591 1827 puissoms
1605 1793 1702 1832 sentir,
1718 1804 1773 1832 que
1786 1806 1857 1826 nous
1869 1797 1896 1827 le
1909 1798 1948 1828 lui
1976 1800 2135 1832 chastirians
2155 1813 2189 1832 en
2214 1793 2345 1846 manere:

1286 1837 1342 1871 que
1359 1837 1448 1859 autres
1467 1830 1665 1867 prenderoient
1685 1833 1841 1872 enstmple,
1859 1836 1893 1866 ὃς
1912 1846 1947 1866 ce
1969 1837 2027 1876 est,
2045 1840 2078 1870 &
2097 1850 2112 1870 a
2132 1841 2205 1880 este,
2221 1844 2253 1874 δε
2275 1853 2345 1876 touz

1282 1875 1359 1935 Jssurs
1377 1867 1446 1898 serra
1467 1868 1565 1899 nostre
1585 1871 1689 1901 entiere
1709 1871 1840 1911 volente,
1858 1875 1892 1905 ὃς
1916 1875 1990 1906 affez
2005 1886 2053 1908 ent
2065 1888 2164 1910 avoms
2180 1881 2206 1911 le
2216 1880 2299 1913 Poair
2319 1885 2344 1914 la

1320 1916 1363 1936 reu
1379 1916 1484 1946 mercy.

1323 1943 1378 1982 Et,
1396 1945 1537 1976 Trescher
1551 1948 1585 1978 &
1598 1947 1732 1980 Tresame
1744 1950 1827 1981 Frere
1836 1975 1845 1989 ,
1861 1951 1959 1984 sachez
1970 1955 2155 1987 certinement
2177 1968 2231 1996 que
2253 1969 2343 1999 nous,

1284 1992 1322 2013 ne
1343 1985 1485 2028 purrioms
1502 1995 1629 2024 uncques
1648 1991 1829 2028 appercevir,
1845 2000 1880 2020 en
1903 1993 2015 2031 privee,
2030 1994 2095 2024 n'en
2114 2004 2206 2034 apert,
2225 2007 2264 2033 en,
2283 1998 2342 2038 dit,

1286 2021 1349 2051 n’en
1368 2022 1433 2062 fait,
1451 2023 1516 2053 n'en
1536 2033 1730 2065 contenance,
1748 2028 1788 2065 qil
1807 2038 1843 2058 ne
1859 2029 1886 2058 se
1907 2030 1940 2060 ad
1964 2040 2061 2071 porte,
2079 2043 2114 2063 en
2135 2043 2205 2064 touz
2224 2038 2343 2075 pointz,

1286 2069 1348 2091 vers
1363 2060 1457 2091 nostre
1471 2061 1670 2101 Compaigne,
1688 2074 1772 2095 come
1788 2065 1853 2096 faire
1866 2066 1926 2098 doit
1941 2079 1956 2099 a
1970 2070 1995 2100 sa
2009 2070 2167 2102 Treschere
2180 2072 2283 2104 Dame.

1324 2097 1409 2137 Mes,
1427 2107 1513 2138 quant
1526 2110 1596 2131 nous
1610 2103 1818 2134 remembroms
1831 2104 1870 2134 les
1883 2107 2014 2138 amiables
2036 2118 2225 2141 contenances
2242 2113 2276 2143 &
2294 2123 2342 2151 pa-

1286 2136 1358 2167 roles
1370 2137 1476 2169 d'entre
1488 2147 1558 2176 eux,
1577 2140 1654 2177 quels
1669 2150 1740 2171 nous
1754 2152 1854 2173 avoms
1868 2154 1935 2174 veu:
1957 2147 1991 2177 ὃς
2005 2146 2044 2176 les
2057 2156 2136 2186 grant
2148 2149 2271 2189 amistes,
2284 2153 2343 2189 q'e-

1287 2174 1326 2205 les
1339 2176 1377 2205 lui
1392 2176 1493 2206 tendist
1507 2177 1550 2207 sur
1566 2177 1615 2208 son
1629 2179 1685 2209 aler
1698 2189 1782 2211 outre
1797 2183 1884 2219 mier,
1903 2183 1936 2214 δε
1951 2183 1989 2214 les
2003 2186 2134 2217 amiables
2146 2187 2257 2227 lettres,
2273 2197 2343 2227 que-

1288 2213 1327 2243 les
1341 2214 1384 2244 ele
1396 2215 1435 2246 lui
1447 2215 1481 2245 ad
1494 2225 1545 2245 ore
1557 2223 1608 2247 tart
1622 2217 1740 2249 mandee
1755 2219 1804 2256 (les
1819 2221 1912 2258 queles
1926 2222 1944 2251 il
1959 2232 2031 2254 nous
2043 2224 2076 2255 ad
2091 2225 2228 2263 monstre)
2250 2237 2322 2258 nous
2332 2252 2342 2267 ‚

1287 2261 1324 2282 en
1338 2252 1414 2284 nulle
1427 2262 1556 2293 manere,
1574 2264 1611 2285 ne
1624 2266 1728 2293 poorns
1743 2267 1838 2288 creere
1849 2268 1904 2296 que
1915 2260 2009 2292 nostre
2030 2261 2226 2303 Compaigne,
2245 2265 2280 2296 de
2304 2267 2343 2297 lui

1286 2291 1432 2334 meismes,
1452 2293 1542 2330 puisse
1553 2293 1617 2324 tiele
1631 2294 1714 2325 chose
1728 2305 1764 2326 ne
1777 2297 1894 2327 crendre
1907 2299 1943 2328 de
1959 2299 1997 2329 lui
2012 2300 2092 2338 (quoi
2105 2312 2162 2339 que
2183 2304 2231 2333 nul
2250 2304 2289 2334 lui
2305 2297 2342 2335 ad

1285 2329 1334 2359 fan:
1347 2330 1497 2362 entendant
1512 2341 1559 2369 par
1571 2332 1701 2364 malveise
1713 2335 1805 2372 envie)
1823 2345 1859 2365 ne
1872 2346 1943 2367 nous
1958 2347 1995 2368 ne
2008 2339 2035 2368 le
2049 2341 2189 2377 purrioms
2210 2351 2245 2371 en
2264 2343 2341 2373 nulle

1284 2375 1398 2398 manere
1413 2378 1508 2399 creere
1522 2369 1557 2400 de
1572 2370 1626 2409 lui3
1644 2372 1708 2401 einz
1722 2373 1869 2411 quidoms,
1888 2374 1923 2405 de
1943 2377 2065 2415 certein,
2084 2388 2157 2417 que,
2175 2389 2252 2418 apres
2274 2391 2342 2411 nos-

1285 2413 1327 2436 tre
1349 2416 1449 2445 corps,
1468 2407 1536 2438 c'est
1555 2408 1582 2438 le
1605 2409 1741 2448 homme,
1760 2410 1797 2441 de
1813 2412 1909 2442 nostre
1930 2413 2079 2451 Roialme,
2098 2427 2152 2454 que
2166 2418 2225 2454 plus
2238 2418 2274 2448 de
2286 2420 2342 2450 ho·v

1285 2454 1358 2474 nour
1379 2445 1404 2475 la
1423 2445 1574 2484 voudroit,
1593 2447 1626 2477 &
1649 2457 1683 2478 ce
1703 2449 1741 2479 lui
1765 2449 1799 2479 ad
1819 2458 1888 2480 touz
1897 2452 1976 2490 jours
1990 2453 2132 2492 munstre,
2149 2457 2181 2486 δε
2194 2465 2247 2486 ceo
2269 2468 2341 2488 vous

1286 2483 1494 2521 tesmoignoms
1507 2494 1542 2514 en
1556 2485 1634 2515 bone
1647 2487 1743 2517 verite.

1326 2520 1364 2552 Et
1379 2532 1451 2553 vous
1466 2523 1589 2561 prioms,
1608 2524 1748 2556 Trescher
1760 2525 1861 2565 Frere,
1879 2537 1933 2566 que
1947 2540 2019 2560 vous
2033 2541 2070 2561 ne
2085 2532 2188 2563 voillez
2209 2533 2248 2564 foi
2270 2534 2344 2565 don-

1285 2569 1336 2590 ner
1358 2570 1374 2590 a
1394 2570 1482 2600 ceux,
1501 2571 1556 2599 que
1576 2570 1653 2592 autre
1674 2572 1746 2594 vous
1765 2565 1828 2596 font
1847 2567 2013 2606 emendant,
2032 2571 2098 2600 einz
2112 2572 2216 2601 voillez
2233 2573 2272 2602 soi
2287 2573 2342 2604 do-

1285 2608 1334 2628 ner
1345 2608 1360 2628 a
1374 2599 1471 2630 nostre
1484 2599 1559 2630 ceste
1574 2602 1708 2632 veritable
1721 2603 1942 2643 tesmoignance3
1962 2617 2010 2643 qar
2024 2618 2096 2638 nous
2109 2619 2221 2646 evoma,
2239 2612 2272 2641 ὃς
2293 2611 2342 2641 de-

1286 2646 1371 2668 voms
1391 2647 1440 2675 par
1460 2638 1559 2677 reson,
1577 2641 1655 2671 avoir
1674 2641 1734 2678 plus
1755 2650 1834 2680 grant
1848 2644 2008 2675 coniss'ance
2023 2646 2058 2676 de
2072 2647 2146 2677 ceste
2168 2649 2268 2686 chose,
2288 2659 2343 2687 que
2382 2650 2388 2657 “

1285 2683 1372 2706 autre.

1321 2713 1374 2744 Par
1394 2716 1461 2754 qoi,
1478 2714 1617 2747 Trescher
1635 2717 1668 2749 ὃς
1689 2718 1825 2749 Tresame
1847 2720 1948 2759 Frere,
1965 2732 2071 2752 uncore
2092 2733 2163 2754 vous
2182 2726 2302 2763 prioms,
2322 2725 2342 2756 fi

1286 2751 1501 2792 especialment,
1520 2764 1605 2786 come
1628 2766 1698 2787 nous
1719 2767 1865 2795 purromS,
1883 2769 1954 2797 que,
1972 2771 2022 2797 pur
2041 2761 2135 2791 honur
2158 2761 2194 2792 de
2217 2774 2288 2794 vous
2307 2765 2342 2795 &

1286 2790 1321 2821 de
1334 2801 1421 2830 nous,
1439 2793 1472 2823 ὃ(
1488 2792 1524 2822 de
1542 2793 1638 2824 nostre
1659 2794 1715 2825 dite
1737 2795 1937 2835 Compaigne,
1955 2808 2026 2828 vous
2047 2800 2161 2830 voilliez
2180 2810 2237 2832 tant
2257 2802 2342 2841 faire,

1287 2829 1358 2867 q’ele
1372 2832 1502 2869 reveigne
1517 2842 1563 2869 par
1575 2833 1672 2862 devers
1685 2843 1756 2863 nous
1771 2844 1785 2864 a
1801 2835 1860 2871 plus
1875 2845 1909 2865 en
1923 2835 1999 2865 haste
2012 2837 2082 2874 q'ele
2093 2848 2192 2877 purra3
2210 2850 2258 2878 qar
2280 2850 2342 2870 cer-

1285 2868 1440 2898 teinernent
1454 2880 1526 2899 nous
1540 2871 1628 2900 sumes
1643 2872 1715 2901 molt
1729 2871 1835 2902 desesez
1849 2883 1896 2910 par
1918 2874 1943 2904 la
1964 2875 2042 2905 reson
2053 2898 2062 2913 ,
2078 2886 2133 2913 que
2153 2887 2224 2908 nous
2244 2888 2342 2909 avoms

1286 2913 1345 2936 tant
1359 2906 1487 2944 desporte
1499 2908 1524 2938 la
1536 2910 1713 2947 compaignie
1727 2910 1764 2940 de
1779 2910 1832 2940 lui:
1853 2921 1925 2948 queu
1939 2912 2023 2942 chose
2036 2924 2107 2944 nous
2121 2925 2157 2944 ne
2171 2917 2293 2946 euffoms
2306 2927 2342 2948 en

1284 2944 1360 2974 nulle
1373 2954 1486 2975 manere
1499 2946 1563 2984 fait,
1580 2947 1598 2975 sl
1613 2957 1691 2977 noun
1705 2958 1754 2986 par
1768 2948 1792 2978 la
1806 2958 1885 2988 grant
1898 2950 1995 2980 Seurte
2016 2952 2049 2981 &
2064 2952 2185 2984 Fiaunce
2198 2965 2253 2992 que
2266 2966 2337 2986 nous

1285 2983 1413 3021 avioms,
1428 2985 1461 3014 &
1477 2994 1575 3015 avoms
1590 2994 1625 3015 en
1639 2995 1725 3024 vouS,
1744 2988 1777 3018 ὅ(
1790 2997 1826 3017 en
1838 2987 1929 3019 vestre
1944 2989 2020 3019 bone
2033 2990 2168 3029 foi,q'ele
2181 2994 2339 3025 revendroit

1284 3029 1300 3050 a
1315 3021 1410 3051 nostre
1421 3022 1544 3053 volente.

1322 3059 1427 3091 Auxint
1449 3071 1521 3092 vous
1541 3062 1662 3099 prioms,
1686 3062 1827 3094 Trescher
1847 3065 1881 3095 &
1903 3065 2037 3096 Tresame
2062 3067 2145 3098 Frere
2160 3091 2169 3106 ,
2192 3079 2248 3105 que
2266 3079 2338 3101 vous

1285 3097 1390 3127 voillez
1409 3099 1629 3137 graciousement
1651 3101 1778 3138 esploiter
1799 3104 1832 3133 &
1853 3102 1909 3134 tost
1937 3105 2071 3135 deliverer
2097 3106 2216 3136 Edward
2244 3107 2340 3138 nostre

1284 3134 1424 3166 Trescher
1437 3137 1500 3167 Fitz
1512 3138 1602 3176 eisne,
1618 3138 1709 3170 vestre
1728 3140 1854 3180 Neveu,
1872 3143 1905 3172 ὃς
1925 3143 1962 3172 les
1983 3143 2082 3172 rendre
2100 3144 2138 3173 les
2161 3153 2244 3175 terres
2260 3145 2296 3176 de
2314 3147 2342 3177 la

1284 3172 1406 3204 Duchee
1422 3176 1516 3213 queles
1530 3187 1602 3207 vous
1615 3185 1714 3216 tenez,
1732 3188 1784 3216 pur
1798 3189 1878 3210 amur
1891 3181 1923 3210 δε
1939 3181 2074 3211 affection
2089 3191 2144 3219 que
2156 3192 2226 3213 vous
2240 3193 2310 3214 avez
2324 3194 2342 3214 a

1284 3211 1343 3250 lui,
1361 3213 1395 3244 ὃς
1412 3214 1450 3252 qil
1465 3225 1502 3245 ne
1515 3214 1566 3246 soit
1583 3214 1749 3255 Delherite,
1767 3227 1842 3256 queu
1855 3219 1940 3249 chose
1953 3229 2024 3248 nous
2039 3219 2207 3251 entendoms
2220 3231 2266 3259 pas
2285 3232 2341 3261 que

1282 3260 1354 3282 vous
1366 3253 1512 3284 voudriez.

1318 3289 1357 3320 Et
1368 3292 1462 3322 auxint
1476 3302 1547 3322 nous
1561 3302 1632 3324 vous
1653 3294 1774 3332 prioms,
1793 3294 1933 3325 Trescher
1954 3295 1987 3326 &
2010 3295 2145 3326 Tresame
2166 3297 2265 3337 Frere,
2283 3308 2339 3336 que

1283 3338 1355 3359 vous
1370 3329 1409 3359 lui
1421 3329 1542 3361 soeffrez
1557 3333 1636 3362 venir
1650 3342 1696 3370 par
1712 3332 1809 3363 devers
1822 3343 1907 3370 nouS,
1925 3343 1981 3363 ove
1995 3341 2054 3364 tote
2066 3335 2091 3365 la
2115 3335 2192 3366 haste
2211 3337 2249 3374 qil
2272 3347 2339 3373 pura

1283 3377 1329 3405 ra,
1348 3367 1366 3397 fi
1381 3377 1468 3399 come
1479 3369 1517 3399 lui
1531 3377 1578 3400 ent
1592 3370 1760 3408 mandoms,
1773 3380 1819 3408 qar
1835 3381 1905 3401 nous
1920 3380 2018 3402 avoms
2032 3381 2111 3410 grant
2126 3374 2243 3404 volunte
2254 3373 2289 3403 de
2300 3375 2340 3405 lui

1284 3415 1367 3443 veer,
1385 3407 1418 3437 ὃς
1441 3408 1547 3445 parler,
1563 3407 1596 3439 &
1617 3417 1686 3439 touz
1706 3410 1783 3447 jours
1802 3409 1859 3439 feut
1881 3409 1976 3440 nostre
1996 3411 2110 3440 volente
2125 3412 2163 3448 qil
2179 3412 2340 3443 revendroit

1283 3444 1382 3474 devers
1403 3454 1489 3484 nous,
1509 3446 1614 3477 tantost
1638 3447 1775 3486 L'omage
1796 3447 1859 3486 fait,
1877 3448 1910 3478 ὃς
1931 3449 2011 3486 quele
2032 3449 2116 3478 heure
2136 3459 2190 3486 que
2210 3459 2280 3480 nous
2301 3450 2341 3481 lui

1283 3482 1481 3513 manderioms.

1323 3520 1376 3558 Et,
1393 3521 1533 3552 Trescher
1547 3524 1579 3554 &
1595 3522 1730 3553 Tresame
1746 3523 1847 3562 Frere,
1865 3534 1951 3554 corne
1963 3524 2127 3563 n'adgaires,
2144 3534 2177 3554 au
2189 3533 2261 3556 tems
2276 3536 2342 3564 que,

1286 3558 1454 3589 L’onurable
1470 3560 1548 3591 Piere
1562 3571 1598 3591 en
1613 3561 1707 3599 Dieu,
1725 3561 1856 3592 Wautier
1871 3562 1997 3600 Evesque
2008 3562 2187 3600 d'Excestre,
2206 3563 2278 3594 feust
2293 3574 2342 3602 par

1284 3597 1382 3628 devers
1397 3608 1484 3636 vouS,
1501 3609 1572 3629 nous
1584 3599 1665 3630 estoit
1679 3600 1880 3630 certeinement
1902 3601 1949 3630 fait
1969 3601 2134 3637 emendant,
2153 3611 2208 3639 que
2231 3603 2327 3632 ascuns

1285 3635 1322 3665 de
1332 3644 1390 3665 noz
1400 3635 1525 3675 Enemys
1539 3638 1573 3667 ὃς
1588 3637 1713 3674 Banniz,
1732 3647 1779 3675 par
1793 3638 1828 3667 de
1845 3638 1885 3674 la,
1903 3638 1940 3667 lui
1954 3647 2097 3676 gauterent
2112 3639 2209 3669 davoir
2221 3640 2268 3670 fait
2283 3625 2342 3671 mal

1285 3673 1322 3704 de
1335 3674 1384 3704 son
1400 3684 1500 3712 corps,
1516 3675 1555 3705 s'il
1569 3675 1675 3705 euffent
1690 3685 1743 3705 veu
1758 3675 1784 3704 le
1798 3685 1902 3713 temps:
1923 3677 1971 3712 &,
1991 3686 2043 3713 pur
2057 3679 2133 3707 iieuz
2149 3678 2229 3717 parils
2242 3678 2340 3709 eschu-

1286 3722 1336 3750 re,
1354 3713 1388 3742 &
1403 3722 1454 3749 pur
1471 3713 1576 3752 gross'cs
1589 3713 1757 3750 busoignes,
1775 3723 1830 3750 que
1843 3724 1914 3743 nous
1927 3715 2035 3744 avioms
2053 3725 2067 3745 a
2090 3716 2154 3745 faire
2174 3716 2210 3746 de
2231 3716 2284 3754 lui,
2302 3716 2341 3748 lui

1286 3750 1481 3788 mandiffiens,
1500 3751 1668 3781 fermement
1690 3752 1884 3789 enioignantz,
1902 3751 1945 3781 sur
1966 3752 1990 3781 la
2013 3752 2065 3782 Foi
2085 3755 2117 3784 ὃς
2139 3753 2163 3783 la
2183 3754 2342 3793 Ligeance,

1288 3788 1334 3825 q’il
1346 3798 1416 3818 nous
1428 3788 1541 3825 devoir,
1550 3789 1595 3826 q'il
1609 3789 1635 3818 se
1648 3788 1749 3818 hastoit
1763 3791 1861 3819 devers
1878 3800 1950 3819 nous
1964 3799 2035 3820 totes
2048 3791 2066 3810 *²
2084 3800 2173 3822 autres
2186 3793 2281 3824 choses
2296 3794 2347 3824 les·
2361 3805 2376 3822 αι
2392 3806 2445 3832 Ν,

1288 3828 1331 3856 see
1367 3835 1402 3855 en
1416 3825 1440 3854 la
1454 3826 1513 3863 plus
1526 3827 1601 3856 seure
1618 3836 1748 3864 manere,
1767 3827 1813 3864 q’il
1828 3829 1921 3865 poeit,
1940 3838 1990 3865 pur
2006 3828 2042 3858 lui
2056 3830 2183 3860 meismes
2195 3831 2298 3863 sauver.
2363 3842 2425 3871 131⁴

1324 3848 1403 3893 ffous
1421 3866 1526 3900 prioms
1547 3874 1581 3893 en
1600 3872 1674 3901 tant,
1689 3874 1775 3894 come
1794 3875 1864 3895 nous
1886 3875 2006 3905 pooms,
2021 3877 2076 3905 que
2095 3868 2130 3898 de
2153 3879 2222 3907 ceo,
2241 3880 2296 3908 que
2318 3870 2344 3901 le
2420 3876 2424 3879 ’

1288 3902 1329 3932 dit
1353 3901 1481 3939 Evesque
1502 3903 1561 3932 vint
1581 3901 1747 3931 sodenment
1768 3913 1783 3933 a
1805 3913 1875 3933 nous
1894 3903 1942 3934 des
1962 3904 2030 3935 dites
2054 3907 2168 3945 parties,
2185 3908 2224 3938 lui
2239 3909 2343 3939 voillez

1287 3941 1366 3971 avoir
1380 3949 1432 3977 pur
1447 3939 1574 3976 eschuse,
1589 3940 1621 3970 &
1637 3940 1771 3970 entendre
1785 3941 1823 3979 qil
1837 3951 1872 3971 ne
1891 3942 1917 3971 le
1937 3942 1981 3972 nst
2003 3953 2051 3981 par
2070 3953 2146 3976 autre
2164 3947 2304 3978 encheson
2324 3946 2343 3976 fi

1290 3987 1368 4008 noun
1383 3987 1430 4015 par
1444 3977 1481 4008 les
1495 3977 1585 4008 caules
1600 3977 1717 4008 susdites.

1329 4015 1409 4046 Don.
1424 4024 1440 4045 a
1452 4015 1578 4048 Westrn.
1593 4016 1620 4046 le
1633 4017 1737 4054 primer
1748 4017 1814 4055 jour
1830 4017 1866 4048 de
1880 4016 2036 4051 Decembr.

1772 4099 1802 4132 T
1822 4110 1840 4131 2
2268 4104 2349 4134 Con*
