2562 4279
713 127 826 167 ET
908 125 1180 168 ACTA

2 221 79 254 'Ann-
95 216 312 256 nemoribus,
341 216 427 257 parati
450 213 538 247 fuistis
562 213 592 244 in
615 212 761 254 praemissis
783 212 913 250 iustitiam
935 212 1086 243 exhibere:

23 265 106 296 1320.

2 303 99 328 Eav.2

0 1245 9 1261 ³
30 1243 84 1270 ΙΙΙ.

0 1281 58 1318 348.

0 1374 66 1406 Arm.
80 1371 121 1403 D.

18 1422 100 1452 1320.

0 1457 42 1482 dn.
58 1460 101 1487 14.

0 1497 68 1521 E.2-

0 1535 31 1558 Εκ
46 1533 104 1556 Au-

0 1578 53 1606 ugr.

340 266 353 285 r

145 257 429 336 stissEcitssfinfffropter
439 293 522 324 ardua
535 290 645 330 negotia
659 299 710 320 vos
722 290 876 328 tangentia,
894 289 1063 334 praedistam

143 335 265 368 vestram
279 333 440 370 Zelandiae,
455 332 502 362 diu
516 329 574 369 est,
591 328 665 359 adire
675 328 834 358 commode
845 327 1022 371 nequiVistis:
1157 364 1162 370 '

181 373 220 404 Et
232 382 282 411 per
292 372 400 403 easdem
414 368 564 410 specialiter
579 377 631 397 nos
642 365 757 405 rogastis
765 388 773 403 ,
792 373 822 395 ut
835 375 904 403 vos,
923 365 960 396 de
973 365 1053 396 dieto
1065 372 1202 405 negotio,

143 423 202 453 quo
214 412 248 442 ad
262 420 346 449 tunc,
365 410 464 440 habere
479 406 613 439 vellemus
626 404 787 441 excusatos;
937 443 942 448 -
1039 442 1045 448 ,
1194 441 1199 446 .

180 450 380 481 Promittentes
391 458 444 478 vos
457 445 573 476 eandem
585 444 704 474 Terram
718 441 838 473 vestram
853 440 916 480 post
935 441 1059 472 instantis
1076 439 1202 485 Augu-sti

143 489 250 520 exitum
264 489 378 524 intrare,
397 487 431 517 δε
447 484 526 515 Bona
560 482 671 512 raedieta
693 481 780 517 (dum
794 487 889 524 tamen
910 489 960 524 per
980 480 1087 524 vestros
1102 479 1202 518 Subie-

144 529 206 559 Ctos
219 527 333 557 fuissent
344 524 473 563 spoliata)
496 492 636 554 resiltuere
650 543 661 559 ,
686 521 719 551 &
737 519 775 549 eis
795 518 926 549 exhibere
940 518 1050 557 iustitiae
1073 519 1202 557 eomple-

142 575 285 598 mentum:
802 596 807 602 .

182 605 251 635 Nos
284 602 319 633 de
333 600 426 632 vestris
440 601 470 630 in
486 599 538 629 hac
552 604 628 635 parte
640 594 876 635 responsionibUS,
894 603 1050 633 reputantes
1063 605 1116 625 nos
1131 605 1203 625 con-

145 651 237 675 tentos
254 628 333 680 ('dum
348 647 443 670 tamen
457 636 595 677 praemifl'a
605 657 614 672 ,
629 634 705 672 juxta
720 634 867 672 promissii,
884 634 999 665 effeciffli
1012 635 1108 664 debito
1121 644 1203 678 maii-

142 683 229 718 cipari
241 679 353 714 faciatis)
369 677 534 711 Amicitiam
548 673 668 705 vestram
688 674 791 704 iteratis
808 672 941 704 Precibus
959 674 1091 704 duximus
1111 683 1203 712 requi-

211 724 255 745 am
369 732 373 738 ·

141 717 320 794 reigffltffnus
332 751 465 793 praefatis,
482 750 583 788 Petro,
597 750 725 789 Johanni
741 773 750 788 ,
774 750 807 781 &
822 750 964 789 Johanni,
985 751 1018 782 &
1037 749 1202 780 Executori-

143 796 193 826 bus
228 793 272 822 vel
286 801 385 822 eorum
399 789 553 821 Attornatis
570 790 599 818 in
614 789 666 819 hac
699 796 755 819 arte
767 812 777 827 ,
802 790 880 828 super
902 789 1064 829 praemissis,
1082 789 1115 819 ad
1130 797 1203 832 teni-

139 843 190 870 pus
201 817 386 872 'praedictum
404 828 507 866 absque
521 828 657 858 ulterioris
689 828 807 858 ilatioiiis
820 829 1028 866 incommodo,
1046 828 1104 858 fieri
1118 827 1204 871 facia-

139 872 174 901 tis
188 871 283 901 celeris
295 868 407 906 justitiae
422 866 667 904 complementum
676 889 686 905 ,
699 867 777 904 juxta
791 866 930 898 diciatum
943 867 1096 898 vestrarum
1111 874 1204 896 conti-

139 911 264 940 nentiam
280 907 466 943 Litterarum,
991 945 996 949 ”
1019 944 1024 949 ι
1071 943 1076 948 ¹

177 947 235 986 Ita,
253 947 272 977 fi
287 945 376 985 placet
389 969 398 982 ,
422 943 502 983 quod
520 953 580 974 non
598 952 728 981 oporteat
745 954 796 974 nos
815 944 933 982 amplius
949 943 1076 975 solicitat]
1095 951 1129 972 ex
1147 942 1201 972 hac

368 255 474 285 Literas
487 253 605 290 vestraS,
619 251 723 282 ultime
737 252 821 281 nobis
841 251 950 289 mistas,
967 251 1048 281 nobis
1061 250 1079 280 s
1121 247 1201 279 ifica-

1111 297 1201 318 erram

137 986 231 1024 causa,
248 984 290 1014 seu
303 982 441 1022 praedietis
454 1005 464 1021 ,
490 981 578 1012 Petro
589 1004 600 1020 ,
619 982 759 1021 johanni,
777 983 810 1014 &
822 982 967 1021 Johanui,
984 983 1017 1013 ὃ(
1033 981 1202 1012 Executori-
1215 1005 1217 1009 .

136 1025 201 1062 bus,
219 1023 255 1055 de
267 1022 322 1053 alio
338 1021 466 1052 remedio
481 1021 642 1059 providere.

173 1100 244 1131 Dat.
258 1098 331 1138 apud
347 1098 487 1138 Langele,
504 1098 620 1129 decimo
635 1106 734 1137 quarto
747 1098 792 1129 die
807 1097 935 1138 Augusti.

139 1227 166 1253 ³1³
185 1231 278 1274 Super
289 1224 434 1272 proceffu,
459 1228 496 1263 ὠ
514 1225 673 1270 τναπβιῖὶὶς
689 1228 770 1260 mter*
783 1226 917 1256 Nuncios
933 1222 1054 1258 Roberti
1069 1222 1106 1256 de
1125 1226 1203 1256 Erus

455 1277 491 1312 (φ
509 1277 625 1320 Papam
636 1299 646 1316 ‚
669 1272 879 1317 notficatoria.

176 1362 312 1392 Obannes
324 1360 495 1399 Episcopus,
513 1358 603 1389 servus
616 1358 763 1390 servorum
780 1357 838 1389 Dei
853 1381 863 1397 ,
885 1357 1025 1389 cariffimo
1041 1358 1069 1388 in
1084 1357 1202 1388 Christo

178 1401 250 1431 Filio
266 1399 403 1431 Edwardo
416 1422 427 1438 ,
449 1398 526 1438 Regi
540 1397 656 1435 Angliae
670 1397 790 1436 illustri,
814 1396 929 1428 salutern
950 1398 984 1428 δε
1003 1396 1202 1435 Apostolicam

251 1438 416 1469 dietionem.
881 1471 883 1474 Α

178 1440 337 1509 1ῧῖιὲοωη]
346 1499 356 1516 ,
373 1478 437 1515 quse
449 1477 481 1506 in
494 1475 631 1512 Negotio
650 1474 830 1513 processuum
846 1498 856 1514 ,
881 1482 980 1507 contra
991 1472 1136 1505 Nobilem
1149 1474 1203 1505 Vi-

142 1527 208 1547 rum
222 1515 404 1554 Robertum,
422 1514 532 1545 didtum
548 1514 630 1552 Brus,
648 1514 696 1552 qui
714 1524 766 1551 pro
786 1514 891 1544 Scotiae
906 1513 988 1553 Rege
1006 1514 1032 1543 se
1047 1516 1133 1553 gerit,
1152 1513 1202 1543 ha-

138 1555 237 1585 &enus
250 1554 410 1585 habitorum
425 1577 435 1592 ,
456 1553 520 1593 post
540 1553 727 1583 Nunciorum
748 1552 861 1583 suorum
883 1553 918 1583 ad
938 1552 1133 1596 Apostolicam
1151 1552 1202 1582 Se-

137 1593 204 1623 dem
217 1593 385 1631 adveutum,
403 1593 465 1622 sunt
479 1593 556 1631 asta,
575 1592 686 1631 plenam
703 1591 806 1622 habeat
822 1600 867 1622 tua
886 1591 1031 1623 Celsitudo
1052 1592 1202 1635 notitiam,

138 1633 209 1663 scire
221 1640 248 1663 te
261 1632 408 1670 volumus,
426 1630 502 1669 quod
515 1639 604 1669 nuper
616 1651 627 1668 ,
650 1629 745 1659 dilecti
761 1629 827 1668 filii,
846 1629 977 1662 Odardus
991 1631 1028 1661 de
1040 1630 1203 1660 Mambuis-

137 1671 204 1707 son,
222 1672 255 1701 ὃς
272 1671 363 1700 Adam
376 1669 412 1699 de
427 1669 579 1706 Gondon,
596 1669 667 1699 dieti
681 1668 803 1700 Roberti
816 1668 921 1700 Milites
933 1693 943 1707 ,
967 1670 1000 1699 &
1016 1669 1132 1699 Nuncii
1142 1668 1203 1711 spe7

139 1709 238 1746 ciales,
257 1708 290 1739 ad
309 1707 432 1738 nostram
453 1705 626 1744 praesentiam
642 1707 785 1736 venientes
798 1729 807 1743 ,
832 1707 914 1737 nobis
935 1706 1059 1746 ejusdem
1078 1707 1202 1737 Roberti

141 1747 260 1777 Litteras
272 1745 485 1786 praesentarunt,
502 1746 574 1775 inter
587 1754 690 1775 ceetera
704 1746 898 1784 continentes,

181 1785 271 1826 Qod
284 1796 332 1822 per
345 1794 413 1823 nos,
427 1783 538 1814 duobus
552 1783 625 1814 Viris
645 1782 820 1823 Nobilibus,
837 1794 908 1824 quos
919 1784 1091 1816 Litterarum
1106 1785 1204 1816 Scien-

139 1825 192 1863 tia,
213 1833 324 1854 morum
339 1821 483 1861 honestas,
500 1822 534 1853 &
547 1823 613 1852 vitae
626 1822 765 1853 munditia
780 1824 1021 1854 commendabant
1034 1847 1044 1863 ,
1062 1824 1154 1854 electis
1168 1824 1203 1854 ad

138 1862 280 1902 Regimen
293 1862 427 1893 Ecclefiae
441 1861 514 1892 Glas
527 1861 615 1891 uensis
630 1885 640 1901 ,
662 1862 698 1891 ab
714 1860 909 1892 Electionibus
927 1863 1043 1903 expulsis
1063 1863 1205 1903 ipsorum,

138 1901 176 1931 de
186 1901 313 1940 quodam
334 1900 458 1940 Anglico
469 1924 480 1939 ,
539 1899 622 1930 rdinis
640 1898 863 1930 Praedicatorum
878 1923 888 1938 ‚
910 1901 976 1940 suo,
994 1901 1147 1941 Regnique
1165 1901 1206 1932 sui

137 1938 263 1971 Inimico
277 1939 396 1979 Capitali
404 1963 415 1979 ,
427 1941 457 1970 in
470 1939 550 1970 suum
566 1938 742 1977 dispendium
756 1939 845 1970 fuerat
858 1939 1026 1978 Apostolica
1039 1941 1205 1972 auetoritate

159 1979 292 2009 rovisum.

136 1988 158 2017 P
179 2017 313 2048 Adiciens
325 2017 355 2047 in
370 2016 480 2047 Litteris
493 2016 653 2057 supradictis
665 2039 676 2055 ,
701 2016 781 2055 qued
797 2016 914 2055 quidam
936 2016 1041 2048 Clerici
1059 2017 1095 2048 de
1110 2017 1205 2048 Tetri?¹

140 2054 206 2094 suit,
222 2056 287 2095 qui,
302 2055 382 2085 nullis
395 2056 569 2095 exigentibus
582 2056 686 2093 culpis,
703 2055 753 2085 nifi
769 2055 849 2093 quod
861 2079 872 2094 ,
894 2056 988 2086 allecti
1007 2056 1144 2087 instinetu
1158 2066 1207 2086 na-

143 2094 225 2124 turali
280 2094 391 2124 uaedam
406 2094 508 2124 statum
524 2093 621 2131 suum,
639 2094 671 2124 &
691 2093 724 2123 N
728 2093 828 2123 ationis
841 2094 895 2124 suae
910 2096 1120 2134 contingentia,
1136 2094 1206 2124 fide-

141 2116 251 2163 litatem
261 2104 339 2163 suam
355 2132 447 2162 eidem
462 2131 588 2162 Nationi
601 2133 707 2163 servare
721 2132 866 2172 volentes,
883 2132 933 2163 sibi
948 2131 1125 2173 scripserant,
1142 2133 1207 2171 dig-

142 2171 174 2202 ni
188 2170 272 2202 venia
282 2170 466 2209 videbantur,

183 2209 229 2240 Ac
241 2209 396 2249 supplicans
409 2219 458 2250 per
471 2208 508 2239 N
509 2210 607 2240 unctos
622 2210 655 2241 &
671 2208 788 2240 Litteras
799 2209 983 2250 supradictos,
1002 2211 1079 2250 quod
1094 2221 1207 2249 proces-

142 2247 186 2278 sus
199 2249 233 2279 &
247 2249 406 2286 sententias,
424 2249 492 2292 siqui
506 2257 554 2292 per
569 2258 621 2278 nos
633 2256 733 2278 contra
748 2258 814 2278 eum
828 2248 940 2280 fuissent
959 2249 1048 2280 habiti
1059 2273 1070 2289 ,
1092 2251 1126 2281 &
1140 2251 1218 2288 pro-⁵

141 2286 206 2318 latae
215 2309 224 2325 ,
241 2287 359 2317 relaxare
369 2286 404 2316 de
418 2285 592 2326 Benignitate
603 2286 771 2324 Apostolica
784 2286 969 2326 dignaremur.

179 2324 228 2355 Ad
243 2335 308 2363 quae
329 2325 380 2354 sibi
395 2324 527 2355 duximus
544 2324 772 2364 respondendum
792 2325 870 2363 quod
892 2335 945 2355 nos
958 2326 1068 2357 dudum
1085 2350 1094 2365 ,
1119 2334 1209 2357 atten-

142 2362 239 2393 dentes
253 2363 406 2393 multarum
420 2362 496 2394 dona
510 2364 646 2394 virtutum
658 2386 669 2402 ,
690 2363 789 2402 quibus
803 2363 979 2403 Glasguensis
993 2365 1149 2403 Episcopus
1165 2366 1208 2396 di-

142 2402 269 2432 noscitur
283 2403 426 2441 infignitus
438 2424 448 2439 ‚
471 2401 616 2441 ipsumque
634 2402 825 2441 multipliciter
844 2403 942 2434 utilem
961 2403 995 2433 ad
1013 2404 1134 2442 ejusdem
1151 2404 1208 2435 Ec-

143 2440 234 2470 clesiae
257 2440 403 2479 Regimen
424 2441 610 2479 extimantes,
636 2440 673 2471 de
693 2441 743 2471 illo
765 2440 859 2472 eidem
886 2440 1022 2472 Ecclesiae
1045 2442 1208 2483 Glasguenfi

142 2478 271 2509 duximus
283 2478 500 2516 providendum.

180 2516 302 2557 Propter
318 2518 396 2556 quod
416 2528 475 2548 non
494 2517 613 2548 decebat
630 2517 708 2549 Sedis
723 2518 898 2558 Apostolicae
918 2520 1099 2560 gravitatem,
1118 2520 1152 2551 ad
1166 2521 1210 2560 ip-

143 2554 194 2586 fius
208 2557 384 2587 amotionem
397 2555 529 2596 Episcopi
541 2557 696 2594 procedere
707 2558 764 2588 fine
776 2557 874 2595 culpa:
893 2557 939 2588 sed
952 2559 1082 2598 proceiiu
1097 2568 1210 2597 tempo-

141 2595 197 2633 ris,
216 2605 283 2625 cum
298 2595 376 2626 locus
390 2594 493 2626 adesset
504 2618 513 2633 ,
535 2595 732 2634 Negotiorum
747 2596 781 2626 &
794 2596 978 2634 Temporum
993 2598 1126 2635 qualitate
1140 2608 1210 2638 pen-

143 2632 216 2672 sata,
230 2633 345 2664 libenter
357 2634 512 2673 superhoc
527 2655 537 2670 ‚
578 2642 693 2665 uantum
716 2644 783 2665 cum
799 2634 869 2665 Deo
884 2634 944 2665 fieri
962 2636 1052 2674 polset
1065 2660 1075 2674 ,
1101 2646 1210 2668 curare-

144 2681 226 2710 mus,
243 2671 353 2703 honore
365 2673 472 2704 servato
484 2672 553 2703 dieti
594 2673 717 2712 piscopi,
734 2673 890 2711 providere.

185 2711 233 2742 Ad
247 2711 274 2742 id
287 2713 375 2750 vero,
391 2712 468 2751 quod
480 2711 607 2750 dicebat,
626 2712 707 2750 quod
723 2712 792 2743 dieti
812 2712 918 2743 Clerici
940 2712 1018 2754 digni
1036 2713 1118 2745 venial
1132 2714 1212 2745 vide-

144 2749 263 2789 bantur,
277 2750 468 2788 respondimus
481 2763 492 2789 ς
535 2752 592 2782 uod
606 2750 766 2791 processus,
784 2751 893 2782 habitos
911 2761 1011 2783 contra
1026 2751 1154 2791 Clericos
1168 2755 1212 2784 su-

147 2788 288 2825 pradidios
322 2790 501 2829 ipsorumque
543 2790 713 2829 onfeffores,
733 2798 763 2821 ut
777 2790 844 2828 sibi,
862 2792 896 2822 &
907 2790 1009 2822 eisdem
1018 2791 1159 2831 Nunciis,
1177 2793 1212 2823 de

148 2826 272 2864 ipsorum
281 2811 462 2859 Clericorum
477 2828 631 2859 excessibus
646 2829 729 2868 plene
743 2829 897 2867 constaret,
912 2830 966 2869 legi
980 2830 1099 2861 fecimus
1114 2841 1212 2863 coram

151 2865 206 2895 eis:
227 2866 327 2903 quibus
340 2867 437 2897 auditis
451 2867 551 2897 seriose
565 2877 614 2905 per
636 2877 684 2898 eos
695 2891 705 2905 ,
729 2868 810 2898 nobis
828 2869 951 2907 expresse
969 2868 1114 2907 dixerunt,
1134 2870 1214 2908 quod

151 2913 211 2934 nun
236 2913 300 2933 uam
313 2904 369 2944 ipse
382 2914 434 2942 pro
447 2905 566 2936 Clericis
579 2905 720 2946 scripsiffet
734 2905 835 2937 eisdem
843 2929 853 2945 ,
868 2907 886 2937 fi
900 2907 1019 2939 scivisset
1031 2907 1144 2939 eosdem
1155 2910 1214 2940 tam

151 2941 215 2972 dete
241 2941 379 2972 andortim
392 2944 554 2974 excessuum
567 2952 726 2982 patratores.

189 2979 281 3018 Super
298 2981 466 3011 relaxatione
483 2990 578 3012 autern
598 2983 780 3021 processuum
802 2984 835 3014 &
849 2983 1045 3016 sententiarum
1064 2986 1216 3025 praedisto-

153 3027 240 3058 rum,
258 3019 310 3049 sibi
324 3019 458 3050 duximus
470 3020 718 3060 respondendum,
742 3022 818 3060 quod
832 3022 902 3053 olim
938 3024 1033 3055 dilec'ii
1046 3024 1096 3055 filii
1110 3025 1215 3065 nostri,

154 3056 343 3097 Gaucelinus,
360 3059 451 3089 Tituli
465 3059 560 3090 Sanc'ti
569 3059 731 3090 Marcellini
745 3062 778 3091 ὃς
791 3060 883 3099 Petri,
928 3063 1095 3102 resbyteruS,
1114 3064 1216 3095 &Lu-

153 3105 217 3134 caS,
236 3096 349 3127 sanetae
365 3097 469 3128 Mariae
483 3098 513 3128 in
531 3098 588 3128 Via
605 3098 673 3136 latii,
691 3097 852 3137 Diaconus,
872 3099 1049 3137 Cardinales,
1069 3101 1217 3140 Apostoli-

154 3144 200 3164 cae
214 3134 293 3165 Sedis
309 3135 439 3177 Nuntii,
464 3136 499 3167 ad
520 3146 609 3174 partes
629 3137 696 3175 ipsas
711 3137 856 3168 transmissi
869 3161 879 3177 ,
903 3139 1013 3170 dietum
1034 3140 1214 3180 Robenum,

153 3173 307 3210 omnesque
318 3175 490 3206 adhaerentes
506 3176 616 3214 eidem,
633 3184 767 3214 tanquam
788 3176 936 3208 violatore;
949 3179 1126 3218 Treugarum
1143 3181 1216 3210 inter

154 3219 201 3249 te,
219 3211 385 3249 dictumque
397 3214 575 3253 Robertum,
593 3214 756 3245 auctoritate
775 3214 942 3253 Apostolicii
956 3217 1142 3256 indictarum,
1166 3219 1216 3250 de-

154 3251 317 3281 nuntiarunt
328 3251 640 3284 Excommunicationis
654 3254 816 3284 sententiam
830 3278 839 3292 ‚
865 3264 966 3286 contra
977 3256 1104 3296 Treugas
1117 3257 1217 3288 infrin-

153 3297 250 3327 gentes
264 3289 390 3329 easdem,
406 3291 450 3321 seu
466 3293 552 3323 etiam
566 3302 624 3322 non
637 3292 788 3331 servantes,
807 3292 943 3330 prolatam
959 3317 969 3332 ,
994 3295 1158 3326 auctoritate
1170 3307 1216 3328 ea-

154 3327 222 3357 dem
236 3328 396 3367 incurriffe3
415 3340 499 3369 quam
510 3330 628 3360 demum
641 3329 800 3361 Cardinales
814 3332 862 3371 ipsi
877 3341 975 3363 contra
988 3334 1135 3371 praefatum
1149 3334 1215 3367 Ro-

154 3366 286 3405 bertum,
304 3367 427 3406 ipsosque
438 3368 610 3399 adhaerentes
624 3369 752 3400 fecerunt
767 3369 916 3401 solenniter
929 3373 1080 3409 publicari:

192 3403 230 3435 Et
242 3404 361 3444 deinde,
381 3406 443 3443 quia
458 3406 548 3437 dietus
568 3406 715 3438 Robertus
733 3408 874 3445 praefatam
889 3409 1052 3442 sententiam
1065 3420 1215 3452 contemp-

154 3444 255 3482 nebat,
271 3443 369 3484 Regni
385 3445 506 3483 Scotiae‚
524 3446 601 3484 quod
615 3446 689 3476 idem
710 3445 854 3477 Robertus
871 3455 941 3480 tunc
957 3452 1095 3489 temporis
1112 3453 1215 3490 guber-

154 3481 257 3522 nabat,
274 3484 306 3514 ὃς
319 3484 381 3513 alias
394 3483 497 3513 Terras
516 3484 718 3514 adhaerentium
737 3485 894 3517 eorundem
904 3509 915 3526 ,
939 3497 990 3527 per
1006 3490 1129 3528 ipsorum
1143 3491 1215 3522 Seii-

154 3521 271 3551 tentiam
286 3521 443 3552 Interditffto
456 3520 649 3553 Ecclesiastico
660 3523 849 3560 subjecerunt:

195 3558 274 3598 Qias
285 3561 359 3591 idem
374 3559 533 3599 Robertus,
555 3559 657 3605 Claves
670 3561 803 3592 Ecclesiae
817 3566 1066 3605 contempnendo,
1084 3566 1216 3598 sustinue-

155 3605 198 3628 rat
210 3608 258 3635 per
273 3610 395 3638 annum,
413 3600 446 3630 &
460 3599 598 3637 amplius,
622 3600 655 3630 &
674 3607 743 3630 tunc
755 3603 839 3631 etiam
853 3603 924 3633 mala
943 3604 1037 3644 malis,
1053 3606 1121 3636 licut
1134 3608 1216 3638 nobis

156 3636 293 3669 exstiterat
306 3639 453 3669 assertione
464 3637 604 3677 fidedigna
614 3639 764 3670 revelatum
772 3662 782 3678 ,
796 3642 992 3673 coacervando
1005 3645 1158 3684 continue,
1171 3646 1215 3677 su-

158 3674 276 3708 stinebat
288 3678 386 3707 animo
399 3678 537 3708 indurato.

195 3713 263 3744 Nos
277 3738 286 3753 ,
310 3716 376 3747 licet
396 3724 497 3746 contra
518 3715 666 3756 praefatum
686 3715 849 3748 Robertum
871 3717 965 3750 fuisset
984 3721 1088 3751 merito
1108 3723 1216 3761 gravius

155 3753 367 3791 procedendum
379 3778 388 3792 ,
415 3763 510 3785 tamen
526 3763 559 3784 ex
579 3754 789 3786 mansuetudine
802 3756 889 3787 dietae
904 3757 982 3788 Sedis
994 3759 1100 3790 deferre
1115 3761 1216 3792 volen-

154 3799 194 3820 tes
207 3792 300 3823 eidem
313 3816 323 3831 ‚
347 3794 450 3833 ipsum,
468 3794 631 3824 audi-oritate
649 3793 803 3832 praedicta,
822 3794 947 3827 fidelium
968 3797 1071 3828 astante
1090 3799 1216 3830 multitu-

156 3828 221 3859 dine
234 3831 365 3870 copiosa,
385 3834 550 3870 citavimus,
570 3840 600 3862 ut
613 3831 699 3869 usque
712 3831 747 3862 ad
761 3831 825 3863 Kal.
838 3833 910 3864 Maii
922 3844 992 3865 tunc
1005 3838 1133 3874 proxime
1146 3849 1216 3869 ven-

158 3874 242 3906 turas,
258 3880 323 3907 quas
339 3873 365 3901 ei
381 3881 434 3909 pro
453 3871 643 3909 peremptorio
658 3870 780 3900 termino
800 3870 929 3903 duximus
948 3873 1147 3914 praefigendas,
1167 3887 1216 3914 per

158 3904 202 3943 se,
219 3908 264 3937 vel
279 3907 495 3940 Procuratorem
509 3910 667 3948 ydoneum,
688 3908 858 3946 Apostolico
872 3910 898 3940 se
917 3912 1082 3949 conspestui
1099 3916 1217 3950 praesen-

159 3951 244 3982 taret,
261 3945 339 3984 super
351 3948 494 3984 praemiffis
507 3948 634 3985 legitime
648 3946 823 3985 processurus
833 3970 843 3986 ,
856 3958 890 3978 ac
903 3949 1026 3981 fassurus
1041 3974 1052 3990 ,
1073 3952 1106 3983 &
1119 3963 1216 3992 recep-

161 3988 236 4011 turus
247 3983 325 4021 quod
333 3986 435 4022 justitia
445 3986 575 4016 suaderet.

200 4018 236 4050 Et
249 4022 314 4059 quia
327 4023 356 4053 in
368 4023 448 4056 dieto
460 4026 598 4064 termino,
617 4024 661 4058 vel
674 4024 738 4064 post
751 4025 841 4066 ipsum
854 4024 957 4058 diutius
977 4028 1134 4067 expediatus
1143 4053 1152 4068 ,
1167 4039 1217 4068 per

1262 128 1735 176 PUBL1CA.
2281 152 2308 193 7

1244 212 1286 252 se,
1302 215 1346 245 vel
1359 216 1379 235 *²
1395 216 1610 249 Procuratorem
1622 219 1718 259 suum,
1734 230 1833 252 coram
1852 222 1937 253 nobis
1950 220 2017 253 com
2053 233 2110 254 rere
2128 227 2305 256 contumaci·
2321 224 2396 255 Ann.
2415 227 2455 257 D,

1244 260 1287 282 ter
1301 262 1360 283 non
1376 255 1501 293 curarat,
1516 257 1604 294 ipsum
1625 257 1661 288 de
1678 259 1806 290 Fratrum
1826 260 1987 292 nostrorum
2036 263 2137 294 onsilio
2156 273 2304 294 contuma-

2339 273 2425 304 1320.

1245 300 1312 334 cem
1338 294 1442 323 merito
1459 303 1614 330 reputantes
1629 319 1638 333 ,
1662 297 1691 325 in
1716 308 1783 328 eum
1807 298 2119 332 Excommtmicationis
2141 302 2305 333 sententiani
2323 307 2389 330 Esv.
2409 313 2438 333 2.

1246 327 1375 359 duximus
1389 331 1604 371 proferendam,
1623 334 1758 373 Regnum
1766 337 1870 368 Scotiae
1884 339 2053 376 praedielum
2066 340 2230 372 subicieiitez
2247 340 2306 372 Ec-
2325 345 2338 357 ‘
2358 344 2411 370 lli.

1247 367 1398 399 cleliastico
1414 368 1578 401 Interdicio.

1282 405 1320 449 Et
1335 407 1544 446 nichilominis‚
1554 409 1640 452 ⁴super
1653 413 1807 451 praemissis,
1827 424 1879 445 nos
1891 414 2104 455 Inquisitionem
2122 426 2219 448 contra
2237 428 2305 449 eum

1246 444 1411 483 quibusdam
1425 455 1459 476 ex
1474 447 1613 478 Fratribus
1625 449 1724 479 nostris
1738 452 1868 482 duximus
1883 455 2127 485 committendam.
2202 475 2206 479 ·

1286 482 1395 526 Verum
1411 486 1474 529 quia
1488 486 1594 529 praefati
1610 486 1644 516 N
1648 490 1724 518 uncii
1739 512 1749 527 ,
1771 491 1804 520 ad
1823 492 1976 529 petendum
1997 494 2195 525 relaxationem
2216 491 2309 534 hujus-

1247 521 1394 565 mod1„&
1405 524 1454 552 alia
1468 523 1647 563 faciendum,
1664 535 1727 565 quae
1742 536 1836 558 natura
1856 530 1980 567 Negotii
1999 533 2172 571 requirebat,
2192 535 2308 565 manda-

1247 567 1310 589 tum
1327 559 1438 604 aliquod
1456 571 1514 592 non
1534 563 1674 593 habebant
1688 587 1698 601 ,
1721 566 1754 595 ad
1774 567 1972 599 relaxationem
1986 571 2150 607 praeditum
2164 595 2173 610 ,
2198 572 2234 603 de
2250 574 2309 611 jure

1248 599 1363 635 procedi
1375 609 1434 630 non
1467 608 1570 638 oterat,
1588 611 1643 631 nec
1659 602 1788 634 debebat.

1285 635 1433 677 Propterea
1485 641 1560 669 uncii
1574 642 1742 679 memorati,
1760 643 1854 673 iterata
1868 643 1989 675 Precum
2004 646 2148 687 instantis,
2169 647 2310 687 supplica-

1246 683 1329 714 runt,
1347 685 1377 706 ut
1390 677 1551 716 processum
1565 701 1574 716 ,
1600 678 1632 709 δε
1647 678 1857 716 Iiiquilitionem
1872 682 2025 718 hujusmodi
2040 708 2049 724 ,
2070 688 2131 724 jam
2148 688 2307 727 inceptam,

1248 713 1410 750 suspendere
1443 725 1476 745 ac
1491 717 1688 755 publicationi,
1706 719 1739 747 δε
1758 722 1943 759 aggravationi
1963 722 2154 755 sententiarum
2170 727 2307 765 ipsarum,

1247 753 1332 790 usque
1344 753 1377 783 ad
1392 738 1458 784 K'al.
1475 754 1577 792 Aprilis
1591 756 1722 795 proximo
1737 767 1883 797 venturas,
1899 759 2066 797 supersedere
2079 764 2113 794 de
2133 764 2308 806 Benignitate

1249 790 1416 830 Apostolicai
1428 793 1616 830 dignaremur.

1287 829 1357 860 Nos
1377 832 1458 870 igitur
1473 855 1482 869 ,
1509 832 1634 862 volentes
1653 839 1683 862 ut
1703 832 1779 863 idem
1800 832 1947 865 Robertus
1968 838 2205 871 mansuetudinem
2222 842 2310 872 dietae

1249 867 1328 898 Sedis
1342 869 1391 899 sibi
1405 872 1535 909 reperiret
1549 872 1714 910 propitiam,
1730 872 1763 901 &
1777 872 1927 911 benignam
1944 897 1954 912 ,
1975 875 2011 904 de
2025 879 2156 908 omnium
2171 882 2204 910 ὅ(
2218 881 2309 920 singu-

1247 906 1340 936 lorum
1357 908 1559 946 praedicitorum
1575 909 1703 939 Fratrum
1718 909 1845 940 Consilio
1858 934 1868 950 ,
1890 912 2083 952 supplicationi
2099 918 2258 957 praedidtae,
2272 919 2309 949 de

1248 944 1359 982 speciali
1370 947 1455 986 gratia
1463 971 1472 985 ,
1490 947 1618 978 duximus
1630 948 1818 979 annuendum.

1294 1021 1362 1053 Dat.
1385 1023 1521 1055 Avinion.
1547 1032 1592 1062 15.
1614 1023 1677 1055 Kal.
1697 1024 1891 1065 Septembris,
1913 1025 2100 1060 Pontificatfis
2123 1030 2213 1062 nostri
2233 1042 2309 1063 anno

1247 1069 1354 1100 quarto.

1885 1134 1940 1164 Sub
1945 1135 2005 1177 filis
2018 1136 2148 1168 canabeis.

1271 1257 1333 1289 Pro
1350 1252 1512 1303 Rogero'de
1532 1256 1751 1306 Northburgh,
1777 1258 1822 1293 ad
1838 1259 2070 1295 Cardinalatum
2083 1261 2286 1308 sublimando.

1247 1338 1411 1399 PAPAE

1335 1380 1380 1419 Q

1430 1342 1496 1373 Rex
1510 1343 1614 1375 devota
1627 1344 1732 1382 pedum
1747 1345 1841 1377 oscula
1855 1347 2013 1378 beatorum.

2326 380 2391 415 849.

2327 1342 2402 1373 Ann.
2419 1342 2460 1374 D.

1370 1381 1434 1410 uam
1449 1382 1570 1421 benigne
1590 1384 1622 1413 &
1644 1385 1763 1422 gratiose
1786 1384 1876 1416 vestra
1896 1387 1987 1417 innata
2004 1385 2164 1418 Clementia
2178 1410 2187 1426 ,
2209 1389 2310 1420 carissi-
2347 1392 2431 1422 1320·

1247 1425 1328 1446 mum
1344 1419 1472 1450 Fratrem
1487 1421 1616 1451 nostrum
1631 1445 1640 1458 ,
1665 1421 1851 1454 Edmundum
1873 1423 1910 1454 de
1930 1425 2115 1463 Wodestok,
2141 1427 2310 1465 caeterosque
2326 1425 2378 1448 Al.
2399 1432 2441 1457 14·

1248 1455 1464 1498 Ambassiatores
1478 1460 1605 1498 nostros,
1622 1470 1693 1499 quos
1712 1471 1750 1491 nu
1771 1472 1801 1491 er
1815 1462 1848 1493 ad
1866 1462 1987 1493 vestram
2007 1465 2177 1501 praesentiam
2192 1465 2310 1496 destina·
2328 1464 2356 1487 E.
2376 1469 2400 1487 2·
2428 1495 2433 1503 ,

1247 1503 1355 1533 vimus,
1373 1496 1496 1534 admisit,
1513 1499 1588 1529 &in
1608 1507 1736 1536 exponen
1760 1501 1779 1530 is
1795 1500 1897 1531 nostris
1916 1501 2050 1546 Negotiis
2064 1503 2203 1534 exaudivit
2219 1527 2228 1543 ,
2251 1516 2310 1536 non
2327 1502 2396 1525 Rom.
2413 1504 2447 1530 Θ

1247 1532 1353 1563 cessant
1366 1534 1451 1564 iidem
1468 1536 1687 1567 Ambassiatores
1707 1538 1809 1569 nostris
1829 1540 1940 1570 auribus
1959 1549 2087 1572 intimare
2100 1565 2110 1581 ,
2133 1553 2187 1573 nec
2208 1544 2310 1574 nostrae

1247 1571 1341 1607 potest
1356 1573 1572 1605 considerationi
1588 1577 1617 1605 in
1631 1578 1801 1607 memoriam
1817 1588 1876 1607 non
1892 1579 2006 1617 venire,

1284 1609 1503 1650 Qiamobrem,
1522 1623 1572 1653 per
1587 1616 1778 1651 experimenta
1792 1616 1961 1655 infallibilia,
1983 1619 2184 1657 cognoscentes
2198 1621 2313 1661 qualiter

1248 1647 1343 1679 nostra
1357 1650 1390 1680 &
1403 1651 1568 1682 nostrorum
1583 1654 1713 1692 negotia,
1731 1654 1874 1693 peculiaris
1893 1654 1917 1684 F
1919 1657 2008 1686 avoris
2026 1658 2060 1688 ὃς
2080 1657 2189 1689 Gratia:
2205 1661 2317 1692 uberta-

1248 1693 1293 1725 te,
1311 1688 1399 1718 vestra
1414 1689 1570 1729 Benignitas
1586 1691 1694 1729 semper
1717 1692 1851 1723 haetenus
1870 1692 1967 1724 habuit
1983 1696 2183 1728 commendata
2197 1721 2207 1736 ,
2234 1698 2319 1743 digna

1248 1724 1362 1756 laudum
1378 1731 1522 1767 praeconia
1534 1752 1544 1768 ,
1570 1730 1603 1760 ὅ(
1623 1732 1775 1769 gratiarum
1791 1731 1889 1762 uberes
1910 1732 2035 1764 aetiones
2068 1734 2168 1765 vestrae
2183 1737 2320 1768 incessan-

1249 1773 1290 1794 ter
1304 1765 1471 1798 exsolvimus
1493 1768 1658 1806 Sanetitati,
1676 1770 1710 1800 ὃς
1725 1769 1793 1800 Nos
1808 1794 1817 1809 ,
1843 1769 1971 1810 Negotia
1992 1757 2086 1810 nosira
2099 1797 2109 1812 ,
2133 1785 2167 1804 ac
2182 1775 2317 1816 Regnum

1250 1804 1380 1835 nostrum
1397 1806 1499 1836 vestr-„e
1512 1806 1679 1838 Beatitudini
1693 1809 1795 1839 votivo
1809 1810 2076 1842 recommendamus
2091 1811 2213 1852 affeistu3

1285 1843 1370 1874 Totis
1384 1843 1535 1875 Desideriis
1551 1846 1735 1886 supplicantes
1750 1855 1781 1877 ut
1795 1847 1830 1878 ad
1849 1858 1880 1878 ea
1891 1872 1901 1887 ,
1928 1859 1992 1887 quae
2014 1850 2128 1881 salutem
2150 1852 2300 1890 respiciunt
2306 1857 2319 1894 ,“

1251 1882 1468 1920 tranquilitatem
1480 1884 1617 1922 fulciunt,
1635 1886 1876 1925 incommodaque
1890 1888 2049 1925 propellunt
2064 1889 2186 1930 Nostri,
2201 1892 2318 1924 &Sub-

1250 1920 1371 1952 ditarum
1386 1923 1469 1953 nobis
1481 1922 1645 1953 Nationum
1661 1948 1671 1960 ,
1695 1924 1836 1954 consuetae
1850 1924 2054 1957 Benivolentia:
2076 1929 2210 1960 affectum
2225 1933 2319 1962 conti-

1251 1970 1335 1990 nuare
1349 1962 1457 2002 semper
1469 1961 1641 2002 dignemini,
1658 1962 1692 1993 ὅτ.
1708 1963 1818 1993 intimae
1832 1965 1951 1995 caritatis
1964 1966 2136 2005 amplexibus
2149 1968 2294 2009 adaugere.

1287 1999 1396 2030 Verum
1406 2023 1415 2037 ,
1430 1999 1512 2031 Pater
1528 2000 1648 2038 Sandie,
1663 2001 1749 2039 cum,
1767 2001 1838 2031 sicut
1852 2001 1942 2033 vestra
1958 2006 2039 2035 novit
2053 2005 2201 2037 Sinceritas
2213 2030 2222 2046 ,
2243 2009 2319 2046 jam,

1251 2037 1357 2069 Sanc'ia
1376 2037 1513 2069 Romana
1530 2038 1619 2069 Curia
1633 2061 1643 2077 ,
1668 2041 1774 2078 maJ'ora
1796 2040 1927 2080 Negotia
1945 2042 2027 2073 solito
2048 2053 2101 2074 nos
2120 2045 2155 2075 &
2175 2044 2318 2083 Regnum

1253 2075 1383 2107 nostrum
1398 2077 1521 2107 intimius
1534 2078 1702 2117 contingant
1719 2079 1932 2118 promovenda,
1949 2081 1982 2111 &
1995 2082 2036 2111 ob
2050 2081 2127 2120 hoc,
2142 2090 2172 2113 ut
2187 2084 2321 2122 frequen-

1253 2115 1307 2145 tius
1319 2115 1353 2146 ad
1368 2114 1469 2147 vestrae
1482 2115 1637 2146 sanctitatis
1654 2118 1823 2147 memoriam
1840 2118 2012 2150 deducantur
2026 2142 2036 2158 ,
2057 2121 2172 2152 summis
2184 2122 2321 2155 desideriis

1252 2152 1418 2184 affecitamus
1431 2163 1480 2193 ut,
1495 2154 1531 2184 de
1544 2154 1675 2185 Natione
1689 2154 1785 2186 nostrai
1794 2179 1803 2194 ,
1818 2157 1851 2187 &
1865 2156 1977 2196 Lingua
1991 2158 2163 2199 Anglicanai,
2182 2160 2319 2193 Cardina-

1253 2192 1284 2222 lis
1298 2193 1442 2232 existeret,
1459 2195 1507 2232 qui
1522 2193 1617 2224 vestro
1631 2195 1768 2224 continue
1783 2194 1905 2226 affistens
1918 2196 2012 2235 lateri,
2028 2197 2248 2238 nostrorumque
2261 2202 2320 2231 exi-

1253 2230 1327 2262 stens
1342 2230 1485 2271 Cognitor
1497 2231 1636 2263 Desiderii
1650 2233 1687 2264 ὃ(
1696 2232 1876 2264 Secretorum
1887 2257 1895 2272 ,
1913 2244 1944 2265 ea
1958 2235 2058 2266 vestrae
2071 2238 2320 2278 circumspeffloni

1252 2270 1344 2310 posset
1360 2271 1521 2311 suggerere,
1540 2272 1574 2302 &
1594 2270 1739 2302 afl'ertione
1756 2272 1881 2304 veridica
1895 2273 2101 2314 demonstrare,
2119 2287 2183 2315 quae
2198 2278 2232 2308 ad
2246 2279 2321 2318 ipso-

1253 2318 1317 2339 rum
1332 2309 1527 2350 Negotiorum
1540 2310 1785 2350 Declarationem,
1803 2312 1837 2343 &
1857 2313 1977 2344 veritatis
1997 2313 2216 2346 denudationem
2236 2319 2322 2356 perti-

1254 2356 1376 2387 nerent3
1398 2349 1478 2387 super
1497 2359 1556 2389 quo
1570 2350 1652 2380 etiam
1672 2349 1778 2390 praefati
1797 2350 2014 2382 Ambaffiatores
2033 2352 2120 2384 nostri
2137 2364 2323 2396 aperuerunt,

1254 2397 1307 2427 pro
1319 2395 1394 2426 parte
1408 2387 1500 2418 nostra
1509 2411 1519 2427 ,
1534 2388 1634 2419 vestrae
1648 2389 1794 2419 Serenitati
1807 2398 1910 2420 votum
1924 2390 2063 2422 nostrum.

1291 2425 1352 2463 Ac,
1371 2425 1519 2465 dirigentes
1531 2427 1561 2457 in
1573 2427 1692 2458 circuitu
1706 2427 1806 2458 oculos
1819 2429 1920 2459 mentis
1936 2429 2041 2460 nostrae
2055 2454 2064 2469 ,
2086 2431 2230 2469 personam
2244 2456 2254 2471 ‚
2277 2432 2320 2464 di-

1255 2463 1322 2494 leffi
1338 2463 1443 2496 Clerici
1462 2465 1576 2504 nostri,
1602 2465 1733 2505 Magistri
1752 2466 1862 2506 Rogeri
1875 2466 1911 2498 de
1932 2467 2128 2509 Northburgh
2140 2494 2152 2511 ,
2175 2471 2324 2503 Archidia-

1256 2504 1324 2534 coni
1338 2503 1576 2542 thhemunfflae,

1294 2542 1394 2581 Qiem
1414 2544 1547 2573 novimus
1566 2543 1738 2575 Litterarum
1758 2543 1881 2576 scientia
1895 2546 2045 2583 praeditum
2058 2570 2068 2585 ,
2094 2549 2220 2580 moribus
2239 2559 2322 2581 orna-

1256 2587 1336 2620 tum,
1357 2582 1387 2610 in
1402 2580 1596 2619 Spiritualibus
1610 2584 1644 2614 &
1659 2583 1736 2613 Tem
1758 2584 1879 2614 oralibus
1889 2585 2143 2626 circumspestum,
2161 2587 2219 2618 viti
2234 2589 2324 2619 deco-

1258 2629 1324 2650 rum
1337 2643 1347 2658 ,
1373 2618 1502 2650 Consilio
1522 2621 1675 2659 providum
1691 2645 1700 2660 ,
1723 2632 1738 2651 a
1751 2621 1833 2661 iisque
1852 2623 2006 2654 innumeris
2023 2625 2158 2656 virtutum
2173 2628 2323 2664 praeconiis

2330 1540 2368 1562 Fr.
2393 1545 2436 1571 14·

2330 1579 2403 1602 E.2.

2332 1623 2368 1642 m.
2391 1622 2416 1648 3.

1257 2658 1438 2697 insignitum,
1456 2659 1490 2690 &
1506 2669 1592 2698 quem
1607 2659 1642 2690 ad
1659 2669 1779 2690 omnem
1795 2660 1950 2692 Honorem
1970 2662 2102 2702 Dignum
2122 2665 2155 2696 &
2170 2664 2323 2696 Sufficien-
2362 2693 2363 2696 ,

1257 2705 1316 2727 tem
1331 2706 1507 2738 reputamus,
1526 2699 1595 2729 sicut
1608 2698 1670 2729 alias
1684 2699 1766 2730 vobis
1785 2701 1968 2731 meminimus
1982 2711 2034 2732 nos
2046 2702 2191 2743 scripsisse,
2210 2703 2246 2734 de
2263 2714 2322 2742 quo

1257 2737 1342 2767 etiam
1357 2760 1368 2775 ,
1392 2737 1480 2768 veluti
1500 2737 1669 2768 secretorum
1691 2737 1853 2769 nostrorum
1875 2741 2023 2780 cognitore
2037 2764 2047 2779 ,
2072 2742 2227 2779 pleniorem
2250 2742 2324 2774 fidu-

1258 2776 1331 2806 ciam
1363 2775 1476 2806 sincerae
1489 2777 1646 2807 dilestionis
1660 2777 1848 2817 amplexibus,
1866 2787 2054 2818 reportamus:

1297 2799 1348 2844 Ad
1358 2814 1519 2853 hujusmodi
1533 2815 1726 2846 Cardinalatsis
1740 2816 1883 2847 Officium
1895 2817 2079 2848 desideremus
2091 2818 2205 2858 affumi3

1297 2853 1443 2884 Sandtitati
1455 2854 1552 2884 vestrae
1561 2877 1570 2893 ‚
1589 2853 1692 2892 quanta
1709 2853 1852 2894 possumus
1864 2855 2017 2887 affeetione
2030 2879 2040 2895 ,
2060 2858 2246 2896 supplicamus
2256 2868 2324 2898 qua-

1261 2892 1333 2922 tinus
1353 2892 1512 2930 hujusmodi
1535 2892 1663 2923 nostrum
1683 2892 1849 2924 desiderium
1864 2918 1873 2932 ,
1898 2894 2049 2934 Regnique
2067 2895 2158 2926 nostri
2180 2898 2324 2927 utilitatem

1261 2930 1381 2970 providit
1401 2930 1600 2961 deliberatione
1617 2931 1760 2970 pensantes
1776 2955 1785 2971 ,
1812 2934 1962 2972 praefatum
1984 2934 2154 2973 Magistrum
2174 2934 2324 2975 Rogetum

1261 2968 1296 3000 ad
1309 2968 1500 3000 Cardinalatsis
1513 2969 1654 3001 Officium
1668 2969 1803 3001 assumere
1815 2971 1990 3012 dignemini,
2007 2974 2107 3004 intuitu
2122 2975 2246 3004 caritatis.

1299 3007 1449 3045 speramus
1462 3009 1569 3039 etenim
1588 3008 1666 3047 quod
1678 3031 1688 3047 ,
1712 3009 1732 3039 fi
1752 3009 1841 3041 vestra
1863 3010 2020 3050 Benignitas
2033 3013 2062 3041 in
2081 3012 2133 3042 hac
2154 3021 2230 3051 parte
2249 3012 2326 3041 votis

1262 3045 1363 3076 nostris
1374 3046 1484 3077 duxerit
1496 3047 1676 3078 annuendum
1686 3072 1696 3088 ,
1712 3058 1762 3092 per
1778 3050 1859 3087 ipsius
1877 3050 1989 3087 Rogeri
2011 3050 2241 3089 circumspectam
2260 3059 2325 3088 pro-

1262 3086 1379 3115 bitatem
1389 3108 1398 3123 ,
1417 3085 1491 3116 dista
1505 3085 1600 3115 nostra
1615 3086 1744 3126 Negotia
1758 3088 1794 3118 ab
1809 3088 2014 3120 adversitatibus
2028 3090 2097 3120 tueri
2112 3096 2263 3127 poterunt,
2287 3088 2322 3119 δε

1262 3124 1336 3154 felici
1350 3124 1517 3155 fulcimento
1532 3126 1562 3154 in
1574 3125 1710 3163 prosperis
1726 3126 1865 3166 adaugeri.

1298 3200 1366 3231 Dat.
1382 3201 1456 3239 apud
1470 3201 1605 3241 Odyham
1614 3225 1624 3241 ,
1643 3211 1682 3241 27
1696 3203 1742 3234 die
1757 3202 1887 3244 Augusti.

1530 3325 1559 3353 ³3
1577 3328 1636 3362 Ad
1653 3328 1848 3372 cardinales,
1867 3339 1922 3376 pro
1940 3327 2051 3363 eodem.

1260 3411 1471 3473 VEnerabili
1485 3415 1516 3444 in
1531 3413 1648 3458 Cliristo
1663 3414 1758 3459 Patri,
1774 3414 1909 3445 Domino
1923 3414 1958 3445 A.
1977 3414 2035 3445 Dei
2053 3414 2156 3482 gratias,
2176 3414 2320 3447 Sabinensi

1333 3450 1496 3491 Episcopo,
1514 3463 1610 3496 amico
1622 3453 1671 3483 suo
1685 3452 1827 3484 carissimo
1839 3478 1849 3492 ,
1874 3453 2043 3491 Edwardus,
2063 3454 2121 3484 &c.
2145 3452 2268 3494 alutem,
2286 3456 2320 3487 &

1260 3489 1376 3520 sincerae
1390 3490 1549 3521 dilectionis
1560 3492 1705 3522 afleti‘tum.

1297 3528 1418 3567 Qanto
1435 3529 1471 3560 de
1490 3529 1590 3561 vestrae
1604 3530 1761 3561 dilectionis
1782 3531 1815 3562 &
1829 3531 1960 3561 amiciti-„e
1980 3531 2099 3573 puritate
2119 3529 2276 3568 pleniorem
2288 3530 2321 3561 fi-
2341 3555 2362 3577 E

1260 3567 1373 3597 duciam
1387 3569 1564 3607 optInemus,
1583 3577 1661 3600 tanto
1676 3569 1879 3606 confidentius,
1897 3568 1960 3607 quae
1974 3570 2003 3598 in
2020 3576 2092 3598 votis
2102 3570 2227 3608 gerimus
2238 3593 2247 3608 ,
2272 3580 2320 3600 ve-

1261 3605 1323 3636 strae
1337 3606 1492 3637 Sinceritati
1508 3609 1682 3648 apperimus,
1701 3609 1733 3638 δε
1748 3618 1799 3645 pro
1813 3617 1910 3637 eorum
1924 3606 2111 3646 Expeditione
2128 3606 2255 3639 vestrum
2268 3608 2322 3640 Pax-¹

1261 3645 1419 3676 trocinium
1433 3646 1577 3676 studiosius
1591 3647 1780 3684 imploramus.

1297 3683 1376 3714 Cum
1397 3685 1491 3722 itaque
1512 3684 1645 3714 Domino
1667 3685 1790 3714 Summo
1809 3682 1943 3713 Pontifici
1956 3706 1965 3721 ,
1992 3694 2041 3722 per
2064 3684 2168 3714 nostras
2189 3684 2324 3726 Litteras,

1259 3721 1418 3754 duxerimus
1432 3723 1642 3762 supplicandum
1654 3746 1663 3759 ,

1262 3759 1437 3797 Magistrum
1462 3762 1615 3799 Rogerum
1639 3761 1674 3790 de

1261 3799 1385 3829 mundiae
1393 3822 1404 3838 ,

1301 3837 1400 3875 Qem
1416 3839 1508 3867 virum
1523 3838 1654 3867 novimus
1669 3837 1835 3867 Litterarum
1857 3836 1981 3868 Scientiti
1999 3838 2168 3877 praeditum,
2188 3839 2323 3870 Moribus

1261 3885 1410 3914 ornatum,
1428 3877 1455 3905 in
1472 3876 1660 3915 Spiritualibus
1677 3876 1710 3906 &
1731 3875 1950 3913 Temporalibus
1967 3875 2217 3917 Circumspetstum
2232 3902 2242 3917 ,
2263 3879 2321 3909 vita

1262 3915 1398 3945 decorum
1408 3937 1417 3951 ,
1435 3912 1565 3944 Consilio
1578 3914 1730 3954 providum
1743 3937 1752 3952 ,
1775 3914 1883 3953 aliisque
1898 3915 2048 3946 innumeris
2060 3918 2197 3947 virtutum
2213 3926 2321 3955 praeco-

1263 3955 1314 3984 niis
1333 3953 1493 3992 insignitum
1509 3976 1518 3990 ,
1544 3953 1577 3983 &
1590 3962 1676 3992 quem
1695 3953 1728 3983 ad
1749 3962 1869 3982 omnem
1889 3952 2044 3984 Honorem
2058 3955 2178 3994 dignum
2199 3956 2232 3986 ὃς
2245 3953 2320 3985 suffi-

1262 3993 1385 4023 cientem
1396 3999 1571 4029 reputamus,

1301 4029 1348 4061 Ad
1364 4028 1556 4061 Cardinalatsis
1568 4029 1722 4061 Honorem
1737 4029 1866 4069 dignetur
1879 4030 1968 4062 nostri
1982 4032 2084 4063 intuitu
2099 4040 2284 4098 promoveffm

2254 4077 2324 4098 ater-

1708 3722 1815 3752 uatiiius
1829 3745 1837 3759 ,
1861 3722 1995 3753 dimdium
2016 3721 2162 3754 Clericum
2174 3724 2324 3763 nostrum,

1687 3733 1892 3799 qNorthburgh
1907 3783 1917 3799 ,
1945 3760 2188 3792 Archidiaconum
2213 3762 2324 3794 Riche-

2341 3322 2359 3342 *
2373 3324 2428 3353 111.

2338 3361 2405 3398 850.

2341 3431 2417 3463 Ann.
2432 3429 2474 3460 D.

2368 3479 2452 3511 1320-

2339 3515 2393 3538 aan.
2412 3521 2455 3545 14.

2366 3573 2370 3577 .
2388 3564 2416 3583 2,

2339 3592 2404 3620 ibid.
