2562 4279
0 234 55 254 rnn.
67 222 109 253 D.

0 263 83 301 1326.

0 306 42 330 dv.
64 311 91 329 2.

0 2201 110 2233 Snn.D.

4 2242 88 2281 1326.

0 2285 38 2308 172.
59 2290 100 2315 ¹9·

0 2359 52 2388 ⁷...<·.
75 2365 118 2391 ¹9-

0 2391 21 2423 ΞῙ
33 2405 57 2424 2.
79 2406 115 2424 m.

0 2853 121 2886 tV.2r4.

6 3721 84 3752 Ann.
94 3717 135 3748 D.

27 3759 113 3797 1326.

5 3801 59 3826 Aa.
78 3806 121 3831 ¹9·

6 3857 84 3907 fasc.-
96 3882 139 3907 19.

7 3916 37 3939 E.
53 3922 78 3938 2.
101 3920 139 3937 m.

11 3958 38 3986 3.
52 3949 115 3986 dors.

133 143 211 178 160

126 221 256 261 sponsum
280 219 359 257 ipsius
381 216 505 248 Roberti
524 214 560 245 de
582 214 668 253 Brus,
685 213 764 252 super
783 212 864 244 dietis
878 212 1028 251 Articulis,
1045 211 1080 242 ad
1093 218 1184 250 partes

127 262 231 292 Scotiae
245 258 372 288 duximus
386 253 623 286 transmittendos:
643 253 771 283 volentes
787 251 868 290 quod
888 252 1010 290 eisdem,
1031 251 1183 288 Roberto,

127 300 276 334 Roberto,
294 298 326 326 ὅε
339 295 480 332 johanni,
498 294 530 323 &
549 291 661 322 duobus
680 301 800 330 eorum,
817 291 896 331 super
919 289 1065 329 praemissis
1086 289 1192 320 omni--

127 339 196 375 bus,
214 335 279 365 fides
294 333 408 362 indubia
423 332 585 369 praebeatur.

203 374 236 403 In
249 373 340 408 cujus,
361 371 421 401 &e

164 411 253 444 Teste
265 410 348 449 Rege
362 407 434 447 apud
447 407 568 438 Turrim
584 406 721 438 London.
734 406 872 439 vicesimo
886 405 970 437 tertio
983 404 1030 436 die
1038 403 1126 444 Junii.

813 485 866 514 Per
878 481 959 523 ipsum
973 485 1079 520 Regem.

128 616 175 648 De
194 610 344 646 fidelibus
370 613 475 658 Regis,
495 609 601 656 sitbita
626 610 813 643 Gallicorum
839 611 870 641 in
889 607 1064 654 Wrftom‘am
1083 608 1183 651 irrup-

335 662 413 692 tione
427 657 581 702 abduft‘is,
607 658 651 692 ad
657 657 752 704 fidem
773 655 975 691 redeuntibus.

104 755 110 762 ·
131 744 267 803 REX,
285 745 390 777 dileeto
403 747 436 779 &
450 744 525 776 fideli
538 742 606 785 suo,
624 744 770 776 Bertramo
783 742 819 773 de
832 740 978 786 Stanycat‚
996 739 1130 772 Salutem.

230 785 400 816 Recolentes
421 784 523 822 vestri,
541 785 574 816 ὃς
594 783 754 815 vestrorum
774 782 1012 820 Progenitorum,
1032 787 1099 822 erga
1117 786 1187 822 nos,

131 824 165 854 &
179 823 309 862 nostros,
328 820 463 855 fidelitatis
480 823 683 860 constantiam,
702 821 792 852 Affi’tus
808 819 952 857 strenuOS,
968 819 1001 849 &
1017 816 1187 861 multiplices

130 861 304 900 Probitares,
323 863 444 893 turbavit
465 863 567 893 acerbe
588 861 682 891 nostra
702 859 855 898 praecordia
868 883 878 894 ,
897 858 930 888 &
953 865 1030 896 gravi
1052 862 1187 885 auxietate

106 908 112 915 ·
132 903 228 932 omnia
242 900 375 932 interiora
387 901 565 938 commovit,
603 900 700 930 erlatus
712 898 747 928 ad
768 897 851 934 Nos,
870 896 986 926 Rumor
1005 892 1188 938 implacidus,

106 947 112 953 ·
132 940 231 979 quod,
248 939 397 978 videlicet,
417 939 561 970 Gentibus
606 939 663 977 egis
677 937 817 974 Francice,
835 935 936 966 Terras
949 932 1056 964 nostras
1068 942 1099 962 in
1121 931 1188 962 Du-

133 987 198 1010 catu
213 979 374 1017 Aquitaniae
389 988 478 1016 nuper
492 977 584 1007 subito
599 975 810 1013 invadentibus,
827 971 992 1004 adhaesistis:

170 1018 219 1048 Set
241 1017 426 1056 postmodum
442 1039 452 1055 ,
470 1017 583 1046 rationis
605 1016 705 1055 vigore
720 1039 729 1053 ,
747 1022 842 1044 motus
864 1010 1067 1080 Indiqnationis
1087 1007 1188 1051 nostrae

131 1064 332 1094 temperantes,
351 1057 384 1087 &
404 1064 519 1085 eventus
541 1052 701 1092 hujusmodi
721 1052 882 1091 qualitatem
903 1050 930 1080 di
943 1052 1047 1090 igenter
1061 1047 1189 1078 conlide-

131 1103 222 1126 rantes
237 1119 246 1132 ,
271 1094 516 1125 animadvertimus
536 1092 717 1123 Gallicorum
739 1090 898 1128 hujusmodi
920 1087 1108 1130 Irruptionem
1128 1087 1187 1116 tam

131 1134 326 1173 praecipitem,
343 1133 477 1169 subitam,
495 1132 528 1161 &
542 1132 713 1169 inopinatam
727 1129 824 1168 fuisse,
841 1137 872 1159 ut
887 1137 957 1166 vos,
975 1136 1062 1164 majus
1081 1125 1189 1155 malum

130 1172 319 1209 declinando,
336 1170 419 1201 dietis
434 1169 552 1200 Gallicis
565 1169 766 1199 diffimulanter
782 1168 817 1198 ad
833 1176 943 1205 tempus
957 1164 1115 1202 adhaerere,
1129 1172 1190 1207 tan-

131 1219 218 1248 quam
233 1211 325 1240 minus
339 1210 463 1255 malum,
481 1208 596 1247 elegistis
612 1209 709 1245 (prout
727 1217 743 1236 a
757 1205 906 1248 fidedignis
923 1203 1108 1249 intelleximus
1130 1212 1190 1246 eyi-

131 1249 242 1285 denter)
260 1248 414 1286 praesertim
428 1256 497 1278 cum
510 1255 595 1284 tunc,
613 1247 648 1277 de
661 1244 809 1276 sufficienti
832 1242 999 1280 resistentia,
1017 1250 1070 1279 pro
1089 1241 1189 1278 nobis,

131 1288 162 1318 in
176 1287 297 1325 partibus
312 1287 378 1325 illis,
395 1296 454 1316 non
471 1285 558 1316 fuerat
571 1285 741 1315 ordinatum.
1065 1319 1070 1324 ι

172 1325 264 1365 Qod
280 1325 364 1355 etiam
380 1334 416 1354 eo
429 1325 531 1355 certius
545 1323 703 1361 credimus,
721 1321 801 1361 quod
815 1320 850 1351 ad
865 1319 988 1363 pristinae
1007 1317 1072 1348 fidei
1087 1316 1190 1362 vestrce

133 1365 339 1396 observantiam
359 1363 448 1393 redire
470 1363 554 1400 parati
577 1361 641 1392 estis
656 1384 666 1398 ,
698 1369 780 1398 prout
798 1358 1026 1390 certitudinaliter
1044 1357 1125 1387 nobis
1148 1355 1190 1399 ei't

133 1404 314 1440 nunciatum,
331 1402 406 1432 unde
427 1399 585 1439 praecedens
607 1399 712 1431 nostrae
734 1400 835 1430 mentis
853 1397 994 1428 Turbatio
1013 1405 1073 1426 non
1095 1394 1190 1426 modi-

134 1452 205 1473 cum
220 1442 364 1479 quietatur.

172 1480 386 1511 Coniiderantes
407 1479 499 1516 itaque
520 1478 762 1516 recuperationem
791 1475 908 1506 honoris
933 1473 1017 1505 vestri
1044 1473 1078 1504 &
1105 1471 1190 1503 famae

134 1520 233 1557 (quam
246 1517 398 1556 plurimum
409 1517 550 1554 optamus)
566 1518 596 1546 in
607 1517 666 1546 hoc
681 1515 797 1553 versari,
814 1514 951 1544 dilec‘tum
963 1513 995 1544 ὃς
1010 1511 1123 1542 fidelem
1137 1521 1190 1541 no-

134 1557 240 1595 strum,
259 1556 410 1586 Oliverum
421 1557 458 1585 de
472 1554 610 1594 Ingham,
627 1554 814 1585 Senescallum
829 1550 960 1583 Ducatsis
996 1550 1122 1588 raediffi,
1140 1549 1190 1587 &,

133 1596 253 1626 dilectos
276 1593 406 1625 Clericos
429 1593 557 1632 nostros,
577 1592 751 1630 Magistrum
773 1590 891 1622 Petrum
911 1590 947 1621 de
1003 1589 1136 1627 aliciano,
1154 1588 1188 1618 &

135 1632 305 1673 Magistrum
323 1633 485 1670 Johannem
507 1632 544 1662 de
565 1631 707 1669 Hildesse,
726 1631 806 1668 super
827 1628 929 1660 nostris
944 1627 1141 1665 Beneplacitis‚
1161 1627 1189 1656 in

133 1671 299 1741 praemidsliS,
316 1672 435 1702 fecimus
447 1671 568 1709 plenarie
582 1670 746 1708 informari,
764 1668 850 1700 vobis
862 1677 910 1706 per
926 1666 998 1708 ipsos
1010 1666 1134 1697 seriosius
1143 1673 1189 1695 ex-

155 1721 228 1742 onen
252 1720 287 1740 is:

133 1723 154 1752 p
172 1750 286 1789 Qibus
307 1748 458 1787 omnibus,
476 1747 587 1778 duobus
622 1747 656 1778 δε
677 1747 725 1777 uni
747 1755 863 1783 eorum,
882 1745 910 1774 in
932 1744 983 1774 hiis
997 1766 1006 1781 ,
1025 1753 1090 1781 quae
1107 1742 1190 1772 vobis

134 1789 246 1827 dicent,
265 1787 310 1817 vel
322 1787 395 1818 dicet
408 1796 442 1816 ex
455 1796 530 1824 parte
544 1770 656 1822 noslrfi,
675 1784 760 1814 fidem
774 1783 918 1814 indubiam
934 1783 1093 1820 praebeatis,
1111 1782 1144 1812 ὃς
1157 1791 1188 1811 ea

132 1828 173 1860 sic
188 1828 216 1857 in
237 1835 324 1864 opere
345 1825 455 1862 explere
476 1824 618 1861 studeatis,
636 1823 732 1861 quod,
750 1832 848 1853 amoto
875 1821 1022 1860 cujussibet
1043 1819 1191 1850 dubietatis

135 1866 265 1904 scrupulo
280 1887 290 1903 ,
319 1863 438 1894 vestram
464 1862 599 1901 poffimus
617 1861 752 1892 fidelitatis
774 1862 807 1892 &
829 1859 997 1891 constantiae
1018 1859 1190 1896 probitatem

134 1905 227 1942 dignis
242 1902 366 1933 attollere
379 1902 504 1932 laudibus
513 1924 522 1939 ,
540 1902 572 1931 &
586 1902 707 1931 emeritis
722 1900 968 1930 Retributionibus
981 1899 1130 1929 honorare.

174 1943 242 1973 Dat.
257 1940 331 1979 apud
345 1940 466 1971 Turrim
479 1939 659 1977 Londoniae,
676 1938 813 1970 vicesimo
828 1947 927 1976 quarto
940 1937 986 1968 die
995 1936 1083 1976 Junii.

132 2068 182 2101 De
212 2063 371 2111 recipiendo
393 2063 436 2097 ad
453 2067 593 2111 gratiam
614 2066 809 2097 Amanenum
828 2065 996 2095 Dominum
1014 2058 1050 2092 dc
1068 2056 1193 2092 Lebreto

177 2118 214 2155 ὠ
232 2112 353 2148 Liberos
365 2141 375 2157 ,
393 2113 532 2160 praedtfta
547 2115 714 2160 Irruptione
731 2111 925 2144 circumactos
944 2113 981 2149 &
1000 2107 1143 2155 abreptos.

136 2200 440 2270 RE{'-⁰mn³l3“}’
457 2199 493 2230 ad
507 2199 602 2238 quod,
620 2199 681 2230 &c.
700 2198 836 2230 Salutem.

255 2248 330 2270 ciatis
365 2249 403 2269 uo

169 2277 250 2309 Cum
268 2250 380 2316 quidailn
397 2263 561 2316 Magnam,
578 2276 671 2307 fideles
685 2275 791 2314 nostri,
811 2274 894 2305 nobis
908 2272 1042 2304 instanter
1056 2271 1194 2310 supplica-

134 2318 244 2354 verint,
262 2325 292 2346 ut
309 2316 509 2354 Amanenum,
526 2314 690 2345 Dominum
705 2314 741 2345 de
758 2314 902 2351 Lebreto,
921 2314 954 2344 ὃς
970 2311 1143 2342 Bernardum
1159 2311 1193 2341 &

138 2354 331 2392 Almaricum,
351 2353 470 2383 Liberos
491 2353 613 2392 ejusdem
634 2353 798 2390 Amaneni,
816 2351 997 2390 ipsorumque
1019 2349 1195 2387 Familiares,

139 2393 268 2424 Fautores
283 2393 315 2424 &
329 2391 510 2421 Adhaerentes
525 2392 585 2428 (qui
597 2401 697 2422 contra
712 2401 763 2421 nos
781 2392 811 2420 in
824 2388 937 2420 Guerra
944 2388 1093 2418 Vasconiae
1105 2397 1195 2425 nuper

138 2431 218 2461 mota
233 2431 357 2466 fuerunt)
373 2429 406 2460 ad
419 2429 545 2460 nostram
561 2429 690 2460 Gratiam
703 2430 735 2459 δε
754 2428 979 2458 Benivolentiam
988 2426 1133 2458 admittere
1145 2436 1195 2458 ve-

138 2470 240 2539 linlmlu
258 2469 405 2499 afferentes
419 2467 489 2506 ipsos
502 2468 560 2498 hoc
573 2468 723 2498 desiderare
740 2476 802 2498 toto
819 2466 906 2498 corde
916 2490 925 2504 ,

211 2518 244 2538 os

175 2530 304 2585 Ipi'or'um
319 2546 447 2584 precibus
460 2546 488 2576 in
503 2544 555 2575 hac
571 2553 647 2583 parte
661 2544 800 2583 inclinati,
818 2554 850 2574 ac
864 2543 899 2574 de
913 2542 1041 2574 fidelitate
1064 2543 1097 2574 &
1115 2541 1197 2572 indu-

140 2585 221 2624 strifi,
239 2585 409 2615 dilestorum
424 2584 457 2615 δε
473 2583 598 2614 fidelium
613 2584 792 2621 nostrorum,
810 2582 923 2613 Oliveri
941 2582 976 2612 de
993 2581 1129 2620 Ingham,
1147 2581 1198 2612 Se-

143 2624 252 2654 nescalli
272 2622 420 2654 Vasconiae
434 2645 444 2661 ,
460 2622 601 2653 Amaneni
623 2622 659 2653 de
681 2622 796 2652 Fossato
811 2646 821 2659 ,
840 2622 873 2651 &
893 2621 1009 2651 Arnaldi
1031 2619 1199 2658 Gullielmi,

142 2662 267 2693 Domini
280 2661 315 2691 de
331 2661 479 2698 Leseuno,
498 2661 608 2699 plenam
623 2660 755 2691 fiduciam
769 2668 957 2698 reportantes,
971 2658 1182 2696 assignavimus,

180 2700 273 2739 ipsos,
292 2701 325 2730 ὃς
343 2699 414 2730 duos
435 2709 535 2730 eorum
559 2700 694 2737 (quorum
714 2698 860 2736 praefatum
873 2697 1062 2728 Senescallum
1079 2698 1198 2727 alterum

144 2739 200 2769 esse
215 2738 358 2775 volumus)
374 2739 407 2768 ad
422 2737 596 2768 tractandum
613 2748 665 2775 pro
680 2738 778 2774 nobis,
796 2738 829 2768 &
850 2736 948 2766 nostro
969 2735 1102 2774 nomine,
1120 2735 1199 2773 super

143 2777 215 2815 hiis,
231 2787 294 2815 quae
306 2776 340 2806 ad
357 2776 635 2807 Reconciliationem
649 2776 730 2814 ipsius
747 2775 888 2806 Amaneni
901 2774 936 2805 de
950 2774 1094 2812 Lebreto,
1113 2774 1200 2804 Libe-

144 2816 296 2853 berorum,
315 2815 522 2853 Familiarium,
542 2815 713 2853 Faumrum,
728 2814 761 2845 ὅ(
778 2813 994 2844 Adhaerentium
1007 2812 1121 2844 suorum
1130 2823 1201 2851 prae-

145 2853 309 2890 dierorum,
329 2853 348 2872 ’¹‘
365 2855 520 2891 pertinent,
537 2853 583 2884 vel
595 2861 727 2890 poterunt
749 2854 900 2891 pertinere:
917 2861 1033 2883 necnon
1049 2851 1083 2882 ad
1104 2853 1201 2882 remit-

143 2892 262 2924 tendum
276 2892 308 2922 &
322 2891 534 2929 pardonandum
548 2891 639 2921 eidem
653 2891 803 2922 Amaneno
818 2890 854 2922 de
868 2891 1011 2929 Lebrero,
1028 2890 1200 2922 omnibus&

147 2931 262 2969 singulis
276 2929 451 2967 iupradietis,
471 2930 661 2968 quascumque
676 2930 813 2960 Actiones
827 2930 860 2961 δε
876 2929 1057 2968 Qaestiones
1075 2929 1203 2971 persona-

148 2970 204 3007 les,
223 2979 289 3008 quas
303 2978 401 2999 contra
415 2968 504 3007 ipsum
530 2969 711 2998 Amanenum
731 2968 767 2998 de
790 2968 931 3006 Lebreto,
952 2968 1088 3006 Liberos,
1108 2968 1203 2998 Fami-

148 3008 226 3039 liares
240 3031 250 3046 ,
269 3007 401 3038 Fautores
415 3029 424 3045 ,
441 3007 473 3037 &
498 3005 680 3037 Adhaerentes
703 3006 852 3044 praedieios
865 3030 874 3045 ,
890 3007 922 3038 ὃ(
942 3017 1042 3038 eorum
1064 3009 1203 3046 aliquem,

149 3047 296 3078 habuimus
311 3069 321 3084 ,
337 3045 383 3076 vel
405 3045 541 3075 habemus
552 3068 562 3083 ,
581 3046 687 3076 ratione
706 3045 867 3082 injuriarum
886 3047 920 3077 δε
939 3044 1102 3077 Criminum
1117 3070 1126 3084 ,
1144 3045 1204 3075 tam

150 3085 339 3123 Capitalium,
357 3084 445 3121 quarn
467 3083 599 3114 Aliorum
622 3093 874 3121 quorumcunque,
893 3093 992 3114 contra
1011 3095 1062 3115 nos
1077 3085 1205 3123 qualiter-

149 3133 274 3161 cumque
299 3121 548 3160 Commissorum·²
567 3123 600 3153 &
621 3121 656 3152 ad
678 3120 789 3152 firmam
810 3122 914 3153 Pacem
934 3122 1061 3154 nostram
1082 3124 1120 3154 eis
1140 3123 1206 3153 inde

151 3160 369 3194 concedendum
376 3184 386 3199 ,

189 3198 367 3238 Affignamus
390 3200 423 3230 ὅτ
445 3199 628 3237 deputamus,
646 3198 754 3237 eisque,
773 3200 807 3230 &
828 3198 939 3229 duobus
953 3209 1053 3230 eorum
1071 3199 1207 3236 (quorum

153 3238 302 3279 praefamm
318 3237 505 3280 {Senescallum
519 3238 636 3269 alterum
651 3237 707 3267 effe
722 3237 864 3274 volumus)
882 3238 959 3275 super
975 3238 1209 3275 praemiffis,om-

153 3278 236 3308 nibus
255 3277 288 3308 δε
310 3276 439 3313 lingulis,
456 3277 580 3315 plenam,
601 3285 700 3307 tenore
723 3277 900 3315 praeientium
916 3298 926 3314 ,
944 3278 1153 3307 committimus
1174 3277 1208 3307 &

155 3314 340 3347 concedimus
352 3313 529 3352 potestatem.

192 3354 394 3384 promittentes
406 3363 458 3383 nos
473 3352 545 3383 Rata
557 3353 591 3384 &
605 3353 698 3383 Firma
712 3353 871 3390 habituros,
890 3362 920 3382 ea
930 3375 940 3390 ,
955 3362 1019 3390 quae
1043 3363 1090 3390 per
1111 3353 1211 3390 praefa-

155 3401 218 3430 τος,
236 3391 442 3429 senescallum,
461 3391 644 3421 Amanenum
659 3391 695 3421 de
710 3391 733 3421 F
734 3391 843 3429 ossato,
859 3391 892 3422 &
909 3390 1064 3422 Arnaldum
1074 3392 1124 3429 ,&
1139 3390 1212 3421 duos

156 3441 258 3461 eorum
274 3431 409 3468 (quorum
424 3429 571 3467 praefatum
586 3429 772 3460 Senescallum
786 3430 901 3460 alterum
913 3429 970 3460 esse
991 3430 1134 3466 volumus)
1158 3438 1212 3459 tra-

157 3470 245 3507 ctata,
264 3468 455 3506 concordata,
474 3469 507 3499 &
520 3468 617 3499 vallata
630 3468 734 3498 fuer'mt
748 3469 776 3498 in
790 3467 948 3507 praemissis,
970 3468 1004 3498 &
1019 3478 1048 3498 ea
1059 3478 1106 3507 per
1121 3468 1212 3497 literas

157 3506 278 3550 nostras,
295 3507 344 3549 sub
361 3516 466 3545 magno
479 3506 580 3544 Sigillo
594 3505 844 3545 nostr02ratificari
855 3507 888 3538 &
904 3507 1053 3545 approbari
1068 3506 1213 3544 faciemus,

158 3554 228 3576 cum
243 3544 308 3574 inde
324 3547 455 3575 fuerimus
470 3546 621 3576 certiorati.

195 3583 228 3613 ln
246 3583 338 3620 cuius,
356 3584 416 3613 ἃς.

232 3617 300 3651 Dat.
313 3621 387 3659 apud
401 3622 520 3652 Turrim
537 3621 716 3660 Londoniae,
734 3621 871 3653 vicesimo
886 3628 986 3660 quarto
999 3620 1044 3652 die
1053 3620 1140 3659 Junii.

161 3760 228 3791 Rex
255 3758 298 3790 ad
322 3762 466 3793 Civitates
490 3763 650 3807 Vastoniae,
675 3762 712 3795 de
735 3767 850 3795 nomine
868 3760 1082 3795 Gubernatoris
1096 3765 1132 3800 ὠ·
1151 3761 1219 3795 Ad-

209 3804 416 3897 njlinistratoris
440 3821 478 3841 cx
503 3808 643 3856 pcstfasio
662 3838 672 3854 ‚
697 3815 811 3844 ratione
829 3814 1027 3845 Minoritatis
1050 3811 1141 3852 Filii,
1157 3808 1218 3854 fibi

210 3864 229 3884 a
250 3863 361 3898 umpto.

166 3943 553 4013 RE&m{sswgdil''·Filii
567 3951 659 3996 nost-ri
674 3952 770 3984 Primo
791 3954 877 3998 eniti,
897 3953 1057 3998 Aquitaniae
1071 3952 1221 3991 Ducis‚&

342 4023 345 4026 Ι
421 3995 436 4014 e
463 3995 524 4022 riae,
545 3987 679 4027 Pontivi,
698 3993 731 4022 &
793 4000 868 4021 ontis
891 3992 1003 4028 Strolli,
1021 4001 1054 4022 ac
1074 3991 1222 4022 Bonorum

163 4019 197 4051 ὅ(
212 4020 323 4052 Rerum
339 4021 437 4061 ipsiuS,
456 4022 656 4066 Gubernator,
674 4029 708 4061 &
722 4029 963 4069 Administrator‚
981 4029 1087 4063 dilectis
1100 4030 1134 4062 &
1154 4028 1224 4061 fide-

582 120 1386 173 CONVENTIONE&

1440 115 1828 168 LITERAE,

1228 208 1300 239 libus
1314 207 1382 245 suis,
1401 205 1525 245 Majori,
1539 204 1661 243 Jutatis,
1679 204 1712 235 &
1726 200 1938 234 communitati
1952 198 1990 231 de
2013 199 2198 242 Maloleone,
2214 202 2295 236 salu·

1228 256 1297 279 tem.

1266 283 1457 315 Intelleximus
1473 308 1483 322 ,
1503 282 1564 314 tam
1587 291 1621 312 ex
1640 279 1726 312 relatu
1739 304 1749 318 ,
1775 278 1872 311 dileffi
1893 277 1999 309 Clerici
2022 277 2111 309 nostri
2124 302 2134 317 ‚
2161 278 2295 319 Magistri

1230 323 1341 354 Galteri
1355 323 1391 353 de
1402 323 1528 353 Pembru
1548 330 1583 361 ge
1619 321 1706 358 quam
1720 328 1754 349 ex
1769 326 1872 349 tenore
1884 318 2046 354 literarum,
2062 317 2160 348 dileeti
2176 319 2210 349 &
2225 318 2295 350 fide.

1229 362 1262 392 lis
1278 361 1383 399 nostri,
1401 361 1515 392 Oliveri
1547 370 1563 390 e
1584 344 1724 396 sngham,
1742 357 1889 388 Senescalli
1911 355 2078 395 Vaseoniae,
2097 355 2222 387 Gestum
2244 367 2295 388 ve-

1230 400 1320 431 strum
1334 401 1463 438 bonum,
1480 400 1514 431 &
1530 400 1668 438 integram
1690 396 1888 433 voluntatem,
1907 404 1973 432 quae
1993 403 2079 434 penes
2097 404 2150 425 nos
2169 394 2294 436 habetis,

1229 448 1315 478 prout
1329 437 1410 469 Gens
1424 438 1501 468 bona
1514 437 1599 469 dictae
1612 435 1742 466 Civitatis
1762 433 1872 472 semper
1889 432 2041 470 haetenus,
2059 434 2204 466 retroactis
2220 443 2295 466 tem-

1229 478 1346 515 poribus
1359 500 1370 516 ,
1387 486 1471 517 penes
1491 486 1545 507 nos
1559 499 1569 515 ,
1587 476 1622 507 &
1645 472 1843 505 Antecefforoe
1863 471 1975 503 nostros
1989 496 2000 511 ,
2017 471 2199 512 habuerunt3
2215 472 2294 505 unde

1230 515 1389 554 plurimum
1405 523 1614 546 contentamur.

1270 554 1398 594 Qaliter
1419 555 1504 584 etiam
1527 553 1625 591 nobis,
1644 560 1777 591 tanquam
1795 547 2025 581 Administratori
2046 550 2080 581 &
2100 549 2294 582 Gubernatori

1230 592 1302 624 dicti
1317 591 1448 623 cariffimi
1461 591 1524 622 Filii
1537 591 1627 622 nostri
1642 592 1701 629 (cui
1717 590 1865 621 Ducatum
1878 587 2047 627 praediecum
2060 588 2199 626 dedimus)
2215 591 2294 620 voti-

1231 633 1270 662 ve
1291 632 1325 663 &
1346 630 1471 662 corditer
1490 630 1633 669 paruistis,
1648 628 1848 669 Juramenturn
1870 629 1903 658 &
1924 626 2128 658 Obedientiam
2146 627 2227 659 dieto
2241 628 2293 660 Se-

1232 669 1353 700 nescallo
1367 668 1467 700 nostro
1480 668 1660 707 exhibendo,
1680 668 1716 699 de
1730 678 1790 707 quo
1804 667 1886 699 vobis
1900 667 2095 703 regratiamur:

1273 708 1418 748 Rogantes
1430 706 1512 745 quod
1526 706 1702 738 voluntatem
1718 716 1813 737 conce
1834 714 1890 737 tam
1899 729 1909 744 ‚
1926 704 2043 735 Auxiliis
2056 704 2294 737 &Manutenem

1232 748 1275 778 tiis
1287 747 1401 785 Jurium
1414 745 1448 777 ὃς
1464 744 1709 776 Consuetudinem
1722 745 1792 776 dieti
1841 743 1957 783 marsis,
1971 742 2071 775 nostro
2104 744 2139 775 δε
2151 743 2220 775 dieti
2242 744 2293 776 filii

1233 786 1321 816 nostri
1336 784 1530 822 nomtnefflro
1545 784 1672 827 vobis&
1688 783 1747 815 aliis
1761 783 1904 814 Fidelibus
1918 781 2059 814 Gentibus
2074 766 2205 814 baeatus
2218 793 2292 822 prae-

1233 824 1304 854 diCti
1328 824 1493 855 continuare
1505 821 1613 861 velitis,
1630 829 1667 853 ita
1680 821 1761 860 quod
1775 832 1843 860 nos,
1858 830 1904 853 aut
1918 821 2029 852 dictum
2043 822 2148 853 Filium
2160 821 2292 854 nostrum

1233 863 1388 893 nullatenus
1407 862 1606 892 circumveniri
1641 868 1687 892 aut
1705 859 1873 891 exhaeredari
1897 862 2042 899 contingat
2057 872 2067 899 ·,
2085 870 2139 892 nec
2154 861 2223 900 Jura
2245 861 2293 893 vel

1233 900 1462 932 Consuetudines
1472 899 1594 937 ejusdem
1643 897 1738 930 ucatfis
1752 898 1835 937 laedi,
1851 898 1898 929 vel
1911 899 2006 937 surripi
2022 909 2071 937 per
2085 908 2294 939 quorumcum-

1235 949 1291 978 que
1307 939 1439 977 malitias,
1456 947 1554 969 contra
1569 947 1622 968 nos
1635 938 1669 969 &
1681 947 1736 968 vos
1749 937 1910 969 volentium
1923 938 2085 969 machinari.

1272 976 1392 1008 Constat
1406 986 1531 1015 namque
1543 977 1626 1008 vobis
1641 986 1691 1014 per
1705 984 1770 1014 quae
1783 974 1911 1006 mandata
1923 975 2034 1016 nostra,
2049 985 2113 1008 ante
2135 977 2197 1008 haec
2219 986 2295 1009 tem-

1233 1012 2023 1089 }less'nss‘iirhssiffizdffnuffi‘AEufflgffii‘ssssffigffiuiss
2042 1014 2295 1085 &cambono

1234 1094 1367 1125 admissus
1382 1093 1442 1132 est,
1457 1093 1491 1124 &
1505 1101 1557 1122 nos
1566 1077 1581 1130 ,·
1591 1063 1747 1136 'quianter
1766 1090 1848 1128 ipsius
1865 1063 2172 1134 ‚sumusfprouteffio
2192 1065 2296 1134 εὲἱεὲιὶὶῗ

1235 1133 1292 1163 tam
1306 1133 1342 1164 de
1352 1133 1440 1171 Jure,
1458 1132 1545 1170 quam
1561 1139 1645 1162 etiam
1659 1139 1710 1169 per
1722 1127 1980 1168 Convennonern‚
1995 1131 2067 1160 inter
2080 1130 2194 1171 Regem
2207 1132 2297 1163 Fran-

1236 1173 1288 1203 ciae
1303 1173 1337 1203 δε
1352 1181 1404 1202 nos
1417 1170 1482 1201 alias
1497 1169 1619 1208 factam,

1309 1220 1375 1241 uam
1389 1210 1471 1240 vobis
1487 1208 1717 1248 significavimus,
1735 1206 1769 1238 &
1793 1205 1918 1245 Copiam
1939 1204 2148 1239 conventionis
2180 1208 2231 1240 sub
2251 1209 2297 1241 Si-

1234 1249 1303 1289 gillo
1344 1248 1450 1287 piscopi
1463 1246 1694 1286 Wyntonienfis,
1732 1247 1760 1276 ui
1771 1245 1865 1276 eidem
1872 1244 2072 1277 Conventioni
2106 1256 2145 1277 rae
2155 1248 2296 1279 ensinter-

1235 1295 1316 1325 erat,
1335 1297 1385 1325 per
1401 1310 1411 1326 ,
1428 1286 1548 1317 dileetos
1563 1286 1646 1316 nobis
1662 1286 1692 1315 in
1735 1284 1840 1323 bristo,
1858 1284 1954 1315 fratres
1967 1285 2004 1316 de
2027 1283 2071 1315 Or
2093 1287 2137 1315 ine
2157 1284 2299 1317 Praedica-

1236 1335 1333 1357 torum
1349 1325 1530 1363 Burdegalae,
1544 1323 1721 1355 Gaillardum
1735 1323 1772 1354 de
1790 1322 1915 1361 Bladyn,
1933 1324 1967 1355 δε
1989 1321 2180 1354 Gullielmum
2201 1322 2238 1354 de
2254 1324 2299 1356 Si-

1237 1365 1359 1403 bilham,
1377 1374 1467 1402 nuper
1477 1362 1551 1402 apud
1564 1373 1616 1394 nos
1629 1361 1793 1400 existentes,
1813 1361 1939 1392 misimus
1973 1362 2006 1393 &
2019 1362 2111 1393 adhuc
2120 1385 2129 1401 ,
2143 1371 2177 1392 ex
2191 1361 2300 1394 habun-

1236 1403 1330 1441 danti,
1347 1404 1431 1434 vobis
1446 1403 1602 1441 mittimus,
1621 1401 1672 1432 sub
1687 1401 1718 1432 Si
1738 1400 1787 1431 illo
1801 1399 1869 1431 dieti
1882 1385 2016 1444 Episcopi
2031 1401 2051 1431 fi
2074 1400 2176 1433 illatam

1273 1442 1392 1479 Sumus,
1410 1442 1443 1473 &
1464 1440 1521 1472 effe
1541 1440 1679 1471 debemus
1735 1440 1885 1483 ubernator
1907 1438 2030 1478 ejusdem
2074 1439 2112 1469 ilii
2132 1423 2246 1479 nostri,
2263 1440 2299 1471 δε

1238 1480 1350 1512 Rerum
1363 1481 1397 1511 &
1414 1480 1562 1511 Bonorum
1578 1479 1694 1510 suorum
1707 1477 1942 1516 Administrator,
1960 1478 2025 1508 tum
2040 1488 2093 1516 pro
2106 1488 2143 1509 eo
2157 1478 2237 1517 quod
2244 1480 2302 1508 rni-

1238 1530 1293 1550 nor
1307 1521 1383 1549 annis
1397 1519 1453 1557 est,
1471 1528 1526 1549 nec
1538 1518 1573 1549 sei
1594 1517 1654 1548 sum
1669 1517 1824 1557 gubernare
1839 1517 1938 1556 novit,
1956 1517 2020 1547 tum
2036 1527 2089 1555 pro
2104 1527 2140 1548 eo
2156 1516 2237 1556 quod
2249 1516 2300 1548 ad-

1238 1558 1296 1588 huc
1314 1557 1396 1588 Filius
1412 1557 1541 1588 Familias
1554 1528 1612 1595 elz,
1628 1558 1656 1586 in
1671 1554 1768 1586 nostra
1781 1554 1924 1599 Potestate
1939 1555 2066 1586 existens.

1277 1597 1535 1635 Qalitercumque
1553 1603 1648 1625 autem
1667 1594 1759 1624 dietus
1779 1594 1867 1625 Filius
1888 1592 1983 1624 noster
2004 1594 2087 1625 vobis
2100 1593 2253 1633 scripserit,
2270 1602 2304 1626 ut

1238 1636 1441 1674 intelleximus,
1467 1633 1547 1672 quod
1568 1632 1760 1671 Commiffio,
1785 1643 1887 1672 quam,
1911 1641 2045 1672 tanquam
2068 1632 2306 1672 Administrator,

1238 1674 1320 1705 dieto
1341 1673 1498 1704 Senescallo
1519 1671 1621 1703 nostro
1643 1672 1780 1710 fecimus,
1805 1672 1838 1702 ὃς
1860 1681 1925 1710 quae
1944 1672 1973 1702 in
1995 1671 2048 1703 hac
2070 1681 2148 1711 parte
2169 1672 2304 1710 facimus,

1238 1722 1299 1743 non
1315 1712 1352 1743 de
1365 1711 1462 1742 nostra
1476 1711 1639 1742 Intentione
1652 1709 1782 1750 propria,
1800 1710 1840 1741 set
1854 1710 1891 1741 de
1904 1709 2120 1741 Machinatione
2133 1710 2292 1749 aliquorum

1238 1752 1323 1781 nobis
1342 1750 1544 1788 assistentium,
1569 1749 1784 1792 processerunt,
1813 1748 1872 1779 satis
1892 1749 2064 1786 perpendere
2085 1750 2201 1787 potestis
2222 1732 2305 1788 quod

1239 1800 1298 1820 non
1313 1789 1435 1828 prodiit,
1452 1799 1506 1819 nec
1521 1789 1672 1826 provenire
1704 1796 1776 1818 otuit
1790 1786 1962 1818 Mandatum
1975 1787 2134 1826 hujusmodi
2149 1788 2185 1819 de
2197 1796 2276 1819 ment

1238 1828 1284 1860 vel
1298 1829 1458 1859 intentione
1469 1827 1539 1858 dieti
1554 1826 1617 1857 Filii
1633 1836 1672 1857 no
1700 1827 1740 1864 ri,
1758 1827 1807 1864 qui
1820 1833 1878 1856 tam
1891 1833 1994 1856 tenerae
2008 1827 2095 1857 aetatis
2107 1798 2305 1866 existit,un

1238 1867 1328 1905 ipsum
1342 1867 1401 1897 tam
1413 1866 1608 1897 inobedienter
1622 1865 1814 1896 machinatum
1826 1864 1908 1896 fuisse
1920 1864 2069 1896 verifimile
2080 1874 2140 1895 non
2154 1865 2214 1904 est,
2234 1867 2305 1904 quin

1239 1906 1335 1944 potitis
1350 1905 1369 1925 ²¹³
1385 1905 1421 1935 ab
1435 1904 1486 1935 illis
1502 1903 1684 1942 prodierunt,
1703 1903 1766 1941 Qi
1779 1913 1847 1934 cum
1863 1913 1900 1934 eo
1914 1902 1992 1941 sunt,
2011 1904 2073 1941 Qui
2087 1904 2177 1942 ipsum
2193 1905 2222 1934 in
2242 1914 2306 1942 par-

1240 1945 1314 1975 tibus
1336 1945 1435 1975 eXteris
1455 1943 1600 1980 detinent,
1619 1943 1652 1974 &
1673 1941 1778 1979 nostri,
1806 1942 1840 1973 &
1860 1941 1958 1980 ipfius,
1983 1951 2016 1972 ac
2036 1942 2156 1973 aliorum
2178 1941 2307 1975 fidelium

1239 1983 1366 2020 ibidem,
1384 1982 1554 2020 Dampnum
1570 1982 1604 2013 &
1619 1979 1886 2012 Exhaeredationem
1901 1980 2035 2010 affectant
2050 1980 2207 2011 manifeste.

1279 2021 1358 2052 Scire
1373 2030 1468 2052 autern
1481 2030 1534 2051 vos
1547 2020 1683 2050 volumus
1695 2018 1777 2057 quod
1791 2020 1835 2049 via
1849 2019 1913 2049 haec
1928 2018 2201 2058 Administrationis,
2220 2029 2320 2058 quam-

1239 2060 1329 2091 affum
1353 2059 1434 2090 simus
1448 2069 1501 2098 pro
1513 2059 1596 2089 nobis
1608 2059 1641 2089 ὃ(
1655 2057 1735 2088 dicto
1750 2056 1822 2088 Filio
1835 2056 1954 2097 nostro,
1970 2057 2004 2088 &
2016 2056 2243 2089 Commiffiones
2263 2059 2309 2089 in-

1239 2099 1276 2130 de
1293 2099 1319 2130 fa
1349 2109 1393 2138 ae,
1409 2108 1443 2130 ac
1457 2098 1507 2128 alia
1522 2106 1729 2136 quaecumque,
1747 2106 1795 2134 per
1810 2095 1939 2127 mandata
1958 2094 2070 2135 nostra,
2087 2105 2121 2127 ex
2143 2096 2209 2134 post
2228 2096 2309 2128 facto

1262 2139 1403 2174 resecuta,
1427 2137 1463 2168 de
1483 2135 1573 2167 Motu
1592 2134 1691 2166 nostro
1714 2135 1851 2173 proprio,
1875 2135 1910 2166 ὅ(
1932 2133 2095 2165 Intentione
2114 2134 2232 2175 nostra,
2254 2145 2309 2174 pro

1278 2178 1342 2208 obis
1355 2199 1365 2216 ,
1382 2177 1416 2208 &
1437 2176 1518 2206 dieto
1539 2174 1612 2205 Filio
1633 2173 1732 2205 nostro
1760 2175 1821 2212 (qui
1841 2173 1929 2204 nescit
1983 2183 2038 2204 nec
2058 2173 2153 2212 potest
2173 2174 2310 2213 seipsum,

1243 2215 1372 2246 obstante
1391 2215 1537 2246 teneritate
1558 2214 1662 2251 aetatis,
1679 2213 1853 2252 gubernare,
1874 2221 1906 2256 ut
1927 2196 2050 2250 superius
2067 2212 2179 2243 dietum
2201 2212 2253 2250 est)
2273 2222 2309 2244 ac

1241 2264 1296 2293 pro
1316 2254 1414 2292 vobis,
1431 2254 1466 2285 &
1488 2261 1552 2283 toto
1570 2251 1684 2292 Populo
1705 2250 1805 2282 nostro
1828 2259 1947 2289 partium
1963 2250 2089 2289 illarum,
2105 2250 2256 2290 salvandis,
2272 2251 2309 2283 &

1241 2292 1431 2324 custodiendis
1450 2293 1467 2322 a
1488 2290 1630 2328 Dampnis
1655 2291 1689 2322 &
1705 2289 1875 2327 Violentiis,
1893 2299 1958 2328 quae
1973 2289 2037 2320 alias
2050 2291 2164 2321 evenire
2218 2290 2308 2329 ssent3

1241 2342 1291 2370 per
1308 2331 1467 2363 Consilium
1481 2329 1654 2369 Magnatum
1666 2329 1700 2359 &
1715 2328 1880 2368 Sapientum
1900 2329 1985 2359 totius
2008 2327 2104 2368 Regni
2122 2338 2162 2360 no
2189 2330 2231 2367 ri,
2246 2335 2309 2359 tan-

1241 2380 1330 2409 quam
1341 2370 1422 2407 J'ustis
1436 2370 1469 2401 &
1484 2368 1647 2405 veracibus,
1665 2376 1699 2397 ex
1714 2366 1812 2398 Cauiis
1834 2366 1995 2405 supradictis
2008 2367 2042 2398 &
2063 2367 2138 2404 aliis,
2154 2376 2219 2405 quae
2240 2375 2308 2396 vos-

1242 2409 1352 2447 metipsi
1364 2409 1423 2440 satis
1437 2406 1542 2451 liquide
1556 2406 1654 2437 sentire
1707 2407 1810 2445 teritis,
1827 2405 2035 2445 processerunt,
2054 2406 2089 2437 &
2101 2405 2160 2436 hoc
2172 2404 2309 2444 intellige-

1243 2458 1274 2478 re
1289 2448 1323 2479 &
1336 2447 1405 2478 scire
1421 2447 1510 2477 velitis
1527 2456 1580 2484 pro
1595 2455 1653 2476 con
1679 2446 1745 2476 anti.

1280 2485 1364 2517 Nam
1386 2485 1573 2517 Cancellarius
1595 2483 1706 2522 noster,
1726 2491 1773 2514 aut
1792 2483 1838 2514 alii
1860 2481 1987 2514 Ministri
1999 2481 2105 2520 nostri,
2121 2482 2167 2512 seu
2179 2481 2242 2520 alii,
2260 2481 2310 2520 qui

1244 2525 1326 2556 nobis
1340 2523 1484 2563 affistunt,
1501 2523 1573 2554 adeo
1586 2522 1680 2553 fideles
1700 2521 1822 2552 existunt
1855 2521 1953 2559 quod,
1967 2520 2069 2559 absque
2090 2520 2236 2551 voluntate
2255 2522 2310 2550 [ιο-4

1246 2563 1318 2633 strgtd
1322 2563 1463 2602 expressa,
1487 2562 1522 2593 &
1539 2561 1686 2600 mandato,
1715 2560 1776 2591 talia
1795 2545 1842 2591 vel
1863 2559 1961 2589 similia
1980 2568 2042 2589 non
2061 2559 2186 2590 facerent
2207 2559 2311 2598 quovis

1247 2613 1278 2633 m
1319 2613 1350 2633 o.

1284 2641 1433 2679 Qiocirca
1452 2649 1505 2670 vos
1526 2647 1674 2677 rogamus,
1692 2636 1726 2667 &
1749 2637 1780 2667 in
1799 2635 1901 2676 magna
1915 2635 2106 2675 confidentia,
2123 2636 2157 2667 ὅτ,
2170 2634 2312 2675 amicitia,

1247 2689 1315 2717 quas
1330 2679 1414 2709 nobis
1424 2678 1546 2714 debetis,
1565 2677 1599 2707 &
1612 2685 1678 2714 quas
1693 2675 1729 2705 de
1743 2675 1828 2706 vobis
1844 2683 2038 2712 reportamus,
2056 2674 2198 2714 praemiffa
2220 2675 2312 2705 mani-

1246 2717 1345 2748 festare
1359 2719 1393 2748 &
1407 2717 1524 2754 cognita
1536 2715 1645 2754 singulis
1665 2713 1758 2744 facere
1776 2713 1882 2751 velitis,
1899 2723 1933 2744 ac
1953 2714 2064 2752 juvare,
2081 2723 2136 2752 pro
2156 2713 2238 2751 posse
2259 2722 2312 2744 ve-

1247 2756 1305 2787 stro
1323 2756 1403 2786 disto
1423 2753 1595 2792 Senescallo,
1610 2754 1644 2784 ὃς
1664 2752 1722 2782 aliis
1741 2751 1882 2782 Ministris
1903 2751 1937 2782 &
1957 2751 2099 2783 Fidelibus
2120 2751 2190 2783 dieti
2210 2750 2312 2782 Dum·

1247 2795 1459 2865 ‘vilati'ffl‘sstiiff
1465 2801 1625 2862 1252‘31212'221’
1626 2789 2038 2861 {teczssnstssssssssfiaffiffsssnr
2039 2790 2314 2860 ‘gffigffiffiss

1250 2874 1284 2904 ὃς
1300 2882 1352 2910 pro
1364 2871 1477 2910 Juribus
1492 2869 1614 2907 nostris,
1629 2869 1658 2898 in
1674 2868 1796 2908 partibus
1812 2868 1880 2906 illis,
1898 2878 1951 2905 pro
1965 2869 2048 2902 nobis
2063 2868 2097 2899 &
2114 2867 2188 2899 Filio
2202 2851 2316 2904 nostro:

1249 2910 1426 2949 adquirendis
1467 2907 1616 2946 expedire,
1641 2907 1710 2938 sicut
1732 2917 1801 2944 vos,
1824 2907 1857 2938 &
1879 2906 2077 2937 Antecessores
2097 2905 2200 2942 vestri,
2216 2904 2315 2941 nobis,

1249 2951 1284 3019 ῖῧε
1300 2932 1532 2981 Antecess²oribus
1546 2945 1666 2985 nostris,
1685 2955 1737 2977 vos
1749 2954 1844 2985 gratos
1857 2945 2018 2976 exhibuistis
2031 2944 2167 2976 hadienus
2185 2943 2220 2974 &
2242 2940 2316 2973 fide-

1260 2998 1296 3019 es.

1288 3025 1356 3057 Nos
1378 3025 1495 3063 quidem
1515 3024 1600 3055 talem
1623 3024 1652 3053 in
1674 3022 1729 3054 hac
1749 3030 1826 3061 parte
1846 3021 2102 3054 considerationem
2126 3019 2314 3059 habebimus,

1251 3065 1331 3104 quod
1345 3066 1448 3095 merito
1465 3063 1624 3094 contentari
1639 3062 1770 3092 debeatis.

1290 3103 1342 3141 Et,
1360 3112 1390 3133 ut
1412 3103 1494 3132 vobis
1516 3101 1628 3132 constet
1647 3099 1792 3130 Praemiss'a
1811 3098 1849 3129 de
1864 3096 1940 3128 certa
1954 3095 2049 3127 nostra
2062 3096 2232 3128 conscientia
2247 3105 2316 3134 pro-

1252 3142 1375 3180 cessisse,
1393 3142 1531 3172 mittimus
1541 3140 1624 3170 vobis
1637 3138 1784 3176 praesentes
1795 3136 1884 3167 literas
1899 3134 2022 3174 nostras,
2042 3136 2070 3165 in
2092 3134 2209 3167 Gallico
2230 3134 2317 3174 scrip-

1253 3191 1309 3218 tas,
1325 3181 1374 3210 sub
1410 3181 1499 3209 rivato
1514 3177 1613 3214 Sigillo
1625 3176 1739 3213 nostro,
1758 3174 1896 3206 transsatas
1909 3174 2018 3212 insuper
2039 3175 2070 3205 in
2093 3173 2249 3213 Latinum,
2265 3172 2317 3206 sub

1255 3219 1368 3256 Magno
1393 3217 1483 3254 ‘igillo
1497 3215 1597 3246 nostro
1612 3214 1796 3252 consignatas.

1290 3257 1358 3288 Dat.
1374 3255 1447 3294 apud
1460 3252 1766 3291 Westmonasterium,
1787 3251 1925 3283 vicesimo
1939 3251 2060 3290 septimo
2072 3250 2118 3283 die
2125 3250 2212 3291 Junii.

1427 3333 1540 3367 Eodem
1556 3333 1647 3365 modo
1661 3333 1789 3365 scribitur
1801 3332 1975 3372 subscriptis,
1993 3331 2144 3371 videlicet,

1297 3418 1403 3453 Majori
1412 3440 1422 3453 ,
1439 3414 1639 3454 Juratorihus,
1657 3412 1695 3448 (θ’
1710 3417 1905 3444 Communitatt'
1918 3416 2055 3445 Civitatis
2067 3410 2213 3451 Burdegal-

1296 3455 1475 3494 Juratoribus
1488 3452 1526 3489 ὠ
1542 3456 1736 3484 Communitati
1751 3454 1783 3482 de
1796 3454 1885 3482 Sorde.

1296 3493 1403 3531 Majori
1432 3493 1501 3532 Jur.
1521 3492 1559 3527 &
1573 3494 1766 3522 Communitati
1780 3492 1813 3521 de
1824 3491 1947 3532 Lyburn.

1296 3531 1365 3570 Jur.
1386 3516 1423 3566 ἆ
1439 3534 1633 3560 Communitati
1648 3531 1742 3560 Sancti
1756 3533 1860 3560 Severi.

1296 3569 1365 3609 Jur.
1382 3568 1420 3605 c&
1434 3573 1628 3599 Communitati
1643 3570 1727 3598 Bonae
1743 3569 1855 3598 Gardae.

1298 3608 1368 3648 Jur.
1387 3607 1425 3643 &
1437 3611 1629 3638 Communitati
1645 3606 1746 3636 Herbae
1758 3609 1884 3637 Faverae.

1299 3647 1370 3686 Jur.
1387 3646 1425 3681 ὠ
1441 3649 1633 3676 Communitati
1648 3646 1680 3675 de
1694 3644 1821 3684 Blayner.

1297 3685 1367 3724 Jur.
1387 3683 1425 3719 (ᾤ’
1441 3687 1634 3714 communitati
1648 3684 1680 3713 de
1694 3686 1792 3713 Monte
1806 3686 1907 3714 Acuta.

1300 3723 1370 3762 Jur.
1387 3721 1425 3757 ὠ·
1441 3726 1632 3752 Communitati
1643 3724 1746 3753 Genon.

1302 3762 1425 3799 Majori,
1441 3761 1511 3800 Jur.
1529 3759 1566 3796 &⁶
1580 3764 1775 3790 Communitati
1788 3763 1869 3790 Omer
1881 3759 1992 3796 Aquen-

1303 3800 1428 3837 Majori,
1445 3798 1515 3837 Jur.
1535 3797 1573 3834 ό
1589 3802 1782 3829 Communitati
1794 3799 1827 3828 de
1840 3795 1998 3835 Hastynges.

1303 3836 1372 3876 Jur.
1391 3836 1429 3872 ὀ·
1444 3841 1639 3868 Communitati
1651 3837 1684 3867 de
1699 3836 1806 3867 Pilhou.

1304 3875 1404 3914 Bajulo
1436 3874 1474 3910 &
1488 3879 1681 3906 Communitati
1695 3876 1727 3905 de
1741 3874 1771 3904 la
1784 3876 1881 3903 Bourc.

1305 3912 1374 3952 Jur.
1393 3898 1432 3948 ὦ
1443 3917 1640 3944 Communitati
1654 3914 1687 3944 de
1702 3911 1809 3952 Pymbo.
1904 3949 1909 3954 Ι
1928 3948 1934 3954 ι

1305 3952 1377 3990 Jur.
1395 3951 1434 3988 ὠ*
1447 3955 1644 3982 communitati
1655 3952 1686 3982 de
1699 3951 1799 3980 saneto
1812 3951 1958 3979 Maurum

1307 3989 1377 4028 Jur.
1396 3988 1434 4024 ὠ·
1450 3993 1644 4020 communitati
1655 3991 1789 4020 Civitatis
1803 3987 1835 4017 de
1852 3988 1930 4015 Mar.

1306 4027 1377 4068 Jur.
1395 4027 1434 4066 ὠ
1451 4031 1647 4062 communitati
1661 4028 1694 4059 de
1707 4025 1807 4057 Tolous.

2311 197 2387 231 Ann.
2397 198 2440 232 D.

2329 248 2342 269 1
2349 238 2414 280 326.

2310 280 2376 308 Ἐάν.
2395 288 2423 307 2.,

2323 1916 2455 1953 '‘V-²¹5·
