2562 4279
191 144 241 184 14.

35 215 111 246 Ano.
127 212 170 244 D.

56 253 139 292 1338.

34 293 103 320 Edv.
121 300 147 328 3.

276 307 333 338 Pro
353 304 465 334 Comite
480 298 516 332 de
535 301 652 345 Anegos
661 294 722 343 fhb
734 296 859 344 praefato
877 299 989 330 Comite
1004 299 1166 343 Deputato.

36 400 90 426 An,
114 407 155 424 η,
188 387 330 446 REX,
350 385 467 416 Dilecto
480 386 513 416 δε
529 383 618 414 Fideli
630 381 695 421 suo,
714 381 850 413 Gilberto
864 381 900 413 de
912 380 1119 420 Umframvill,
1139 378 1252 411 Comici

38 440 61 462 Ε
92 445 104 471 3
249 427 284 457 de
299 426 430 463 Anegos,
447 424 579 455 Salutem.

233 465 331 496 Sciatis
341 463 434 501 quod,
452 462 520 492 cum
536 470 588 499 pro
595 459 643 490 Re
664 458 854 498 ulfione,&c.
868 458 1129 499 utficpra,mutatis
1143 463 1254 486 mutan-

187 502 228 532 dis
263 501 341 542 usque
355 501 393 530 ibi
406 502 439 532 ὃς
454 500 613 531 Βυξὶοῑεῐη

223 526 331 572 flantes
344 539 436 570 eidem
451 539 563 577 plenam
579 537 752 568 Potestatem
766 536 887 576 eligendi
908 546 956 576 per
971 535 998 565 se
1012 557 1022 573 ‚
1042 535 1089 565 seu
1103 533 1152 564 De
1172 541 1253 564 utan-

184 579 237 610 dos
249 580 284 609 ab
299 589 351 618 eo,
368 579 425 608 tam
439 579 468 608 in
480 578 562 608 dietis
581 576 703 614 partibus
715 575 818 606 Scotiae
833 575 904 605 infra
917 573 1091 605 Dominium
1107 583 1147 603 no
1173 582 1255 610 rum,

186 619 272 657 quam
287 618 316 647 in
330 616 440 656 lingulis
454 615 644 646 Comitatibus
659 613 731 645 ultra
750 612 892 644 Trentam
904 636 914 652 ,
939 620 982 643 tot
1000 611 1144 642 Homines
1163 610 1197 641 ad
1211 620 1255 641 ar-

189 667 254 695 ma,
272 655 444 686 Hobelarios
457 656 490 686 ὃ(
503 655 680 694 SagittariOS,
701 661 771 690 quot
784 661 837 690 pro
856 651 1035 690 expeditione
1055 651 1124 681 illius
1138 649 1199 680 fore
1210 649 1253 680 vi-

186 696 258 727 derit
273 694 457 726 necessarios:
485 703 518 724 ac
540 695 624 724 etiam
642 691 751 722 levandi
771 691 804 722 ὅ(
822 690 957 721 arraiandi
975 699 1076 720 omnes
1090 689 1255 726 Homines,

188 733 259 765 infra
274 741 366 764 aetates
381 732 528 772 Sexaginta
543 733 577 764 δε
590 730 740 762 Sexdecim
758 729 913 760 Annorum
934 728 1098 767 existentes,
1112 727 1145 758 &
1159 727 1188 756 in
1201 726 1255 757 ob-

188 773 314 811 sequium
329 771 457 802 nostrum
476 778 578 801 contra
591 769 682 800 dictos
696 767 803 799 Hostes
818 768 930 798 nostros
944 767 1066 797 ducendi
1077 789 1087 804 ,
1109 773 1192 804 prout
1207 772 1255 795 ex-

188 810 284 851 pedire
298 810 398 841 viderit
412 809 510 840 melius
531 811 560 840 in
581 809 634 839 hac
656 815 758 848 parte3
782 808 815 837 &
833 807 867 837 ad
887 806 991 836 diversa
1012 806 1062 835 alia
1077 827 1086 842 ,
1112 806 1140 834 in
1157 804 1256 834 Literis

189 849 290 881 nostris
310 848 472 880 Patentibus
486 871 496 885 ,
521 848 571 878 libi
592 847 658 878 inde
679 845 817 876 confeffis
831 868 840 883 ,
866 852 1017 881 contenta,
1044 842 1206 873 faciendum
1221 842 1254 872 δε

189 887 375 927 explendum,
391 888 460 918 sicut
474 888 504 917 in
516 886 618 917 eisdem
634 885 733 916 Literis
748 883 852 923 plenius
867 882 908 912 est
921 881 1095 920 expressum,

230 926 314 965 Nos,
332 926 368 957 de
377 925 521 956 fidelitate
534 924 625 955 vestra
637 922 839 962 circumspeeia
855 922 959 960 plenius
972 919 1162 958 confidentes,
1175 917 1256 959 affig-

189 967 320 997 navimus
334 975 386 996 vos
403 965 603 995 nichilominus
612 985 621 1001 ,
639 971 672 991 ex
686 960 873 998 habundanti,
891 960 925 990 ad
940 958 1105 997 eligendum
1118 968 1168 996 per
1181 968 1255 997 vos,

190 1005 236 1035 seu
249 1005 318 1035 alios
328 1027 338 1041 ,
357 1014 428 1042 quos
441 1003 475 1033 ad
492 1003 549 1032 hoc
564 1001 761 1038 deputaveritis
771 1022 780 1037 ,
798 998 940 1029 Homines
952 998 986 1029 ad
1001 1008 1076 1028 arma
1089 1020 1098 1035 ‚
1120 998 1177 1027 tam
1194 995 1254 1026 Mi-

187 1044 265 1081 lites,
289 1044 374 1082 quam
386 1043 453 1072 alios
465 1064 474 1080 ,
500 1040 670 1071 Hobelarios
687 1040 720 1070 &
741 1038 900 1077 sagittarios
912 1061 922 1076 ,
946 1037 982 1068 de
998 1036 1146 1067 Comitatu
1160 1034 1255 1067 Nort-

189 1081 347 1120 humbriae,
365 1088 435 1119 quot
454 1090 506 1118 pro
529 1078 708 1117 expeditione
721 1076 789 1107 dieti
804 1077 909 1144 negotii
924 1076 983 1106 fore
1003 1074 1127 1106 videritis
1140 1083 1258 1114 oportu-

190 1130 260 1158 nos,
279 1120 324 1150 vel
337 1128 419 1157 prout
435 1117 526 1149 dietus
540 1116 650 1148 Comes
662 1116 744 1146 vobis
759 1116 827 1145 scire
858 1115 929 1145 aciet
940 1124 974 1145 ex
988 1123 1064 1155 parte
1076 1112 1184 1144 nostra:

230 1158 375 1197 Ipsosque,
392 1157 429 1188 sic
443 1157 563 1195 eleetos,
581 1157 609 1186 in
624 1154 791 1192 obsequium
809 1153 956 1191 nostrum,
974 1153 1008 1183 ad
1025 1153 1172 1193 praefatum
1194 1151 1256 1183 Co-

194 1198 311 1235 mitem,
329 1196 374 1227 seu
393 1196 455 1226 alias
470 1219 480 1234 ,
505 1205 558 1234 pro
571 1193 733 1225 defensione
751 1193 872 1232 partium
891 1192 1001 1222 illarum
1017 1216 1026 1230 ,
1053 1192 1086 1222 &
1102 1191 1259 1229 repulsione

193 1235 384 1305 {inimicorum
398 1234 561 1265 nostrorum
575 1232 795 1272 praedictorum,
810 1231 938 1271 quotiens
950 1240 1023 1269 opus
1037 1229 1137 1268 fuerit,
1151 1229 1259 1260 ducen-

215 1284 279 1305 um:
1035 1292 1043 1294 -

233 1312 304 1344 Nec
318 1322 380 1343 non
393 1312 428 1343 ad
441 1311 611 1350 levandum,
629 1308 804 1349 eligendum,
821 1306 1012 1345 arraiandum,
1025 1307 1059 1338 &
1068 1306 1162 1337 Armis
1174 1315 1258 1337 com-

193 1353 352 1390 petentibus
373 1351 558 1381 muniendum
571 1373 579 1387 ,
607 1358 708 1379 omnes
721 1346 865 1378 Homines
879 1369 889 1386 ,
912 1345 982 1376 infra
1002 1355 1096 1376 aetates
1113 1345 1181 1376 Sexa
1204 1346 1261 1376 'nta

196 1391 231 1422 ὃ(
247 1390 397 1421 Sexdecim
410 1399 548 1420 annorum
569 1386 732 1424 existentes,
751 1385 787 1416 de
802 1386 905 1416 eodem
925 1384 1072 1415 Comitatu
1086 1407 1096 1423 ,
1122 1385 1169 1423 qui
1183 1355 1245 1415 stiffi

196 1430 301 1459 cientes
315 1429 416 1459 fuerint
436 1428 470 1458 ad
486 1426 666 1466 pugnandum
681 1448 690 1463 ,
713 1424 816 1464 eosque
835 1425 863 1454 in
881 1423 1024 1462 Millenis,
1042 1422 1179 1454 Centenis
1193 1446 1203 1462 ,
1226 1423 1260 1454 &

194 1467 342 1505 Vintenis,
360 1466 541 1506 ponendum,
557 1467 589 1496 ὃς
603 1464 636 1495 ad
657 1465 805 1502 praefatum
819 1461 986 1500 Comitem,
1004 1462 1051 1493 vel
1065 1462 1144 1501 alias,
1163 1463 1192 1492 in
1206 1461 1261 1492 ob-

195 1506 213 1537 s
243 1508 321 1536 uium
336 1505 480 1543 nostrum,
499 1512 597 1535 contra
613 1503 764 1541 praedictos
779 1501 882 1532 Scotos
903 1501 995 1531 hostes
1015 1500 1127 1531 nostros
1142 1523 1152 1539 ,
1177 1501 1211 1532 &
1223 1502 1261 1531 eis

197 1516 368 1577 aedl'iaerentes
382 1567 391 1582 ,
413 1543 535 1573 similiter
547 1541 710 1573 ducendum
725 1564 734 1579 ,
760 1549 844 1578 prout
862 1549 916 1581 pro
938 1540 1060 1570 uberiori
1075 1539 1261 1578 Expeditione

73 474 137 502 lhtd.
681 505 743 527 tunc
753 497 802 539 fic.

199 1584 307 1620 negotii
326 1583 396 1613 illius
407 1581 470 1612 fore
482 1581 607 1612 videritis
617 1579 794 1610 faciendum:

197 1633 201 1636 ’
238 1622 275 1653 Et
291 1622 391 1652 omnia
413 1621 464 1651 alia
479 1620 513 1651 &
532 1618 640 1656 singula
656 1618 816 1648 faciendum
832 1641 841 1656 ,
880 1627 924 1647 uae
942 1615 1098 1648 Honorem
1117 1616 1264 1655 nostrum,

199 1661 233 1692 &
257 1659 462 1691 Defensionem
483 1658 624 1689 dicitarum
647 1657 767 1697 partium
780 1679 789 1694 ‚
812 1657 845 1687 &
900 1655 1072 1695 epulsionem
1094 1656 1264 1686 eorumdem

198 1699 357 1737 Hostium,
374 1704 553 1729 concernunt
568 1719 578 1734 ,
601 1695 647 1727 vel
663 1705 834 1726 concernere
847 1702 1001 1733 poterunt,
1023 1703 1092 1724 cum
1111 1693 1189 1739 super
1207 1695 1265 1725 hoc

200 1749 250 1777 per
264 1737 357 1776 ipsum
380 1736 534 1767 Comitem
550 1735 656 1766 fueritis
671 1734 858 1773 praemuniti,
884 1733 917 1764 δε
933 1733 1018 1763 etiam
1039 1732 1161 1763 videritis
1182 1743 1267 1774 expe-

200 1778 276 1808 dire:

238 1815 277 1846 Et
297 1814 364 1845 ideo
386 1814 468 1845 vobis
488 1814 517 1843 in
539 1812 608 1843 Fide
627 1812 660 1842 &
681 1810 847 1841 Dileetione
859 1834 868 1848 ,
893 1810 993 1849 quibus
1014 1809 1096 1839 nobis
1113 1811 1268 1849 tenemini,

203 1854 388 1890 mandamus,
407 1851 558 1882 districtius
578 1851 752 1889 injungentes
766 1873 775 1887 ,
802 1849 882 1887 quod
898 1872 907 1887 ,
932 1848 1068 1879 omnibus
1085 1849 1143 1879 aliis
1155 1858 1269 1888 praeter-

205 1892 307 1929 millis,
326 1890 466 1929 praemissa
479 1891 578 1920 omnia
594 1891 627 1920 δε
646 1888 748 1927 singula
763 1897 833 1918 cum
850 1888 934 1917 omni
954 1886 1094 1927 diligentia
1115 1888 1219 1918 faciatis
1234 1889 1267 1919 &

203 1931 349 1969 expleatis,
369 1929 402 1960 &
414 1928 532 1966 praefato
544 1927 657 1958 Comiti
667 1951 675 1965 ,
694 1936 764 1957 cum
777 1926 913 1956 omnibus
926 1925 1105 1956 Hominibus
1118 1926 1187 1957 dieti
1207 1926 1269 1957 Co-

204 1971 332 2006 mitatus,
349 1967 498 1998 intendatis
511 1968 540 1996 in
553 1967 645 1997 forma
660 1964 821 2003 supradieta.

242 2007 354 2038 Damus
368 2014 464 2036 autem
478 2006 610 2036 univerlis
624 2005 657 2035 &
672 2004 783 2043 singulis
796 2002 964 2034 Comitibus
973 2027 982 2042 ,
1000 2002 1171 2044 Baronibus,
1188 2003 1270 2035 Mili-

203 2048 295 2085 tibus,
314 2044 490 2082 Hobelariis,
506 2044 660 2082 Sagittariis
672 2066 682 2082 ,
701 2044 734 2074 &
749 2043 886 2072 omnibus
901 2043 958 2073 aliis
977 2042 1012 2072 de
1034 2042 1184 2074 Comitatu
1198 2054 1270 2084 prae-

202 2085 282 2116 dieto
291 2108 300 2124 ,
316 2094 370 2114 nec
384 2093 443 2113 non
452 2082 476 2112 V
480 2083 628 2113 icecomiti
640 2080 740 2112 nostro
753 2081 878 2119 ejusdem
890 2080 1068 2120 Comitatus,
1084 2089 1184 2112 tenore
1197 2091 1271 2122 prae-

204 2125 344 2161 sentium,
362 2121 512 2152 distriffius
525 2122 554 2152 in
569 2120 720 2155 mandatis,
739 2119 816 2160 quod
829 2119 927 2159 vobis,
945 2121 978 2151 ὃς
994 2120 1171 2158 Deputandis
1184 2122 1199 2151 a
1215 2131 1270 2153 vo-

204 2163 264 2202 bis,
281 2163 308 2192 in
321 2161 531 2199 Electionibus,
549 2159 771 2191 Arraiationibus
783 2181 793 2197 ,
815 2160 849 2190 δε
870 2159 927 2189 aliis
947 2158 1095 2197 praemissis
1106 2182 1115 2198 ,
1159 2168 1270 2200 areant,

205 2201 357 2237 obediant,
373 2200 408 2231 &
423 2198 582 2236 intendant,
601 2208 716 2228 necnon
729 2197 907 2228 Vicecomiti
919 2198 1058 2236 praedieto
1073 2208 1111 2236 qu
1168 2209 1270 2230 omnes

204 2240 283 2278 illos,
301 2248 372 2280 quos
385 2247 452 2276 vos,
467 2246 581 2276 propter
595 2236 776 2267 Rebelliones
792 2236 865 2275 suas,
884 2237 913 2266 in
932 2236 1093 2276 praerniffis,
1112 2237 1271 2270 arestaveri-

204 2279 256 2318 tis,
274 2280 308 2309 &
322 2278 371 2308 sibi
384 2276 503 2306 feceritis
515 2277 623 2306 liberari
635 2276 685 2306 sub
699 2275 828 2306 carcerali
847 2274 976 2306 custodia
989 2275 1170 2314 detinendos,
1188 2278 1203 2307 a
1218 2288 1271 2309 vo-

204 2317 266 2355 bis,
283 2317 326 2347 seu
343 2315 406 2345 alias
423 2314 457 2345 ad
473 2315 603 2345 mandata
623 2313 729 2352 vestra,
748 2314 861 2352 recipiat
874 2336 884 2352 ,
909 2314 942 2344 &
956 2315 985 2343 in
1000 2313 1113 2345 Prisona
1128 2315 1205 2346 salvo
1221 2326 1272 2348 cu-

207 2355 305 2424 stoIdiri
319 2354 399 2397 saciat
403 2376 435 2423 g(
433 2353 576 2393 quousque
588 2353 662 2384 aliud
675 2353 711 2384 de
723 2353 828 2383 eisdem
842 2352 1003 2383 duxerimus
1016 2352 1218 2385 ordinandum.

261 2404 280 2424 n
293 2402 388 2431 cujus,
437 2400 464 2422 c.
640 2400 657 2415 ⁴

248 2467 338 2500 Teste
351 2477 382 2500 ut
394 2469 480 2510 supra.

895 2509 948 2538 Per
960 2508 1042 2548 ipsum
1056 2510 1160 2548 Regem.

212 2584 308 2647 ET
324 2586 490 2618 mandatum
504 2586 546 2617 est
559 2585 736 2617 Vicecomiti
748 2584 911 2616 Comitatus
928 2585 1057 2624 praedieti
1067 2609 1078 2626 ‚
1104 2586 1182 2626 quod
1202 2596 1276 2627 prae·

235 2661 239 2665 ι
279 2624 338 2655 fato
352 2624 465 2656 Comiti
479 2624 516 2655 de
534 2625 647 2665 Anegos
663 2649 671 2663 ‚
697 2625 725 2654 in
740 2624 875 2654 omnibus
911 2625 1037 2655 raemiffis
1049 2648 1059 2663 ,
1083 2634 1175 2664 pareat
1205 2627 1276 2658 obe-

212 2659 286 2702 diat,
305 2664 339 2693 &
356 2663 503 2707 intendat:
531 2664 563 2694 ὃς
578 2663 654 2703 quod
676 2663 731 2701 ipse
751 2672 854 2693 omnes
873 2662 934 2692 ilos
947 2686 957 2701 ,
983 2673 1055 2700 quos
1074 2664 1150 2693 idem
1166 2649 1277 2695 Comes

212 2708 327 2769 propter
340 2701 521 2732 Rebelliones
542 2703 617 2740 suas,
635 2703 664 2731 in
684 2701 843 2740 praemiffis,
861 2700 1017 2731 arestaverit
1029 2725 1038 2740 ,
1061 2703 1094 2732 &
1108 2702 1158 2732 sibi
1178 2704 1276 2734 fecerit

223 2739 319 2768 iberari
334 2741 382 2770 iub
398 2740 528 2771 carcerali
541 2740 667 2771 custodia
682 2739 863 2777 detinendos,
880 2740 917 2770 ab
932 2739 990 2779 ipso
997 2739 1135 2778 Comite,
1149 2741 1198 2772 'seu
1213 2742 1277 2771 alias

212 2775 248 2806 ad
263 2777 392 2809 mandata
406 2780 468 2818 sua,
486 2780 615 2824 recipiat,
633 2779 666 2810 &
681 2780 709 2808 in
726 2777 839 2808 Prisona
853 2778 929 2808 ialvo
943 2778 1078 2809 custodiri
1092 2778 1190 2819 faciat,
1206 2790 1277 2819 quo-

212 2814 298 2852 usque
311 2815 375 2846 Rex
387 2817 460 2848 aliud
473 2818 509 2848 de
523 2818 628 2849 eisdem
639 2817 750 2848 duxerit
761 2817 960 2848 ordinandum.

250 2860 339 2892 Teste
351 2870 383 2893 ut
398 2861 485 2900 supra.

868 2904 922 2931 Per
934 2900 1016 2940 ipsimi
1030 2904 1134 2940 Regem.

68 3041 87 3062 κ
105 3043 142 3069 ν,
159 3048 202 3078 30.
266 3033 294 3059 δὲ
320 3036 378 3067 Pro
399 3030 532 3067 Antonio
549 3033 585 3067 de
603 3036 684 3084 Lucy
706 3037 742 3072 (7²-
764 3033 916 3082 Ranulpho
932 3034 968 3069 de
985 3037 1088 3069 Dacre
1093 3036 1236 3079 similiter

662 3085 831 3130 Deputatis.

70 3175 147 3207 Αῃῃ,
163 3174 205 3205 1),
223 3168 386 3230 EOdem
405 3169 496 3200 modo
516 3169 683 3208 assignantur
700 3168 841 3200 Antonius
857 3168 892 3199 de
914 3168 996 3209 Lucy
1015 3171 1049 3201 ὅ(
1065 3169 1232 3208 Ranulphus
1248 3170 1284 3202 de

93 3214 174 3254 1338,
291 3207 662 3252 Dacre,.conjun<‘.‘timt&·
675 3207 785 3238 divisim
799 3230 810 3246 ,
834 3207 869 3251 ad
882 3207 1060 3246 eligendum,
1081 3207 1142 3243 &a
1161 3216 1192 3238 ut
1217 3218 1284 3247 upra

71 3256 134 3325 ,κέ-,κζ
145 3263 151 3279 i
160 3262 185 3279 2.
220 3247 465 3315 giisnrssniigitirdlitfs
480 3246 516 3277 de
523 3245 718 3278 Comitatibus
732 3244 881 3276 Cumbriae
894 3246 927 3277 ὃ(
941 3246 984 3276 W
987 3246 1189 3278 estmerlandiae
1194 3270 1205 3286 ,
1221 3257 1286 3279 mu-

107 3329 170 3356 lhid.
255 3322 345 3355 Teste
361 3331 391 3354 ut
405 3323 491 3361 supra.

856 3363 911 3392 Per
926 3360 1008 3401 ipfitm
1020 3363 1125 3398 Regem.

221 3437 309 3498 ET
325 3438 487 3483 mandatum
503 3437 544 3468 est
558 3437 785 3483 Vicecomitibus
798 3437 952 3483 eorundem
967 3438 1165 3469 Comitatuum
1179 3438 1284 3478 separa-

287 3486 337 3508 tim
346 3502 355 3517 ,
364 3479 399 3509 de
413 3476 585 3518 intendendo
599 3475 658 3511 &a
675 3477 793 3515 praefaus
802 3500 810 3515 ,
821 3477 951 3507 Antonio
966 3478 998 3508 δε
1008 3477 1163 3515 Ranulpho
1172 3478 1223 3515 ,&
1236 3487 1286 3507 eo-

223 3525 287 3546 rum
299 3517 375 3547 alteri
388 3515 448 3551 &a
465 3516 586 3555 utsupra
604 3519 633 3546 in
646 3516 785 3545 Mandata
801 3516 900 3545 direei‘o
907 3518 1055 3545 Vzcecomiti
1069 3514 1285 3546 Nerthumbriae.

413 3643 462 3674 De
481 3641 637 3679 tsaffando
647 3642 739 3688 fhper
755 3644 880 3688 Treugis
894 3653 963 3673 cum
981 3643 1084 3674 Scotis.

77 3726 154 3756 Ann.
169 3723 210 3754 D.
227 3723 513 3779 REXduniversis,
528 3727 674 3765 praesentes
688 3726 795 3758 Literas
807 3725 987 3765 inspecturis,
1005 3725 1142 3757 Salutem.

99 3764 184 3802 1338.
319 3762 414 3805 Sciatis
425 3765 501 3803 quod
514 3765 582 3795 Nos
590 3788 600 3803 ,

76 3805 127 3829 An.
153 3812 194 3830 12.
264 3797 312 3840 De
324 3803 576 3845 circumipeetione
591 3803 709 3843 provida
723 3803 756 3833 ὅτ
771 3803 900 3834 fidelitate
916 3803 1049 3841 probata,
1069 3800 1177 3832 Dileffl
1194 3802 1227 3832 δε
1241 3801 1288 3832 Fi-

76 3844 108 3867 Ε.
130 3849 154 3876 3.
229 3835 295 3865 delis
307 3837 410 3875 nostri,
429 3840 547 3870 Ricardi
561 3841 686 3872 Comitis
700 3841 872 3871 Arundelliae
887 3842 1011 3879 plenarie
1023 3840 1195 3871 confidentes
1203 3863 1214 3879 ,

76 3883 142 3905 scot.
167 3887 210 3905 12.
265 3872 313 3902 Ad
334 3875 507 3920 traetandum
522 3901 531 3915 ,
555 3889 606 3916 pro
626 3879 725 3909 Nobis
740 3903 750 3918 ,
771 3880 804 3910 &
819 3881 938 3910 nomine
952 3879 1069 3918 nostro,
1086 3887 1155 3909 cum
1173 3878 1287 3915 quibus-

77 3920 109 3942 F
129 3924 153 3952 3.
228 3920 354 3949 cumque
367 3911 560 3955 Hominibus,
575 3918 696 3947 inimicis
710 3917 754 3948 seu
766 3918 922 3949 adversariis
935 3917 1053 3957 nostris,
1070 3917 1106 3947 de
1119 3916 1214 3947 Scotia
1224 3939 1234 3954 ,
1251 3917 1288 3947 de

77 3963 114 3982 m·
131 3963 175 3980 ²¹-
226 3949 349 3986 Tfeugis
361 3950 406 3980 seu
421 3951 541 3983 Guerrae
557 3955 572 3983 s
609 3955 713 3986 ‘erentia
726 3979 736 3994 ,
759 3957 830 3986 inter
850 3955 918 3986 Nos
937 3958 971 3988 ὃς
985 3955 1056 3993 ipsos
1068 3978 1079 3994 ,
1099 3955 1180 3994 super
1191 3956 1287 3985 omni-

221 3987 543 4057 Ξιέἱῃῖὶῐςὶἷεῃίὶοηὼυε,
595 3994 720 4024 emandis
734 4016 745 4032 ,
769 3994 803 4025 δε
819 3993 937 4025 Debatis
952 4017 961 4033 ,
981 3994 1049 4025 liinc
1068 3992 1134 4024 inde
1152 3992 1287 4031 subortis,

363 4048 374 4065 ³

662 113 1468 168 coNVENTioNEQ

1524 112 1927 164 LITERAE,

1324 199 1363 231 Et
1385 201 1455 240 hiis,
1472 209 1536 238 quae
1559 200 1597 231 fic
1611 199 1729 230 tractata
1742 199 1864 238 fuerint,
1883 204 1971 237 prout
1983 195 2018 228 ad
2032 194 2191 228 Honorem
2208 196 2242 228 &
2257 196 2355 228 Com·
2374 192 2449 226 Ann.
2463 196 2521 228 Du

1285 240 1408 270 modum
1430 239 1563 270 nostrum
1584 238 1714 276 expedire
1736 237 1854 277 viderit,
1872 234 2127 274 consentiendum,
2146 236 2180 267 ὃς
2199 235 2279 274 super
2301 235 2353 268 hiis
2399 234 2484 274 1338.

1289 279 1407 309 finaliter
1425 277 1681 315 concordandum,
2373 273 2444 302 Edv.
2463 285 2490 312 3.

1328 317 1374 348 Ac
1389 327 1436 356 ea,
1454 326 1518 355 quae
1534 317 1572 347 sic
1586 315 1701 346 traetata
1717 315 1751 346 &
1766 313 1940 345 concordata
1953 312 2073 350 fuerint,
2090 312 2226 357 quatenus
2239 311 2276 342 ad
2289 311 2358 343 Nos

1289 356 1412 394 attinet,
1439 357 1621 394 quacumque
1641 353 1773 384 firmitate
1792 352 1954 383 vallandum
1991 352 2024 382 ὃς
2042 352 2079 381 ab
2098 351 2160 391 ipfis
2178 350 2360 382 Hominibus

1292 394 1497 433 Securitatem,
1513 403 1566 431 pro
1584 393 1668 423 nobis
1686 391 1892 430 sufficientem,
1910 391 1940 420 in
1958 374 2012 421 iiic
2030 399 2124 428 parte,
2143 389 2360 429 recipiendum,

1329 431 1364 462 Et
1387 434 1486 463 omnia
1508 432 1558 463 alia
1578 433 1611 463 &
1638 431 1742 470 singula
1759 430 1921 461 faciendum
1941 430 1974 460 &
1997 428 2223 467 excercendum,
2243 438 2308 467 quse
2329 427 2360 457 in

1292 470 1456 509 praemiffis,
1475 472 1509 502 ὃς
1529 471 1605 501 circa
1625 472 1678 507 ea,
1692 469 1840 500 necessaria
1859 468 1980 506 fuerint,
1997 467 2042 497 vel
2062 476 2220 506 oportuna,
2239 467 2324 497 etiam
2339 465 2375 496 fi·

1294 508 1461 540 mandatum
1474 510 1587 548 exigant
1599 508 1732 547 speciale,

1331 546 1436 577 Eidem
1464 546 1579 578 Comiti
1599 546 1719 577 Plenam
1741 545 1927 576 concedimus
1949 545 1982 575 &
2004 544 2215 575 committimus
2235 543 2363 575 Potesta-

1294 594 1372 625 tem,
1393 586 1590 625 promittentes
1610 585 1694 623 Nos,
1712 595 1764 624 pro
1786 584 1903 622 Nobis,
1920 584 1954 614 ὃς
1973 582 2144 613 Haeredibus
2163 582 2281 620 nostris,
2300 581 2363 613 Ra-

1294 632 1357 655 tum
1377 624 1411 654 δε
1433 623 1560 654 Gratum
1572 646 1582 661 ,
1606 625 1744 663 perpetuis
1765 623 1942 661 temporibus
1956 644 1967 660 ,
1995 621 2137 652 habituros
2157 620 2294 660 quicquid
2313 631 2364 659 per

1314 662 1445 693 raefatum
1469 661 1623 692 Comitem
1643 661 1815 692 Traetatum
1833 663 1866 692 &
1889 660 2110 691 Concordatum
2122 682 2132 698 ,
2165 659 2308 691 Vallatum
2328 660 2363 691 &

1320 701 1435 769 aldium,
1455 699 1540 770 fugit
1555 700 1585 729 in
1600 699 1763 739 praemiffis,
1781 701 1814 732 &
1829 699 1959 739 quolibet
1972 698 2192 738 praemissorum.

1347 750 1366 769 n
1382 748 1478 777 cujus,
1531 748 1557 770 c.

1331 815 1421 847 Teste
1435 815 1517 855 Rege
1532 814 1606 854 apud
1620 813 1747 846 Westm.
1760 815 1898 847 vicesimo
1910 817 2012 856 quinto
2023 814 2069 846 die
2083 814 2196 855 Aprilis.

1928 894 1982 922 Per
1997 891 2080 932 ipficm
2094 895 2201 930 Regem.

1494 1019 1543 1053 De
1559 1016 1718 1051 tranando
1727 1017 1818 1064 sitper
1837 1018 1915 1049 Pace
1929 1027 1998 1048 cum
2018 989 2154 1062 Eisdem.

1300 1104 1356 1159 R
1366 1102 1391 1134 E
1400 1100 1431 1134 X
1449 1103 1582 1150 universis
1615 1103 1740 1134 raesentes
1754 1101 1858 1133 Literas
1871 1100 2046 1144 inspecturiS,
2061 1101 2195 1133 Salutem.

1335 1180 1382 1212 Aa
1403 1142 1529 1211 {33on
1549 1152 1602 1211 33³„
1622 1139 2124 1219 {3⁸i312·2⁷2{²s¹3550“s355„'3ss
2138 1140 2242 1210 ‘⁰3⁶3’
2259 1147 2320 1213 νίζ’
2337 1182 2360 1214 s.

1299 1228 1424 1258 cumque
1447 1219 1623 1263 Hominibus
1641 1243 1651 1259 ,
1683 1203 1809 1263 inimicis
1826 1219 1872 1249 seu
1895 1217 2051 1249 adversariis
2069 1202 2171 1248 nosiris
2188 1219 2224 1249 de
2243 1192 2339 1252 ἒέὲῑίιέι
2352 1245 2362 1261 ,
2377 1192 2495 1264 gang-12,

1300 1258 1336 1289 de
1352 1257 1427 1289 Pace
1440 1258 1474 1289 &
1488 1257 1564 1289 finali
1579 1256 1748 1290 Concordia
1757 1281 1767 1296 ,
1786 1256 1846 1292 &a
1860 1258 1892 1287 de
1902 1256 1986 1287 verbo
2000 1256 2165 1287 adverbum
2176 1265 2260 1297 prout
2266 1257 2363 1298 supra,
2381 1267 2448 1295 lbra.

2380 1108 2457 1141 Ann.
2472 1111 2514 1144 D,

2402 1150 2487 1190 1338-

1608 1381 1657 1413 De
1682 1379 1845 1427 recipiendo
1868 1377 1913 1413 ad
1934 1379 2051 1414 Fidem.

1305 1466 1362 1522 R
1373 1462 1439 1497 EX
1459 1463 1622 1510 Univerfis,
1640 1463 1675 1496 ad
1691 1476 1763 1505 quos
1773 1490 1783 1506 ,
1799 1466 1860 1498 &c.
1877 1463 2012 1498 Salutem.
2384 1469 2461 1501 Ann.
2474 1469 2517 1501 D.

1423 1504 1522 1536 Sciatis
1535 1506 1616 1544 quod
1630 1504 1715 1544 Nos,
2407 1508 2494 1548 1338.

1341 1542 1390 1574 De
1402 1542 1533 1587 fidelitate
1545 1544 1663 1582 probata
1673 1545 1707 1575 &
1721 1543 1977 1582 circumspectione
1988 1543 2125 1583 provida,
2144 1543 2256 1577 Dilecti
2271 1543 2304 1576 &
2318 1544 2366 1576 Fi-
2384 1551 2436 1576 Aa.
2458 1558 2500 1576 12.

1301 1581 1367 1612 delis
1379 1582 1484 1621 nostri,
1500 1582 1617 1613 Ricardi
1630 1582 1755 1613 Comitis
1770 1583 1958 1623 Arundelliae,
2381 1590 2412 1614 Ε.
2432 1595 2458 1623 3.

1350 1621 1452 1660 Qem
1483 1621 1680 1652 constituimus
1698 1621 1888 1659 Capitaneum
1912 1622 1946 1651 ὃς
1965 1621 2128 1652 Βυᾶοτεῐη
2147 1622 2207 1652 tam
2228 1621 2369 1654 Fidelium
2383 1625 2450 1654 thid.

1305 1659 1485 1704 nostrorum,
1502 1661 1530 1690 in
1549 1661 1672 1700 partibus
1691 1659 1797 1690 Scotiae
1816 1659 2017 1699 existentium,
2034 1662 2122 1699 quam
2135 1659 2372 1692 Excercitfisno·

1306 1697 1372 1737 stri,
1387 1698 1422 1729 ad
1441 1698 1550 1729 easdem
1571 1707 1659 1737 partes
1681 1698 1805 1737 Scotiae,
1823 1708 1856 1728 ex
1877 1698 1958 1729 causa
1981 1699 2134 1737 praedieta,
2152 1700 2207 1737 jam
2228 1700 2322 1739 miffi,
2337 1700 2372 1732 δε

1307 1746 1420 1768 exnunc
1439 1737 1585 1776 mittendi,
1604 1738 1637 1768 &
1657 1738 1741 1767 etiam
1762 1747 1815 1776 pro
1837 1736 2001 1767 defensione
2020 1737 2131 1778 Regni,
2149 1738 2320 1778 Terrarum,
2337 1739 2373 1772 ὃς

1307 1775 1352 1806 Po
1362 1776 1411 1806 iuli
1426 1775 1604 1814 nostrorum,
1621 1777 1711 1806 versus
1723 1784 1812 1816 partes
1824 1776 1879 1806 illas
1895 1775 2143 1816 profecturorum,

1367 1814 1469 1844 lenarie
1487 1814 1680 1853 confidentes,

1346 1851 1487 1883 Dedimus
1499 1853 1601 1896 ‚eidem
1621 1852 1734 1883 Comiti
1753 1851 1887 1892 Plenam,
1911 1860 2009 1883 tenore
2027 1852 2223 1893 praesentium,
2249 1851 2375 1886 Potesta-

1308 1900 1366 1923 tem
1380 1914 1403 1936 ,.
1423 1900 1544 1922 nomine
1564 1891 1664 1923 nostro
1677 1914 1686 1929 ‚
1719 1891 1871 1930 recipiendi
1890 1891 1925 1921 ad
1948 1891 2050 1922 Fidem
2073 1891 2107 1922 &
2124 1891 2230 1923 Pacem
2247 1893 2373 1924 nostram

1308 1929 1453 1961 Homines
1473 1930 1508 1960 de
1527 1930 1640 1968 Scotia,
1655 1930 1690 1960 ad
1713 1929 1815 1960 Fidem
1836 1930 1871 1961 ὃς
1893 1929 1999 1963 Pacem
2015 1930 2070 1960 illas
2084 1939 2145 1960 non
2160 1931 2321 1970 existentes,
2338 1932 2374 1963 &

1307 1970 1393 2009 alios,
1413 1969 1463 2007 qui
1482 1968 1587 1999 eisdem
1608 1969 1700 2000 Scotis
1718 1977 1817 1999 contra
1841 1968 1909 1998 Nos
1920 1967 2064 1999 adhaerent
2075 1968 2120 1999 seu
2133 1969 2324 2007 adhaeserunt,
2338 1970 2373 2001 δε

1309 2018 1379 2039 cum
1398 2008 1436 2038 eis
1457 2017 1557 2038 contra
1577 2007 1646 2038 Nos
1668 2010 1683 2025 *
1698 2007 1733 2037 de
1747 2007 1887 2037 inimicita
1900 2006 2029 2043 fuerunt,
2047 2007 2096 2046 qui
2111 2006 2145 2036 ad
2157 2006 2258 2037 Fidem
2270 2009 2304 2039 δε
2320 2007 2374 2038 Pa-

1308 2057 1375 2078 cem
1395 2045 1521 2077 nostram
1536 2047 1632 2077 venire
1646 2045 1804 2084 voluerint,
1820 2046 1853 2076 δε
1867 2055 1938 2085 quos
1952 2045 1987 2076 ad
2000 2044 2106 2076 Pacem
2121 2045 2154 2076 &
2168 2045 2269 2076 Fidem
2283 2045 2376 2085 hujus-

1310 2086 1390 2117 modi
1404 2085 1466 2116 fore
1480 2085 1580 2116 viderit
1595 2084 1797 2123 admittendos,

1344 2124 1381 2156 Et
1404 2124 1510 2156 Literas
1525 2124 1562 2155 de
1577 2123 1787 2155 Pardonatione
1801 2122 1940 2153 dietarum
1956 2121 2132 2153 Adhaefionis
2147 2122 2180 2154 ὃς
2198 2121 2378 2163 Inimicitiae,

1309 2173 1424 2195 necnon
1446 2163 1481 2194 de
1503 2162 1662 2201 hujusmodi
1678 2161 1847 2194 admiffione
1859 2161 1893 2192 ad
1909 2160 2015 2192 Pacem
2031 2160 2176 2200 nostram,
2194 2161 2298 2192 eisdem
2313 2160 2380 2192 Ho-

1310 2204 1434 2272 minidius
1450 2226 1460 2242 ,
1481 2212 1535 2241 pro
1555 2201 1698 2233 securitate
1719 2201 1765 2232 sua
1780 2224 1790 2239 ,
1819 2200 1849 2230 in
1870 2199 1925 2230 hac
1947 2206 2047 2239 parte,
2072 2201 2194 2230 nomine
2216 2200 2315 2231 nostro
2335 2200 2378 2232 fa-

1310 2252 1373 2274 cieri

1347 2266 1454 2311 Ranim
1476 2280 1510 2311 δε
1533 2278 1658 2310 Gratum
1675 2277 1797 2309 habituri
1816 2276 1952 2317 quicquid
1975 2276 2051 2307 idem
2072 2275 2184 2308 Comes
2195 2279 2315 2309 nomine
2326 2287 2380 2310 no-

1309 2321 1368 2353 stro
1382 2319 1481 2350 fecerit
1494 2320 1523 2349 iti
1538 2317 1691 2357 praemissis.

1348 2359 1384 2390 In
1398 2359 1494 2397 cuim,
1514 2357 1574 2388 &c.
1589 2355 1725 2395 quamdiu
1739 2354 1814 2394 Regi
1830 2354 1967 2393 placuerit
1977 2354 2128 2386 duraturas.

2391 2032 2511 2069 ·V.3¹.

1346 2435 1444 2483 ’'I''este
1462 2434 1546 2475 Rege
1570 2433 1643 2475 apud
1661 2431 1951 2464 Westmonasterium
1966 2455 1976 2472 ,
2000 2432 2136 2464 vicesimo
2153 2433 2256 2472 quinto
2273 2432 2318 2464 die
2336 2431 2376 2464 A-

1310 2476 1394 2516 pnhs'
1981 2511 2035 2539 Per
2048 2507 2130 2548 ipfiaem
2141 2510 2246 2546 Regem.

1358 2644 1409 2675 De
1434 2638 1673 2673 Proclamatione
1685 2663 1696 2679 ,
1731 2646 1804 2682 uper
1820 2631 2028 2667 fabricatione
2043 2637 2116 2667 novi
2135 2637 2262 2669 Privati
2280 2638 2332 2669 Si-

1745 2684 1816 2731 gilla·
1835 2686 1933 2730 Regis.

1317 2773 1408 2832 RE
1417 2772 1448 2804 X
1468 2772 1643 2804 Vicecomiti
1659 2770 1789 2802 Eborum
1802 2769 1938 2800 Salutem.

1435 2812 1512 2856 Quia
1533 2811 1679 2841 Privatum
1699 2809 1832 2846 Sigillum
1847 2807 1998 2845 nostrum,
2016 2816 2076 2847 quo
2094 2807 2202 2840 ultimo
2215 2809 2365 2843 utebamur

1314 2853 1371 2890 jam
1391 2853 1498 2891 frangi,
1518 2850 1551 2881 &
1571 2849 1646 2880 aliud
1660 2848 1790 2888 Sigillum
1807 2855 1921 2890 novum
1934 2845 2083 2876 Privatum
2097 2847 2220 2878 fecimus
2235 2836 2382 2882 fabricari’

1314 2899 1392 2960 3u0,
1409 2890 1454 2921 die
1478 2889 1668 2920 confectionis
1688 2885 1884 2928 praesentium,
1902 2885 1936 2916 &
1951 2892 2054 2915 extunc
2064 2907 2074 2924 ,
2090 2886 2132 2916 uti
2146 2886 2298 2927 volumus,
2313 2875 2382 2922 ficu{

1335 2937 1398 2960 ecct
2423 2938 2428 2943 ·
2471 2936 2478 2942 ·

1353 2951 1445 3006 Cuj’us
1460 2967 1576 3007 quidem
1592 2963 1681 3005 Sigilli
1698 2962 1916 3002 impreffionem
1929 2962 1959 2992 in
1970 2961 2093 3002 quadam
2105 2961 2215 2994 Cedula
2225 2964 2279 2994 tibi
2292 2966 2382 2998 mitti-
2397 2954 2464 2982 clau
2478 2963 2499 2982 ·¹
2508 2963 2532 2982 ¹·

1318 3016 1381 3037 mus
1399 3016 1448 3045 per
1468 3005 1647 3046 praesentium
1661 3002 1853 3041 Portitorem,
2397 2996 2427 3020 E.
2448 3001 2475 3029 3·

1353 3044 1427 3075 Tibi
1450 3045 1648 3084 praecipimus,
1666 3041 1781 3072 firmiter
1799 3042 1994 3078 injungentes,
2011 3037 2089 3079 quod
2102 3037 2215 3079 statim,
2232 3041 2294 3073 viso
2309 3054 2382 3083 prae-
2397 3036 2423 3068 P·
2446 3039 2469 3058 ¹·
2526 3073 2527 3078 ¹

1316 3083 1385 3114 senti
1402 3083 1537 3114 mandato
1548 3081 1664 3118 nostr0,
1684 3081 1712 3111 in
1727 3080 1812 3119 pleno
1825 3079 1975 3121 Comitatu
1990 3086 2058 3115 tu0,
2076 3076 2295 3120 impressionem
2310 3093 2382 3121 prae,
2400 3079 2435 3097 '¹’-
2448 3068 2508 3104 9·d·
2525 3081 2528 3099 :

1317 3122 1423 3153 dietam
1447 3122 1590 3152 Fidelibus
1607 3119 1708 3151 nostris
1723 3118 1831 3149 ibidem
1844 3115 1969 3153 ostendi,
1980 3117 2018 3158 ¹&
2031 3115 2216 3149 nihilominus
2231 3119 2262 3150 in
2276 3121 2380 3153 eodem

1320 3162 1354 3192 &
1369 3161 1435 3192 alibi
1446 3161 1477 3191 in
1493 3159 1596 3191 Bauivfi
1607 3158 1672 3197 tua,
1689 3159 1740 3188 ubi
1755 3155 1886 3194 expedire
1898 3152 2149 3197 videris,·publice
2163 3157 2330 3193 proclamari
2339 3160 2382 3192 fa-

1800 3191 2382 3275 e&

1321 3246 1635 3317 ricgen‘dislciititendiint,
1653 3273 1687 3303 &
1700 3282 1748 3316 ea,
1766 3243 1850 3315 pffout
1863 3270 1962 3306 decet,
1977 3243 2204 3314 exequantuur12c³
2231 3246 2240 3265 1
2340 3237 2384 3268 dl-

1359 3314 1398 3344 Et
1420 3313 1502 3353 quod
1523 3313 1581 3344 alus
1603 3310 1738 3341 mandatis
1753 3309 1869 3347 nostris,
1887 3309 1908 3339 fi
1919 3317 2000 3349 qim,
2018 3308 2098 3339 dieto
2113 3311 2200 3347 priori
2211 3310 2327 3346 Privato
2339 3313 2384 3345 Si-

1321 3352 1389 3391 gillo
1404 3351 1521 3389 nostro,
1540 3351 1576 3381 de
1590 3349 1670 3380 Data
1683 3349 1754 3380 dieti
1767 3349 1842 3387 diei,
1857 3347 1903 3379 vel
1918 3345 2125 3387 postmodum,
2143 3350 2303 3389 consignata
2337 3353 2385 3383 ali-

1321 3391 1423 3459 quibus
1442 3390 1548 3429 porrigi
1567 3389 1717 3428 contigerit
1738 3388 1821 3418 vobis
1842 3386 1959 3430 deferri,
1976 3395 2036 3429 non
2055 3386 2207 3430 obediant3
2225 3389 2265 3421 set
2279 3377 2386 3422 [ἴρεως

1321 3429 1380 3459 ilas
1395 3438 1479 3466 penes
1494 3428 1520 3459 se
1532 3428 1684 3466 retineant,
1701 3427 1735 3459 &
1750 3426 1835 3457 nobis
1845 3426 1992 3456 transmitti
2007 3425 2113 3456 faciant
2125 3425 2248 3458 indilate.

2401 2798 2479 2830 Ann.
2487 2797 2530 2830 D.

2421 2838 2506 2879 1338.

2398 2880 2451 2905 An.
2470 2886 2512 2905 ιι.

1353 3505 1447 3574 geste
1466 3504 1547 3544 Rege
1567 3504 1642 3544 apud
1664 3501 1971 3541 Westmonasterium,
1997 3501 2134 3533 vicesimo
2152 3505 2254 3543 quinto
2274 3503 2321 3537 die
2340 3505 2383 3537 A-

1320 3555 1352 3583 pr
1382 3554 1402 3574 s.

1961 3582 2014 3610 Per
2025 3577 2107 3618 r'pfiam
2119 3583 2224 3619 Regem.

1320 3660 1465 3728 demasii?
1482 3658 1555 3689 modo
1565 3657 1699 3698 scribitur
1705 3657 1817 3700 fingulis
1838 3659 2034 3690 chcomitibus
2042 3667 2092 3698 per
2104 3657 2258 3697 Angliam‚
2267 3654 2323 3696 ficb
2336 3657 2383 3689 ed-

1352 3710 1378 3728 m
1446 3710 1475 3728 a.
2046 3711 2049 3714 ”

2402 3779 2478 3810 Ann.
2491 3779 2534 3812 D.

2427 3819 2512 3858 1338.

2398 3859 2455 3885 An.
2472 3866 2516 3886 12.

2398 3899 2431 3923 E.
2454 3904 2479 3932 3.

2397 3935 2456 3960 Par.
2470 3935 2515 3962 12.

2397 3973 2428 3998 Ε.
2449 3979 2476 4007 3.

2448 4018 2473 4037 1.

2399 4014 2424 4045 p.

2405 4055 2443 4075 m.
2462 4055 2489 4084 3.

1351 3826 1410 3857 Pro
1429 3821 1579 3869 Comitiffa
1598 3821 1792 3857 Pembrochiae
1803 3850 1813 3866 ‚
1833 3831 1952 3869 propter
1968 3819 2138 3865 Custodiam
2156 3817 2304 3867 Johannae
2321 3821 2358 3856 de

1667 3871 1828 3916 Wdtstolee
1843 3871 1923 3904 Filia
1943 3872 2042 3916 Regis.

1324 3957 1382 4012 R
1391 3956 1418 3987 E
1426 3955 1661 4034 {cisssncilliiffdad
1672 3967 1760 3998 quos,
1785 3956 1846 3988 &a
1857 3955 1990 3987 Salutem.

1359 4029 1441 4064 Cum
1461 4042 1530 4072 nos,
1545 4018 1642 4073 nuper'
1656 4034 1687 4064 in
1707 4030 2016 4072 Recompensationem
2029 4031 2217 4070 quorumdam
2229 4031 2386 4102 Τεκταῐιιςιῇτις
