2562 4279
744 169 856 209 ET
936 167 1203 209 ACTA

0 256 120 292 Ann.D.
135 260 194 291 tam
210 252 350 289 Enormia
363 258 561 295 praesumentes
570 279 580 295 ,
595 255 687 286 vestra
700 254 850 286 Sinceritas
866 254 903 285 sic
917 263 1050 292 exurgat,
1069 253 1142 291 ipsos
1161 254 1198 284 ab

1287 167 1768 211 PUBLICA.
2249 187 2302 227 93

1277 252 1366 283 Nous
1381 264 1451 283 vous
1462 256 1612 286 envoioms
1624 256 1663 286 les
1677 255 1819 294 req-restes
1830 253 1943 293 civiles7
1960 255 2087 287 encloses
2107 255 2188 287 soutz
2206 257 2303 288 nostre
2325 254 2397 285 ΑΜ).
2414 254 2457 286 D·

17 305 102 338 1333·
136 299 256 335 inceptis
270 296 452 334 retrahendo,
471 298 504 327 δε
519 304 680 332 attemptata
690 294 786 325 debite
801 293 1040 330 reformando,ut
1053 293 1087 321 ad
1103 291 1199 321 Com-
1243 290 1445 321 Countie-Seal
1462 316 1470 330 ,
1503 293 1538 323 de
1558 293 1683 331 plusours
1705 294 1885 325 Marchaunz
1906 297 1938 326 ὅ(
1961 294 2101 326 Marmei-s
2121 295 2158 326 du
2182 295 2302 327 Reilme
2348 301 2429 332 ¹333-

0 340 61 367 Ἐάν.
80 344 105 372 3-
136 338 307 367 munionem
321 335 494 372 Pacificam,
509 336 543 365 ὃς
564 333 763 364 Communem
782 332 962 369 Utilitatem,
980 329 1145 361 nostrorum
1166 331 1200 360 ὃς
1241 329 1451 367 d’Engleterre,
1471 331 1503 361 ὅ(
1519 331 1675 371 d’aillours,
1687 334 1798 373 subgitz

138 375 301 407 vestrorum
315 373 500 405 Subditorum
509 397 518 411 ,
536 373 608 403 inter
622 381 671 402 eos
685 371 827 402 consuetae
840 370 1011 401 Dilecstionis
1030 368 1199 399 Pulcritudo

139 415 232 453 vigeat
245 415 278 444 δε
293 414 400 451 quietis.
663 449 667 454 ι
778 449 781 452 Ι
798 449 803 453 1
1083 447 1087 450 ι
1183 446 1188 450 ¹

177 453 233 491 Et,
252 453 272 482 si
295 452 385 483 forsan
405 450 439 481 ad
459 459 512 481 vos
532 449 567 479 de
582 448 681 478 nostris
694 447 818 478 Subditis
833 446 969 485 Qerelas
989 446 1089 475 deferri
1110 454 1204 475 conti-

144 493 233 530 gerit,
251 500 305 521 nos
325 490 422 521 celeris
443 488 618 528 appositione
641 486 774 517 Remedii
796 486 832 515 lic
851 494 1011 529 attemptata
1026 494 1074 522 per
1090 484 1204 527 nostros

144 532 307 562 curabimus
320 529 491 565 reformare,
511 526 591 565 quod
605 535 664 556 non
677 525 808 563 supererit
822 523 988 554 rationabilis
1004 532 1119 553 materia
1133 533 1206 554 con-

168 569 292 599 uerendi.

146 580 167 608 q
183 608 272 645 Super
286 606 337 637 hiis
348 614 460 642 autem,
478 603 534 634 una
548 612 616 632 curn
630 601 703 632 voris
715 599 829 637 vestris,
848 599 868 630 fi
889 610 953 638 quae
975 610 1061 639 penes
1082 610 1133 630 nos
1153 611 1208 630 vo-

146 646 266 684 lueritis,
283 645 367 676 nobis
380 642 502 675 vestram
517 641 605 671 velitis
618 639 766 670 rescribere
779 638 971 670 Voluntatem.

183 684 252 715 Dat.
276 682 350 722 apud
367 682 495 713 Novum
516 678 649 710 Castrum
670 677 750 715 super
770 677 905 718 Tynarn,
931 677 1070 710 vicesimo
1091 676 1210 715 septimo

148 722 195 754 die
208 722 319 761 Aprilis.

317 847 367 879 De
386 842 538 876 candiana
549 869 559 885 ,
577 852 634 888 pro
657 843 789 891 Ntmciis
806 844 893 888 Regis
909 844 1052 875 Francia.

6 928 84 961 Ann.
96 925 139 956 D.
161 930 299 989 REX,
317 928 561 965 Vicecomitibus,
579 926 753 966 Majoribus,
770 926 896 965 Ballivis,
914 925 1071 964 Ministris,
1095 927 1129 957 δε
1150 936 1218 957 om-

38 974 122 1005 1333·
237 970 320 1000 nibus
336 968 392 997 aliis
412 965 558 997 Fidelibus
577 966 644 1005 suis,
663 966 722 997 tam
743 966 814 996 infra
834 965 1006 1004 Libertates,
1025 966 1112 1004 quam
1125 975 1219 1004 extra,

7 1010 62 1034 An.
78 1015 104 1040 7·
156 1009 190 1040 ad
203 1017 290 1047 quos,
309 1006 371 1036 &c.
389 1005 521 1036 Salutem.

9 1049 38 1073 E·
61 1053 86 1080 3·
195 1046 291 1077 Sciatis
311 1043 392 1082 quod
415 1043 580 1081 suscepimus
599 1043 627 1072 in
647 1042 868 1074 Protecstionem
889 1043 923 1073 &
938 1042 1145 1074 Defenfionem
1166 1053 1220 1073 no-

9 1088 68 1111 Par.
88 1090 102 1116 7
109 1104 114 1109 -
159 1085 261 1122 stram,
281 1093 335 1113 nec
348 1093 408 1113 non
422 1084 451 1113 in
462 1082 567 1113 salvum
581 1082 614 1113 &
628 1082 757 1112 securum
772 1081 963 1112 Conductum
986 1081 1134 1119 nostrum,
1153 1081 1222 1111 Dis-

11 1125 41 1149 ΙΞΑ
53 1126 110 1157 3·P·
123 1128 146 1146 ¹·
159 1131 251 1155 cretos
266 1121 367 1159 Viros,
384 1121 530 1151 Ferarium
551 1121 588 1151 de
608 1120 736 1160 Pinkeny
758 1119 902 1158 Militem,
921 1121 955 1151 ὃς
978 1119 1151 1160 Magistrum
1169 1120 1222 1150 Pe-

12 1169 49 1188 7»-
66 1167 91 1193 7·
161 1172 236 1192 trum
261 1159 405 1199 Gawayn,
426 1160 579 1190 Decimum
602 1159 735 1190 Eccleliae
755 1159 791 1189 de
802 1159 907 1189 Sancto
920 1159 1052 1197 Omero,
1071 1158 1224 1196 Nuncios,

159 1199 390 1231 Excellentiffimi
412 1198 566 1236 Principis,
592 1198 715 1228 Domini
737 1196 882 1235 Philippi,
904 1196 992 1236 Regis
1012 1197 1139 1228 Franciae
1159 1196 1225 1227 Illu-

160 1239 236 1277 stris,
255 1239 282 1267 i'n
299 1238 440 1268 veniendo
453 1237 487 1267 ad
503 1237 572 1267 Nos
586 1237 761 1275 ubicumque
775 1236 929 1275 fuerimus,
946 1235 1053 1266 ibidem
1068 1236 1226 1274 morando,

159 1278 193 1308 &
207 1276 307 1307 exinde
323 1275 355 1307 ad
373 1277 486 1314 propria
498 1275 651 1306 redeundo.

195 1315 234 1346 Et
253 1315 320 1345 ideo
343 1315 426 1345 vobis
449 1314 612 1344 mandamus
634 1312 716 1352 quod
736 1312 837 1343 eisdem
857 1312 971 1343 Ferario
994 1314 1028 1344 δε
1045 1313 1147 1351 Petro,
1165 1312 1226 1348 &a

156 1361 237 1393 prout
252 1356 281 1383 in
297 1352 469 1395 constmilibus
485 1355 590 1382 Li'teris
604 1351 635 1381 de
646 1351 726 1390 salvo
744 1353 890 1381 ConduHu.

199 1391 233 1422 In
240 1392 343 1461 dcujus,
361 1393 421 1423 &c.
440 1391 526 1430 usque
539 1390 573 1421 ad
588 1387 704 1421 Festum
720 1390 818 1422 Sanciti
832 1389 981 1421 Michaelis
997 1391 1131 1430 proximo
1153 1390 1230 1421 futu-

160 1441 224 1462 rum
261 1439 390 1461 uraturas.

200 1468 390 1538 ResteqRelge
405 1467 478 1507 apud
490 1467 619 1500 Novum
634 1467 769 1499 Castrum
783 1467 863 1506 super
875 1466 994 1507 Tyriam
1004 1491 1014 1505 ,
1027 1466 1164 1499 vicefimo
1178 1477 1232 1498 no-

164 1517 205 1539 no
242 1518 268 1538 ie
329 1518 391 1538 riis.

309 1518 328 1547 p
908 1547 962 1575 Per
975 1542 1126 1575 Concilium.

190 1668 251 1703 Ad
263 1672 373 1718 Regem
388 1671 540 1712 Famem,
566 1667 601 1702 de
618 1671 695 1701 Pace
706 1679 760 1714 per
778 1671 876 1700 Scotos
893 1669 1028 1710 violata,
1045 1670 1082 1705 &¹
1100 1666 1138 1699 de
1154 1679 1211 1698 non

501 1716 642 1750 credendo
657 1714 904 1763 Snggcstionibus.

22 1803 102 1838 Ann.
111 1802 152 1835 D.
169 1796 367 1864 TReschier
381 1802 460 1841 Sire,
478 1801 513 1833 &
526 1801 663 1832 Tresame
677 1800 791 1841 Cosyn,
808 1811 882 1831 nous
895 1810 994 1831 avoms
1008 1810 1092 1832 receu
1106 1811 1159 1832 vos
1168 1801 1239 1832 Let-

43 1852 130 1884 1333.
247 1850 319 1879 tres,
337 1840 432 1872 donez
442 1841 469 1871 le
481 1841 536 1870 xxii
546 1841 613 1878 jour
625 1839 662 1869 de
677 1839 919 1877 Marcz,fesantes
935 1842 1092 1871 mencioun
1105 1840 1153 1870 des
1171 1840 1240 1871 Let-

23 1887 77 1913 An.
92 1893 119 1918 7.
169 1889 211 1910 tre
228 1889 283 1917 que
298 1890 369 1912 nous
383 1889 454 1910 vous
468 1880 576 1910 avioms
590 1878 694 1909 devant
710 1881 839 1916 envoies,
860 1878 1027 1910 touchantes
1043 1878 1192 1909 Descordz
1206 1879 1240 1910 &

25 1927 56 1950 Ε.
74 1931 100 1958 3.
169 1917 346 1949 Diffensions
365 1927 464 1948 menes
483 1928 520 1948 eri
542 1917 568 1948 la
587 1917 681 1948 Terre
701 1916 855 1957 d’Escoce,
873 1918 907 1947 &
921 1917 1086 1948 l’entention
1100 1927 1155 1956 que
1168 1928 1242 1949 nous

23 1965 91 1989 Scor.
111 1967 138 1997 7.
171 1958 278 1987 avioms
300 1957 336 1987 de
349 1966 367 1997 y
381 1958 459 1988 avoir
474 1966 536 1996 mys
550 1955 666 1987 Conseil
679 1966 694 1985 a
709 1966 768 1986 voz
783 1955 957 1994 Requestes:

24 2003 56 2028 Β.
75 2009 99 2036 3.
120 2009 157 2027 m.
209 1994 247 2026 Et
262 2005 336 2026 nous
350 2005 422 2026 avez
436 1995 574 2034 fignifiez,
593 2005 643 2033 par
659 2004 719 2025 voz
733 1994 804 2025 dites
817 1995 944 2033 Lettres,
963 1994 1020 2032 quil
1034 2004 1106 2026 vous
1118 1995 1242 2034 semble,

27 2036 73 2065 28.
97 2037 122 2066 d.
170 2043 219 2072 par
237 2033 334 2065 nostre
348 2034 493 2072 Respons,
514 2044 569 2072 que
589 2033 664 2063 assez
685 2033 821 2063 cstoioms
843 2043 914 2064 nous
933 2042 1020 2064 tenuz
1039 2044 1102 2071 pres
1122 2034 1159 2064 de
1177 2036 1244 2066 faire

173 2083 226 2111 ce,
241 2082 297 2110 que
311 2082 383 2103 vous
397 2082 468 2102 nous
481 2073 561 2102 aviez
576 2081 612 2102 en
629 2073 738 2110 requis‚
756 2072 790 2103 &
803 2082 859 2110 que
868 2072 884 2102 fi
904 2071 1038 2102 Homme
1058 2083 1130 2104 vous
1143 2073 1243 2104 donast

173 2120 254 2141 autre
271 2109 356 2140 chose
369 2120 384 2140 a
399 2111 551 2149 entendre,
566 2120 638 2140 vous
654 2120 690 2141 ne
704 2110 730 2140 le
744 2112 853 2141 creriez
867 2111 924 2141 mie
935 2110 971 2141 de
983 2111 1059 2150 leger
1067 2111 1157 2151 ,dont
1171 2122 1244 2144 nous

178 2159 251 2180 vous
265 2150 419 2179 mercioms
434 2149 610 2179 cherement.

212 2187 252 2218 Et
271 2197 341 2217 vous
360 2187 463 2218 fesoms
480 2187 568 2217 savoir
604 2197 677 2226 que,
695 2189 762 2225 puiz
782 2197 835 2219 vos
854 2187 924 2219 dites
945 2186 1121 2228 Requestes,
1136 2200 1152 2220 a
1173 2199 1246 2221 nous

175 2227 306 2264 envoies,
327 2226 360 2256 δε
382 2234 443 2256 noz
461 2226 561 2265 respon
574 2236 601 2255 es
625 2236 640 2256 a
654 2236 726 2257 vous
741 2226 837 2265 faites,
855 2227 881 2257 le
895 2226 1025 2257 Gardein
1040 2228 1196 2267 d'Escoce,
1211 2229 1246 2260 &

174 2265 213 2295 les
233 2263 346 2295 Grantz
369 2263 404 2294 de
428 2265 452 2294 la
470 2265 580 2302 Terre,
597 2265 637 2294 od
658 2273 701 2295 tot
721 2265 748 2295 le
769 2266 848 2303 poair
870 2265 905 2295 de
927 2266 949 2295 la
964 2266 1073 2304 Terre,
1091 2267 1153 2298 sont
1168 2275 1248 2297 entre

177 2302 303 2372 filusours
316 2302 389 2333 foitz
404 2301 499 2333 nostre
513 2303 650 2333 Roialme
661 2303 871 2343 d'Engleterre,
890 2305 924 2335 &
938 2312 956 2343 y
969 2313 1023 2335 ont
1039 2305 1087 2336 fait
1101 2306 1249 2345 Arceons,

209 2341 334 2379 oberieS,
353 2350 420 2372 tuez
434 2341 599 2380 Hommes,
616 2341 764 2380 Femmes,
782 2344 815 2374 δε
831 2342 973 2382 Enfanrz,
992 2343 1047 2381 pris
1061 2343 1095 2375 ὃς
1118 2343 1250 2384 Prisons,

178 2381 212 2411 &
228 2380 350 2410 Mesnez
362 2381 395 2412 δε
411 2380 622 2411 Raunceounes
635 2391 650 2411 a
664 2381 726 2411 foer
739 2381 775 2412 de
790 2380 911 2412 Guerre.

216 2417 255 2448 Et
269 2418 326 2448 ensi
341 2427 393 2449 ont
408 2419 439 2448 ils
455 2428 634 2450 overtement
650 2419 769 2450 debruse
781 2420 808 2450 la
821 2419 908 2459 Pees,
922 2421 970 2458 qui
985 2420 1115 2460 n’adgairs
1128 2421 1185 2452 fust
1200 2421 1250 2453 fait

179 2464 262 2486 entre
279 2467 353 2495 nous
368 2457 401 2488 &
417 2457 479 2488 Sire
492 2457 607 2488 Robert
619 2457 655 2488 de
668 2458 773 2498 Bruys,
794 2468 840 2496 par
854 2460 924 2497 quoi
938 2469 1011 2490 nous
1023 2470 1060 2490 ne
1073 2470 1179 2499 pooms
1190 2461 1253 2499 plus

179 2494 293 2533 soefrir,
311 2505 368 2533 que
385 2506 457 2526 nous
477 2506 514 2527 ne
527 2506 546 2536 y
561 2506 697 2528 mettoms
710 2497 737 2527 le
752 2497 883 2536 remede,
901 2508 957 2536 que
970 2508 1043 2530 nous
1052 2509 1200 2538 purrorns,
1218 2500 1252 2531 δε

184 2543 222 2564 en
238 2542 354 2564 manere
368 2536 416 2572 qui
429 2534 530 2566 affieri.

217 2571 248 2602 Si
260 2582 333 2603 vous
346 2574 471 2611 primns,
489 2572 632 2604 Trescher
643 2573 704 2605 Sire
725 2576 758 2606 ὃς
781 2574 918 2605 Tresame
939 2574 1054 2616 Cosyn,
1074 2586 1147 2616 que,
1165 2576 1255 2619 fi'nul

181 2619 256 2680 <gotis
264 2611 383 2680 95⁰⁰?st
401 2612 493 2642 doner
515 2612 651 2643 entendre
668 2613 696 2643 le
716 2615 873 2652 contraire,
895 2624 949 2652 que
964 2624 1036 2646 vous
1056 2624 1093 2645 ne
1113 2625 1131 2654 y
1151 2616 1256 2648 voillez

214 2659 263 2679 iou
290 2659 319 2680 er
346 2660 385 2680 oi.

222 2686 305 2719 Don.
324 2698 340 2718 a
351 2687 467 2720 Belford
480 2688 508 2720 le
523 2697 541 2728 7
551 2690 618 2729 jour
633 2688 669 2720 de
685 2688 769 2720 Maii.

41 2821 58 2840 ⁰
79 2823 132 2849 IV.
213 2810 241 2838 ³?
267 2815 317 2847 De
332 2810 565 2856 Conceffionibus-
569 2824 624 2860 pro
640 2817 817 2864 Maritagio
834 2816 985 2850 Alianorae
999 2821 1116 2852 Sororis
1135 2821 1233 2866 Regis.

43 2860 121 2931 ffii.
135 2893 173 2926 Di
195 2894 314 2952 REX
335 2897 457 2942 Diienis
477 2897 530 2930 fibi
554 2900 584 2929 in
605 2878 741 2940 Christis,
759 2898 917 2934 Abbati&
932 2902 1100 2935 Conventui
1116 2903 1153 2934 ae
1174 2902 1257 2935 vane

44 2944 151 3011 A1n3373.
277 2935 395 2975 Regali,
412 2936 547 2968 Salutem.

232 2972 313 3004 Ciim
328 2977 358 3005 in
373 2973 599 3006 Subventionem
615 2976 795 3015 sumptuum,
814 2988 886 3017 quos
899 2988 953 3018 pro
965 2978 1120 3020 Maritagio
1144 2980 1261 3011 Aliano-

43 3019 74 3043 E.
96 3023 122 3050 3.
195 3016 250 3050 ηε,
268 3012 380 3043 Sororis
394 3013 499 3045 nostrae
507 3037 519 3054 ,
531 3014 635 3045 Nobili
651 3015 722 3047 Viro
736 3015 851 3047 Comiti
865 3016 902 3048 de
917 3018 1007 3056 Gelre
1016 3042 1025 3057 ,
1037 3019 1156 3050 fecimus
1165 3020 1261 3058 ‚Cen-

47 3052 136 3090 Claus.
152 3062 180 3088 7.
194 3057 257 3095 tum
276 3051 390 3082 Solidos
409 3053 509 3091 nobis,
525 3053 560 3084 ad
581 3061 712 3093 rogatum
727 3054 876 3094 nostrum,
894 3057 1105 3096 concesseritis,
1125 3058 1193 3089 sicut
1212 3068 1262 3096 per

45 3096 75 3120 Ε.
88 3098 144 3129 3.p.
158 3101 180 3121 i.
194 3087 304 3158 }1iterals
324 3089 433 3123 nostras
451 3091 551 3123 Nobis
573 3092 762 3132 significastis,
783 3094 820 3125 de
833 3104 891 3134 quo
907 3094 989 3127 vobis
1003 3095 1105 3126 Grates
1118 3097 1263 3127 referimus

47 3140 85 3160 m.
107 3140 150 3160 ii.
205 3137 341 3168 peciaes3

234 3165 325 3211 Vobis
344 3167 527 3208 mandamus,
545 3177 675 3210 rogantes
699 3171 779 3210 quod
792 3171 943 3210 praedie'tos
959 3171 1088 3204 Centum
1104 3172 1216 3204 Solidos
1229 3172 1263 3203 ad

197 3201 377 3236 Scaccarium
390 3206 538 3247 nostrum,
555 3209 629 3248 apud
644 3209 792 3247 Eborum,
809 3220 878 3241 cum
894 3211 1035 3242 celeritate
1050 3211 1106 3250 qua
1147 3213 1265 3250 oteritis,

197 3243 330 3282 mittatis,
352 3243 540 3288 Thesaurario
562 3249 596 3280 ὅς
619 3247 789 3279 Camerariis
806 3249 907 3280 nostris
928 3250 1102 3289 liberand033
1156 3260 1167 3282 t
1189 3251 1264 3290 hoc,

200 3281 269 3312 ficut
282 3281 319 3312 de
333 3282 415 3312 vobls
430 3285 618 3325 confidimus,
634 3287 788 3319 nullatenus
803 3289 947 3319 omittatis.

237 3319 327 3351 Teste
342 3319 422 3361 Rege
436 3323 511 3362 apud
524 3324 738 3366 Twedemuth,
755 3327 892 3359 vicesimo
903 3328 1023 3368 septimo
1036 3328 1082 3358 die
1096 3328 1176 3359 Maii.

893 3407 947 3435 Per
961 3404 1042 3444 ipſslm
1057 3409 1162 3444 Regem.

226 3470 396 3506 Consirnilia
413 3474 512 3506 Brevia
523 3475 679 3520 diriguntur
692 3474 864 3522 subscriptis,
879 3479 916 3509 de
929 3481 1055 3512 Summis
1068 3482 1243 3522 subscriptis,

365 3513 400 3544 ad
419 3514 602 3545 Scaccarium
618 3516 785 3554 praediehm
801 3517 930 3549 mittend.
944 3519 1094 3560 videlicet,

240 3588 353 3622 Abbati
366 3589 403 3626 ὠ·
416 3594 569 3622 Conventui
583 3591 691 3632 Cestriae
704 3594 735 3624 de
748 3597 858 3633 Viginti
871 3598 989 3626 Marcis.

239 3629 354 3662 Abbati
368 3629 405 3666 ὀύ
422 3633 575 3661 Conventui
585 3632 617 3661 de
631 3631 814 3663 Cumbprmere
827 3634 858 3664 de
874 3637 973 3664 Decem
986 3637 1100 3664 Marcis.

242 3670 333 3698 Priori
349 3667 386 3704 (ἐν
402 3673 555 3699 Conventui
567 3670 599 3699 de
611 3670 769 3701 Birkhened
780 3673 811 3702 de
826 3672 956 3714 Qinque
969 3675 1084 3703 Marcis.

244 3706 358 3737 Abbati
372 3706 410 3742 ῤ’
425 3712 580 3739 Conventui
592 3709 623 3738 de
638 3709 822 3748 Basyngwerk
834 3711 866 3741 de
877 3711 1009 3752 Quinque
1022 3712 1138 3742 Marcis.

243 3746 334 3776 Priori
346 3744 384 3781 ὠ·
400 3750 553 3779 Con-ventui
568 3749 600 3778 de
612 3749 723 3778 Norton
736 3749 768 3778 de
780 3753 894 3780 Centum
905 3749 1008 3781 Solidis.

59 3881 137 3913 Arm·
150 3880 192 3914 D·
242 3868 386 3905 Ediflnm
404 3876 491 3921 Regis
511 3876 660 3915 Francia,
686 3870 721 3905 de
739 3871 872 3918 Jastitia
889 3872 1118 3909 Mercatoribus
1133 3875 1248 3922 Angliae

59 3931 103 3988 Axn
102 3931 116 3961 3
122 3930 166 3996 373..
653 3919 831 3955 exhibenda.

59 4001 139 4065 ἓξὲ-
215 3999 362 4061 PHilip,
381 4015 429 4042 par
443 4007 468 4037 la
482 4005 579 4052 Grace
593 4005 629 4038 de
642 4004 719 4037 Dieu
729 4031 738 4046 ,
758 4007 831 4038 Rois
842 4006 879 4037 de
901 4003 1027 4053 France,
1044 4016 1077 4047 a,
1091 4017 1151 4039 noz
1169 4006 1275 4054 Ametz

60 4075 87 4103 in
99 4045 171 4105 ruffi·
214 4041 317 4109 ωοέε
338 4041 433 4082 Feals,
449 4044 489 4076 les
510 4045 609 4078 Gienz
628 4045 664 4078 de
674 4056 729 4078 nos
743 4045 885 4084 Comptes
896 4056 914 4079 a
929 4045 1006 4079 Paris
1018 4047 1132 4087 Salutz,
1149 4049 1183 4081 &
1194 4048 1277 4080 Dile-

1416 370 1419 373 .
1811 344 1826 364 a
1858 344 1953 364 nostre
1967 333 2143 366 treschier&
2157 334 2303 366 fealCou-
2326 334 2391 361 Edv.
2415 342 2441 369 3·

1244 368 1283 398 sin
1293 392 1302 404 ,
1323 369 1348 412 le
1362 368 1422 398 Roi
1435 369 1472 412 de
1484 368 1666 409 Engleterre,
1686 371 1755 401 Duc
1771 372 1805 402 de
1820 357 1980 412 Guyenne,

1284 406 1344 444 Q!
1367 406 1394 436 se
1415 406 1491 437 dient
1511 407 1583 438 estre
1607 409 1698 439 moult
1713 409 1842 440 Grevetz
1857 413 1889 441 ὅ(
1905 411 2104 450 Dommagetz
2117 417 2164 451 par
2180 411 2304 443 Arreste-

1245 454 1338 475 ments
1359 444 1491 488 delouis
1511 445 1734 486 Marchandises,
1753 450 1785 479 &
1808 459 1855 486 pai·
1870 449 2091 488 Ordenaunces,
2109 462 2146 480 ou
2167 449 2307 481 Maunde-

1247 491 1354 527 ments,
1370 482 1455 513 faitez
1469 484 1504 514 de
1519 495 1567 523 par
1582 496 1672 524 nous,
1688 487 1721 517 &
1736 496 1782 524 pat
1798 497 1849 518 nos
1864 487 1990 526 Lettres,
2010 489 2043 519 &
2058 499 2105 526 pai·
2119 490 2144 527 ρ’.
2160 490 2238 519 ileuv
2253 489 2309 519 Ex·-

1247 521 1319 559 plois
1338 523 1372 552 &
1394 521 1589 562 Exaffiounz,
1606 524 1684 555 faites
1704 534 1754 562 per
1776 535 1828 555 nos
1843 526 1961 556 Senescssi
1973 528 2005 564 kl,
2025 526 2175 566 Officiers,
2193 529 2226 559 <Sc
2249 528 2310 558 ivli-

1247 559 1362 597 nistres,
1381 569 1500 591 countre
1516 562 1540 591 la
1561 564 1675 593 fourme
1694 564 1730 592 de
1752 561 1857 600 Paetz,
1876 563 1918 593 O:
1941 576 2094 603 riaunces,
2113 566 2146 596 ὃς
2160 566 2312 605 Accordz,

1249 597 1401 642 n'adgaires
1422 599 1487 629 fa3tz
1508 608 1585 642 entre
1602 601 1709 638 Nous,
1728 611 1744 630 e
1764 612 1815 631 nos
1838 602 2053 634 Predece'l'ours
2068 604 2152 635 d’une
2165 615 2259 642 paite,
2278 605 2312 635 ὅτ.

1250 636 1346 667 nostre
1365 636 1406 666 dit
1427 636 1555 675 Coulin,
1573 639 1607 669 ὃς
1624 640 1662 669 ses
1685 639 1900 670 Predeceffours
1920 642 2042 680 d’autre,
2061 653 2095 672 eil
2112 643 2254 682 prejudice
2276 645 2312 674 ὃς

1252 675 1366 719 escaude
1385 675 1433 719 des
1453 675 1513 706 ditz
1533 675 1703 715 Marchans,
1722 679 1755 708 &
1777 677 1815 708 du
1838 679 1962 718 Poeple,
1979 680 1997 709 si
2020 691 2106 711 come
2118 681 2155 712 les
2167 681 2227 712 ditz
2241 681 2316 720 Sup-

1252 714 1376 752 pliauntz
1389 713 1467 744 dient
1476 715 1527 753 ,δε
1540 725 1609 746 vous
1625 715 1855 755 monstrerount,
1871 718 1905 748 ὃ(
1920 719 2124 759 6ΧροΓ6ωυηῑ,
2140 720 2200 758 plus
2209 721 2315 758 pleine-

1254 761 1352 783 ment:

1293 791 1323 821 Si
1341 801 1413 822 vous
1437 790 1605 822 maundoms
1626 803 1699 831 que,
1726 791 1819 824 Veues
1842 793 1880 823 les
1901 802 2033 825 teneours
2053 795 2100 826 dec
2120 795 2230 835 Paetz,
2257 792 2317 827 Ac-

1256 839 1356 868 cortz,
1374 831 1407 861 &
1422 829 1645 869 Covenaunces,
1663 831 1805 869 desuditz‚
1821 840 1956 863 tancome
1967 844 1982 863 a
1998 843 2064 863 eaux
2085 835 2207 874 touche,
2225 837 2257 866 δε
2279 836 2319 865 les

1259 868 1368 899 Lettres
1389 870 1422 899 ὃς
1443 868 1635 900 advisementz
1658 871 1705 908 qui
1726 869 1769 899 sur
1785 880 1838 900 ceo
1852 869 1976 901 serrount
1991 882 2007 901 a
2019 874 2101 910 voit,
2120 874 2152 903 ὃς
2167 873 2259 904 Veues
2280 874 2318 904 les

1257 908 1326 937 dites
1348 907 1507 945 requestes,
1526 909 1560 939 &
1581 908 1618 938 les
1636 907 1696 938 dirz.
1718 908 1878 938 Marchanz
1899 910 1947 939 oiz
1968 909 2009 939 sur
2031 909 2110 941 leour
2131 912 2199 942 dites
2224 909 2320 942 Com·-

1258 945 1401 984 pleyntes,
1418 947 1544 976 ordenez
1557 947 1600 977 sur
1614 947 1653 977 les
1665 947 1761 978 choses
1777 946 1928 986 desudites,
1945 948 1978 978 &
1992 948 2034 978 sur
2057 949 2214 980 chascoune
2236 950 2325 981 d’ice-

1259 985 1298 1014 les
1332 985 1416 1014 saunz
1437 985 1523 1023 delai,
1543 996 1597 1016 ceo
1617 995 1672 1024 que
1693 996 1766 1016 vous
1787 994 1898 1016 verretz
1922 996 1976 1024 que
1995 987 2055 1016 bon
2070 987 2137 1017 serra
2151 998 2166 1017 a
2182 989 2267 1025 faire,
2287 997 2323 1018 en

1261 1023 1301 1053 tie
1312 1033 1328 1053 e
1343 1032 1456 1053 manere
1469 1033 1525 1061 que
1537 1024 1575 1054 les
1588 1024 1647 1054 ditz
1663 1023 1836 1055 Marchauns
1849 1024 1951 1055 n'aient
1962 1025 2043 1055 cause
2057 1025 2092 1055 de
2108 1025 2148 1055 soi
2165 1027 2324 1064 complein-

1261 1060 1311 1091 dre
1321 1084 1330 1099 ,
1351 1062 1383 1091 ὃς
1398 1071 1455 1100 que
1468 1064 1499 1092 ils
1515 1062 1579 1092 n'en
1594 1063 1693 1093 doient
1709 1064 1821 1093 revenir
1835 1063 1934 1094 devers
1949 1062 2044 1094 Nous.

1297 1099 1335 1129 Et
1348 1100 1427 1130 leour
1441 1100 1549 1131 donetz
1562 1101 1606 1131 sur
1620 1111 1675 1131 ceo
1689 1111 1741 1131 nos
1757 1100 1884 1139 Lettres,
1903 1102 1978 1132 tieles
1993 1111 2079 1133 come
2091 1103 2180 1133 raison
2194 1103 2271 1133 serra.

1300 1137 1428 1168 Donnee
1448 1149 1463 1168 a
1486 1138 1686 1177 Chauntecot,
1706 1140 1733 1169 le
1754 1139 1923 1170 Trentieme
1940 1140 2014 1178 Jour
2035 1140 2071 1171 de
2094 1140 2181 1180 Maii,
2206 1141 2272 1171 l'Aii
2291 1140 2328 1172 de

1264 1175 1361 1208 Gracc
1375 1176 1449 1216 Mil,
1467 1177 1639 1216 Troiscent,
1656 1178 1768 1209 Trente
1782 1178 1816 1209 &
1830 1179 1999 1209 Troilieme.

2049 1219 2108 1248 Par
2126 1217 2151 1247 le
2165 1219 2226 1248 Roi.

1768 1297 1802 1323 A
1816 1292 1846 1322 Ia
1862 1291 1990 1324 Relation
2005 1293 2085 1333 Moffi
2102 1297 2173 1325 Rnd.
2192 1295 2296 1326 Saketr.

1402 1428 1452 1459 De
1469 1426 1573 1471 Infitla
1593 1430 1730 1462 Manm‘ae
1746 1430 1777 1459 in
1795 1429 1935 1460 Manum
1954 1429 2042 1474 Regis
2051 1425 2206 1473 ftfienda.

1272 1508 1589 1567 REXQMilitibus,
1613 1511 1723 1558 hiberis
1743 1511 1938 1550 Hominibus,
1961 1513 1995 1543 &
2017 1511 2165 1543 Omnibus
2184 1512 2261 1551 aliis,
2277 1512 2340 1544 Te-
2362 1510 2493 1547 AnnD,

1346 1550 1476 1597 nentibiis
1488 1550 1525 1580 de
1540 1549 1632 1580 Insula
1647 1550 1684 1580 de
1700 1549 1792 1589 Man,
1809 1550 1844 1581 ad
1858 1561 1948 1590 quos,
1966 1551 2027 1581 &c.
2044 1550 2181 1581 Salutem.
2392 1559 2477 1590 1333.

1311 1587 1410 1663 {elffii
1423 1588 1545 1657 {Ldflecbr'is
1561 1627 1728 1664 memoriae,
1746 1626 1894 1658 Dominus
1908 1627 1944 1657 E.
1961 1627 2108 1666 quondam
2124 1627 2191 1659 Rex
2213 1627 2259 1659 An
2280 1628 2324 1659 liae
2365 1593 2459 1665 {qn-37

1274 1662 1485 1712 Avus-noster,
1502 1665 1613 1696 dudum
1624 1665 1736 1696 Seisitus
1750 1665 1861 1705 fuisset,
1880 1667 1910 1696 in
1923 1665 2085 1697 Dominico
2108 1667 2177 1705 suo,
2194 1667 2231 1698 de
2287 1667 2343 1698 sula
2363 1673 2416 1695 Fra.
2437 1675 2463 1701 7.

1274 1702 1543 1773 pragdiEettafionnuffi
1562 1741 1671 1772 Fideles
1693 1742 1800 1780 nostri,
1824 1743 1945 1774 eandem
1963 1741 2085 1773 Insulam
2100 1766 2110 1781 ,
2135 1752 2166 1774 ut
2184 1744 2228 1782 jus
2247 1744 2344 1783 suum,
2364 1711 2430 1772 {i}
2443 1714 2481 1734 m.

1275 1780 1473 1850 ξεηάξεῃτεε,
1490 1782 1629 1820 petierunt
1650 1792 1666 1812 a
1681 1782 1765 1811 nobis
1784 1791 1853 1813 cum
1876 1781 2007 1812 instantia
2026 1790 2060 1813 ut
2072 1783 2110 1812 eis
2124 1781 2191 1813 inde
2201 1782 2345 1822 Justitiam
2369 1785 2384 1800 ¹⁶
2400 1784 2452 1811 IV·

1297 1829 1336 1850 eri
1377 1830 1502 1858 cramus,
2370 1831 2387 1859 5
2391 1830 2406 1858 5
2409 1830 2437 1857 9·

1316 1858 1385 1889 Nos
1393 1881 1403 1897 ,

1317 1897 1396 1941 Tam
1412 1907 1464 1935 pro
1479 1898 1577 1936 nobis,
1591 1898 1677 1935 quam
1688 1906 1742 1935 pro
1759 1896 1840 1936 ipfis,
1857 1896 1985 1929 volentes
1997 1898 2027 1927 in
2041 1897 2095 1929 hac
2111 1906 2187 1936 parte
2202 1896 2263 1929 fieri
2271 1898 2350 1938 quod

1281 1935 1547 2014 estldlssiigunrgv’imus,
1565 1973 1700 2005 Diledms
1716 1974 1814 2013 nobis,
1831 1974 2023 2006 Willielmum
2038 1974 2065 2005 le
2082 1973 2215 2006 Taillour
2230 1975 2266 2006 de
2276 1975 2353 2006 Kar-

1280 2012 1368 2052 liolo,
1392 2013 1544 2045 Haverum
1568 2012 1700 2043 Macoter
1715 2036 1724 2049 ,
1750 2014 1784 2044 &
1806 2012 1972 2044 Gilbertum
1991 2011 2180 2051 Makstephan
2194 2036 2204 2052 ,
2230 2016 2353 2053 conjun-

1283 2052 1373 2091 ὁὶίιῃ,
1399 2053 1433 2083 ὃ(
1456 2051 1584 2089 divisim,
1601 2051 1635 2081 ad
1656 2050 1779 2082 Insulam
1798 2051 1980 2090 praedictam,
2008 2061 2076 2083 cum
2100 2052 2295 2091 Pertinentiis,
2322 2054 2353 2082 in

1283 2091 1409 2122 Manum
1429 2090 1555 2121 nostram
1573 2089 1739 2120 seisiendum
1750 2114 1760 2128 ,
1785 2091 1820 2121 ὃς
1841 2090 1918 2122 salvo
1936 2090 2155 2121 custodiendum
2173 2115 2182 2128 ,
2207 2091 2354 2129 quousque

1284 2130 1358 2161 aliud
1378 2129 1443 2174 inde
1455 2129 1624 2174 ’duxerimus
1645 2128 1888 2168 demandandum,
1906 2130 1944 2160 ita
1965 2128 2047 2168 quod
2067 2128 2104 2159 (16
2122 2128 2267 2168 Exitibus,
2285 2129 2355 2160 inde

1285 2168 1539 2238 Prcglteidssr'dtaelgi’s
1552 2167 1947 2251 ffigggten-sggrthiiibadneisdem,
1968 2204 2147 2250 Willielmo,
2166 2205 2302 2251 Havero,
2319 2207 2354 2238 &⁸

1286 2245 1436 2284 Gilberto,
1463 2245 1498 2276 &
1519 2254 1618 2276 eorum
1641 2245 1775 2284 cuilibet,
1798 2255 1827 2274 in
1844 2242 2006 2285 praemissis,
2031 2244 2205 2276 intendentes
2225 2245 2294 2283 sitis,
2313 2255 2358 2276 ree

1286 2284 1470 2322 spondentes,
1488 2285 1522 2316 ὃς
1537 2284 1714 2321 auxiliantes,
1733 2285 1763 2313 iri
1779 2283 1873 2314 forma
1887 2282 2041 2322 praedicta,
2059 2284 2190 2321 quotiens
2211 2284 2244 2314 &
2269 2294 2357 2322 quan-

1287 2324 1332 2367 do*
1343 2333 1392 2362 per
1406 2323 1496 2366 ipsos,
1515 2323 1560 2367 seu
1575 2332 1676 2353 eorum
1689 2323 1834 2362 aliquem,
1850 2322 1930 2360 super
1942 2322 2018 2359 hoc,
2034 2331 2069 2352 ex
2083 2330 2162 2360 parte
2176 2321 2358 2361 nostra,qu-

1290 2370 1346 2393 ritis
1360 2370 1535 2400 praemuniti:

1328 2400 1367 2432 Et
1381 2401 1439 2431 hoc
1453 2400 1608 2431 nullatenus
1619 2400 1762 2431 omittatis.

1329 2439 1363 2471 In
1382 2440 1476 2477 cujus,
1495 2440 1555 2469 &a

1368 2478 1460 2509 Teste
1475 2478 1557 2518 Rege
1571 2476 1646 2516 apud
1659 2475 1896 2515 Twedemouth,
1914 2474 2057 2507 tricefimo
2070 2475 2117 2507 die
2131 2475 2216 2507 Maii.

1805 2557 1861 2584 Per
1874 2556 1968 2584 Breve
1981 2553 2014 2583 de
2028 2555 2147 2583 Privato
2158 2551 2259 2591 Sigillo.

1386 2690 1436 2722 De
1454 2689 1542 2720 Bonis
1560 2686 1793 2732 Intestatorum,
1818 2691 1855 2726 ὠ
1876 2690 2008 2722 Pecunia
2024 2691 2107 2734 Papae
2114 2686 2276 2732 Jblvenda.

1300 2773 1420 2832 REX
1436 2772 1656 2804 Constabulario
1670 2772 1719 2803 suo
1735 2771 1930 2811 Burdegaliae,
1948 2772 2082 2803 Salutem.
2385 2775 2462 2807 Αῃῃ,
2477 2773 2518 2809 D}

1397 2813 1572 2853 Significavit
1593 2813 1693 2848 nobis,
1717 2811 1849 2842 Dileems
1869 2812 1903 2841 δε
1923 2811 2025 2841 Fidelis
2045 2810 2159 2848 noster,
2178 2809 2312 2843 Oliverus
2328 2809 2365 2842 de
2410 2822 2496 2854 1333.

1296 2851 1438 2920 IDnghat39
1456 2850 1625 2882 Senescallus
1639 2849 1749 2888 noster,
1768 2849 1901 2881 Ducatsis
1914 2849 2059 2888 praediffi,
2076 2850 2159 2888 quod
2175 2848 2365 2890 Reymundus
2385 2858 2436 2882 An.
2454 2862 2482 2888 7.

1334 2900 1624 2966 ιΙΙξῖῗπηρὲῖὃεηεΐεαΗυε
1643 2926 1807 2958 Landarum
1822 2949 1832 2966 ‚
1852 2929 1911 2972 Jam
1929 2926 2096 2965 defundms,
2123 2934 2253 2965 tempore
2271 2926 2365 2957 Com·
2384 2896 2522 2968 ffibsffqffi.

1299 2968 1437 2997 motionis
1454 2989 1465 3005 ,
1489 2967 1520 2996 in
1537 2965 1655 2996 Ducatu
1673 2966 1828 3004 praedfflo,
1850 2974 1923 2996 mter
1942 2965 2054 2996 Gentes
2074 2965 2199 2996 Domini
2217 2965 2250 2995 E.
2277 2974 2365 3005 nuper
2388 2979 2413 3006 3.
2425 2978 2461 2996 m.
2474 2973 2504 3004 5.

1298 3006 1391 3043 Regis
1409 3005 1539 3045 Angliae,
1557 3003 1647 3034 Patris
1667 3004 1774 3044 nostri,
1792 3005 1827 3036 &
1848 3003 1959 3035 Gentes
1974 3012 2044 3035 tune
2057 3004 2147 3042 Regis
2161 3004 2301 3041 Franciae,
2317 3010 2365 3033 ex-

1299 3052 1370 3075 ortae

1339 3083 1374 3113 N
1377 3068 1417 3114 bn
1431 3082 1578 3113 modicam
1595 3090 1704 3121 partem
1718 3081 1858 3112 Thesauri
1873 3081 1982 3113 Garfiae
1995 3080 2119 3112 Arnaudi
2135 3079 2171 3110 de
2189 3078 2371 3119 Coupenne,

1301 3132 1340 3154 nu
1363 3132 1392 3152 er
1405 3121 1510 3160 Episco
1532 3123 1540 3151 i
1555 3120 1711 3159 Aquensis,
1726 3121 1831 3151 fecerat
1843 3122 1993 3158 occupari,

1339 3132 1377 3190 {t
1390 3160 1461 3190 Tria
1477 3132 1560 3190 Milia
1577 3159 1728 3190 Librarum
1743 3159 2003 3203 Burdegalensium,
2020 3157 2056 3202 de
2071 3154 2300 3202 Thesauroillo,
2315 3164 2369 3194 pro

1303 3198 1441 3238 Negotiis
1453 3198 1524 3229 dieti
1539 3197 1690 3242 Ducatfisn,
1706 3199 1740 3230 &
1750 3198 1865 3236 Juribus
1880 3198 1961 3235 ipsius
1975 3196 2062 3227 Patris
2082 3195 2170 3240 nostri
2191 3194 2299 3239 ibidem
2319 3194 2369 3238 de-

1303 3237 1450 3282 fendendis
1463 3261 1473 3276 ,
1498 3237 1614 3276 praefato
1632 3236 1772 3275 Olivero,
1799 3246 1869 3267 tunc
1889 3234 2044 3267 Senescallo
2065 3233 2135 3264 dieti
2156 3233 2242 3264 Patris
2262 3232 2370 3271 nostri,

1303 3285 1479 3353 mlffilagilito'd
1500 3315 1575 3344 idem
1598 3314 1731 3345 Oliverus
1752 3314 1887 3353 obligavit
1900 3312 1927 3342 se
1942 3311 1975 3342 &
1988 3311 2068 3341 Bona
2080 3310 2141 3349 sua,
2160 3312 2279 3354 nomine
2299 3310 2369 3347 ejus-

1306 3353 1374 3384 dem
1390 3353 1476 3384 Patris
1491 3353 1598 3391 nostri,
1614 3353 1648 3384 ad
1660 3353 1734 3383 dieta
1749 3353 1818 3383 Tria
1834 3351 1916 3381 Milia
1930 3350 2081 3380 Librarum
2098 3349 2232 3393 Domino
2247 3349 2372 3391 Summo

1306 3391 1440 3423 Pontifici
1461 3393 1490 3422 in
1511 3391 1635 3422 Camers.
1657 3391 1703 3421 sua
1723 3390 1870 3428 solvenda,
1889 3399 1940 3427 pro
1962 3399 1998 3419 eo
2020 3388 2099 3426 quud
2123 3387 2198 3431 idem
2221 3386 2370 3429 Dominus

1306 3432 1443 3462 Summus
1456 3430 1589 3460 Pontifex
1604 3429 1794 3468 praetendebat
1811 3428 1906 3466 Bona,
1943 3437 1987 3457 uae
2001 3427 2112 3457 fuerunt
2126 3429 2209 3469 iplius
2222 3423 2368 3467 Episcopi,

1307 3470 1342 3501 ad
1357 3469 1383 3500 se
1420 3470 1537 3500 ertinere
1549 3469 1668 3506 debere,
1686 3478 1723 3499 eo
1735 3468 1816 3506 quud
1830 3467 1905 3497 idem
1948 3466 2077 3503 piscopus
2092 3464 2181 3500 obiit,
2198 3470 2229 3493 ut
2254 3463 2370 3493 diceba-

1307 3507 1611 3586 turnggziEngst
1630 3544 1714 3576 Pater
1735 3543 1830 3575 noster
1852 3541 2040 3581 postmodum
2049 3565 2066 3584 ,¹
2076 3539 2110 3570 ad
2135 3539 2372 3570 Prosecutionern

1307 3585 1416 3624 praefati
1431 3585 1610 3622 Reymundi,
1624 3584 1765 3615 asserentis
1776 3583 1802 3612 se
1815 3582 1964 3613 Summam
1979 3579 2145 3623 praedidkam
2161 3578 2279 3616 praefato
2286 3578 2372 3609 Sum-

1309 3634 1361 3654 mo
1384 3624 1516 3655 Pontifici
1540 3622 1718 3662 persolvisse,
1743 3621 1813 3652 cum
1834 3630 1893 3650 non
1912 3619 2048 3663 solverit,
2075 3616 2371 3661 mandaveram-tunc

1311 3662 1530 3694 Constabulario
1545 3663 1595 3693 suo
1606 3660 1793 3700 Burdegaliae,
1810 3657 1890 3696 quod
1905 3657 1996 3700 eidem
2010 3655 2202 3700 Reymundo,
2220 3656 2257 3686 de
2270 3654 2374 3686 eisdem

1312 3700 1419 3732 Tribus
1433 3701 1551 3731 Milibus
1565 3701 1716 3731 Librarum
1730 3697 1970 3736 Burdegaleniium
1979 3719 1988 3733 ,
2006 3695 2188 3736 satisfaceret,

1312 3739 1470 3808 OJamque
1490 3737 1762 3806 dic‘tasTriaDMilia
1783 3736 1944 3803 Libgirtiilrg]
1956 3733 2200 3803 {urgggnatlffincitiumm
2226 3743 2242 3763 a
2254 3732 2377 3803 fraesstg

1311 3779 1454 3847 cissa
1464 3786 1629 3859 gum
1688 3783 1820 3858 &wrm
1865 3784 1881 3856 ξ’
1948 3784 1965 3803 U
2045 3850 2050 3854 ,
2189 3795 2199 3809 ‚
2216 3781 2253 3810 ¹³⁰
2278 3781 2311 3811 gs
2336 3849 2341 3854 ⁴

1349 3855 1403 3885 Per
1419 3855 1496 3894 quod
1511 3854 1594 3883 nobis
1606 3852 1788 3891 supplicaVit,
1805 3859 1836 3881 ut
1852 3849 1945 3880 eidem
1959 3848 2092 3893 Domino
2112 3847 2235 3893 Summo
2257 3847 2378 3879 Pontifi-

1313 3894 1355 3931 ci,
1373 3894 1408 3924 de
1428 3891 1549 3923 Summi
1567 3891 1630 3929 illa,
1645 3891 1741 3928 jubere
1763 3889 1882 3920 velimus
1902 3887 2036 3919 Satisfa&
2056 3897 2128 3917 niem
2141 3888 2286 3925 exhiberi,
2305 3897 2379 3924 prae-

1313 3932 1407 3962 sertim
1423 3932 1491 3962 cuni
1507 3930 1630 3960 Pecunia
1645 3929 1778 3967 praedicta
1793 3929 1869 3959 circa
1882 3926 2012 3967 Negotia
2032 3926 2101 3957 Duc
2111 3925 2164 3957 ὡς
2184 3925 2314 3964 rraediffi
2334 3931 2381 3955 ex-

1314 3971 1427 4009 pendita
1440 3969 1549 4006 fuisset,
1566 3977 1597 3998 ut
1612 3967 1654 3998 est
1665 3967 1775 3998 <licitum
1785 3990 1795 4005 ,
2261 4003 2266 4008 Π

1354 4009 1439 4046 Nos,
1457 4007 1584 4038 volentes
1597 4006 1657 4037 fieri
1671 4006 1751 4045 quod
1761 4004 1868 4044 justum
1881 4004 2004 4036 fueritin
2019 4004 2073 4035 hac
2083 4010 2179 4042 parte,
2197 4002 2281 4034 vobis
2298 4009 2377 4031 man*

1318 4048 1433 4085 damus,
1451 4046 1529 4084 quod
1549 4056 1601 4077 vos
1623 4045 1660 4076 de
1679 4045 1753 4076 dieta
1768 4044 1840 4075 Obli
1858 4044 1970 4081 atione,
1987 4053 2037 4082 pei·
2048 4042 2196 4086 praefatiim
2210 4041 2381 4075 Oliverum,

1317 4096 1350 4118 ut
1362 4086 1561 4125 praemittitur,
1580 4083 1670 4124 facta,
1687 4094 1720 4116 ac
1735 4084 1839 4152 etiatR(l
1857 4091 1873 4112 e
1889 4081 2047 4121 Mandato,
2063 4080 2205 4121 praeditto
2218 4077 2382 4147 (301]ῗαίἳέ-
