2562 4279
46 246 122 283 Ami.
132 242 174 280 D.

70 289 155 328 1326.

45 329 110 357 niv.
127 336 153 357 2.

41 585 118 616 Ann.
131 585 172 616 D.

70 626 155 664 1326.

42 668 95 691 An.
113 674 156 699 19,

42 705 74 729 Ζ.
92 711 118 729 2.

37 740 174 776 Claus.19.

40 783 72 807 F..
89 789 114 806 2.
128 788 165 808 m.

42 827 70 852 9.
81 817 107 845 d.

41 928 61 948 ²*
78 925 128 959 IV.

39 977 104 996 200.

37 1560 118 1593 ''Ann.
126 1561 167 1592 D.

36 1602 144 1669 “51713216.

35 1683 67 1708 Ε.
84 1662 114 1707 a.
125 1650 153 1675 9.

38 1719 108 1745 Rom.
128 1726 170 1752 19·

39 1759 69 1783 Ε.
80 1765 151 1785 2.m.

65 3789 84 3808 *
102 3771 155 3816 iv.

67 3836 132 3855 201.

68 3865 145 3895 Ann.
160 3862 202 3893 D.

93 3901 180 3942 1326.

73 3945 126 3970 An.
145 3950 188 3975 ¹9·

71 3984 105 4009 Ε.
126 3988 152 4005 2-

74 4022 134 4047 Pat.
148 4026 192 4052 19.

75 4060 214 4092 E.2.p.².x

77 4103 113 4125 m.
135 4100 180 4131 ιιΣ

776 153 885 198 ET
967 154 1262 201 ACTA'

229 247 342 280 Eodem
357 246 447 277 modo
463 242 624 276 mandatum
640 243 681 275 est
695 243 848 281 Radulpho
862 242 950 288 Baffet
965 243 1001 274 de
1009 244 1130 275 Draiton
1139 268 1148 282 ,
1157 244 1240 276 Con-

192 287 339 319 stabulario
359 284 451 316 Castri
474 283 629 327 Dovorriae
643 305 654 322 ,
676 284 709 313 &
728 281 850 312 Custodi
872 284 1009 320 Qinque
1023 282 1163 313 Portuum
1178 283 1240 314 Re-

190 321 538 401 gssrfflffffsssssissffndss'

339 489 397 526 Ad
412 486 620 532 flandrensis,
638 485 730 531 fiqu’r
749 483 829 516 alifia
846 482 1092 516 Proclamatione.

193 581 250 636 R
260 577 343 615 EX,
361 574 468 607 dileffls
491 573 541 603 fibi
554 595 565 610 ,
587 567 804 617 Burgimagistris
815 589 825 605 ,
841 566 986 604 Scabinis,
1004 567 1037 598 &
1053 565 1241 605 Consulibus,

269 616 306 647 de
318 615 419 653 Bruges
433 614 464 643 in
477 609 622 647 Flandria,
640 609 772 639 Salutem.
874 643 879 648 ¹
967 643 972 649 ο
1053 645 1058 650 “
1088 648 1091 649 ⁷

228 649 401 692 Recepimus
413 652 515 681 litteras
528 648 646 684 vestrae,
685 654 714 674 er
730 653 796 682 quas
811 643 892 673 nobis
908 642 1073 681 significastis
1087 643 1167 682 quod
1175 643 1240 674 Suf-

190 693 335 723 ferentiam
368 692 440 721 inter
460 689 569 719 nostros
589 685 649 715 Sub
670 685 721 713 itos
736 705 746 721 ,
765 683 799 712 &
819 691 889 719 VOS,
908 683 1078 725 actcge'te'ros
1095 683 1241 720 homines,

192 734 225 764 &
242 715 417 761 Mercaiores
429 727 514 758 dietae
526 725 625 755 Terrae
646 720 780 751 Flandriae
795 743 804 757 ,
822 721 901 756 super
915 719 1155 759 Distenfionibus,
1173 721 1240 750 hinc

191 769 258 799 inde
279 768 381 799 exortis
428 774 515 804 nuper
529 762 644 797 initam,
659 760 694 789 ab
712 758 824 788 instanti
844 757 928 788 Festo
941 757 1071 797 Paschae,
1089 769 1138 797 per
1150 768 1240 788 unum

190 808 308 839 Annum
324 830 334 845 ,
356 790 488 844 proximo
506 801 668 837 sequentem
685 820 695 836 ,
709 797 887 834 completum
901 796 1076 835 duraturam,
1094 797 1197 828 fecistis
1212 798 1241 827 in

191 845 266 877 dieta
279 845 371 876 Terra
383 841 519 873 Flandriae
532 836 646 875 publice
659 835 838 881 proclamari:
854 874 863 881 ¹¹
905 879 907 881 ι
1077 875 1082 880 .
1208 875 1213 880 Ι

228 883 265 914 Et
279 883 358 922 quod
371 881 404 912 ad
416 877 607 912 trastandum,
625 874 705 912 super
717 873 918 904 reformatione
933 870 1242 912 Concordiae,&Dis-

189 923 359 953 sensionibus
378 916 538 955 supradiffls
553 937 562 951 ,
588 921 680 944 certos
698 911 851 950 Nuncios,
869 921 937 942 cum
956 913 974 930 ²*
995 912 1143 943 sufficienti
1156 912 1241 943 Pote-

190 961 274 999 state,
291 959 325 989 ad
345 957 422 987 diem
444 952 618 985 Ascensionis
637 950 761 981 Domini
773 973 784 990 ,
803 960 888 989 prout
902 950 1070 982 condictum
1085 951 1189 990 fuerat,
1207 951 1242 981 ad

189 1008 242 1030 nos
257 999 365 1029 mittere
377 993 532 1030 volebatis3
645 1029 651 1035 ,
1070 1029 1075 1034 1
1220 1029 1225 1034 ι

226 1037 312 1072 Super
332 1032 391 1073 quo
413 1031 495 1062 vobis
517 1029 716 1060 innotescimus
731 1052 740 1067 ‚
762 1027 842 1067 quod
857 1038 908 1058 nos
923 1027 1123 1059 Sufferentiam
1138 1027 1242 1066 praedi-

188 1075 263 1106 &am
297 1081 346 1110 per
363 1070 483 1109 singulos
500 1067 661 1099 Comitatus
677 1067 776 1104 Regni
797 1066 886 1097 nostri
899 1091 909 1104 ,
927 1067 1111 1097 consimiliter
1125 1068 1241 1097 'manda-

186 1097 280 1144 vimus’
320 1121 338 1141 u
359 1109 458 1147 licari3
485 1108 518 1138 &
535 1105 569 1137 ad
588 1105 763 1137 tractandum
786 1115 853 1136 cum
875 1104 956 1136 dietis
977 1104 1102 1135 Nunciis
1125 1105 1241 1145 vestris,

208 1160 257 1181 uos
267 1120 318 1179 adp
354 1157 401 1186 os,
417 1146 451 1177 ad
464 1146 541 1176 diem
555 1144 738 1183 praedidhim,
754 1143 923 1174 destinabitis
935 1167 945 1182 ,
968 1153 1060 1175 certos
1078 1143 1173 1174 fideles
1186 1154 1240 1174 no-

185 1160 255 1219 ἕως
269 1187 338 1218 cum
350 1184 491 1217 Potestate
507 1182 625 1222 plenaria
640 1181 851 1221 assignabimus3
865 1182 899 1213 &
915 1183 999 1219 parati
1014 1183 1117 1212 erimus
1131 1181 1240 1219 semper

185 1227 276 1257 facere
291 1226 388 1256 omnia
401 1249 411 1263 ,
435 1233 499 1262 quae
511 1222 546 1253 ad
560 1221 810 1252 Reformationem
824 1220 908 1250 didiae
920 1219 1092 1251 Concordiae
1106 1228 1241 1258 poterunt

185 1274 380 1340 peDzriltirgpud
395 1292 593 1338 Kenilworth,
610 1297 734 1330 secundo
749 1296 795 1328 die
808 1295 919 1336 Aprilis.

187 1424 245 1458 Ad
267 1428 382 1471 Papam
404 1449 413 1465 ,
432 1425 523 1470 sitper
538 1421 618 1467 fiflis
646 1425 682 1460 &
700 1421 785 1465 falsis
802 1418 982 1454 Rumoribus
1001 1423 1127 1467 Regem,
1153 1423 1241 1467 Regi-

374 1483 446 1506 nam
457 1499 468 1516 ‚
492 1473 528 1510 (ῤ’
551 1473 638 1518 Regis
654 1467 769 1503 Filium
781 1497 792 1513 ‚
817 1466 1058 1517 contingentibus.

244 1557 350 1589 APAE
377 1558 444 1589 Rex
456 1558 556 1589 devota
570 1556 682 1588 Pedum
696 1555 790 1587 oscula
807 1556 963 1586 beatorum.

273 1596 356 1627 Pater
374 1597 551 1627 Sand'tiffime
566 1620 575 1634 ,
600 1596 643 1626 ob
663 1596 765 1625 amoris
780 1596 813 1626 ὃ(
829 1593 1010 1624 confidentiae
1024 1592 1242 1637 plenitudinem,

189 1645 274 1674 quam
288 1636 318 1666 in
332 1635 433 1667 vestr-ae
446 1635 590 1666 defiximus
604 1633 746 1664 affluentia
759 1633 907 1670 Bonnam,
916 1632 1019 1662 cuneta
1032 1641 1081 1667 per
1092 1632 1223 1661 ordinem
1233 1655 1243 1670 ,

191 1682 221 1704 ut
242 1682 360 1713 aguntur
374 1698 384 1712 ,
408 1684 460 1713 pro
476 1673 690 1704 Diffenfionum
714 1672 832 1701 materiis
848 1693 858 1708 ‚
883 1672 964 1713 inter·
977 1669 1111 1713 illustrem
1125 1669 1243 1706 Regem

189 1713 331 1751 Franciae,
350 1713 476 1743 Fratrem
490 1711 636 1747 nostrum,
654 1711 687 1741 &
701 1709 787 1747 Nos,
804 1707 995 1752 amputandis,
1015 1709 1125 1738 curiose
1138 1708 1240 1739 vestrae

190 1750 398 1782 Mansuetudini
412 1751 590 1787 intimamus3
608 1755 736 1785 optantes
748 1746 847 1778 vestris
858 1746 981 1777 Paternis
994 1745 1101 1785 semper
1109 1746 1242 1778 Consiliis

188 1789 239 1820 diri
260 1790 283 1828 i,
301 1790 335 1820 &
348 1789 439 1820 fulciri
450 1787 587 1824 suffragiis
600 1787 629 1816 in
641 1784 764 1823 agendis.
1165 1825 1169 1830 Ι
1196 1825 1200 1830 Ι

225 1799 331 1865 iguper
342 1826 496 1865 fiquidem,
514 1825 597 1857 Pater
610 1825 731 1862 Sancte,
750 1834 800 1862 per
814 1823 933 1862 litteras,
948 1823 998 1854 sub
1012 1823 1127 1854 Secreto
1142 1823 1242 1861 Sigillo

188 1866 304 1903 nostr0,
322 1875 386 1903 quae
405 1866 514 1904 egimus
526 1887 535 1903 ,
561 1864 594 1895 &
616 1873 679 1902 quae
695 1863 849 1902 scripsimus
869 1862 986 1901 praefato
999 1861 1093 1899 Regi,
1110 1871 1141 1893 ut
1156 1862 1244 1893 Soror

187 1906 233 1936 sua
269 1903 395 1935 Consors
410 1902 520 1941 nostra,
537 1912 570 1933 ac
585 1903 669 1933 etiam
684 1900 838 1932 Edwardus
854 1925 863 1939 ,
882 1900 965 1930 Filius
977 1900 1073 1930 noster
1081 1923 1097 1944 ,.
1108 1901 1142 1943 ad
1154 1900 1224 1931 Nos
1233 1924 1243 1940 ,

185 1951 219 1973 ut
234 1928 375 1974 honestas
387 1941 498 1979 suadet,
515 1941 550 1972 &
560 1939 610 1979 Jus
620 1940 715 1979 jubet,
733 1940 750 1969 a
784 1941 885 1970 artibus
895 1939 1019 1969 Franciae
1032 1938 1187 1970 rediissent:
1208 1940 1242 1970 &

188 1981 289 2012 Terrae
304 1980 385 2018 ipsius
400 1980 462 2010 Filii
476 1979 578 2017 nostri,
599 1988 646 2017 per
660 1977 751 2016 ipsum
797 1987 878 2017 egem
893 1977 1013 2021 detentae
1029 1977 1169 2021 ,fuissent
1185 1978 1244 2015 ple-

184 2021 264 2050 narie
277 2019 423 2050 restitutae:
443 2017 646 2049 denudavimus
661 2016 763 2048 vestrae
777 2015 942 2048 Beatitudini
963 2015 1097 2052 seriat1m3
1118 2016 1151 2046 &
1163 2024 1245 2046 teno-

187 2067 232 2087 res
252 2058 420 2094 litterarum,
439 2065 505 2094 quas
528 2056 578 2093 ipsi
597 2055 694 2098 Regi,
712 2055 746 2086 ὃς
759 2056 845 2086 etiam
855 2054 935 2085 dieto
952 2054 1026 2084 Filio
1040 2053 1160 2093 nostro,
1176 2062 1244 2085 tunc

188 2095 331 2133 misimus,
347 2095 430 2126 vobis
444 2092 762 2125 curavimus‘destinare.
800 2125 802 2127 ,

228 2132 339 2164 Verum
352 2133 434 2170 quia,
451 2131 621 2164 venerabiles
645 2131 738 2161 Patres
755 2156 767 2170 ,
783 2131 877 2162 Frater
892 2130 1074 2163 Guillielmus
1096 2130 1246 2170 Archiepi-

188 2171 289 2210 scopus
297 2170 481 2209 Viennenfis,
500 2169 633 2209 &Hugo
646 2168 801 2207 Episcopus
815 2169 996 2201 Aurisacensis
1011 2170 1113 2209 (quos,
1131 2179 1164 2201 ex
1179 2180 1245 2201 cau-

186 2211 223 2242 sis
238 2209 401 2249 praemissis,
420 2218 487 2240 cum
502 2207 600 2239 vestris
612 2208 726 2239 Litteris
741 2208 962 2246 Exhortatoriis,
979 2208 1013 2239 ad
1028 2209 1118 2247 ipsum
1127 2209 1244 2247 Regem

187 2248 317 2280 Franci-ae
330 2271 340 2286 ,
364 2248 397 2279 &
416 2247 568 2278 nonnullos
587 2246 653 2277 alios
666 2270 676 2285 ,
699 2246 790 2278 vestra
810 2245 990 2278 Providentia
1012 2247 1170 2284 destinavit)
1195 2257 1245 2286 per

186 2287 247 2318 suas
260 2288 342 2317 nobis
354 2286 469 2324 litteras,
488 2286 560 2316 inter
575 2285 641 2323 alia,
661 2285 679 2315 fi
701 2284 866 2324 nificarunt,
886 2284 963 2323 quod
980 2286 1009 2316 in
1023 2285 1046 2315 F
1048 2285 1142 2316 rancia
1154 2286 1246 2323 publi-

185 2327 224 2356 ce
243 2326 347 2364 fertur,
362 2324 441 2363 quod
465 2323 531 2354 Nos
551 2323 659 2353 didi-am
707 2323 852 2354 onsortem
873 2323 998 2354 nostram
1012 2347 1022 2362 ,
1049 2325 1083 2355 &
1096 2324 1244 2361 praefatum

189 2363 292 2395 Filium
313 2363 442 2395 nostrum
457 2387 467 2401 ,
491 2362 655 2392 deberemus
676 2362 692 2392 ὲ
711 2362 818 2400 Regno
831 2361 942 2400 Angliae
955 2362 1131 2400 banniviffe3
1149 2364 1183 2394 &
1196 2372 1247 2401 pe-

186 2402 292 2433 tierunt
307 2402 386 2441 quod
395 2425 405 2441 ,
421 2401 453 2432 ea
465 2401 501 2431 de
513 2400 610 2438 causa,
627 2399 662 2430 ad
681 2408 770 2438 partes
785 2400 808 2431 F
809 2401 910 2430 ranciae
922 2408 1014 2431 certos
1026 2400 1165 2432 Nuncios
1179 2402 1248 2432 mit-

190 2448 329 2478 teremus,
345 2440 380 2470 ad
399 2439 577 2471 trauandum
597 2438 633 2469 de
652 2438 796 2470 securitate
810 2463 820 2477 ,
836 2438 929 2469 eidem
941 2438 1077 2470 Consor'ti
1088 2439 1194 2470 nostrae
1207 2439 1246 2470 fa-

188 2478 290 2517 cienda
303 2502 311 2518 ,
328 2486 359 2508 ut
374 2478 445 2516 ipsa,
460 2478 517 2508 sine
531 2477 657 2516 periculo
671 2479 812 2515 corporis,
830 2477 864 2507 ad
876 2477 963 2516 Nos,
980 2477 1015 2508 ad
1031 2486 1119 2516 partes
1125 2477 1248 2518 Angliae,

186 2518 276 2550 valeat
296 2522 439 2555 remeare,
462 2517 609 2548 afferentes
628 2517 666 2547 eis
679 2539 688 2554 ,
713 2525 763 2556 per
782 2515 902 2547 diversos
920 2517 1068 2555 homines,
1085 2516 1248 2555 frequenter

187 2556 269 2588 fuisse
276 2556 433 2595 expositum
443 2577 452 2593 ‚
471 2555 563 2594 quod,
583 2555 640 2586 sine
654 2564 762 2593 magno
774 2554 917 2593 periculo,
932 2554 1057 2586 nostram
1072 2556 1246 2592 praesentiam

186 2594 262 2626 adire
283 2596 470 2633 nequiverunt
488 2601 605 2633 propter
625 2594 736 2625 adversa
749 2616 759 2633 ,
783 2602 848 2633 quae
863 2593 899 2625 eis
913 2593 944 2625 in
957 2592 1084 2625 Personis
1096 2593 1130 2627 &
1145 2592 1248 2626 Rebus

188 2633 241 2664 suis
253 2634 366 2665 fuerunt
380 2634 411 2663 in
426 2633 530 2672 Anglia
544 2634 727 2674 comminata.
1224 2666 1227 2669 ,

188 2679 192 2683 ’
229 2672 307 2711 Qiae
321 2672 452 2710 profeffo
462 2672 548 2702 verba
560 2671 691 2702 nostrum
705 2672 824 2712 graviter
838 2672 1026 2709 percelleban't
1047 2673 1194 2712 auditum,
1212 2672 1246 2704 &

190 2710 295 2742 viscera
308 2718 546 2741 commoverunt:
566 2709 637 2741 curn
650 2711 712 2741 talia
724 2721 870 2749 nunquam
884 2711 958 2742 faeta
969 2711 1148 2752 fuerint,nec
1163 2712 1248 2743 etiam

190 2749 330 2788 cogitata,
349 2749 430 2787 quia,
447 2747 516 2778 sicut
528 2749 610 2779 novit
623 2748 713 2779 vestra
726 2749 883 2788 Benignitas
933 2750 1083 2781 institimus
1094 2751 1249 2788 hatitenus,

189 2795 328 2824 quantum
350 2787 494 2825 potuimus
506 2810 516 2823 ,
540 2787 614 2817 circa
635 2786 806 2827 Regreffum
823 2788 857 2818 ad
876 2774 946 2818 Nos
967 2787 1114 2820 Consortis
1134 2790 1168 2820 &
1188 2788 1250 2819 Filii

192 2823 282 2854 nostri
297 2824 498 2863 praedidtorum
515 2823 649 2861 (quorum
665 2825 807 2864 praesentia
820 2827 849 2856 in
865 2826 952 2857 oculis
967 2826 1068 2858 nostris
1082 2828 1179 2866 utique
1186 2837 1248 2868 gra-

192 2871 222 2893 ta
234 2862 320 2899 foret)
335 2863 368 2892 &
382 2862 460 2892 idem
475 2861 561 2891 Filius
575 2861 672 2892 noster
686 2865 750 2902 erga
762 2874 814 2894 nos
826 2865 886 2895 nOn
907 2864 1024 2903 deliquit
1033 2889 1042 2904 ,
1061 2875 1115 2896 nec
1133 2865 1250 2903 permit-

193 2901 227 2931 tit
248 2900 334 2931 ae'tatis
353 2899 514 2930 teneritudo
537 2907 568 2930 ut
583 2900 634 2930 fibi
645 2900 751 2932 offensa
762 2902 852 2941 aliqua
865 2902 965 2940 poffit,
982 2911 1028 2934 aut
1042 2903 1141 2934 debeat
1154 2905 1250 2941 impu-

193 2939 262 2976 tari,
281 2946 398 2976 propter
412 2937 489 2975 quod
504 2938 688 2969 inhumanum
703 2938 793 2978 foret,
811 2949 865 2970 nec
887 2941 992 2972 Foedus
1014 2944 1187 2979 permitteret
1203 2951 1251 2972 na-

194 2977 298 3015 turale,
317 2984 401 3008 tantae
413 2975 579 3006 crudelitatis
591 2976 725 3015 saevitiam
740 2986 839 3009 contra
853 2979 923 3015 ipsos
938 2989 1093 3010 excercere.

233 3014 272 3046 Et
291 3015 332 3045 ob
354 3014 413 3045 hoc
436 3013 634 3045 Excusationes
654 3015 803 3052 praemiffas
823 3015 902 3047 sistas
923 3019 1043 3049 omnino
1067 3019 1199 3049 novimus
1219 3018 1252 3049 &

197 3052 360 3091 mendosas,
378 3053 412 3084 &
432 3053 540 3090 praefati
561 3051 676 3084 Nuncii
698 3053 782 3085 vestri
802 3054 876 3084 bene
897 3054 1019 3093 norunt,
1036 3057 1115 3094 quod
1128 3056 1192 3087 alias
1205 3056 1255 3085 ad-

198 3091 273 3122 miffi
288 3091 401 3123 fuerunt
415 3091 486 3122 infra
502 3091 638 3130 Regnum
653 3092 784 3123 nostrum
799 3092 978 3133 honorifice,
996 3103 1026 3125 ut
1041 3095 1159 3126 decebat
1174 3118 1183 3133 ,
1201 3103 1255 3125 nec

198 3129 242 3161 est
254 3129 350 3168 aliquis
362 3130 392 3159 in
407 3129 510 3159 eodem
525 3129 630 3169 Regno
640 3153 649 3167 ,
664 3132 713 3168 qui
727 3130 762 3162 de
776 3131 813 3160 eis
828 3130 967 3162 sinistrum
982 3133 1115 3170 praedicet
1129 3157 1139 3172 ,
1157 3141 1204 3164 aut
1218 3134 1256 3163 eis

197 3168 349 3206 aliqualiter
361 3169 571 3206 comminetur,
590 3178 643 3199 nec
658 3170 883 3207 permitteremus
896 3171 950 3210 eis,
970 3171 1014 3201 seu
1035 3172 1093 3202 aliis
1108 3171 1256 3210 Apostoli-

200 3217 246 3239 cae
259 3205 338 3237 Sedis
352 3204 497 3243 Nunciis,
515 3208 669 3245 quicquam
684 3206 849 3248 injuriosum
863 3207 941 3248 fieri,
959 3209 1004 3240 seu
1019 3210 1172 3242 molestum
1190 3221 1195 3241 :
1215 3210 1258 3241 su-

197 3255 251 3284 per
265 3244 383 3287 quibus,
401 3244 434 3275 &
445 3243 519 3282 aliis,
540 3246 569 3274 in
584 3245 707 3283 ipsorum
722 3246 838 3277 Patrum
852 3246 947 3278 litteris
962 3251 1103 3281 contentis
1119 3273 1129 3289 ,
1154 3250 1191 3280 eis
1209 3258 1258 3287 per

201 3283 310 3314 nostras
339 3282 439 3312 litteras
467 3283 644 3320 exposuimus
667 3285 789 3324 plenarie
816 3293 918 3317 votum
948 3286 1077 3318 nostrum
1091 3294 1108 3328 ‘,
1140 3297 1258 3327 quarum

201 3321 419 3358 Transcriptum
435 3319 528 3358 (simul
539 3331 606 3352 cum
622 3324 804 3362 transcriptis,
821 3321 901 3363 alias,
921 3333 952 3355 ut
967 3327 1161 3365 praemittitur,
1177 3327 1260 3358 vobis

205 3359 308 3398 miffis,
326 3359 346 3389 fi
360 3357 453 3402 forsan
468 3359 543 3402 prius
556 3359 656 3391 vestrae
672 3360 842 3392 Clementiae
856 3372 914 3393 non
931 3363 1035 3395 fuerint
1049 3366 1178 3403 liberata,
1196 3375 1260 3403 quae

202 3397 384 3438 ‘praesentibus
397 3396 504 3427 includi
518 3396 648 3435 fecimus)
665 3409 718 3437 pro
741 3399 943 3431 informatione
964 3403 1098 3442 pleniori,
1115 3403 1194 3444 super
1211 3414 1262 3435 ve-

204 3439 286 3468 ritate
299 3436 357 3466 Rei
373 3434 490 3473 Gestae,
507 3436 588 3466 vobis
600 3435 729 3468 duximus
743 3438 998 3471 transmittendum:

202 3483 205 3486 ’
241 3475 328 3506 Totis
350 3473 443 3517 cordis
465 3471 611 3504 affeetibus
622 3474 832 3517 supplicantes,
850 3484 881 3506 ut
894 3486 925 3507 ea
939 3479 1028 3509 velitis
1044 3480 1192 3519 inspicere,
1210 3481 1262 3519 &‚

205 3524 262 3553 pro
276 3511 430 3543 auferendis
443 3518 487 3541 tot
501 3511 642 3542 Scandalis
657 3515 690 3545 ὅ(
705 3513 918 3545 Dissensionum
932 3519 1051 3548 materiis
1061 3543 1070 3556 ,
1089 3518 1174 3549 talem
1192 3529 1263 3549 con-

206 3552 406 3583 siderationem
429 3549 530 3580 habere
550 3549 584 3579 ad
605 3559 647 3580 res
667 3551 757 3588 gestas
770 3576 779 3589 ,
803 3553 912 3590 taleque
933 3553 1107 3586 Remedium
1122 3567 1265 3595 apponere

211 3591 244 3621 in
258 3588 418 3629 praemiffis,
432 3587 530 3626 quale,
547 3597 601 3632 pro
614 3587 726 3620 honore
738 3590 917 3621 sacrosanctae
938 3591 1070 3624 Ecclesiae
1084 3617 1094 3633 ,
1114 3596 1146 3626 &
1160 3595 1266 3625 evitan-

211 3628 254 3659 dis
274 3637 318 3659 tot
338 3627 527 3665 periculorum
548 3625 697 3663 dispendiis
711 3651 720 3667 ,
744 3638 809 3667 quae
830 3630 943 3660 evenire
964 3632 1065 3662 exinde
1085 3632 1267 3665 verisimiliter

212 3666 415 3704 formidantur,
434 3664 524 3696 vestra
539 3664 705 3696 sanctitudo
720 3667 891 3705 prospexerit
904 3677 1089 3706 oportunum.

252 3703 426 3742 Conservet,
441 3705 503 3735 &o
1045 3706 1053 3717 ⁵

291 3742 359 3774 Dat.
380 3742 455 3781 apud
470 3741 670 3782 Kenilworth,
686 3742 801 3774 decimo
815 3745 916 3782 quinto
929 3745 975 3776 die
991 3746 1103 3785 Aprilis.

354 3884 382 3912 ἓ*
406 3887 455 3918 De
469 3884 623 3919 eonducta
636 3897 693 3932 pro
709 3886 839 3919 Nunciis
855 3889 941 3932 Regis
957 3888 1143 3934 Portugalize.

215 4022 217 4025 -
227 3981 284 4036 R

300 4017 352 4048 bus
365 4018 432 4057 suis,
450 4020 484 4050 ad
499 4032 589 4061 quos,
608 4023 669 4052 ὅτε.
685 4021 817 4051 Salutem.

266 4128 269 4132 ,
298 4096 371 4125 Tom.
389 4097 429 4124 11.
445 4097 480 4135 P,
496 4100 547 4136 11„

267 4053 366 4094 curn,
382 4056 476 4088 dilecti
495 4061 593 4099 nobis,
611 4059 730 4094 Manuel
749 4058 784 4092 de
800 4058 914 4091 Pezano
925 4081 936 4099 ‚
952 4058 1060 4091 illustris
1077 4058 1162 4100 Regis
1176 4059 1281 4092 Portu·
1322 4061 1356 4092 &
1376 4059 1520 4098 Populum

1302 157 1775 212 PUBLICA.
2259 183 2337 225 155

1283 248 1362 284 galiae
1379 249 1571 296 ,Admirallu-s,
1596 254 1629 284 δε
1652 254 1788 298 Magister
1810 256 1967 288 Rodericus
1988 246 2135 288 Dominici
2149 281 2158 296 ‚
2184 256 2267 289 Prior
2293 258 2329 289 de
2348 260 2422 292 Anii.
2438 261 2481 291 D

1285 285 1416 326 Tongia,
1433 288 1545 320 Nuncii
1561 291 1668 327 praefati
1683 293 1767 332 Regis
1781 295 1840 333 (qui
1854 295 1888 325 ad
1904 295 1972 326 Nos
1986 320 1995 334 ‚
2019 297 2047 326 in
2061 296 2210 336 Angliam,
2227 306 2317 334 nuper
2370 299 2453 339 1326.

1284 333 1337 391 {gro
1359 326 1522 367 quibusdam
1539 328 1697 373 Negotiis,
1722 334 1868 371 venerunt)
1886 334 1954 373 iint,
1971 334 2008 364 de
2021 335 2116 366 nostra
2131 334 2276 372 Licenti-“,
2293 321 2329 365 ati

1311 372 1403 400 ropria
1416 366 1563 403 reversuri,
1581 367 1745 407 suscepimus
1759 372 1829 408 ipsos
1842 374 1869 402 in
1891 372 2104 404 Proreffionem
2123 374 2157 403 &
2177 373 2330 403 Defensio-

1284 409 1350 430 nem
1366 401 1490 445 nostram
1501 427 1510 440 ,
1523 414 1555 448 ac
1569 404 1672 435 salvum
1687 408 1720 437 δε
1734 408 1861 440 securum
1872 409 2059 441 Conductum
2073 411 2220 442 nostrum:

1323 438 1359 469 Et
1380 440 1445 484 ideo
1462 442 1549 484 ¹vobis
1565 443 1726 487 mandamus
1742 448 1821 483 quod
1841 448 1960 486 eisdem,
1979 449 2106 480 Manueli
2119 452 2152 480 ὃς
2166 449 2330 489 Roderico,

1285 484 1331 506 aut
1345 477 1521 510 Hominibus
1533 481 1603 525 suis,
1622 492 1650 511 in
1666 482 1812 515 Comitiva
1825 486 1870 516 sui
1883 487 2060 518 existentibus
2072 512 2081 526 ‚
2099 489 2128 517 in
2143 487 2272 518 Personis
2283 498 2330 519 aut

1287 514 1387 546 Rebus
1399 526 1500 563 eorum
1514 543 1530 561 ,ι
1539 529 1566 548 in
1581 521 1723 551 redeundo
1743 523 1835 553 versus
1847 533 1934 561 partes
1944 526 2105 564 praedizfffls,
2120 536 2179 556 non
2195 526 2331 563 inferatis,

1286 553 1347 591 seu,
1368 564 1504 598 quantum
1524 567 1551 586 in
1572 559 1655 588 vobis
1676 558 1717 588 est
1730 582 1740 597 ,
1765 562 1799 590 ab
1819 562 1874 591 aliis
1895 563 1986 594 inferri
2006 565 2169 602 permittatis
2182 563 2332 602 Injuriam‚

1286 593 1447 637 molestiam
1458 611 1470 639 ἕ
1495 594 1669 632 dampnum,
1692 599 1926 635 impedimentum
1946 601 2059 640 aliquod
2073 626 2082 641 ,
2107 603 2152 633 seu
2166 612 2332 641 gravamen;

1285 629 1324 659 set
1339 641 1376 660 eis
1389 640 1481 675 potius
1493 633 1596 677 salvum
1609 636 1642 665 ὅ(
1655 635 1782 666 securum
1800 637 1984 669 Conductum
1994 665 2002 678 ,
2020 641 2070 671 suis
2089 641 2242 678 sumptibus
2256 665 2265 678 ,
2283 641 2333 671 ha-

1287 668 1354 713 bere
1367 669 1485 714 faciatis,
1503 680 1631 707 quotiens
1646 682 1695 710 per
1708 674 1777 711 ipsos
1791 675 1867 713 super
1884 677 1940 706 hoc
1958 678 2060 708 fueritis
2074 680 2212 717 requisiti,
2231 678 2268 709 Et
2283 703 2292 715 ,
2314 679 2335 708 si

1285 707 1353 774 guid
1375 717 1414 738 eis
1433 708 1605 740 fonsfaetum
1627 710 1708 742 fuerit
1722 734 1731 749 ,
1757 712 1786 742 id
1806 715 1842 743 cis
1856 737 1866 752 ,
1885 715 1940 744 sine
1954 716 2101 754 dilatione,
2119 718 2221 748 ficiat-is
2236 726 2333 747 emen·-

1305 755 1351 774 ari.

1300 822 1305 827 θ
1323 782 1357 813 In
1373 785 1468 829 cujus,
1485 786 1546 816 δερ.
1565 786 1651 824 usque
1664 787 1696 817 ad
1714 787 1816 819 festum
1827 789 1988 822 Nativitatis
2003 791 2101 830 Sandti¹
2115 793 2251 832 Johannis
2265 792 2335 831 Rapa

1286 821 1356 852 tlstae
1371 826 1504 860 proximo
1518 824 1643 854 futurum
1658 825 1806 857 duraturas,

1324 860 1413 891 Teste
1425 861 1506 902 Rege
1519 862 1593 901 apud
1606 863 1786 896 Kenilworth
1795 890 1804 904 ,
1822 866 1937 898 decimo
1948 870 2049 906 quinto
2061 869 2108 899 die
2121 870 2231 908 Aprilis.

1961 946 2014 974 Per
2022 943 2108 983 'ipsi'tm
2122 948 2225 984 Regem.

1286 1063 1353 1094 Rex
1369 1062 1515 1109 respondet
1534 1065 1627 1097 literis
1645 1068 1731 1110 Regis
1747 1068 1921 1113 PortugaIiae
1930 1068 2021 1114 fhper
2036 1067 2156 1102 Foea'ere
2180 1071 2339 1117 conjugali.

2350 340 2416 368 Edv.
2434 347 2462 366 z..

1289 1146 1499 1207 MAgnifico
1510 1149 1656 1194 principi,
1671 1149 1806 1195 Domino
1822 1151 1959 1197 Alsonso,
1979 1152 2150 1199 Dei'gratifi,
2168 1156 2339 1195 Portugaliae
2357 1149 2431 1181 Anss·
2446 1150 2490 1189 Da

1288 1227 1290 1230 ι
1307 1224 1315 1233 Α
1384 1188 1417 1217 &
1431 1187 1565 1235 Algarbre
1581 1188 1658 1225 Regi
1673 1189 1786 1233 illustri,
1806 1190 1912 1236 Amico
1925 1192 1974 1222 suo
1988 1193 2147 1233 cariffimo,
2166 1195 2341 1237 Edwardus,
2384 1191 2469 1228 1326·

1287 1224 1386 1256 eadem
1407 1234 1493 1264 gratia
1507 1250 1517 1264 ‚
1542 1227 1607 1257 Rex
1627 1227 1742 1264 Angliae
1755 1229 1789 1258 &
1802 1227 1949 1260 Dominus
1965 1230 2130 1271 Hiberniae,
2147 1234 2286 1273 Salutem,
2303 1237 2336 1267 &
2356 1230 2407 1256 An.
2428 1238 2471 1263 ¹9·

1286 1262 1450 1302 Successus,
1467 1265 1501 1295 ad
1518 1274 1599 1304 vota,
1618 1265 1725 1304 semper
1739 1267 1883 1305 prosperos
1895 1270 1929 1299 &
1943 1268 2045 1299 felices.

2355 1269 2376 1292 Ε
2404 1277 2414 1287 n

1324 1302 1501 1347 Accedentes
1519 1305 1553 1334 ad
1573 1304 1665 1349 Nos,
1688 1305 1822 1350 discretos
1838 1308 1919 1350 ‘viros
1931 1332 1940 1345 ,
1958 1306 2123 1339 Manuelem
2135 1310 2170 1340 de
2185 1309 2338 1352 Pesaigno,
2355 1304 2490 1340 Claufi19i

1286 1340 1320 1385 «St
1336 1340 1511 1379 Magistrum
1527 1342 1705 1386 Rodericum
1720 1342 1889 1385 Dominici,
1908 1345 2036 1377 Priorem
2053 1347 2089 1378 de
2101 1347 2235 1388 Tongia,
2252 1351 2340 1381 Nun·
2358 1346 2388 1369 E.
2402 1352 2474 1369 ²⁴⁷²·

1287 1388 1347 1409 cios
1360 1379 1460 1411 vestrae
1474 1379 1698 1418 Magnificentiae
1712 1404 1722 1420 ,
1747 1383 1781 1413 &
1797 1384 1879 1414 nobis
1893 1384 1996 1416 vestras
2012 1385 2117 1416 Literas
2131 1388 2340 1426 praesentanteS,
2361 1389 2388 1415 9·
2401 1381 2427 1408 d·

1286 1418 1412 1462 laetanter
1429 1419 1586 1456 recepimus
1599 1443 1608 1458 ‚
1627 1420 1661 1451 &
1704 1431 1748 1451 uae
1772 1422 1801 1451 in
1821 1421 1902 1453 dietis
1922 1423 2006 1454 literis
2024 1425 2261 1464 continebantur,
2280 1437 2343 1465 quae

1286 1465 1371 1487 etiam
1386 1457 1435 1494 ipsi
1448 1456 1575 1495 Nuncii,
1589 1460 1666 1497 juxta
1712 1459 1926 1500 redentiam,eis
1940 1462 1970 1491 in
1986 1461 2090 1493 eisdem
2104 1463 2187 1494 literis
2200 1466 2344 1504 traditam',

1287 1494 1438 1532 prudenter
1460 1496 1493 1526 δε
1516 1495 1653 1535 eleganter
1676 1498 1883 1538 exposuerunt,
1908 1500 1943 1530 de
1966 1501 2111 1532 traetando
2128 1502 2208 1540 super
2221 1503 2342 1534 Fcedere

1288 1532 1453 1572 Conjugali,
1473 1535 1680 1578 inter'vestram
1694 1537 1727 1566 &
1743 1536 1868 1568 nostram
1881 1538 2016 1577 Soboles,
2034 1540 2156 1579 benigne
2168 1541 2343 1581 audivimus,

1287 1572 1321 1602 ὃς
1333 1573 1419 1608 pleno
1433 1581 1621 1610 concepimus
1634 1574 1786 1605 intellectu.

1325 1609 1490 1642 Celfitudini
1505 1610 1604 1641 vestrae
1619 1612 1801 1651 significantes
1815 1613 1894 1651 quod
1903 1638 1914 1653 ,
1931 1615 1979 1646 etfi
1993 1616 2206 1649 desiderabiliter
2225 1619 2343 1652 affecte-

1287 1657 1350 1679 mus
1364 1650 1435 1680 inter
1447 1648 1568 1679 vestram
1583 1650 1616 1681 ὃς
1631 1650 1754 1681 nostram
1764 1650 1880 1682 Domus
1895 1655 1982 1691 regias
1997 1655 2103 1687 Foedus
2118 1666 2259 1695 perpetuae
2271 1659 2344 1689 ami-

1288 1688 1361 1718 citiae
1382 1687 1494 1719 stabiliri
1508 1711 1519 1727 ,
1544 1690 1608 1727 quia
1622 1697 1716 1720 tamen
1729 1690 1807 1728 super
1827 1689 1976 1731 Conjugali
1992 1692 2122 1733 Copula,
2140 1696 2211 1727 inter
2225 1697 2346 1733 Edwar-

1287 1725 1357 1756 dum
1372 1725 1463 1771 filium
1481 1726 1610 1758 nostrum
1626 1727 1876 1768 Primogenitum,
1894 1729 2013 1762 Ducem
2033 1733 2191 1771 Aquitaniae
2206 1758 2216 1774 ,
2238 1734 2344 1766 Comi-

1288 1773 1348 1795 tem
1370 1764 1491 1795 Cestriae
1503 1790 1513 1804 ,
1540 1764 1657 1797 Pontivi
1670 1790 1680 1805 ,
1703 1769 1736 1798 &
1756 1768 1868 1798 Montis
1886 1768 1997 1808 Strolli,
2014 1771 2047 1801 &
2061 1771 2205 1802 Nobilem
2219 1772 2346 1805 Infantis-

1288 1803 1363 1842 sam,
1377 1803 1503 1835 sororem
1526 1805 1613 1844 Regis
1628 1804 1760 1843 Ispanniae
1782 1806 1908 1846 illustris,
1926 1809 2118 1840 contrahenda
2127 1811 2186 1847 Jam
2199 1812 2346 1844 inchoatus

1287 1841 1329 1872 est
1343 1842 1509 1873 Tractatus:
1530 1844 1563 1875 &
1579 1843 1611 1874 ea
1622 1843 1658 1874 de
1669 1844 1767 1883 causa,
1785 1845 1833 1874 diu
1849 1844 1904 1884 est,
1922 1846 2059 1878 Nuncios
2072 1849 2197 1879 misimus
2209 1849 2242 1880 ad
2256 1859 2346 1888 partes

1289 1879 1423 1918 Ispanniae
1437 1891 1490 1920 pro
1504 1881 1641 1912 Traeiatu
1656 1883 1704 1914 illo
1720 1882 1893 1921 perficiendo
1910 1893 1917 1913 ε
1941 1894 1975 1915 ac
1990 1887 2075 1916 etiam
2090 1887 2125 1917 ad
2141 1887 2246 1923 Sedem
2262 1889 2345 1927 Apo-

1289 1918 1419 1950 stolicam
1435 1929 1487 1958 pro
1502 1919 1715 1959 Dispensatione
1728 1923 1805 1961 (quae
1820 1923 1848 1952 in
1862 1922 1895 1953 ea
1908 1931 2002 1962 parte,
2016 1933 2132 1963 propter
2141 1925 2345 1967 Consanguini-

1288 1959 1350 1988 tatis
1364 1959 1538 1989 attinentiam
1552 1982 1561 1997 ‚
1583 1961 1743 1997 requiritur)
1763 1961 1939 2000 impetranda
1952 1986 1961 2000 ,
1979 1965 2028 2000 qui
2043 1963 2173 1995 nondum
2186 1965 2219 1995 ad
2233 1975 2286 1996 nos
2299 1972 2344 1996 re'-

1289 1997 1416 2036 dierunt,
1434 2007 1488 2028 nec
1506 2000 1635 2034 pervenit
1648 1998 1682 2028 ad
1697 2009 1748 2029 nos
1762 1998 1797 2029 de
1813 1999 1936 2037 ipsorum
1952 2001 2129 2041 expeditione
2142 2003 2231 2041 aliqua
2247 2003 2344 2035 Certi-

1288 2035 1381 2066 tud0:
1407 2036 1576 2073 &insuper
1598 2036 1726 2074 praefatus
1746 2037 1829 2068 Filius
1851 2037 1947 2069 noster
1969 2040 2068 2077 (quem
2087 2047 2177 2079 nuper
2197 2042 2231 2074 ad
2255 2052 2345 2079 partes

1289 2073 1433 2112 Franciae,
1449 2083 1503 2111 pro
1518 2073 1666 2114 Homagio
1687 2075 1736 2105 suo
1750 2099 1760 2113 ,
1779 2077 1885 2107 ratione
1901 2076 2032 2109 Ducatsis
2046 2078 2218 2120 Aquitaniae,
2236 2080 2346 2112 Domi-

1289 2122 1329 2144 no
1351 2112 1426 2152 Regi
1446 2112 1574 2143 Franciae
1594 2113 1724 2144 faciendo
1739 2137 1749 2151 ,
1774 2114 1982 2153 transmisimus)
2005 2116 2095 2148 adhuc
2111 2119 2141 2148 in
2156 2119 2280 2157 partibus
2293 2119 2345 2150 illis

1288 2154 1401 2181 moram
1413 2150 1499 2189 fecit,
1519 2161 1580 2181 non
1594 2151 1677 2182 decet
1692 2161 1744 2183 nos
1758 2174 1768 2190 ,
1785 2153 1924 2191 pendente
1937 2153 2075 2186 Traetatu
2089 2158 2227 2194 praedicto
2242 2160 2345 2189 (maxi-

1289 2190 1338 2219 me
1351 2189 1432 2220 dic‘to
1447 2189 1521 2220 Filio
1534 2189 1634 2221 nostro
1648 2191 1685 2221 fic
1699 2190 1820 2229 absente)
1842 2191 1927 2223 alium
1942 2192 2021 2232 super
2035 2193 2116 2232 ipsius
2130 2194 2347 2236 Conjunitione

1288 2228 1422 2258 inchoare
1435 2227 1613 2259 Tractatum.

1325 2266 1379 2305 Et,
1397 2266 1418 2296 fi
1439 2266 1610 2305 praedieturn
1629 2267 1797 2299 Tractatum
1812 2269 1935 2300 frustrari
1954 2272 2098 2311 contingat
2119 2272 2241 2312 effedm,
2260 2275 2346 2312 parati

1288 2306 1392 2335 erimus
1405 2304 1440 2335 ad
1454 2305 1632 2336 metandum
1648 2316 1715 2337 cum
1728 2307 1826 2338 vestris
1839 2308 1965 2339 Nunciis
1990 2309 2021 2346 (si
2044 2320 2116 2348 quos
2131 2313 2172 2342 ob
2186 2313 2295 2343 causam
2311 2313 2345 2342 il-

1289 2343 1346 2373 lam
1367 2342 1402 2373 ad
1423 2353 1476 2373 nos
1494 2343 1586 2374 vestra
1601 2344 1736 2375 Serenitas
1752 2346 1872 2376 voluerit
1892 2347 2038 2384 destinare)
2061 2350 2094 2379 ὅτ
2114 2359 2146 2379 ea
2167 2350 2258 2380 facere
2280 2351 2345 2388 quae

1288 2392 1342 2420 pro
1357 2381 1504 2413 Amicitiae
1519 2382 1551 2412 δε
1566 2383 1683 2413 Amoris
1698 2383 1827 2415 firmitate
1840 2384 1902 2415 fore
1916 2385 2074 2416 videbimus
2087 2396 2235 2424 oportuna.

1325 2419 1416 2451 Teste
1429 2419 1512 2460 Rege
1525 2421 1597 2458 apud
1612 2421 1794 2453 Kenilworth
1803 2445 1812 2460 ,
1828 2422 1946 2454 decimo
1960 2425 2061 2461 quinto
2076 2424 2122 2455 die
2136 2426 2247 2464 Aprilis.

1443 2547 1594 2590 Consimile
1612 2547 1787 2594 Rcsponficm
1804 2548 1847 2582 ad
1865 2552 2009 2596 Reginam
2024 2551 2209 2597 Portugaliae.

1292 2629 1510 2694 SEreniffimae
1522 2624 1681 2678 Dominae,
1700 2633 1841 2666 Dominae
1861 2634 1977 2666 Beatrici
1991 2658 2001 2672 ,
2021 2634 2079 2665 Dei
2094 2635 2193 2678 gratini,
2210 2636 2346 2676 Portiiga-⁴
2365 2623 2441 2662 Ann·
2456 2621 2497 2664 D

1351 2672 1394 2702 11ae
1408 2673 1442 2703 &
1458 2672 1592 2709 Algarbae
1607 2672 1728 2712 Reginae
1741 2697 1750 2709 ‚
1774 2673 1946 2717 Edwardus,
1967 2672 2025 2708 &a
2043 2681 2074 2703 ut
2086 2678 2180 2714 supra.
2199 2675 2346 2714 Salutem,
2395 2672 2479 2710 1326·

1290 2710 1323 2741 &
1336 2710 1522 2749 successibus,
1538 2710 1646 2748 semper
1661 2711 1815 2750 prosperis,
1833 2713 1989 2749 jocundari.

2368 2712 2420 2738 An.
2438 2719 2481 2744 ¹9·

1325 2747 1502 2779 Praesentatas
1523 2749 1607 2779 nobis
1626 2750 1725 2780 vestrae
1749 2749 1914 2781 Nobilitatis
1935 2750 2052 2780 Litteras
2072 2761 2121 2788 per
2134 2775 2144 2790 ,
2162 2751 2292 2782 discretos
2304 2754 2347 2782 vi—
2370 2752 2406 2792 E‘.
2419 2757 2445 2776 2·

1291 2796 1352 2825 ros,
1376 2787 1544 2817 Manuelem
1567 2787 1603 2817 de
1624 2787 1790 2828 Pessaigne,
1815 2788 1848 2818 &
1862 2788 2030 2827 Magistrum
2044 2788 2221 2821 Rodericum
2241 2793 2260 2811 ὃ*
2280 2790 2346 2821 Do-
2368 2786 2434 2814 Ibld·

1291 2826 1409 2864 minici,
1427 2825 1559 2856 Priorem
1575 2825 1611 2856 de
1624 2826 1760 2864 Tongiri,
1779 2828 1934 2863 recepimus
1950 2826 2013 2857 laetfi
2028 2837 2124 2858 mente
2140 2839 2146 2858 :
2166 2830 2199 2859 &
2215 2839 2277 2867 quae
2293 2839 2347 2860 no-
2369 2824 2383 2843 κ
2398 2826 2450 2852 IV-

1292 2864 1353 2903 bis,
1366 2865 1445 2902 super
1464 2864 1586 2894 Foedere
1605 2865 1756 2903 Conjugali
1770 2890 1778 2902 ,
1801 2867 1874 2895 inter
1889 2865 2010 2896 vestram
2025 2868 2058 2898 δε
2073 2867 2197 2898 nostram
2210 2868 2348 2906 Soboies,
2367 2871 2430 2890 202·

1289 2903 1366 2940 juxta
1383 2903 1511 2934 traditam
1527 2903 1564 2932 eis
1581 2904 1597 2932 a
1610 2904 1693 2934 vobis
1708 2902 1910 2942 Credentiam,
1929 2905 2078 2942 prudenter
2091 2907 2123 2937 ὃς
2136 2907 2276 2944 eleganter
2284 2916 2351 2944 pro-

1295 2945 1402 2979 ponere
1417 2940 1585 2978 voluerunt,
1603 2940 1759 2972 audivimus
1774 2943 1861 2980 quam
1880 2943 2013 2982 benigne.

1334 2979 1495 3009 Dsteffioni
1510 2979 1611 3009 vestrae
1627 2980 1783 3018 intimantes
1798 2980 1878 3018 quod
1894 2981 2149 3018 <quemadmodum
2160 2982 2293 3014 Domino
2304 2992 2353 3013 ve-

1298 3017 1355 3048 stro
1374 3017 1449 3056 Regi
1471 3027 1520 3055 per
1544 3018 1607 3048 alias
1628 3018 1735 3048 nostras
1756 3019 1858 3049 litteras
1880 3019 2038 3058 scribimus)
2060 3021 2138 3059 super
2157 3021 2297 3052 traciando
2317 3022 2354 3050 de

1297 3055 1413 3093 Copula
1426 3055 1647 3095 Matrimoniali,
1665 3058 1737 3087 inter
1752 3057 1925 3089 Edwardum
1940 3058 2042 3089 Filium
2066 3060 2192 3090 nostrum
2207 3059 2354 3098 Primoge-

1299 3096 1407 3132 nitum,
1426 3096 1460 3126 ὃς
1482 3093 1626 3124 Nobilem
1650 3095 1821 3125 Infantiffam
1838 3119 1847 3133 ‚
1870 3096 2005 3127 Sororem
2026 3098 2139 3128 illustris
2158 3099 2244 3136 Regis
2262 3096 2353 3134 Ispin-

1298 3134 1370 3172 niae,
1387 3132 1537 3165 Tradimus
1559 3133 1663 3171 pendet
1680 3144 1687 3163 :
1714 3135 1746 3165 ὃ(
1763 3134 1875 3165 Nuncii
1890 3135 1994 3173 nostri,
2012 3146 2042 3166 ea
2056 3137 2091 3167 de
2106 3137 2204 3173 causa,
2222 3135 2311 3165 adhuc
2324 3135 2353 3165 in

1300 3170 1351 3201 illis
1372 3171 1494 3208 partibus
1519 3180 1735 3204 commorantur
1748 3182 1754 3203 z
1784 3182 1837 3202 nec
1850 3173 1886 3203 de
1901 3174 2021 3211 ipsorum
2037 3175 2213 3212 expeditione
2227 3175 2355 3212 pervenit

1300 3209 1335 3240 ad
1355 3208 1425 3240 Nos
1447 3218 1539 3241 certus
1559 3216 1675 3241 rumor:
1695 3211 1728 3242 &
1747 3211 1788 3241 ob
1811 3211 1868 3241 hoc
1888 3221 1946 3241 non
1967 3212 2048 3242 decet
2063 3223 2133 3250 nOS,
2151 3213 2186 3243 de
2196 3213 2277 3250 ipiius
2291 3212 2355 3243 Filii

1301 3247 1390 3278 nostri
1403 3248 1627 3287 conjunctione,
1645 3249 1710 3279 alibi
1723 3255 1833 3281 novum
1847 3249 1979 3280 inchoare
1992 3250 2180 3290 Tracstatum3
2206 3251 2357 3288 praesertim

1302 3297 1370 3317 cum
1385 3286 1461 3317 idem
1478 3287 1561 3317 Filius
1575 3288 1670 3318 noster
1686 3288 1784 3326 (quem
1803 3287 1836 3317 ad
1859 3297 1947 3325 partes
1968 3288 2094 3320 Franciae
2108 3313 2118 3328 ,
2140 3299 2194 3329 pro
2209 3290 2358 3327 Homagio

1301 3326 1352 3356 suo
1365 3348 1375 3364 ,
1398 3335 1451 3363 pro
1470 3325 1586 3356 Ducatu
1610 3327 1791 3365 Aquitaniae,
1816 3326 1948 3356 Domino
1968 3326 2041 3366 Regi
2060 3327 2185 3359 Franciae
2205 3328 2333 3358 faciendo
2347 3349 2358 3364 ,

1302 3374 1392 3401 nuper
1408 3362 1544 3401 misimus)
1560 3364 1690 3395 nondum
1704 3365 1737 3395 ad
1758 3374 1810 3395 nos
1823 3364 1931 3394 redierit
1943 3363 1978 3395 de
1994 3367 2117 3404 partibus
2131 3366 2299 3405 supradietis.

1342 3403 1390 3433 Set
1403 3425 1413 3440 ,
1436 3402 1456 3432 si
1478 3402 1625 3442 contingat
1637 3403 1805 3434 Traeiatum
1827 3401 1993 3440 praedictum
2013 3403 2150 3435 effedtum
2172 3414 2230 3434 non
2253 3403 2359 3443 sortiri,

1304 3441 1390 3480 parati
1403 3441 1505 3470 erimus
1518 3440 1554 3471 ad
1566 3441 1759 3479 tradiandum,
1778 3451 1831 3478 pro
1846 3440 2005 3478 hujusmodi
2025 3442 2162 3480 Foedere,
2178 3442 2215 3480 si,
2231 3442 2265 3472 &
2292 3451 2360 3472 uan-

1305 3480 1345 3511 do
1380 3478 1509 3516 praefatus
1530 3478 1596 3509 Rex
1611 3502 1621 3518 ,
1647 3479 1793 3509 Dominus
1814 3477 1906 3509 vester
1923 3502 1932 3517 ,
1957 3480 1989 3510 δὲ
2003 3490 2054 3511 vos
2068 3503 2078 3518 ,
2095 3481 2135 3510 ob
2148 3481 2255 3511 causam
2270 3480 2274 3485 '
2287 3479 2360 3520 lam,

1306 3503 1414 3550 vestros
1429 3516 1565 3547 Nuncios
1579 3517 1724 3548 volueritis
1739 3517 1883 3547 destinare.

1346 3556 1414 3587 Dat.
1431 3555 1506 3593 apud
1520 3554 1720 3593 Kenilworth,
1739 3551 1854 3586 decimo
1869 3555 1968 3593 quinto
1983 3555 2027 3585 die
2036 3555 2145 3593 Aprilis.

1547 3699 1596 3732 De
1614 3700 1757 3731 Rumores
1775 3695 1968 3730 narrantibus
1982 3698 2139 3745 capiendis.

1316 3790 1445 3850 REX
1469 3793 1642 3823 Vicecomiti
1657 3790 1851 3830 Rotelandiae‚
1871 3792 2004 3823 Salutem.

1415 3830 1495 3861 Cum
1518 3830 1664 3860 Dominus
1686 3830 1719 3860 E.
1744 3831 1887 3869 quondam
1909 3830 1974 3862 Rex
1994 3831 2107 3870 Angliae
2120 3856 2130 3870 ,
2155 3832 2236 3864 Pater
2253 3834 2367 3874 noster,

1316 3869 1489 3907 perpendens
1501 3868 1638 3906 dampna,
1657 3879 1720 3904 quet:
1735 3870 1764 3899 in
1778 3869 1884 3907 Regno
1906 3869 1972 3907 suo,
1992 3879 2026 3900 ex
2042 3870 2150 3901 sinistris
2167 3875 2367 3905 narrationibus

1316 3907 1482 3937 Rumorum
1491 3929 1500 3945 ,
1521 3908 1595 3943 prius
1607 3909 1798 3946 contigerant,
1816 3909 1848 3939 ὃς
1861 3908 2050 3944 imposterum
2062 3911 2228 3948 contingere
2241 3912 2369 3951 possent,

1317 3945 1353 3976 de
1374 3944 1533 3975 Communi
1550 3944 1678 3975 Consilio
1701 3945 1820 3984 ejusdem
1835 3945 1934 3982 Regni
1950 3969 1959 3984 ,
1977 3947 2138 3978 inhibuiss'et
2154 3959 2190 3980 ne
2205 3959 2306 3981 extunc
2321 3951 2368 3980 ali-

292 3978 357 4010 EX
380 3980 607 4014 Vicecomitibus
621 4005 631 4020 ,
656 3981 808 4020 Ministris,
825 3982 859 4013 &
873 3981 1006 4012 omnibus
1018 3981 1129 4014 Ballivis
1143 3984 1176 4015 &
1190 3983 1280 4015 fideli·
1321 3985 1381 4022 quis
1402 3982 1487 4013 audax
1508 3983 1575 4013 esset
1596 3982 1708 4013 dicendi
1727 3984 1772 4014 scu
1792 3983 1919 4014 narrandi
1938 3985 2061 4023 aliquem
2076 3986 2175 4017 falsum
2190 3987 2369 4025 Rumonem,

1321 4021 1397 4052 unde
1412 4021 1574 4059 Discordia,
1592 4021 1638 4052 seu
1652 4020 1772 4052 Materia
1784 4021 1930 4053 discordiae
1944 4023 2000 4054 sive
2016 4024 2151 4064 scandali,
2169 4027 2239 4056 inter
2254 4027 2369 4063 Regem

1543 4060 1624 4091 suum
1640 4082 1650 4098 ,
1666 4070 1700 4092 ac
1716 4060 1851 4129 Procerxes
1865 4059 1935 4092 dieti
1950 4061 2065 4102 Regni,
2082 4063 2198 4095 suscitari
2212 4063 2303 4102 poffet
2313 4074 2324 4106 ε.
2339 4064 2372 4093 &

1855 4108 1874 4129 2
2289 4110 2374 4132 etiam

2386 3805 2461 3841 Anii.
2474 3810 2516 3840 D.·

2412 3849 2494 3887 1326.

2386 3891 2436 3915 An.
2457 3896 2499 3920 ¹9·

2387 3930 2416 3952 E:
2437 3934 2462 3952 2.

2387 3961 2520 3999 Clausiyss

2390 4004 2454 4027 ΕΛ..
2466 4008 2501 4024 m.

2391 4047 2417 4073 7.
2434 4037 2458 4064 d.
