<?xml version="1.0" encoding="UTF-8"?>
<!DOCTYPE html PUBLIC "-//W3C//DTD XHTML 1.0 Transitional//EN"
    "http://www.w3.org/TR/xhtml1/DTD/xhtml1-transitional.dtd">
<html xmlns="http://www.w3.org/1999/xhtml" xml:lang="en" lang="en">
 <head>
  <title>
</title>
<meta http-equiv="Content-Type" content="text/html;charset=utf-8" />
  <meta name='ocr-system' content='tesseract 3.04.00' />
  <meta name='ocr-capabilities' content='ocr_page ocr_carea ocr_par ocr_line ocrx_word'/>
</head>
<body>
  <div class='ocr_page' id='page_1' title='image "./fderaconventione02ryme_0824.png"; bbox 0 0 2562 4279; ppageno 0'>
   <div class='ocr_carea' id='block_1_1' title="bbox 122 162 203 204">
    <p class='ocr_par' dir='ltr' id='par_1_1' title="bbox 122 162 203 204">
     <span class='ocr_line' id='line_1_1' title="bbox 122 162 203 204; baseline -0.012 0"><span class='ocrx_word' id='word_1_1' title='bbox 122 162 203 204; x_wconf 85' lang='lat'>174</span> 
     </span>
    </p>
   </div>
   <div class='ocr_carea' id='block_1_2' title="bbox 0 231 1188 1424">
    <p class='ocr_par' dir='ltr' id='par_1_2' title="bbox 0 231 1178 273">
     <span class='ocr_line' id='line_1_2' title="bbox 0 231 1178 273; baseline -0.003 -8"><span class='ocrx_word' id='word_1_2' title='bbox 0 245 54 265; x_wconf 68' lang='lat' dir='ltr'>inn.</span> <span class='ocrx_word' id='word_1_3' title='bbox 68 233 110 265; x_wconf 94' lang='lat' dir='ltr'>D.</span> <span class='ocrx_word' id='word_1_4' title='bbox 118 235 243 273; x_wconf 87' lang='lat' dir='ltr'>providis</span> <span class='ocrx_word' id='word_1_5' title='bbox 255 234 288 266; x_wconf 89' lang='lat'>&amp;</span> <span class='ocrx_word' id='word_1_6' title='bbox 302 233 442 272; x_wconf 81' lang='lat' dir='ltr'>honestis,</span> <span class='ocrx_word' id='word_1_7' title='bbox 460 242 512 264; x_wconf 85' lang='lat' dir='ltr'>nos</span> <span class='ocrx_word' id='word_1_8' title='bbox 528 233 562 264; x_wconf 75' lang='lat' dir='ltr'>&amp;t</span> <span class='ocrx_word' id='word_1_9' title='bbox 574 232 712 263; x_wconf 77' lang='lat' dir='ltr'>Haeredes</span> <span class='ocrx_word' id='word_1_10' title='bbox 725 232 812 262; x_wconf 89' lang='lat' dir='ltr'>nostri</span> <span class='ocrx_word' id='word_1_11' title='bbox 833 231 1019 270; x_wconf 80' lang='lat' dir='ltr'>Temporalia</span> <span class='ocrx_word' id='word_1_12' title='bbox 1039 231 1178 264; x_wconf 74' lang='lat' dir='ltr'>die&#39;tarum</span> 
     </span>
    </p>

    <p class='ocr_par' dir='ltr' id='par_1_3' title="bbox 0 271 873 313">
     <span class='ocr_line' id='line_1_3' title="bbox 0 271 873 313; baseline -0.002 -11"><span class='ocrx_word' id='word_1_13' title='bbox 0 281 83 313; x_wconf 83' lang='lat'><em>1345.</em></span> <span class='ocrx_word' id='word_1_14' title='bbox 118 274 308 305; x_wconf 86' lang='lat' dir='ltr'>Ecclesiarum</span> <span class='ocrx_word' id='word_1_15' title='bbox 323 283 383 303; x_wconf 91' lang='lat' dir='ltr'>non</span> <span class='ocrx_word' id='word_1_16' title='bbox 396 273 546 303; x_wconf 70' lang='lat' dir='ltr'>debemus</span> <span class='ocrx_word' id='word_1_17' title='bbox 562 271 678 302; x_wconf 82' lang='lat' dir='ltr'><strong>reddere</strong></span> <span class='ocrx_word' id='word_1_18' title='bbox 694 271 730 300; x_wconf 87' lang='lat' dir='ltr'>sic</span> <span class='ocrx_word' id='word_1_19' title='bbox 743 271 873 308; x_wconf 87' lang='lat' dir='ltr'>provisis,</span> 
     </span>
    </p>

    <p class='ocr_par' dir='ltr' id='par_1_4' title="bbox 0 308 1183 616">
     <span class='ocr_line' id='line_1_4' title="bbox 0 308 1177 349; baseline -0.001 -9"><span class='ocrx_word' id='word_1_20' title='bbox 0 314 43 341; x_wconf 78' lang='lat' dir='ltr'>dv.</span> <span class='ocrx_word' id='word_1_21' title='bbox 64 321 89 349; x_wconf 88' lang='lat'>3.</span> <span class='ocrx_word' id='word_1_22' title='bbox 156 313 236 343; x_wconf 82' lang='lat' dir='ltr'>Scire</span> <span class='ocrx_word' id='word_1_23' title='bbox 255 311 320 342; x_wconf 91' lang='lat' dir='ltr'>velit</span> <span class='ocrx_word' id='word_1_24' title='bbox 340 311 430 341; x_wconf 85' lang='lat' dir='ltr'>vestra</span> <span class='ocrx_word' id='word_1_25' title='bbox 451 310 625 348; x_wconf 70' lang='lat' dir='ltr'>BenignitaS,</span> <span class='ocrx_word' id='word_1_26' title='bbox 643 309 723 347; x_wconf 82' lang='lat' dir='ltr'>quod</span> <span class='ocrx_word' id='word_1_27' title='bbox 745 319 804 339; x_wconf 90' lang='lat' dir='ltr'>non</span> <span class='ocrx_word' id='word_1_28' title='bbox 828 309 889 338; x_wconf 89' lang='lat' dir='ltr'>sunt</span> <span class='ocrx_word' id='word_1_29' title='bbox 903 309 932 338; x_wconf 91' lang='lat' dir='ltr'>in</span> <span class='ocrx_word' id='word_1_30' title='bbox 945 308 1055 346; x_wconf 88' lang='lat' dir='ltr'>Regno</span> <span class='ocrx_word' id='word_1_31' title='bbox 1077 308 1177 340; x_wconf 91' lang='lat' dir='ltr'>nostro</span> 
     </span>
     <span class='ocr_line' id='line_1_5' title="bbox 119 347 1177 387; baseline -0.002 -6"><span class='ocrx_word' id='word_1_32' title='bbox 119 351 226 381; x_wconf 75' lang='lat' dir='ltr'>Statura</span> <span class='ocrx_word' id='word_1_33' title='bbox 238 349 317 386; x_wconf 76' lang='lat' dir='ltr'>talia,</span> <span class='ocrx_word' id='word_1_34' title='bbox 337 359 390 379; x_wconf 88' lang='lat' dir='ltr'>nec</span> <span class='ocrx_word' id='word_1_35' title='bbox 403 348 493 386; x_wconf 89' lang='lat' dir='ltr'>aliqua</span> <span class='ocrx_word' id='word_1_36' title='bbox 505 348 643 378; x_wconf 86' lang='lat' dir='ltr'>Beneficia</span> <span class='ocrx_word' id='word_1_37' title='bbox 654 347 827 378; x_wconf 85' lang='lat' dir='ltr'>contulimus</span> <span class='ocrx_word' id='word_1_38' title='bbox 840 347 977 378; x_wconf 62' lang='lat' dir='ltr'>hanstenus</span> <span class='ocrx_word' id='word_1_39' title='bbox 991 348 1040 378; x_wconf 92' lang='lat' dir='ltr'>illo</span> <span class='ocrx_word' id='word_1_40' title='bbox 1049 347 1134 387; x_wconf 68' lang='lat' dir='ltr'>Jure,</span> <span class='ocrx_word' id='word_1_41' title='bbox 1143 349 1177 379; x_wconf 87' lang='lat'>&amp;</span> 
     </span>
     <span class='ocr_line' id='line_1_6' title="bbox 121 385 1181 425; baseline -0.002 -7"><span class='ocrx_word' id='word_1_42' title='bbox 121 388 316 419; x_wconf 60' lang='lat' dir='ltr'>Electionibus</span> <span class='ocrx_word' id='word_1_43' title='bbox 337 388 365 416; x_wconf 93' lang='lat' dir='ltr'>in</span> <span class='ocrx_word' id='word_1_44' title='bbox 387 386 516 416; x_wconf 84' lang='lat' dir='ltr'>Ecclesiis</span> <span class='ocrx_word' id='word_1_45' title='bbox 537 387 632 425; x_wconf 84' lang='lat' dir='ltr'>Regni</span> <span class='ocrx_word' id='word_1_46' title='bbox 647 385 750 423; x_wconf 87' lang='lat' dir='ltr'>nostri,</span> <span class='ocrx_word' id='word_1_47' title='bbox 768 385 804 415; x_wconf 88' lang='lat' dir='ltr'>de</span> <span class='ocrx_word' id='word_1_48' title='bbox 818 385 912 415; x_wconf 72' lang='lat' dir='ltr'>nostra</span> <span class='ocrx_word' id='word_1_49' title='bbox 927 386 1041 416; x_wconf 72' lang='lat' dir='ltr'>licentia</span> <span class='ocrx_word' id='word_1_50' title='bbox 1055 387 1181 417; x_wconf 88' lang='lat' dir='ltr'>celebra-</span> 
     </span>
     <span class='ocr_line' id='line_1_7' title="bbox 121 422 1182 464; baseline -0.002 -7"><span class='ocrx_word' id='word_1_51' title='bbox 121 429 172 464; x_wconf 84' lang='lat' dir='ltr'>tis,</span> <span class='ocrx_word' id='word_1_52' title='bbox 191 425 302 463; x_wconf 90' lang='lat' dir='ltr'>quando</span> <span class='ocrx_word' id='word_1_53' title='bbox 324 435 372 462; x_wconf 90' lang='lat' dir='ltr'>per</span> <span class='ocrx_word' id='word_1_54' title='bbox 394 424 580 463; x_wconf 83' lang='lat' dir='ltr'>Proceffum,</span> <span class='ocrx_word' id='word_1_55' title='bbox 595 426 624 454; x_wconf 91' lang='lat' dir='ltr'>in</span> <span class='ocrx_word' id='word_1_56' title='bbox 643 423 780 454; x_wconf 70' lang='lat' dir='ltr'>Romana</span> <span class='ocrx_word' id='word_1_57' title='bbox 803 422 892 454; x_wconf 57' lang='lat' dir='ltr'>Curis</span> <span class='ocrx_word' id='word_1_58' title='bbox 913 425 964 454; x_wconf 80' lang='lat' dir='ltr'>rite</span> <span class='ocrx_word' id='word_1_59' title='bbox 979 424 1104 462; x_wconf 55' lang='lat' dir='ltr'>fastum,</span> <span class='ocrx_word' id='word_1_60' title='bbox 1121 435 1182 455; x_wconf 78' lang='lat' dir='ltr'>cas—</span> 
     </span>
     <span class='ocr_line' id='line_1_8' title="bbox 119 462 1183 502; baseline -0.003 -6"><span class='ocrx_word' id='word_1_61' title='bbox 119 465 228 502; x_wconf 83' lang='lat' dir='ltr'>santur,</span> <span class='ocrx_word' id='word_1_62' title='bbox 247 464 265 493; x_wconf 91' lang='lat' dir='ltr'>si</span> <span class='ocrx_word' id='word_1_63' title='bbox 280 462 425 493; x_wconf 85' lang='lat' dir='ltr'>Dominus</span> <span class='ocrx_word' id='word_1_64' title='bbox 437 463 574 493; x_wconf 87' lang='lat' dir='ltr'>Summus</span> <span class='ocrx_word' id='word_1_65' title='bbox 587 462 737 500; x_wconf 80' lang='lat' dir='ltr'>Pontifex,</span> <span class='ocrx_word' id='word_1_66' title='bbox 752 463 814 500; x_wconf 82' lang='lat' dir='ltr'>jure</span> <span class='ocrx_word' id='word_1_67' title='bbox 828 463 866 492; x_wconf 88' lang='lat' dir='ltr'>fic</span> <span class='ocrx_word' id='word_1_68' title='bbox 879 462 1036 501; x_wconf 86' lang='lat' dir='ltr'>devoluto,</span> <span class='ocrx_word' id='word_1_69' title='bbox 1054 463 1183 494; x_wconf 86' lang='lat' dir='ltr'>conferat</span> 
     </span>
     <span class='ocr_line' id='line_1_9' title="bbox 123 499 1182 540; baseline -0.001 -8"><span class='ocrx_word' id='word_1_70' title='bbox 123 503 256 533; x_wconf 78' lang='lat' dir='ltr'>Eccleiias</span> <span class='ocrx_word' id='word_1_71' title='bbox 272 501 429 539; x_wconf 87' lang='lat' dir='ltr'>hujusmodi</span> <span class='ocrx_word' id='word_1_72' title='bbox 444 502 564 540; x_wconf 89' lang='lat' dir='ltr'>personis</span> <span class='ocrx_word' id='word_1_73' title='bbox 585 500 709 538; x_wconf 82' lang='lat' dir='ltr'>idoneis,</span> <span class='ocrx_word' id='word_1_74' title='bbox 727 510 796 538; x_wconf 89' lang='lat' dir='ltr'>nos,</span> <span class='ocrx_word' id='word_1_75' title='bbox 814 509 931 537; x_wconf 87' lang='lat' dir='ltr'>recepto</span> <span class='ocrx_word' id='word_1_76' title='bbox 946 499 1114 538; x_wconf 86' lang='lat' dir='ltr'>Juramenro</span> <span class='ocrx_word' id='word_1_77' title='bbox 1136 501 1182 531; x_wconf 88' lang='lat' dir='ltr'>Fi—</span> 
     </span>
     <span class='ocr_line' id='line_1_10' title="bbox 123 539 1182 578; baseline 0 -8"><span class='ocrx_word' id='word_1_78' title='bbox 123 541 238 570; x_wconf 88' lang='lat' dir='ltr'>delitatis</span> <span class='ocrx_word' id='word_1_79' title='bbox 261 541 295 568; x_wconf 89' lang='lat' dir='ltr'>ab</span> <span class='ocrx_word' id='word_1_80' title='bbox 313 539 416 569; x_wconf 85' lang='lat' dir='ltr'>eisdem</span> <span class='ocrx_word' id='word_1_81' title='bbox 431 562 441 577; x_wconf 86' lang='lat'>,</span> <span class='ocrx_word' id='word_1_82' title='bbox 471 541 618 569; x_wconf 77' lang='lat' dir='ltr'>liberamus</span> <span class='ocrx_word' id='word_1_83' title='bbox 638 540 676 569; x_wconf 90' lang='lat' dir='ltr'>eis</span> <span class='ocrx_word' id='word_1_84' title='bbox 696 540 817 574; x_wconf 71' lang='lat' dir='ltr'>gratiose</span> <span class='ocrx_word' id='word_1_85' title='bbox 837 539 1021 578; x_wconf 88' lang='lat' dir='ltr'>Temporalia</span> <span class='ocrx_word' id='word_1_86' title='bbox 1041 540 1182 570; x_wconf 67' lang='lat' dir='ltr'>dictarum</span> 
     </span>
     <span class='ocr_line' id='line_1_11' title="bbox 121 577 987 616; baseline -0.001 -7"><span class='ocrx_word' id='word_1_87' title='bbox 121 578 310 614; x_wconf 77' lang='lat' dir='ltr'>Eclel&#39;iarum,</span> <span class='ocrx_word' id='word_1_88' title='bbox 329 587 413 616; x_wconf 88' lang='lat' dir='ltr'>prout</span> <span class='ocrx_word' id='word_1_89' title='bbox 427 577 460 607; x_wconf 80' lang='lat' dir='ltr'>ad</span> <span class='ocrx_word' id='word_1_90' title='bbox 474 588 525 607; x_wconf 90' lang='lat' dir='ltr'>nos</span> <span class='ocrx_word' id='word_1_91' title='bbox 540 578 679 616; x_wconf 77' lang='lat' dir='ltr'>comperit</span> <span class='ocrx_word' id='word_1_92' title='bbox 694 577 867 616; x_wconf 79' lang='lat' dir='ltr'>Regiojure</span> <span class='ocrx_word' id='word_1_93' title='bbox 880 577 987 608; x_wconf 91' lang='lat' dir='ltr'>nostro.</span> 
     </span>
    </p>

    <p class='ocr_par' dir='ltr' id='par_1_5' title="bbox 121 615 1184 731">
     <span class='ocr_line' id='line_1_12' title="bbox 159 615 1184 652; baseline 0 -6"><span class='ocrx_word' id='word_1_94' title='bbox 159 616 228 646; x_wconf 88' lang='lat' dir='ltr'>Nec</span> <span class='ocrx_word' id='word_1_95' title='bbox 242 615 282 646; x_wconf 84' lang='lat' dir='ltr'>est</span> <span class='ocrx_word' id='word_1_96' title='bbox 296 617 405 646; x_wconf 77' lang='lat' dir='ltr'>Statum</span> <span class='ocrx_word' id='word_1_97' title='bbox 419 616 534 652; x_wconf 79' lang='lat' dir='ltr'>aliquod</span> <span class='ocrx_word' id='word_1_98' title='bbox 548 616 655 646; x_wconf 84' lang='lat' dir='ltr'>editum</span> <span class='ocrx_word' id='word_1_99' title='bbox 673 615 708 645; x_wconf 92' lang='lat' dir='ltr'>de</span> <span class='ocrx_word' id='word_1_100' title='bbox 729 616 908 646; x_wconf 87' lang='lat' dir='ltr'>conferendis</span> <span class='ocrx_word' id='word_1_101' title='bbox 930 625 979 652; x_wconf 89' lang='lat' dir='ltr'>per</span> <span class='ocrx_word' id='word_1_102' title='bbox 1000 626 1052 647; x_wconf 89' lang='lat' dir='ltr'>nos</span> <span class='ocrx_word' id='word_1_103' title='bbox 1073 615 1184 646; x_wconf 84' lang='lat' dir='ltr'>Benefi-</span> 
     </span>
     <span class='ocr_line' id='line_1_13' title="bbox 121 653 1184 694; baseline 0.001 -10"><span class='ocrx_word' id='word_1_104' title='bbox 121 656 171 686; x_wconf 78' lang='lat' dir='ltr'>cii;</span> <span class='ocrx_word' id='word_1_105' title='bbox 195 654 373 684; x_wconf 74' lang='lat' dir='ltr'>Gallicorum</span> <span class='ocrx_word' id='word_1_106' title='bbox 388 676 398 692; x_wconf 92' lang='lat'>,</span> <span class='ocrx_word' id='word_1_107' title='bbox 423 654 469 684; x_wconf 84' lang='lat' dir='ltr'>vel</span> <span class='ocrx_word' id='word_1_108' title='bbox 487 655 606 684; x_wconf 84' lang='lat' dir='ltr'>aliorum</span> <span class='ocrx_word' id='word_1_109' title='bbox 628 653 819 684; x_wconf 85' lang='lat' dir='ltr'>Inimicorum</span> <span class='ocrx_word' id='word_1_110' title='bbox 840 653 1004 684; x_wconf 86' lang='lat' dir='ltr'>nostrorum</span> <span class='ocrx_word' id='word_1_111' title='bbox 1019 680 1028 692; x_wconf 90' lang='lat'>,</span> <span class='ocrx_word' id='word_1_112' title='bbox 1053 655 1081 684; x_wconf 92' lang='lat' dir='ltr'>in</span> <span class='ocrx_word' id='word_1_113' title='bbox 1106 656 1184 694; x_wconf 87' lang='lat' dir='ltr'>Reg-</span> 
     </span>
     <span class='ocr_line' id='line_1_14' title="bbox 123 691 1184 731; baseline 0.001 -8"><span class='ocrx_word' id='word_1_114' title='bbox 123 703 163 723; x_wconf 88' lang='lat' dir='ltr'>no</span> <span class='ocrx_word' id='word_1_115' title='bbox 186 693 298 730; x_wconf 73' lang='lat' dir='ltr'>Angliae</span> <span class='ocrx_word' id='word_1_116' title='bbox 311 702 530 731; x_wconf 86' lang='lat' dir='ltr'>promotorum,</span> <span class='ocrx_word' id='word_1_117' title='bbox 548 693 598 723; x_wconf 87' lang='lat' dir='ltr'>nifi</span> <span class='ocrx_word' id='word_1_118' title='bbox 612 693 687 723; x_wconf 57' lang='lat' dir='ltr'>dieta</span> <span class='ocrx_word' id='word_1_119' title='bbox 711 691 850 723; x_wconf 89' lang='lat' dir='ltr'>Beneficia</span> <span class='ocrx_word' id='word_1_120' title='bbox 865 693 930 723; x_wconf 74' lang='lat' dir='ltr'>alias</span> <span class='ocrx_word' id='word_1_121' title='bbox 948 703 1047 724; x_wconf 84' lang='lat' dir='ltr'>vacare</span> <span class='ocrx_word' id='word_1_122' title='bbox 1070 695 1184 724; x_wconf 81' lang='lat' dir='ltr'>contin-</span> 
     </span>
    </p>

    <p class='ocr_par' dir='ltr' id='par_1_6' title="bbox 122 740 1186 922">
     <span class='ocr_line' id='line_1_15' title="bbox 143 740 177 761; baseline -0.029 0"><span class='ocrx_word' id='word_1_123' title='bbox 143 740 177 761; x_wconf 85' lang='lat' dir='ltr'>at.</span> 
     </span>
     <span class='ocr_line' id='line_1_16' title="bbox 122 741 1183 810; baseline 0.001 -10"><span class='ocrx_word' id='word_1_124' title='bbox 122 741 142 771; x_wconf 76' lang='lat' dir='ltr'>g</span> <span class='ocrx_word' id='word_1_125' title='bbox 160 770 215 808; x_wconf 87' lang='lat' dir='ltr'>Et,</span> <span class='ocrx_word' id='word_1_126' title='bbox 233 770 302 800; x_wconf 83' lang='lat' dir='ltr'>cum</span> <span class='ocrx_word' id='word_1_127' title='bbox 323 769 496 807; x_wconf 75' lang='lat' dir='ltr'>suggerentes</span> <span class='ocrx_word' id='word_1_128' title='bbox 514 769 659 800; x_wconf 63' lang='lat' dir='ltr'>Sandiitati</span> <span class='ocrx_word' id='word_1_129' title='bbox 681 767 781 800; x_wconf 85' lang='lat' dir='ltr'>vestrae</span> <span class='ocrx_word' id='word_1_130' title='bbox 801 769 862 799; x_wconf 87' lang='lat' dir='ltr'>talia</span> <span class='ocrx_word' id='word_1_131' title='bbox 884 770 989 800; x_wconf 79' lang='lat' dir='ltr'>Statum</span> <span class='ocrx_word' id='word_1_132' title='bbox 1012 770 1073 801; x_wconf 85' lang='lat' dir='ltr'>fore</span> <span class='ocrx_word' id='word_1_133' title='bbox 1090 771 1163 802; x_wconf 71' lang='lat' dir='ltr'>faCta</span> <span class='ocrx_word' id='word_1_134' title='bbox 1173 795 1183 810; x_wconf 88' lang='lat'>,</span> 
     </span>
     <span class='ocr_line' id='line_1_17' title="bbox 122 807 1186 847; baseline 0.001 -9"><span class='ocrx_word' id='word_1_135' title='bbox 122 808 193 838; x_wconf 86' lang='lat' dir='ltr'>fines</span> <span class='ocrx_word' id='word_1_136' title='bbox 205 809 324 838; x_wconf 87' lang='lat' dir='ltr'>veritatis</span> <span class='ocrx_word' id='word_1_137' title='bbox 339 807 521 846; x_wconf 62' lang='lat' dir='ltr'>excesserint,</span> <span class='ocrx_word' id='word_1_138' title='bbox 540 808 645 846; x_wconf 85' lang='lat' dir='ltr'>placeat</span> <span class='ocrx_word' id='word_1_139' title='bbox 658 808 841 845; x_wconf 65' lang='lat' dir='ltr'>(quaesumus)</span> <span class='ocrx_word' id='word_1_140' title='bbox 863 807 1121 847; x_wconf 66' lang='lat' dir='ltr'>Circumspeffioni</span> <span class='ocrx_word' id='word_1_141' title='bbox 1145 810 1186 839; x_wconf 83' lang='lat' dir='ltr'>A-</span> 
     </span>
     <span class='ocr_line' id='line_1_18' title="bbox 123 846 1184 886; baseline 0.003 -10"><span class='ocrx_word' id='word_1_142' title='bbox 123 846 271 884; x_wconf 74' lang='lat' dir='ltr'>postolicae</span> <span class='ocrx_word' id='word_1_143' title='bbox 285 846 372 875; x_wconf 88' lang='lat' dir='ltr'>fidem</span> <span class='ocrx_word' id='word_1_144' title='bbox 384 846 538 877; x_wconf 79' lang='lat' dir='ltr'>consimilia</span> <span class='ocrx_word' id='word_1_145' title='bbox 551 847 732 878; x_wconf 78' lang='lat' dir='ltr'>referentibus</span> <span class='ocrx_word' id='word_1_146' title='bbox 752 846 903 886; x_wconf 76' lang='lat' dir='ltr'>denegare,</span> <span class='ocrx_word' id='word_1_147' title='bbox 923 848 1068 886; x_wconf 86' lang='lat' dir='ltr'>quousque</span> <span class='ocrx_word' id='word_1_148' title='bbox 1089 847 1184 879; x_wconf 86' lang='lat' dir='ltr'>nostra</span> 
     </span>
     <span class='ocr_line' id='line_1_19' title="bbox 125 883 441 922; baseline -0.009 -6"><span class='ocrx_word' id='word_1_149' title='bbox 125 885 283 922; x_wconf 73' lang='lat' dir='ltr'>Responsio</span> <span class='ocrx_word' id='word_1_150' title='bbox 297 884 328 914; x_wconf 89' lang='lat' dir='ltr'>sit</span> <span class='ocrx_word' id='word_1_151' title='bbox 340 883 441 914; x_wconf 74' lang='lat' dir='ltr'>audita.</span> 
     </span>
    </p>

    <p class='ocr_par' dir='ltr' id='par_1_7' title="bbox 123 923 1185 1156">
     <span class='ocr_line' id='line_1_20' title="bbox 163 923 1184 962; baseline 0 -8"><span class='ocrx_word' id='word_1_152' title='bbox 163 924 252 961; x_wconf 85' lang='lat' dir='ltr'>Super</span> <span class='ocrx_word' id='word_1_153' title='bbox 271 923 328 952; x_wconf 85' lang='lat' dir='ltr'>aliis</span> <span class='ocrx_word' id='word_1_154' title='bbox 351 931 446 953; x_wconf 86' lang='lat' dir='ltr'>autem</span> <span class='ocrx_word' id='word_1_155' title='bbox 462 946 471 961; x_wconf 88' lang='lat'>‚</span> <span class='ocrx_word' id='word_1_156' title='bbox 497 933 545 961; x_wconf 88' lang='lat' dir='ltr'>per</span> <span class='ocrx_word' id='word_1_157' title='bbox 565 923 658 954; x_wconf 66' lang='lat' dir='ltr'>dictos</span> <span class='ocrx_word' id='word_1_158' title='bbox 676 923 813 954; x_wconf 88' lang='lat' dir='ltr'>Nuncios</span> <span class='ocrx_word' id='word_1_159' title='bbox 833 924 915 954; x_wconf 89' lang='lat' dir='ltr'>nobis</span> <span class='ocrx_word' id='word_1_160' title='bbox 935 923 1064 962; x_wconf 82' lang='lat' dir='ltr'>expositis</span> <span class='ocrx_word' id='word_1_161' title='bbox 1076 948 1086 962; x_wconf 88' lang='lat'>,</span> <span class='ocrx_word' id='word_1_162' title='bbox 1115 934 1184 955; x_wconf 91' lang='lat' dir='ltr'>cum</span> 
     </span>
     <span class='ocr_line' id='line_1_21' title="bbox 123 960 1183 1001; baseline 0.001 -9"><span class='ocrx_word' id='word_1_163' title='bbox 123 961 263 999; x_wconf 71' lang='lat' dir='ltr'>Praelatis,</span> <span class='ocrx_word' id='word_1_164' title='bbox 282 961 315 991; x_wconf 71' lang='grc' dir='ltr'>δε</span> <span class='ocrx_word' id='word_1_165' title='bbox 328 960 514 1000; x_wconf 86' lang='lat' dir='ltr'>Proceribus,</span> <span class='ocrx_word' id='word_1_166' title='bbox 523 973 555 992; x_wconf 90' lang='lat' dir='ltr'>ac</span> <span class='ocrx_word' id='word_1_167' title='bbox 569 962 626 992; x_wconf 89' lang='lat' dir='ltr'>aliis</span> <span class='ocrx_word' id='word_1_168' title='bbox 639 962 813 999; x_wconf 85' lang='lat' dir='ltr'>Sapientibus</span> <span class='ocrx_word' id='word_1_169' title='bbox 827 962 898 992; x_wconf 69' lang='lat' dir='ltr'>dieti</span> <span class='ocrx_word' id='word_1_170' title='bbox 909 962 1004 1001; x_wconf 79' lang='lat' dir='ltr'>Regni</span> <span class='ocrx_word' id='word_1_171' title='bbox 1016 962 1105 993; x_wconf 89' lang='lat' dir='ltr'>nostri</span> <span class='ocrx_word' id='word_1_172' title='bbox 1123 964 1183 993; x_wconf 83' lang='lat' dir='ltr'>An-</span> 
     </span>
     <span class='ocr_line' id='line_1_22' title="bbox 123 1000 1185 1040; baseline 0.002 -10"><span class='ocrx_word' id='word_1_173' title='bbox 123 1001 189 1040; x_wconf 75' lang='lat' dir='ltr'>gliae</span> <span class='ocrx_word' id='word_1_174' title='bbox 207 1000 286 1037; x_wconf 74' lang='lat' dir='ltr'>(ficut</span> <span class='ocrx_word' id='word_1_175' title='bbox 301 1000 424 1038; x_wconf 80' lang='lat' dir='ltr'>expedit)</span> <span class='ocrx_word' id='word_1_176' title='bbox 439 1001 540 1030; x_wconf 81' lang='lat' dir='ltr'>habere</span> <span class='ocrx_word' id='word_1_177' title='bbox 553 1001 683 1031; x_wconf 85' lang='lat' dir='ltr'>volumus</span> <span class='ocrx_word' id='word_1_178' title='bbox 695 1000 855 1031; x_wconf 75' lang='lat' dir='ltr'>Consilium</span> <span class='ocrx_word' id='word_1_179' title='bbox 878 1002 1030 1039; x_wconf 87' lang='lat' dir='ltr'>providum</span> <span class='ocrx_word' id='word_1_180' title='bbox 1052 1003 1085 1033; x_wconf 86' lang='lat'>&amp;</span> <span class='ocrx_word' id='word_1_181' title='bbox 1107 1001 1185 1032; x_wconf 86' lang='lat' dir='ltr'>festi-</span> 
     </span>
     <span class='ocr_line' id='line_1_23' title="bbox 126 1037 1185 1078; baseline 0.002 -9"><span class='ocrx_word' id='word_1_182' title='bbox 126 1049 214 1077; x_wconf 87' lang='lat' dir='ltr'>num,</span> <span class='ocrx_word' id='word_1_183' title='bbox 233 1039 266 1069; x_wconf 89' lang='lat'>&amp;</span> <span class='ocrx_word' id='word_1_184' title='bbox 283 1037 426 1069; x_wconf 67' lang='lat' dir='ltr'>Sanffltati</span> <span class='ocrx_word' id='word_1_185' title='bbox 443 1039 540 1069; x_wconf 63' lang='lat' dir='ltr'>vestre</span> <span class='ocrx_word' id='word_1_186' title='bbox 552 1039 630 1076; x_wconf 87' lang='lat' dir='ltr'>super</span> <span class='ocrx_word' id='word_1_187' title='bbox 645 1039 696 1068; x_wconf 85' lang='lat' dir='ltr'>hiis</span> <span class='ocrx_word' id='word_1_188' title='bbox 713 1049 761 1076; x_wconf 89' lang='lat' dir='ltr'>per</span> <span class='ocrx_word' id='word_1_189' title='bbox 777 1038 914 1070; x_wconf 87' lang='lat' dir='ltr'>Nuncios</span> <span class='ocrx_word' id='word_1_190' title='bbox 927 1039 1039 1070; x_wconf 88' lang='lat' dir='ltr'>nostros</span> <span class='ocrx_word' id='word_1_191' title='bbox 1057 1042 1185 1078; x_wconf 87' lang='lat' dir='ltr'>proprios</span> 
     </span>
     <span class='ocr_line' id='line_1_24' title="bbox 127 1076 1184 1116; baseline 0.002 -8"><span class='ocrx_word' id='word_1_192' title='bbox 127 1087 286 1114; x_wconf 74' lang='lat' dir='ltr'>congruam</span> <span class='ocrx_word' id='word_1_193' title='bbox 299 1078 331 1107; x_wconf 74' lang='grc' dir='ltr'>δε</span> <span class='ocrx_word' id='word_1_194' title='bbox 345 1077 465 1107; x_wconf 88' lang='lat' dir='ltr'>celerem</span> <span class='ocrx_word' id='word_1_195' title='bbox 480 1078 572 1107; x_wconf 83' lang='lat' dir='ltr'>facere</span> <span class='ocrx_word' id='word_1_196' title='bbox 587 1076 809 1116; x_wconf 79' lang='lat' dir='ltr'>Responlivam,</span> <span class='ocrx_word' id='word_1_197' title='bbox 828 1089 892 1116; x_wconf 80' lang='lat' dir='ltr'>quae</span> <span class='ocrx_word' id='word_1_198' title='bbox 905 1078 1004 1109; x_wconf 77' lang='lat' dir='ltr'>vestrae</span> <span class='ocrx_word' id='word_1_199' title='bbox 1018 1078 1184 1110; x_wconf 88' lang='lat' dir='ltr'>Beatitudini</span> 
     </span>
     <span class='ocr_line' id='line_1_25' title="bbox 127 1114 1008 1156; baseline 0.003 -11"><span class='ocrx_word' id='word_1_200' title='bbox 127 1118 162 1148; x_wconf 67' lang='grc' dir='ltr'>ὃς</span> <span class='ocrx_word' id='word_1_201' title='bbox 179 1116 241 1146; x_wconf 78' lang='lat' dir='ltr'>Sedi</span> <span class='ocrx_word' id='word_1_202' title='bbox 258 1114 430 1152; x_wconf 67' lang='lat' dir='ltr'>Apostolica:</span> <span class='ocrx_word' id='word_1_203' title='bbox 447 1117 550 1146; x_wconf 73' lang='lat' dir='ltr'>merito</span> <span class='ocrx_word' id='word_1_204' title='bbox 566 1124 642 1152; x_wconf 76' lang='lat' dir='ltr'>grata</span> <span class='ocrx_word' id='word_1_205' title='bbox 655 1115 712 1146; x_wconf 80' lang='lat' dir='ltr'>esse</span> <span class='ocrx_word' id='word_1_206' title='bbox 724 1116 823 1146; x_wconf 84' lang='lat' dir='ltr'>debeat</span> <span class='ocrx_word' id='word_1_207' title='bbox 837 1118 870 1147; x_wconf 90' lang='lat'>&amp;</span> <span class='ocrx_word' id='word_1_208' title='bbox 885 1127 1008 1156; x_wconf 84' lang='lat' dir='ltr'>accepta.</span> 
     </span>
    </p>

    <p class='ocr_par' dir='ltr' id='par_1_8' title="bbox 125 1153 1188 1341">
     <span class='ocr_line' id='line_1_26' title="bbox 167 1153 1185 1195; baseline 0.004 -11"><span class='ocrx_word' id='word_1_209' title='bbox 167 1153 365 1194; x_wconf 81' lang='lat' dir='ltr'>Qam&#39;obrem</span> <span class='ocrx_word' id='word_1_210' title='bbox 379 1154 521 1184; x_wconf 70' lang='lat' dir='ltr'>Sanffitati</span> <span class='ocrx_word' id='word_1_211' title='bbox 540 1154 638 1184; x_wconf 69' lang='lat' dir='ltr'>vestrae</span> <span class='ocrx_word' id='word_1_212' title='bbox 651 1156 716 1184; x_wconf 91' lang='lat' dir='ltr'>totis</span> <span class='ocrx_word' id='word_1_213' title='bbox 731 1153 879 1185; x_wconf 70' lang='lat' dir='ltr'>affeffibus</span> <span class='ocrx_word' id='word_1_214' title='bbox 892 1155 1077 1194; x_wconf 81' lang='lat' dir='ltr'>supplicamus</span> <span class='ocrx_word' id='word_1_215' title='bbox 1094 1158 1185 1195; x_wconf 88' lang='lat' dir='ltr'>quati-</span> 
     </span>
     <span class='ocr_line' id='line_1_27' title="bbox 126 1192 1187 1234; baseline 0.003 -11"><span class='ocrx_word' id='word_1_216' title='bbox 126 1195 218 1231; x_wconf 83' lang='lat' dir='ltr'>tinus,</span> <span class='ocrx_word' id='word_1_217' title='bbox 243 1202 294 1222; x_wconf 89' lang='lat' dir='ltr'>nos</span> <span class='ocrx_word' id='word_1_218' title='bbox 314 1193 342 1222; x_wconf 91' lang='lat' dir='ltr'>in</span> <span class='ocrx_word' id='word_1_219' title='bbox 361 1192 448 1222; x_wconf 76' lang='lat' dir='ltr'>solitae</span> <span class='ocrx_word' id='word_1_220' title='bbox 467 1192 626 1223; x_wconf 68' lang='lat' dir='ltr'>dileffionis</span> <span class='ocrx_word' id='word_1_221' title='bbox 644 1193 731 1232; x_wconf 60' lang='lat' dir='ltr'>gratis</span> <span class='ocrx_word' id='word_1_222' title='bbox 752 1194 963 1225; x_wconf 84' lang='lat' dir='ltr'>misericorditer</span> <span class='ocrx_word' id='word_1_223' title='bbox 984 1197 1187 1234; x_wconf 72' lang='lat' dir='ltr'>confoventes,</span> 
     </span>
     <span class='ocr_line' id='line_1_28' title="bbox 125 1229 1188 1271; baseline 0.002 -9"><span class='ocrx_word' id='word_1_224' title='bbox 125 1232 239 1262; x_wconf 77' lang='lat' dir='ltr'>interim</span> <span class='ocrx_word' id='word_1_225' title='bbox 260 1229 476 1261; x_wconf 83' lang='lat' dir='ltr'>Commotionis</span> <span class='ocrx_word' id='word_1_226' title='bbox 497 1231 598 1262; x_wconf 79' lang='lat' dir='ltr'>vestrae</span> <span class='ocrx_word' id='word_1_227' title='bbox 619 1233 755 1262; x_wconf 90' lang='lat' dir='ltr'>cohibere</span> <span class='ocrx_word' id='word_1_228' title='bbox 774 1233 862 1262; x_wconf 84' lang='lat' dir='ltr'>velitis</span> <span class='ocrx_word' id='word_1_229' title='bbox 879 1233 1026 1271; x_wconf 71' lang='lat' dir='ltr'>aculeum,</span> <span class='ocrx_word' id='word_1_230' title='bbox 1045 1235 1078 1264; x_wconf 71' lang='grc' dir='ltr'>ὃ(</span> <span class='ocrx_word' id='word_1_231' title='bbox 1098 1234 1188 1271; x_wconf 86' lang='lat' dir='ltr'>spera-</span> 
     </span>
     <span class='ocr_line' id='line_1_29' title="bbox 129 1268 1187 1309; baseline 0.003 -9"><span class='ocrx_word' id='word_1_232' title='bbox 129 1279 209 1307; x_wconf 92' lang='lat' dir='ltr'>mus,</span> <span class='ocrx_word' id='word_1_233' title='bbox 227 1278 274 1307; x_wconf 85' lang='lat' dir='ltr'>per</span> <span class='ocrx_word' id='word_1_234' title='bbox 288 1268 344 1298; x_wconf 92' lang='lat' dir='ltr'>Dei</span> <span class='ocrx_word' id='word_1_235' title='bbox 359 1271 493 1309; x_wconf 80' lang='lat' dir='ltr'>gratiam,</span> <span class='ocrx_word' id='word_1_236' title='bbox 512 1270 592 1309; x_wconf 84' lang='lat' dir='ltr'>quod</span> <span class='ocrx_word' id='word_1_237' title='bbox 607 1269 643 1301; x_wconf 89' lang='lat' dir='ltr'>de</span> <span class='ocrx_word' id='word_1_238' title='bbox 658 1270 852 1308; x_wconf 83' lang='lat' dir='ltr'>Responsione</span> <span class='ocrx_word' id='word_1_239' title='bbox 869 1270 967 1302; x_wconf 70' lang='lat' dir='ltr'>nostra</span> <span class='ocrx_word' id='word_1_240' title='bbox 985 1272 1123 1303; x_wconf 82' lang='lat' dir='ltr'>debebitis</span> <span class='ocrx_word' id='word_1_241' title='bbox 1142 1283 1187 1303; x_wconf 89' lang='lat' dir='ltr'>ra-</span> 
     </span>
     <span class='ocr_line' id='line_1_30' title="bbox 129 1309 477 1341; baseline 0.003 -3"><span class='ocrx_word' id='word_1_242' title='bbox 129 1309 296 1341; x_wconf 83' lang='lat' dir='ltr'>tionabiliter</span> <span class='ocrx_word' id='word_1_243' title='bbox 311 1309 477 1339; x_wconf 84' lang='lat' dir='ltr'>contentari.</span> 
     </span>
    </p>

    <p class='ocr_par' dir='ltr' id='par_1_9' title="bbox 166 1346 421 1384">
     <span class='ocr_line' id='line_1_31' title="bbox 166 1346 421 1384; baseline 0.004 -8"><span class='ocrx_word' id='word_1_244' title='bbox 166 1346 342 1384; x_wconf 87' lang='lat' dir='ltr'>Conservet,</span> <span class='ocrx_word' id='word_1_245' title='bbox 359 1347 421 1377; x_wconf 77' lang='lat' dir='ltr'>&amp;c-</span> 
     </span>
    </p>

    <p class='ocr_par' dir='ltr' id='par_1_10' title="bbox 203 1384 1005 1424">
     <span class='ocr_line' id='line_1_32' title="bbox 203 1384 1005 1424; baseline 0.001 -8"><span class='ocrx_word' id='word_1_246' title='bbox 203 1384 271 1416; x_wconf 76' lang='lat' dir='ltr'>Dat.</span> <span class='ocrx_word' id='word_1_247' title='bbox 289 1385 364 1422; x_wconf 86' lang='lat' dir='ltr'>apud</span> <span class='ocrx_word' id='word_1_248' title='bbox 379 1385 528 1424; x_wconf 85' lang='lat' dir='ltr'>Tenham,</span> <span class='ocrx_word' id='word_1_249' title='bbox 547 1386 682 1417; x_wconf 87' lang='lat' dir='ltr'>vicesimo</span> <span class='ocrx_word' id='word_1_250' title='bbox 699 1387 782 1417; x_wconf 89' lang='lat' dir='ltr'>tertio</span> <span class='ocrx_word' id='word_1_251' title='bbox 795 1385 842 1416; x_wconf 88' lang='lat' dir='ltr'>die</span> <span class='ocrx_word' id='word_1_252' title='bbox 854 1385 1005 1417; x_wconf 85' lang='lat' dir='ltr'>Februarii.</span> 
     </span>
    </p>
   </div>
   <div class='ocr_carea' id='block_1_3' title="bbox 132 1511 1189 1597">
    <p class='ocr_par' dir='ltr' id='par_1_11' title="bbox 132 1511 1189 1597">
     <span class='ocr_line' id='line_1_33' title="bbox 132 1511 1189 1558; baseline 0.003 -16"><span class='ocrx_word' id='word_1_253' title='bbox 132 1513 191 1543; x_wconf 91' lang='lat' dir='ltr'>Pro</span> <span class='ocrx_word' id='word_1_254' title='bbox 222 1511 442 1557; x_wconf 66' lang='lat' dir='ltr'>DIspenfirtione</span> <span class='ocrx_word' id='word_1_255' title='bbox 459 1511 548 1556; x_wconf 65' lang='lat' dir='ltr'>fltper</span> <span class='ocrx_word' id='word_1_256' title='bbox 576 1514 780 1544; x_wconf 72' lang='lat' dir='ltr'>Murimonio</span> <span class='ocrx_word' id='word_1_257' title='bbox 798 1514 876 1543; x_wconf 84' lang='lat' dir='ltr'>inter</span> <span class='ocrx_word' id='word_1_258' title='bbox 893 1515 1059 1558; x_wconf 84' lang='lat' dir='ltr'>Principem</span> <span class='ocrx_word' id='word_1_259' title='bbox 1080 1513 1189 1547; x_wconf 81' lang='lat' dir='ltr'>Walliae</span> 
     </span>
     <span class='ocr_line' id='line_1_34' title="bbox 326 1557 994 1597; baseline 0.006 -6"><span class='ocrx_word' id='word_1_260' title='bbox 326 1562 362 1597; x_wconf 60' lang='grc' dir='ltr'>(ῥ-</span> <span class='ocrx_word' id='word_1_261' title='bbox 380 1559 492 1591; x_wconf 81' lang='lat' dir='ltr'>Filiam</span> <span class='ocrx_word' id='word_1_262' title='bbox 509 1562 605 1593; x_wconf 77' lang='lat' dir='ltr'>Ducis</span> <span class='ocrx_word' id='word_1_263' title='bbox 623 1557 789 1592; x_wconf 73' lang='lat' dir='ltr'>Brabantiae</span> <span class='ocrx_word' id='word_1_264' title='bbox 804 1560 994 1595; x_wconf 76' lang='lat' dir='ltr'>concedenda.</span> 
     </span>
    </p>
   </div>
   <div class='ocr_carea' id='block_1_4' title="bbox 0 1643 1190 1762">
    <p class='ocr_par' dir='ltr' id='par_1_12' title="bbox 0 1643 1190 1762">
     <span class='ocr_line' id='line_1_35' title="bbox 0 1643 1188 1705; baseline -0.002 -26"><span class='ocrx_word' id='word_1_265' title='bbox 0 1648 63 1679; x_wconf 61' lang='lat' dir='ltr'>hm.</span> <span class='ocrx_word' id='word_1_266' title='bbox 77 1646 120 1678; x_wconf 91' lang='lat' dir='ltr'>D.</span> <span class='ocrx_word' id='word_1_267' title='bbox 134 1643 345 1705; x_wconf 56' lang='lat' dir='ltr'>SAnQissimo</span> <span class='ocrx_word' id='word_1_268' title='bbox 365 1645 400 1689; x_wconf 19' lang='lat' dir='ltr'>in,</span> <span class='ocrx_word' id='word_1_269' title='bbox 413 1643 529 1690; x_wconf 61' lang='lat' dir='ltr'>Christo</span> <span class='ocrx_word' id='word_1_270' title='bbox 549 1644 623 1675; x_wconf 89' lang='lat' dir='ltr'>Patri</span> <span class='ocrx_word' id='word_1_271' title='bbox 648 1645 681 1676; x_wconf 73' lang='grc' dir='ltr'>ὅ(</span> <span class='ocrx_word' id='word_1_272' title='bbox 705 1644 853 1683; x_wconf 88' lang='lat' dir='ltr'>Domino,</span> <span class='ocrx_word' id='word_1_273' title='bbox 871 1645 1006 1692; x_wconf 83' lang='lat' dir='ltr'>Domino</span> <span class='ocrx_word' id='word_1_274' title='bbox 1027 1645 1188 1692; x_wconf 79' lang='lat' dir='ltr'>Clementi,</span> 
     </span>
     <span class='ocr_line' id='line_1_36' title="bbox 16 1682 1190 1725; baseline 0.004 -14"><span class='ocrx_word' id='word_1_275' title='bbox 16 1695 101 1725; x_wconf 74' lang='lat'><em>1345.</em></span> <span class='ocrx_word' id='word_1_276' title='bbox 193 1683 300 1714; x_wconf 82' lang='lat' dir='ltr'>Dlvma</span> <span class='ocrx_word' id='word_1_277' title='bbox 315 1682 514 1721; x_wconf 88' lang='lat' dir='ltr'>Providentia,</span> <span class='ocrx_word' id='word_1_278' title='bbox 533 1683 723 1714; x_wconf 58' lang='lat' dir='ltr'>sacrosancte</span> <span class='ocrx_word' id='word_1_279' title='bbox 739 1683 882 1714; x_wconf 78' lang='lat' dir='ltr'>Romanae</span> <span class='ocrx_word' id='word_1_280' title='bbox 896 1695 928 1716; x_wconf 89' lang='lat' dir='ltr'>ac</span> <span class='ocrx_word' id='word_1_281' title='bbox 943 1685 1117 1716; x_wconf 85' lang='lat' dir='ltr'>Univerlalis</span> <span class='ocrx_word' id='word_1_282' title='bbox 1132 1685 1190 1716; x_wconf 88' lang='lat' dir='ltr'>Ec-</span> 
     </span>
     <span class='ocr_line' id='line_1_37' title="bbox 0 1721 1189 1762; baseline 0.002 -10"><span class='ocrx_word' id='word_1_283' title='bbox 0 1729 40 1752; x_wconf 67' lang='lat' dir='ltr'>aa.</span> <span class='ocrx_word' id='word_1_284' title='bbox 60 1735 102 1760; x_wconf 86' lang='lat'>¹9·</span> <span class='ocrx_word' id='word_1_285' title='bbox 132 1721 222 1752; x_wconf 77' lang='lat' dir='ltr'>clefiae</span> <span class='ocrx_word' id='word_1_286' title='bbox 244 1722 365 1752; x_wconf 87' lang='lat' dir='ltr'>Summo</span> <span class='ocrx_word' id='word_1_287' title='bbox 385 1721 535 1760; x_wconf 82' lang='lat' dir='ltr'>Pontifici,</span> <span class='ocrx_word' id='word_1_288' title='bbox 554 1721 723 1760; x_wconf 72' lang='lat' dir='ltr'>devardus,</span> <span class='ocrx_word' id='word_1_289' title='bbox 748 1722 867 1760; x_wconf 87' lang='lat' dir='ltr'>ejusdem</span> <span class='ocrx_word' id='word_1_290' title='bbox 887 1724 989 1762; x_wconf 66' lang='lat' dir='ltr'>gratia,</span> <span class='ocrx_word' id='word_1_291' title='bbox 1015 1724 1080 1754; x_wconf 86' lang='lat' dir='ltr'>Rex</span> <span class='ocrx_word' id='word_1_292' title='bbox 1103 1724 1189 1754; x_wconf 87' lang='lat' dir='ltr'>Fran-</span> 
     </span>
    </p>
   </div>
   <div class='ocr_carea' id='block_1_5' title="bbox 0 1759 1188 1830">
    <p class='ocr_par' dir='ltr' id='par_1_13' title="bbox 0 1759 1188 1830">
     <span class='ocr_line' id='line_1_38' title="bbox 0 1759 1188 1800; baseline 0.004 -11"><span class='ocrx_word' id='word_1_293' title='bbox 0 1769 22 1789; x_wconf 69' lang='grc' dir='ltr'>Ξ.</span> <span class='ocrx_word' id='word_1_294' title='bbox 39 1773 67 1799; x_wconf 83' lang='lat'>3.</span> <span class='ocrx_word' id='word_1_295' title='bbox 131 1761 183 1790; x_wconf 75' lang='lat' dir='ltr'>ciae</span> <span class='ocrx_word' id='word_1_296' title='bbox 206 1760 238 1790; x_wconf 87' lang='lat'>&amp;</span> <span class='ocrx_word' id='word_1_297' title='bbox 259 1761 369 1800; x_wconf 79' lang='lat' dir='ltr'>Angliae</span> <span class='ocrx_word' id='word_1_298' title='bbox 383 1783 392 1799; x_wconf 88' lang='lat'>,</span> <span class='ocrx_word' id='word_1_299' title='bbox 417 1761 450 1791; x_wconf 90' lang='lat'>&amp;</span> <span class='ocrx_word' id='word_1_300' title='bbox 473 1759 620 1791; x_wconf 89' lang='lat' dir='ltr'>Dominus</span> <span class='ocrx_word' id='word_1_301' title='bbox 638 1760 790 1791; x_wconf 82' lang='lat' dir='ltr'>Hiberniae</span> <span class='ocrx_word' id='word_1_302' title='bbox 807 1784 817 1800; x_wconf 91' lang='lat'>,</span> <span class='ocrx_word' id='word_1_303' title='bbox 841 1761 945 1793; x_wconf 84' lang='lat' dir='ltr'>devota</span> <span class='ocrx_word' id='word_1_304' title='bbox 964 1762 1077 1793; x_wconf 87' lang='lat' dir='ltr'>Pedum</span> <span class='ocrx_word' id='word_1_305' title='bbox 1095 1762 1188 1794; x_wconf 85' lang='lat' dir='ltr'>oscula</span> 
     </span>
     <span class='ocr_line' id='line_1_39' title="bbox 0 1799 292 1830; baseline 0.007 -3"><span class='ocrx_word' id='word_1_306' title='bbox 0 1802 94 1830; x_wconf 74' lang='lat' dir='ltr'>bidem.</span> <span class='ocrx_word' id='word_1_307' title='bbox 133 1799 292 1829; x_wconf 86' lang='lat' dir='ltr'>beatorum.</span> 
     </span>
    </p>
   </div>
   <div class='ocr_carea' id='block_1_6' title="bbox 171 1837 644 1876">
    <p class='ocr_par' dir='ltr' id='par_1_14' title="bbox 171 1837 644 1876">
     <span class='ocr_line' id='line_1_40' title="bbox 171 1837 644 1876; baseline 0.002 -10"><span class='ocrx_word' id='word_1_308' title='bbox 171 1837 317 1868; x_wconf 73' lang='lat' dir='ltr'>PATER</span> <span class='ocrx_word' id='word_1_309' title='bbox 339 1837 644 1876; x_wconf 70' lang='lat' dir='ltr'>SAncTissiiuiz,</span> 
     </span>
    </p>
   </div>
   <div class='ocr_carea' id='block_1_7' title="bbox 172 1874 1245 1917">
    <p class='ocr_par' dir='ltr' id='par_1_15' title="bbox 172 1874 1245 1917">
     <span class='ocr_line' id='line_1_41' title="bbox 172 1874 1245 1917; baseline 0.005 -12"><span class='ocrx_word' id='word_1_310' title='bbox 172 1875 254 1906; x_wconf 88' lang='lat' dir='ltr'>Licet</span> <span class='ocrx_word' id='word_1_311' title='bbox 275 1886 378 1914; x_wconf 84' lang='lat' dir='ltr'>nuper,</span> <span class='ocrx_word' id='word_1_312' title='bbox 397 1874 646 1913; x_wconf 81' lang='lat' dir='ltr'>Consanguineum</span> <span class='ocrx_word' id='word_1_313' title='bbox 667 1876 796 1908; x_wconf 90' lang='lat' dir='ltr'>nostrum</span> <span class='ocrx_word' id='word_1_314' title='bbox 818 1877 1008 1917; x_wconf 83' lang='lat' dir='ltr'>cariffimum,</span> <span class='ocrx_word' id='word_1_315' title='bbox 1027 1877 1190 1910; x_wconf 85' lang='lat' dir='ltr'>Henricum</span> <span class='ocrx_word' id='word_1_316' title='bbox 1224 1876 1245 1906; x_wconf 84' lang='lat' dir='ltr'><strong><em>P</em></strong></span> 
     </span>
    </p>
   </div>
   <div class='ocr_carea' id='block_1_8' title="bbox 133 1913 1191 1993">
    <p class='ocr_par' dir='ltr' id='par_1_16' title="bbox 133 1913 1191 1993">
     <span class='ocr_line' id='line_1_42' title="bbox 133 1913 1191 1954; baseline 0.006 -11"><span class='ocrx_word' id='word_1_317' title='bbox 133 1913 171 1943; x_wconf 91' lang='lat' dir='ltr'>de</span> <span class='ocrx_word' id='word_1_318' title='bbox 191 1913 348 1944; x_wconf 73' lang='lat' dir='ltr'>Lancastria</span> <span class='ocrx_word' id='word_1_319' title='bbox 368 1913 517 1945; x_wconf 86' lang='lat' dir='ltr'>Comitem</span> <span class='ocrx_word' id='word_1_320' title='bbox 541 1914 658 1945; x_wconf 77' lang='lat' dir='ltr'>Derbiae</span> <span class='ocrx_word' id='word_1_321' title='bbox 674 1939 684 1953; x_wconf 93' lang='lat'>,</span> <span class='ocrx_word' id='word_1_322' title='bbox 708 1926 741 1946; x_wconf 88' lang='lat' dir='ltr'>ac</span> <span class='ocrx_word' id='word_1_323' title='bbox 756 1939 766 1954; x_wconf 85' lang='lat'>,</span> <span class='ocrx_word' id='word_1_324' title='bbox 793 1915 929 1948; x_wconf 58' lang='lat' dir='ltr'>dilec‘tum</span> <span class='ocrx_word' id='word_1_325' title='bbox 951 1918 984 1948; x_wconf 73' lang='grc' dir='ltr'>δε</span> <span class='ocrx_word' id='word_1_326' title='bbox 1005 1917 1118 1948; x_wconf 88' lang='lat' dir='ltr'>fidelem</span> <span class='ocrx_word' id='word_1_327' title='bbox 1137 1928 1191 1948; x_wconf 84' lang='lat' dir='ltr'>no-</span> 
     </span>
     <span class='ocr_line' id='line_1_43' title="bbox 135 1952 1191 1993; baseline 0.006 -12"><span class='ocrx_word' id='word_1_328' title='bbox 135 1952 242 1990; x_wconf 87' lang='lat' dir='ltr'>strum,</span> <span class='ocrx_word' id='word_1_329' title='bbox 260 1952 499 1983; x_wconf 76' lang='lat' dir='ltr'>Bartholomaeum</span> <span class='ocrx_word' id='word_1_330' title='bbox 515 1953 550 1983; x_wconf 92' lang='lat' dir='ltr'>de</span> <span class='ocrx_word' id='word_1_331' title='bbox 566 1953 750 1992; x_wconf 75' lang='lat' dir='ltr'>Burghersssi,</span> <span class='ocrx_word' id='word_1_332' title='bbox 768 1954 848 1993; x_wconf 89' lang='lat' dir='ltr'>super</span> <span class='ocrx_word' id='word_1_333' title='bbox 860 1957 1016 1986; x_wconf 90' lang='lat' dir='ltr'>intentione</span> <span class='ocrx_word' id='word_1_334' title='bbox 1036 1956 1131 1987; x_wconf 70' lang='lat' dir='ltr'>nostra</span> <span class='ocrx_word' id='word_1_335' title='bbox 1151 1957 1191 1987; x_wconf 82' lang='lat' dir='ltr'>se-</span> 
     </span>
    </p>
   </div>
   <div class='ocr_carea' id='block_1_9' title="bbox 132 1990 1192 2067">
    <p class='ocr_par' dir='ltr' id='par_1_17' title="bbox 132 1990 1192 2067">
     <span class='ocr_line' id='line_1_44' title="bbox 134 1990 1192 2032; baseline 0.005 -11"><span class='ocrx_word' id='word_1_336' title='bbox 134 1990 210 2021; x_wconf 73' lang='lat' dir='ltr'>creta</span> <span class='ocrx_word' id='word_1_337' title='bbox 225 1991 331 2028; x_wconf 77' lang='lat' dir='ltr'>plenius</span> <span class='ocrx_word' id='word_1_338' title='bbox 345 1991 530 2031; x_wconf 74' lang='lat' dir='ltr'>informatos,</span> <span class='ocrx_word' id='word_1_339' title='bbox 549 1993 583 2022; x_wconf 93' lang='lat' dir='ltr'>ad</span> <span class='ocrx_word' id='word_1_340' title='bbox 597 1990 753 2024; x_wconf 66' lang='lat' dir='ltr'>sanctitatis</span> <span class='ocrx_word' id='word_1_341' title='bbox 767 1993 868 2025; x_wconf 89' lang='lat' dir='ltr'>vestrae</span> <span class='ocrx_word' id='word_1_342' title='bbox 882 1995 1058 2032; x_wconf 77' lang='lat' dir='ltr'>praesentiam</span> <span class='ocrx_word' id='word_1_343' title='bbox 1078 1995 1192 2026; x_wconf 91' lang='lat' dir='ltr'>ordina-</span> 
     </span>
     <span class='ocr_line' id='line_1_45' title="bbox 132 2029 464 2067; baseline -0.003 -6"><span class='ocrx_word' id='word_1_344' title='bbox 132 2031 258 2061; x_wconf 85' lang='lat' dir='ltr'>verimus</span> <span class='ocrx_word' id='word_1_345' title='bbox 271 2029 464 2067; x_wconf 85' lang='lat' dir='ltr'>destinandos,</span> 
     </span>
    </p>
   </div>
   <div class='ocr_carea' id='block_1_10' title="bbox 169 2067 530 2107">
    <p class='ocr_par' dir='ltr' id='par_1_18' title="bbox 169 2067 530 2107">
     <span class='ocr_line' id='line_1_46' title="bbox 169 2067 530 2107; baseline 0.006 -10"><span class='ocrx_word' id='word_1_346' title='bbox 169 2067 213 2097; x_wconf 79' lang='lat' dir='ltr'>Ex</span> <span class='ocrx_word' id='word_1_347' title='bbox 227 2069 307 2098; x_wconf 86' lang='lat' dir='ltr'>certis</span> <span class='ocrx_word' id='word_1_348' title='bbox 320 2078 413 2099; x_wconf 82' lang='lat' dir='ltr'>tamen</span> <span class='ocrx_word' id='word_1_349' title='bbox 429 2068 530 2107; x_wconf 83' lang='lat' dir='ltr'>caufis,</span> 
     </span>
    </p>
   </div>
   <div class='ocr_carea' id='block_1_11' title="bbox 133 2106 1201 3425">
    <p class='ocr_par' dir='ltr' id='par_1_19' title="bbox 134 2106 1194 2305">
     <span class='ocr_line' id='line_1_47' title="bbox 173 2106 1194 2152; baseline 0.009 -17"><span class='ocrx_word' id='word_1_350' title='bbox 173 2106 316 2149; x_wconf 62' lang='lat' dir='ltr'>Sanititati</span> <span class='ocrx_word' id='word_1_351' title='bbox 336 2106 435 2138; x_wconf 83' lang='lat' dir='ltr'>vestrae</span> <span class='ocrx_word' id='word_1_352' title='bbox 455 2116 504 2146; x_wconf 88' lang='lat' dir='ltr'>per</span> <span class='ocrx_word' id='word_1_353' title='bbox 520 2131 530 2146; x_wconf 82' lang='lat'>,</span> <span class='ocrx_word' id='word_1_354' title='bbox 553 2108 670 2140; x_wconf 59' lang='lat' dir='ltr'>dilectos</span> <span class='ocrx_word' id='word_1_355' title='bbox 692 2110 725 2141; x_wconf 76' lang='grc' dir='ltr'>δε</span> <span class='ocrx_word' id='word_1_356' title='bbox 747 2110 840 2141; x_wconf 79' lang='lat' dir='ltr'>fideles</span> <span class='ocrx_word' id='word_1_357' title='bbox 861 2111 973 2143; x_wconf 87' lang='lat' dir='ltr'>nostros</span> <span class='ocrx_word' id='word_1_358' title='bbox 988 2137 997 2151; x_wconf 80' lang='lat'>‚</span> <span class='ocrx_word' id='word_1_359' title='bbox 1022 2111 1194 2152; x_wconf 87' lang='lat' dir='ltr'>Magistrum</span> 
     </span>
     <span class='ocr_line' id='line_1_48' title="bbox 134 2143 1194 2187; baseline 0.008 -13"><span class='ocrx_word' id='word_1_360' title='bbox 134 2143 308 2187; x_wconf 80' lang='lat' dir='ltr'>Michaelem</span> <span class='ocrx_word' id='word_1_361' title='bbox 321 2145 357 2175; x_wconf 92' lang='lat' dir='ltr'>de</span> <span class='ocrx_word' id='word_1_362' title='bbox 370 2145 403 2175; x_wconf 89' lang='lat' dir='ltr'>N</span> <span class='ocrx_word' id='word_1_363' title='bbox 405 2146 561 2185; x_wconf 73' lang='lat' dir='ltr'>orthburgh</span> <span class='ocrx_word' id='word_1_364' title='bbox 573 2147 646 2185; x_wconf 90' lang='lat' dir='ltr'>Juris</span> <span class='ocrx_word' id='word_1_365' title='bbox 661 2148 762 2179; x_wconf 90' lang='lat' dir='ltr'>Civilis</span> <span class='ocrx_word' id='word_1_366' title='bbox 783 2149 972 2181; x_wconf 81' lang='lat' dir='ltr'>Professorem</span> <span class='ocrx_word' id='word_1_367' title='bbox 1009 2151 1194 2183; x_wconf 86' lang='lat' dir='ltr'>Lichfelden-</span> 
     </span>
     <span class='ocr_line' id='line_1_49' title="bbox 138 2174 1193 2227; baseline 0.009 -15"><span class='ocrx_word' id='word_1_368' title='bbox 138 2186 169 2213; x_wconf 79' lang='lat' dir='ltr'>lis</span> <span class='ocrx_word' id='word_1_369' title='bbox 190 2184 223 2214; x_wconf 71' lang='grc' dir='ltr'>δε</span> <span class='ocrx_word' id='word_1_370' title='bbox 244 2183 458 2214; x_wconf 85' lang='lat' dir='ltr'>Herefordensis</span> <span class='ocrx_word' id='word_1_371' title='bbox 477 2184 669 2216; x_wconf 86' lang='lat' dir='ltr'>Ecclesiarum</span> <span class='ocrx_word' id='word_1_372' title='bbox 691 2186 876 2219; x_wconf 86' lang='lat' dir='ltr'>Canonicum</span> <span class='ocrx_word' id='word_1_373' title='bbox 891 2212 901 2227; x_wconf 93' lang='lat'>,</span> <span class='ocrx_word' id='word_1_374' title='bbox 924 2190 958 2220; x_wconf 88' lang='lat'>&amp;</span> <span class='ocrx_word' id='word_1_375' title='bbox 980 2174 1134 2227; x_wconf 61' lang='lat' dir='ltr'>Nigellum</span> <span class='ocrx_word' id='word_1_376' title='bbox 1157 2190 1193 2221; x_wconf 91' lang='lat' dir='ltr'>de</span> 
     </span>
     <span class='ocr_line' id='line_1_50' title="bbox 137 2221 1192 2267; baseline 0.009 -17"><span class='ocrx_word' id='word_1_377' title='bbox 137 2221 255 2267; x_wconf 65' lang='lat' dir='ltr'>Loryng</span> <span class='ocrx_word' id='word_1_378' title='bbox 270 2222 492 2266; x_wconf 50' lang='lat' dir='ltr'>Militemlquos</span> <span class='ocrx_word' id='word_1_379' title='bbox 506 2224 539 2253; x_wconf 89' lang='lat' dir='ltr'>ad</span> <span class='ocrx_word' id='word_1_380' title='bbox 553 2224 674 2256; x_wconf 89' lang='lat' dir='ltr'>vestram</span> <span class='ocrx_word' id='word_1_381' title='bbox 696 2225 902 2257; x_wconf 82' lang='lat' dir='ltr'>Beatitudinem</span> <span class='ocrx_word' id='word_1_382' title='bbox 923 2229 1062 2259; x_wconf 85' lang='lat' dir='ltr'>mittimus</span> <span class='ocrx_word' id='word_1_383' title='bbox 1085 2239 1118 2260; x_wconf 85' lang='lat' dir='ltr'>ex</span> <span class='ocrx_word' id='word_1_384' title='bbox 1139 2229 1192 2260; x_wconf 84' lang='lat' dir='ltr'>hac</span> 
     </span>
     <span class='ocr_line' id='line_1_51' title="bbox 135 2262 932 2305; baseline 0.006 -14"><span class='ocrx_word' id='word_1_385' title='bbox 135 2262 228 2296; x_wconf 66' lang='lat' dir='ltr'>causa)</span> <span class='ocrx_word' id='word_1_386' title='bbox 247 2271 321 2291; x_wconf 64' lang='lat' dir='ltr'>vivae</span> <span class='ocrx_word' id='word_1_387' title='bbox 335 2271 414 2291; x_wconf 91' lang='lat' dir='ltr'>vocis</span> <span class='ocrx_word' id='word_1_388' title='bbox 429 2263 544 2292; x_wconf 80' lang='lat' dir='ltr'>oraculo</span> <span class='ocrx_word' id='word_1_389' title='bbox 560 2263 578 2293; x_wconf 84' lang='lat' dir='ltr'>si</span> <span class='ocrx_word' id='word_1_390' title='bbox 594 2264 728 2301; x_wconf 78' lang='lat' dir='ltr'>placuerit</span> <span class='ocrx_word' id='word_1_391' title='bbox 743 2266 932 2305; x_wconf 81' lang='lat' dir='ltr'>exponendis,</span> 
     </span>
    </p>

    <p class='ocr_par' dir='ltr' id='par_1_20' title="bbox 133 2299 1195 2534">
     <span class='ocr_line' id='line_1_52' title="bbox 174 2299 1193 2344; baseline 0.01 -17"><span class='ocrx_word' id='word_1_392' title='bbox 174 2299 304 2338; x_wconf 83' lang='lat' dir='ltr'>Qibus,</span> <span class='ocrx_word' id='word_1_393' title='bbox 327 2309 459 2338; x_wconf 83' lang='lat' dir='ltr'>necnon,</span> <span class='ocrx_word' id='word_1_394' title='bbox 485 2301 644 2332; x_wconf 84' lang='lat' dir='ltr'>Venerabili</span> <span class='ocrx_word' id='word_1_395' title='bbox 662 2303 690 2332; x_wconf 90' lang='lat' dir='ltr'>in</span> <span class='ocrx_word' id='word_1_396' title='bbox 711 2302 829 2334; x_wconf 86' lang='lat' dir='ltr'>Christo</span> <span class='ocrx_word' id='word_1_397' title='bbox 851 2304 942 2342; x_wconf 87' lang='lat' dir='ltr'>Patri,</span> <span class='ocrx_word' id='word_1_398' title='bbox 966 2305 1020 2335; x_wconf 83' lang='lat' dir='ltr'>W.</span> <span class='ocrx_word' id='word_1_399' title='bbox 1048 2305 1193 2344; x_wconf 81' lang='lat' dir='ltr'>Episcopo</span> 
     </span>
     <span class='ocr_line' id='line_1_53' title="bbox 135 2337 1194 2383; baseline 0.008 -16"><span class='ocrx_word' id='word_1_400' title='bbox 135 2337 335 2379; x_wconf 71' lang='lat' dir='ltr'>Norwicenl&#39;i,</span> <span class='ocrx_word' id='word_1_401' title='bbox 354 2339 406 2376; x_wconf 62' lang='grc' dir='ltr'>ἃ,</span> <span class='ocrx_word' id='word_1_402' title='bbox 424 2339 542 2370; x_wconf 82' lang='lat' dir='ltr'>Clerico</span> <span class='ocrx_word' id='word_1_403' title='bbox 562 2340 662 2383; x_wconf 75' lang='lat' dir='ltr'>nostro</span> <span class='ocrx_word' id='word_1_404' title='bbox 685 2341 840 2381; x_wconf 83' lang='lat' dir='ltr'>Familiari,</span> <span class='ocrx_word' id='word_1_405' title='bbox 860 2342 999 2383; x_wconf 82' lang='lat' dir='ltr'>Magistro</span> <span class='ocrx_word' id='word_1_406' title='bbox 1014 2344 1138 2383; x_wconf 84' lang='lat' dir='ltr'>Johanni</span> <span class='ocrx_word' id='word_1_407' title='bbox 1157 2346 1194 2376; x_wconf 87' lang='lat' dir='ltr'>de</span> 
     </span>
     <span class='ocr_line' id='line_1_54' title="bbox 133 2375 1195 2418; baseline 0.009 -13"><span class='ocrx_word' id='word_1_408' title='bbox 133 2375 243 2406; x_wconf 68' lang='lat' dir='ltr'>Ostord</span> <span class='ocrx_word' id='word_1_409' title='bbox 257 2376 376 2407; x_wconf 79' lang='lat' dir='ltr'>Decano</span> <span class='ocrx_word' id='word_1_410' title='bbox 392 2377 593 2415; x_wconf 69' lang='lat' dir='ltr'>Lincolnienli,</span> <span class='ocrx_word' id='word_1_411' title='bbox 614 2381 642 2410; x_wconf 91' lang='lat' dir='ltr'>in</span> <span class='ocrx_word' id='word_1_412' title='bbox 656 2379 813 2412; x_wconf 53' lang='lat' dir='ltr'>sanctitatis</span> <span class='ocrx_word' id='word_1_413' title='bbox 826 2381 926 2412; x_wconf 85' lang='lat' dir='ltr'>vestrae</span> <span class='ocrx_word' id='word_1_414' title='bbox 948 2382 1033 2414; x_wconf 84' lang='lat' dir='ltr'>Curia</span> <span class='ocrx_word' id='word_1_415' title='bbox 1054 2385 1107 2418; x_wconf 79' lang='lat' dir='ltr'>iarn</span> <span class='ocrx_word' id='word_1_416' title='bbox 1129 2394 1195 2415; x_wconf 84' lang='lat' dir='ltr'>mo-</span> 
     </span>
     <span class='ocr_line' id='line_1_55' title="bbox 138 2416 1193 2460; baseline 0.009 -16"><span class='ocrx_word' id='word_1_417' title='bbox 138 2416 278 2453; x_wconf 74' lang='lat' dir='ltr'>rantibus,</span> <span class='ocrx_word' id='word_1_418' title='bbox 305 2426 375 2454; x_wconf 82' lang='lat' dir='ltr'>quos</span> <span class='ocrx_word' id='word_1_419' title='bbox 396 2417 474 2454; x_wconf 82' lang='lat' dir='ltr'>super</span> <span class='ocrx_word' id='word_1_420' title='bbox 497 2418 548 2447; x_wconf 86' lang='lat' dir='ltr'>hiis</span> <span class='ocrx_word' id='word_1_421' title='bbox 570 2418 688 2449; x_wconf 84' lang='lat' dir='ltr'>fecimus</span> <span class='ocrx_word' id='word_1_422' title='bbox 711 2419 816 2459; x_wconf 85' lang='lat' dir='ltr'>plenius</span> <span class='ocrx_word' id='word_1_423' title='bbox 837 2421 1000 2460; x_wconf 89' lang='lat' dir='ltr'>informari,</span> <span class='ocrx_word' id='word_1_424' title='bbox 1018 2422 1140 2460; x_wconf 87' lang='lat' dir='ltr'>Tribus,</span> <span class='ocrx_word' id='word_1_425' title='bbox 1159 2424 1193 2454; x_wconf 74' lang='grc' dir='ltr'>δε</span> 
     </span>
     <span class='ocr_line' id='line_1_56' title="bbox 138 2451 1190 2499; baseline 0.01 -18"><span class='ocrx_word' id='word_1_426' title='bbox 138 2451 261 2482; x_wconf 60' lang='lat' dir='ltr'>Duobuz</span> <span class='ocrx_word' id='word_1_427' title='bbox 276 2464 374 2496; x_wconf 57' lang='lat' dir='ltr'>eorum</span> <span class='ocrx_word' id='word_1_428' title='bbox 384 2477 393 2491; x_wconf 82' lang='lat'>,</span> <span class='ocrx_word' id='word_1_429' title='bbox 409 2454 485 2492; x_wconf 86' lang='lat' dir='ltr'>super</span> <span class='ocrx_word' id='word_1_430' title='bbox 498 2455 623 2486; x_wconf 78' lang='lat' dir='ltr'>dicendis</span> <span class='ocrx_word' id='word_1_431' title='bbox 638 2458 665 2486; x_wconf 92' lang='lat' dir='ltr'>in</span> <span class='ocrx_word' id='word_1_432' title='bbox 681 2457 734 2487; x_wconf 84' lang='lat' dir='ltr'>hac</span> <span class='ocrx_word' id='word_1_433' title='bbox 748 2468 843 2497; x_wconf 87' lang='lat' dir='ltr'>parte,</span> <span class='ocrx_word' id='word_1_434' title='bbox 861 2459 990 2498; x_wconf 80' lang='lat' dir='ltr'>dignetur</span> <span class='ocrx_word' id='word_1_435' title='bbox 1008 2461 1190 2499; x_wconf 65' lang='lat' dir='ltr'>(quaesumus)</span> 
     </span>
     <span class='ocr_line' id='line_1_57' title="bbox 138 2490 819 2534; baseline 0.006 -12"><span class='ocrx_word' id='word_1_436' title='bbox 138 2490 227 2522; x_wconf 83' lang='lat' dir='ltr'>vestra</span> <span class='ocrx_word' id='word_1_437' title='bbox 245 2491 400 2528; x_wconf 69' lang='lat' dir='ltr'>Beiiignitas</span> <span class='ocrx_word' id='word_1_438' title='bbox 416 2492 498 2523; x_wconf 77' lang='lat' dir='ltr'>fidem</span> <span class='ocrx_word' id='word_1_439' title='bbox 513 2494 656 2524; x_wconf 84' lang='lat' dir='ltr'>credulam</span> <span class='ocrx_word' id='word_1_440' title='bbox 668 2495 819 2534; x_wconf 87' lang='lat' dir='ltr'>adhibere,</span> 
     </span>
    </p>

    <p class='ocr_par' dir='ltr' id='par_1_21' title="bbox 137 2528 1194 2611">
     <span class='ocr_line' id='line_1_58' title="bbox 178 2528 1194 2576; baseline 0.012 -18"><span class='ocrx_word' id='word_1_441' title='bbox 178 2528 345 2573; x_wconf 53' lang='lat' dir='ltr'>Midioncm</span> <span class='ocrx_word' id='word_1_442' title='bbox 361 2531 522 2567; x_wconf 53' lang='lat' dir='ltr'>praemissam</span> <span class='ocrx_word' id='word_1_443' title='bbox 539 2532 694 2564; x_wconf 84' lang='lat' dir='ltr'>distulimus</span> <span class='ocrx_word' id='word_1_444' title='bbox 709 2536 737 2564; x_wconf 94' lang='lat' dir='ltr'>in</span> <span class='ocrx_word' id='word_1_445' title='bbox 753 2535 896 2574; x_wconf 68' lang='lat' dir='ltr'>praesenti,</span> <span class='ocrx_word' id='word_1_446' title='bbox 912 2536 991 2574; x_wconf 80' lang='lat' dir='ltr'>super</span> <span class='ocrx_word' id='word_1_447' title='bbox 1007 2547 1065 2576; x_wconf 86' lang='lat' dir='ltr'>quo</span> <span class='ocrx_word' id='word_1_448' title='bbox 1079 2549 1131 2569; x_wconf 91' lang='lat' dir='ltr'>nos</span> <span class='ocrx_word' id='word_1_449' title='bbox 1145 2538 1194 2569; x_wconf 82' lang='lat' dir='ltr'>ha-</span> 
     </span>
     <span class='ocr_line' id='line_1_59' title="bbox 137 2568 997 2611; baseline 0.01 -14"><span class='ocrx_word' id='word_1_450' title='bbox 137 2568 204 2597; x_wconf 83' lang='lat' dir='ltr'>bere</span> <span class='ocrx_word' id='word_1_451' title='bbox 216 2568 345 2603; x_wconf 61' lang='lat' dir='ltr'>dignetur</span> <span class='ocrx_word' id='word_1_452' title='bbox 359 2569 447 2611; x_wconf 52' lang='lat' dir='ltr'>vestra</span> <span class='ocrx_word' id='word_1_453' title='bbox 464 2569 623 2601; x_wconf 73' lang='lat' dir='ltr'>Clementia</span> <span class='ocrx_word' id='word_1_454' title='bbox 640 2572 671 2609; x_wconf 83' lang='lat' dir='ltr'>(si</span> <span class='ocrx_word' id='word_1_455' title='bbox 688 2573 832 2610; x_wconf 71' lang='lat' dir='ltr'>placuerit)</span> <span class='ocrx_word' id='word_1_456' title='bbox 850 2576 997 2606; x_wconf 73' lang='lat' dir='ltr'>exculatos.</span> 
     </span>
    </p>

    <p class='ocr_par' dir='ltr' id='par_1_22' title="bbox 139 2606 1194 2727">
     <span class='ocr_line' id='line_1_60' title="bbox 178 2606 1193 2652; baseline 0.01 -16"><span class='ocrx_word' id='word_1_457' title='bbox 178 2606 233 2650; x_wconf 35' lang='lat' dir='ltr'>Ad·</span> <span class='ocrx_word' id='word_1_458' title='bbox 246 2607 320 2645; x_wconf 83' lang='lat' dir='ltr'>lioc,</span> <span class='ocrx_word' id='word_1_459' title='bbox 345 2607 526 2652; x_wconf 56' lang='lat' dir='ltr'>desideratum</span> <span class='ocrx_word' id='word_1_460' title='bbox 546 2611 630 2640; x_wconf 85' lang='lat' dir='ltr'>nobis</span> <span class='ocrx_word' id='word_1_461' title='bbox 651 2621 708 2648; x_wconf 65' lang='lat' dir='ltr'>prae</span> <span class='ocrx_word' id='word_1_462' title='bbox 731 2613 859 2650; x_wconf 64' lang='lat' dir='ltr'>ceteris,</span> <span class='ocrx_word' id='word_1_463' title='bbox 884 2613 1100 2652; x_wconf 86' lang='lat' dir='ltr'>Dispensationis</span> <span class='ocrx_word' id='word_1_464' title='bbox 1123 2616 1193 2646; x_wconf 90' lang='lat' dir='ltr'>illius</span> 
     </span>
     <span class='ocr_line' id='line_1_61' title="bbox 139 2645 1194 2688; baseline 0.011 -15"><span class='ocrx_word' id='word_1_465' title='bbox 139 2653 304 2688; x_wconf 76' lang='lat' dir='ltr'>negotium,</span> <span class='ocrx_word' id='word_1_466' title='bbox 329 2645 408 2682; x_wconf 84' lang='lat' dir='ltr'>super</span> <span class='ocrx_word' id='word_1_467' title='bbox 434 2646 637 2688; x_wconf 80' lang='lat' dir='ltr'>Matrimonio,</span> <span class='ocrx_word' id='word_1_468' title='bbox 657 2650 726 2679; x_wconf 89' lang='lat' dir='ltr'>inter</span> <span class='ocrx_word' id='word_1_469' title='bbox 748 2650 977 2688; x_wconf 86' lang='lat' dir='ltr'>Primogenitum</span> <span class='ocrx_word' id='word_1_470' title='bbox 997 2654 1126 2684; x_wconf 84' lang='lat' dir='ltr'>nostrum</span> <span class='ocrx_word' id='word_1_471' title='bbox 1147 2665 1194 2685; x_wconf 87' lang='lat' dir='ltr'>ca-</span> 
     </span>
     <span class='ocr_line' id='line_1_62' title="bbox 140 2684 1192 2727; baseline 0.011 -16"><span class='ocrx_word' id='word_1_472' title='bbox 140 2684 276 2726; x_wconf 77' lang='lat' dir='ltr'>riilimuni</span> <span class='ocrx_word' id='word_1_473' title='bbox 302 2684 462 2722; x_wconf 81' lang='lat' dir='ltr'>Principem</span> <span class='ocrx_word' id='word_1_474' title='bbox 482 2686 594 2717; x_wconf 45' lang='lat' dir='ltr'>wallite</span> <span class='ocrx_word' id='word_1_475' title='bbox 611 2710 620 2725; x_wconf 93' lang='lat'>,</span> <span class='ocrx_word' id='word_1_476' title='bbox 646 2687 762 2718; x_wconf 87' lang='lat' dir='ltr'>Ducem</span> <span class='ocrx_word' id='word_1_477' title='bbox 786 2687 964 2727; x_wconf 79' lang='lat' dir='ltr'>Cornubiae,</span> <span class='ocrx_word' id='word_1_478' title='bbox 988 2693 1021 2722; x_wconf 65' lang='grc' dir='ltr'>ὃς</span> <span class='ocrx_word' id='word_1_479' title='bbox 1044 2692 1192 2723; x_wconf 86' lang='lat' dir='ltr'>Comitem</span> 
     </span>
    </p>

    <p class='ocr_par' dir='ltr' id='par_1_23' title="bbox 138 2721 1195 2917">
     <span class='ocr_line' id='line_1_63' title="bbox 171 2721 1194 2761; baseline 0.01 -10"><span class='ocrx_word' id='word_1_480' title='bbox 171 2721 275 2761; x_wconf 61' lang='lat' dir='ltr'>estnec,</span> <span class='ocrx_word' id='word_1_481' title='bbox 294 2724 312 2740; x_wconf 68' lang='lat'>*⁶</span> <span class='ocrx_word' id='word_1_482' title='bbox 328 2723 359 2753; x_wconf 63' lang='grc' dir='ltr'>ὃς</span> <span class='ocrx_word' id='word_1_483' title='bbox 376 2724 535 2760; x_wconf 70' lang='lat' dir='ltr'>praeclaram</span> <span class='ocrx_word' id='word_1_484' title='bbox 551 2741 588 2748; x_wconf 83' lang='lat'>-</span> <span class='ocrx_word' id='word_1_485' title='bbox 696 2726 793 2757; x_wconf 79' lang='lat' dir='ltr'>l-&#39;iiiam</span> <span class='ocrx_word' id='word_1_486' title='bbox 809 2726 920 2758; x_wconf 74' lang='lat' dir='ltr'>illustris</span> <span class='ocrx_word' id='word_1_487' title='bbox 938 2729 1029 2760; x_wconf 86' lang='lat' dir='ltr'>Ducis</span> <span class='ocrx_word' id='word_1_488' title='bbox 1042 2730 1194 2761; x_wconf 74' lang='lat' dir='ltr'>Brabantiae</span> 
     </span>
     <span class='ocr_line' id='line_1_64' title="bbox 141 2761 1195 2807; baseline 0.009 -18"><span class='ocrx_word' id='word_1_489' title='bbox 141 2761 350 2805; x_wconf 79' lang='lat' dir='ltr'>contrahendo,</span> <span class='ocrx_word' id='word_1_490' title='bbox 368 2771 426 2791; x_wconf 88' lang='lat' dir='ltr'>non</span> <span class='ocrx_word' id='word_1_491' title='bbox 442 2762 570 2805; x_wconf 55' lang='lat' dir='ltr'>obstante</span> <span class='ocrx_word' id='word_1_492' title='bbox 585 2763 664 2802; x_wconf 82' lang='lat' dir='ltr'>quod</span> <span class='ocrx_word' id='word_1_493' title='bbox 676 2765 703 2794; x_wconf 88' lang='lat' dir='ltr'>in</span> <span class='ocrx_word' id='word_1_494' title='bbox 718 2765 821 2796; x_wconf 87' lang='lat' dir='ltr'>Tertio</span> <span class='ocrx_word' id='word_1_495' title='bbox 839 2765 938 2797; x_wconf 89' lang='lat' dir='ltr'>Gradu</span> <span class='ocrx_word' id='word_1_496' title='bbox 961 2767 1195 2807; x_wconf 81' lang='lat' dir='ltr'>Consanguinita-</span> 
     </span>
     <span class='ocr_line' id='line_1_65' title="bbox 139 2799 1194 2842; baseline 0.009 -14"><span class='ocrx_word' id='word_1_497' title='bbox 139 2807 173 2829; x_wconf 87' lang='lat' dir='ltr'>tis</span> <span class='ocrx_word' id='word_1_498' title='bbox 187 2799 212 2828; x_wconf 84' lang='lat' dir='ltr'>se</span> <span class='ocrx_word' id='word_1_499' title='bbox 221 2808 380 2842; x_wconf 69' lang='lat' dir='ltr'>attingunt,</span> <span class='ocrx_word' id='word_1_500' title='bbox 400 2810 452 2837; x_wconf 88' lang='lat' dir='ltr'>pro</span> <span class='ocrx_word' id='word_1_501' title='bbox 465 2811 520 2837; x_wconf 83' lang='lat' dir='ltr'>qua</span> <span class='ocrx_word' id='word_1_502' title='bbox 534 2802 635 2839; x_wconf 85' lang='lat' dir='ltr'>pluries</span> <span class='ocrx_word' id='word_1_503' title='bbox 651 2803 683 2833; x_wconf 67' lang='grc' dir='ltr'>δε</span> <span class='ocrx_word' id='word_1_504' title='bbox 699 2803 849 2841; x_wconf 72' lang='lat' dir='ltr'>specialiter</span> <span class='ocrx_word' id='word_1_505' title='bbox 864 2805 1007 2836; x_wconf 70' lang='lat' dir='ltr'>Sanfflmti</span> <span class='ocrx_word' id='word_1_506' title='bbox 1022 2807 1119 2837; x_wconf 70' lang='lat' dir='ltr'>vesti-:e</span> <span class='ocrx_word' id='word_1_507' title='bbox 1142 2817 1194 2838; x_wconf 88' lang='lat' dir='ltr'>nos</span> 
     </span>
     <span class='ocr_line' id='line_1_66' title="bbox 139 2838 1195 2882; baseline 0.011 -17"><span class='ocrx_word' id='word_1_508' title='bbox 139 2846 322 2881; x_wconf 77' lang='lat' dir='ltr'>meminimus</span> <span class='ocrx_word' id='word_1_509' title='bbox 342 2838 505 2875; x_wconf 66' lang='lat' dir='ltr'>supplic-[isse</span> <span class='ocrx_word' id='word_1_510' title='bbox 518 2862 528 2877; x_wconf 85' lang='lat'>,</span> <span class='ocrx_word' id='word_1_511' title='bbox 555 2841 646 2882; x_wconf 73' lang='lat' dir='ltr'>adhuc</span> <span class='ocrx_word' id='word_1_512' title='bbox 669 2842 769 2873; x_wconf 81' lang='lat' dir='ltr'>vestrae</span> <span class='ocrx_word' id='word_1_513' title='bbox 787 2842 965 2881; x_wconf 85' lang='lat' dir='ltr'>Apostolicae</span> <span class='ocrx_word' id='word_1_514' title='bbox 986 2845 1195 2877; x_wconf 74' lang='lat' dir='ltr'>Munificentiae</span> 
     </span>
     <span class='ocr_line' id='line_1_67' title="bbox 138 2877 655 2917; baseline 0.008 -12"><span class='ocrx_word' id='word_1_515' title='bbox 138 2885 242 2906; x_wconf 79' lang='lat' dir='ltr'>vorivo</span> <span class='ocrx_word' id='word_1_516' title='bbox 257 2877 524 2917; x_wconf 74' lang='lat' dir='ltr'>recommendamus</span> <span class='ocrx_word' id='word_1_517' title='bbox 535 2879 655 2917; x_wconf 51' lang='lat' dir='ltr'>aflectu,</span> 
     </span>
    </p>

    <p class='ocr_par' dir='ltr' id='par_1_24' title="bbox 139 2914 1198 3299">
     <span class='ocr_line' id='line_1_68' title="bbox 177 2914 1195 2959; baseline 0.013 -17"><span class='ocrx_word' id='word_1_518' title='bbox 177 2914 262 2957; x_wconf 79' lang='lat' dir='ltr'>Totis</span> <span class='ocrx_word' id='word_1_519' title='bbox 283 2915 431 2958; x_wconf 47' lang='lat' dir='ltr'>astestibus</span> <span class='ocrx_word' id='word_1_520' title='bbox 451 2915 631 2952; x_wconf 85' lang='lat' dir='ltr'>supplicantes</span> <span class='ocrx_word' id='word_1_521' title='bbox 653 2919 796 2957; x_wconf 80' lang='lat' dir='ltr'>quatinus,</span> <span class='ocrx_word' id='word_1_522' title='bbox 815 2921 885 2951; x_wconf 74' lang='lat' dir='ltr'>cum</span> <span class='ocrx_word' id='word_1_523' title='bbox 904 2921 986 2959; x_wconf 80' lang='lat' dir='ltr'>Pilia,</span> <span class='ocrx_word' id='word_1_524' title='bbox 1004 2923 1123 2954; x_wconf 86' lang='lat' dir='ltr'>celebris</span> <span class='ocrx_word' id='word_1_525' title='bbox 1134 2933 1195 2954; x_wconf 82' lang='lat' dir='ltr'>me-</span> 
     </span>
     <span class='ocr_line' id='line_1_69' title="bbox 139 2952 1191 3001; baseline 0.009 -18"><span class='ocrx_word' id='word_1_526' title='bbox 139 2962 257 2995; x_wconf 68' lang='lat' dir='ltr'>mOl‘lae,</span> <span class='ocrx_word' id='word_1_527' title='bbox 279 2952 402 2996; x_wconf 71' lang='lat' dir='ltr'>Domini</span> <span class='ocrx_word' id='word_1_528' title='bbox 425 2954 538 2992; x_wconf 85' lang='lat' dir='ltr'>Karoli,</span> <span class='ocrx_word' id='word_1_529' title='bbox 566 2955 650 2994; x_wconf 74' lang='lat' dir='ltr'>Regis</span> <span class='ocrx_word' id='word_1_530' title='bbox 675 2957 815 2995; x_wconf 75' lang='lat' dir='ltr'>Francite,</span> <span class='ocrx_word' id='word_1_531' title='bbox 842 2960 983 2991; x_wconf 79' lang='lat' dir='ltr'>Avunculi</span> <span class='ocrx_word' id='word_1_532' title='bbox 1005 2962 1112 3000; x_wconf 85' lang='lat' dir='ltr'>nostri,</span> <span class='ocrx_word' id='word_1_533' title='bbox 1132 2964 1191 3001; x_wconf 74' lang='lat' dir='ltr'>jam</span> 
     </span>
     <span class='ocr_line' id='line_1_70' title="bbox 141 2990 1193 3034; baseline 0.012 -15"><span class='ocrx_word' id='word_1_534' title='bbox 141 2990 282 3034; x_wconf 40' lang='lat' dir='ltr'>sit-tradita</span> <span class='ocrx_word' id='word_1_535' title='bbox 297 3000 414 3034; x_wconf 81' lang='lat' dir='ltr'>nuptui,</span> <span class='ocrx_word' id='word_1_536' title='bbox 435 2993 467 3023; x_wconf 69' lang='grc' dir='ltr'>δε</span> <span class='ocrx_word' id='word_1_537' title='bbox 481 2992 517 3022; x_wconf 89' lang='lat' dir='ltr'>sic</span> <span class='ocrx_word' id='word_1_538' title='bbox 530 2993 586 3031; x_wconf 74' lang='lat' dir='ltr'>spes</span> <span class='ocrx_word' id='word_1_539' title='bbox 600 2996 783 3026; x_wconf 85' lang='lat' dir='ltr'>contrahendi</span> <span class='ocrx_word' id='word_1_540' title='bbox 800 2996 980 3029; x_wconf 78' lang='lat' dir='ltr'>Matrimonii</span> <span class='ocrx_word' id='word_1_541' title='bbox 993 3001 1065 3030; x_wconf 89' lang='lat' dir='ltr'>inter</span> <span class='ocrx_word' id='word_1_542' title='bbox 1084 3000 1193 3031; x_wconf 51' lang='lat' dir='ltr'>dicium</span> 
     </span>
     <span class='ocr_line' id='line_1_71' title="bbox 139 3027 1195 3078; baseline 0.012 -21"><span class='ocrx_word' id='word_1_543' title='bbox 139 3027 365 3073; x_wconf 77' lang='lat' dir='ltr'>primogenitum</span> <span class='ocrx_word' id='word_1_544' title='bbox 382 3030 510 3060; x_wconf 83' lang='lat' dir='ltr'>nostrum</span> <span class='ocrx_word' id='word_1_545' title='bbox 525 3032 557 3062; x_wconf 66' lang='grc' dir='ltr'>ὃς</span> <span class='ocrx_word' id='word_1_546' title='bbox 573 3032 645 3062; x_wconf 90' lang='lat' dir='ltr'>illam</span> <span class='ocrx_word' id='word_1_547' title='bbox 662 3035 771 3070; x_wconf 81' lang='lat' dir='ltr'>penitus</span> <span class='ocrx_word' id='word_1_548' title='bbox 788 3035 819 3065; x_wconf 87' lang='lat' dir='ltr'>sit</span> <span class='ocrx_word' id='word_1_549' title='bbox 833 3036 961 3075; x_wconf 83' lang='lat' dir='ltr'>adempta</span> <span class='ocrx_word' id='word_1_550' title='bbox 986 3040 995 3075; x_wconf 90' lang='lat'>(</span> <span class='ocrx_word' id='word_1_551' title='bbox 1021 3050 1062 3069; x_wconf 74' lang='lat' dir='ltr'>uae</span> <span class='ocrx_word' id='word_1_552' title='bbox 1080 3040 1195 3078; x_wconf 84' lang='lat' dir='ltr'>quidem</span> 
     </span>
     <span class='ocr_line' id='line_1_72' title="bbox 139 3067 1198 3115; baseline 0.011 -18"><span class='ocrx_word' id='word_1_553' title='bbox 139 3067 198 3104; x_wconf 78' lang='lat' dir='ltr'>spes</span> <span class='ocrx_word' id='word_1_554' title='bbox 214 3067 455 3113; x_wconf 63' lang='lat' dir='ltr'>Dilpensationem</span> <span class='ocrx_word' id='word_1_555' title='bbox 470 3070 581 3106; x_wconf 82' lang='lat' dir='ltr'>peritam</span> <span class='ocrx_word' id='word_1_556' title='bbox 596 3070 740 3102; x_wconf 83' lang='lat' dir='ltr'>dicebatur</span> <span class='ocrx_word' id='word_1_557' title='bbox 754 3073 903 3111; x_wconf 84' lang='lat' dir='ltr'>aliqualiter</span> <span class='ocrx_word' id='word_1_558' title='bbox 922 3077 997 3114; x_wconf 83' lang='lat' dir='ltr'>impe</span> <span class='ocrx_word' id='word_1_559' title='bbox 1019 3078 1069 3114; x_wconf 88' lang='lat' dir='ltr'>ire)</span> <span class='ocrx_word' id='word_1_560' title='bbox 1092 3078 1198 3115; x_wconf 82' lang='lat' dir='ltr'>placcat</span> 
     </span>
     <span class='ocr_line' id='line_1_73' title="bbox 139 3105 1198 3155; baseline 0.012 -21"><span class='ocrx_word' id='word_1_561' title='bbox 139 3105 240 3149; x_wconf 63' lang='lat' dir='ltr'>vestrae</span> <span class='ocrx_word' id='word_1_562' title='bbox 259 3106 427 3137; x_wconf 60' lang='lat' dir='ltr'>Clementiae</span> <span class='ocrx_word' id='word_1_563' title='bbox 448 3107 557 3138; x_wconf 64' lang='lat' dir='ltr'>dictum</span> <span class='ocrx_word' id='word_1_564' title='bbox 582 3108 797 3148; x_wconf 74' lang='lat' dir='ltr'>Disperiiatimiis</span> <span class='ocrx_word' id='word_1_565' title='bbox 820 3112 983 3152; x_wconf 85' lang='lat' dir='ltr'>Negotium</span> <span class='ocrx_word' id='word_1_566' title='bbox 998 3125 1032 3145; x_wconf 83' lang='lat' dir='ltr'>ex</span> <span class='ocrx_word' id='word_1_567' title='bbox 1048 3117 1150 3155; x_wconf 82' lang='lat' dir='ltr'>causis,</span> <span class='ocrx_word' id='word_1_568' title='bbox 1168 3118 1198 3147; x_wconf 91' lang='lat' dir='ltr'>in</span> 
     </span>
     <span class='ocr_line' id='line_1_74' title="bbox 141 3142 1197 3193; baseline 0.014 -22"><span class='ocrx_word' id='word_1_569' title='bbox 141 3142 287 3186; x_wconf 75' lang='lat' dir='ltr'>Prioribus</span> <span class='ocrx_word' id='word_1_570' title='bbox 303 3144 403 3173; x_wconf 82' lang='lat' dir='ltr'>nostris</span> <span class='ocrx_word' id='word_1_571' title='bbox 420 3146 618 3182; x_wconf 83' lang='lat' dir='ltr'>supplicatoriis</span> <span class='ocrx_word' id='word_1_572' title='bbox 638 3150 865 3190; x_wconf 67' lang='lat' dir='ltr'>comprehensis,</span> <span class='ocrx_word' id='word_1_573' title='bbox 883 3153 1096 3185; x_wconf 70' lang='lat' dir='ltr'>misericorditer</span> <span class='ocrx_word' id='word_1_574' title='bbox 1115 3165 1197 3193; x_wconf 77' lang='lat' dir='ltr'>expe-</span> 
     </span>
     <span class='ocr_line' id='line_1_75' title="bbox 139 3181 1198 3228; baseline 0.015 -19"><span class='ocrx_word' id='word_1_575' title='bbox 139 3181 219 3224; x_wconf 73' lang='lat' dir='ltr'>dire,</span> <span class='ocrx_word' id='word_1_576' title='bbox 237 3191 426 3226; x_wconf 40' lang='lat' dir='ltr'>quae-propter</span> <span class='ocrx_word' id='word_1_577' title='bbox 443 3194 591 3228; x_wconf 62' lang='lat' dir='ltr'>magnam,</span> <span class='ocrx_word' id='word_1_578' title='bbox 607 3196 692 3225; x_wconf 84' lang='lat' dir='ltr'>quam</span> <span class='ocrx_word' id='word_1_579' title='bbox 706 3188 840 3218; x_wconf 88' lang='lat' dir='ltr'>habemus</span> <span class='ocrx_word' id='word_1_580' title='bbox 857 3189 892 3219; x_wconf 92' lang='lat' dir='ltr'>de</span> <span class='ocrx_word' id='word_1_581' title='bbox 913 3193 1025 3227; x_wconf 64' lang='lat' dir='ltr'>paterni</span> <span class='ocrx_word' id='word_1_582' title='bbox 1045 3193 1135 3224; x_wconf 72' lang='lat' dir='ltr'>vestra</span> <span class='ocrx_word' id='word_1_583' title='bbox 1155 3194 1198 3223; x_wconf 94' lang='lat' dir='ltr'>di-</span> 
     </span>
     <span class='ocr_line' id='line_1_76' title="bbox 141 3219 1197 3269; baseline 0.014 -21"><span class='ocrx_word' id='word_1_584' title='bbox 141 3219 280 3263; x_wconf 58' lang='lat' dir='ltr'>lednone,</span> <span class='ocrx_word' id='word_1_585' title='bbox 298 3221 547 3264; x_wconf 73' lang='lat' dir='ltr'>nduciainnobis,</span> <span class='ocrx_word' id='word_1_586' title='bbox 566 3225 594 3253; x_wconf 88' lang='lat' dir='ltr'>in</span> <span class='ocrx_word' id='word_1_587' title='bbox 611 3227 668 3255; x_wconf 69' lang='lat' dir='ltr'>tam</span> <span class='ocrx_word' id='word_1_588' title='bbox 684 3226 781 3256; x_wconf 74' lang='lat' dir='ltr'>votiva</span> <span class='ocrx_word' id='word_1_589' title='bbox 796 3226 1023 3269; x_wconf 86' lang='lat' dir='ltr'>Supplicatione,</span> <span class='ocrx_word' id='word_1_590' title='bbox 1037 3231 1197 3262; x_wconf 83' lang='lat' dir='ltr'>ulteriorem</span> 
     </span>
     <span class='ocr_line' id='line_1_77' title="bbox 142 3258 784 3299; baseline 0.012 -12"><span class='ocrx_word' id='word_1_591' title='bbox 142 3258 226 3287; x_wconf 87' lang='lat' dir='ltr'>nobis</span> <span class='ocrx_word' id='word_1_592' title='bbox 240 3268 299 3288; x_wconf 94' lang='lat' dir='ltr'>non</span> <span class='ocrx_word' id='word_1_593' title='bbox 314 3261 394 3289; x_wconf 71' lang='lat' dir='ltr'>ficiat</span> <span class='ocrx_word' id='word_1_594' title='bbox 411 3262 440 3296; x_wconf 83' lang='lat' dir='ltr'>(ii</span> <span class='ocrx_word' id='word_1_595' title='bbox 453 3261 597 3299; x_wconf 75' lang='lat' dir='ltr'>placuerit)</span> <span class='ocrx_word' id='word_1_596' title='bbox 614 3266 784 3299; x_wconf 56' lang='lat' dir='ltr'>negativam.</span> 
     </span>
    </p>

    <p class='ocr_par' dir='ltr' id='par_1_25' title="bbox 144 3295 1198 3374">
     <span class='ocr_line' id='line_1_78' title="bbox 180 3295 1198 3347; baseline 0.015 -22"><span class='ocrx_word' id='word_1_597' title='bbox 180 3295 337 3327; x_wconf 82' lang='lat' dir='ltr'>Conservet</span> <span class='ocrx_word' id='word_1_598' title='bbox 350 3307 401 3327; x_wconf 82' lang='lat' dir='ltr'>vos</span> <span class='ocrx_word' id='word_1_599' title='bbox 420 3299 572 3330; x_wconf 69' lang='lat' dir='ltr'>Altiffimus</span> <span class='ocrx_word' id='word_1_600' title='bbox 587 3301 620 3332; x_wconf 86' lang='lat' dir='ltr'>ad</span> <span class='ocrx_word' id='word_1_601' title='bbox 635 3302 776 3342; x_wconf 85' lang='lat' dir='ltr'>Regimen</span> <span class='ocrx_word' id='word_1_602' title='bbox 792 3302 924 3336; x_wconf 61' lang='lat' dir='ltr'>Ecclesia:</span> <span class='ocrx_word' id='word_1_603' title='bbox 941 3307 995 3337; x_wconf 83' lang='lat' dir='ltr'>suae</span> <span class='ocrx_word' id='word_1_604' title='bbox 1015 3308 1128 3338; x_wconf 72' lang='lat' dir='ltr'>SanCrae</span> <span class='ocrx_word' id='word_1_605' title='bbox 1150 3319 1198 3347; x_wconf 92' lang='lat' dir='ltr'>per</span> 
     </span>
     <span class='ocr_line' id='line_1_79' title="bbox 144 3335 615 3374; baseline 0.008 -9"><span class='ocrx_word' id='word_1_606' title='bbox 144 3342 272 3373; x_wconf 85' lang='lat' dir='ltr'>tempora</span> <span class='ocrx_word' id='word_1_607' title='bbox 287 3335 416 3373; x_wconf 83' lang='lat' dir='ltr'>prospera</span> <span class='ocrx_word' id='word_1_608' title='bbox 429 3338 461 3366; x_wconf 60' lang='grc' dir='ltr'>ἃ</span> <span class='ocrx_word' id='word_1_609' title='bbox 478 3338 615 3374; x_wconf 72' lang='lat' dir='ltr'>long-aeva.</span> 
     </span>
    </p>

    <p class='ocr_par' dir='ltr' id='par_1_26' title="bbox 183 3372 1201 3425">
     <span class='ocr_line' id='line_1_80' title="bbox 183 3372 1201 3425; baseline 0.015 -24"><span class='ocrx_word' id='word_1_610' title='bbox 183 3372 251 3403; x_wconf 86' lang='lat' dir='ltr'>Dat.</span> <span class='ocrx_word' id='word_1_611' title='bbox 268 3373 341 3410; x_wconf 86' lang='lat' dir='ltr'>apud</span> <span class='ocrx_word' id='word_1_612' title='bbox 357 3375 506 3413; x_wconf 73' lang='lat' dir='ltr'>Tenham,</span> <span class='ocrx_word' id='word_1_613' title='bbox 524 3378 659 3408; x_wconf 81' lang='lat' dir='ltr'>vicesimo</span> <span class='ocrx_word' id='word_1_614' title='bbox 672 3381 756 3409; x_wconf 85' lang='lat' dir='ltr'>tertio</span> <span class='ocrx_word' id='word_1_615' title='bbox 770 3379 815 3410; x_wconf 85' lang='lat' dir='ltr'>die</span> <span class='ocrx_word' id='word_1_616' title='bbox 835 3381 994 3422; x_wconf 80' lang='lat' dir='ltr'>Februarii,</span> <span class='ocrx_word' id='word_1_617' title='bbox 1015 3384 1101 3415; x_wconf 77' lang='lat' dir='ltr'>Anno</span> <span class='ocrx_word' id='word_1_618' title='bbox 1124 3385 1201 3425; x_wconf 83' lang='lat' dir='ltr'>Reg-</span> 
     </span>
    </p>
   </div>
   <div class='ocr_carea' id='block_1_12' title="bbox 144 3411 1201 3478">
    <p class='ocr_par' dir='ltr' id='par_1_27' title="bbox 144 3411 1201 3478">
     <span class='ocr_line' id='line_1_81' title="bbox 144 3411 1201 3458; baseline 0.014 -19"><span class='ocrx_word' id='word_1_619' title='bbox 144 3411 175 3439; x_wconf 92' lang='lat' dir='ltr'>ni</span> <span class='ocrx_word' id='word_1_620' title='bbox 190 3411 277 3441; x_wconf 86' lang='lat' dir='ltr'>nostri</span> <span class='ocrx_word' id='word_1_621' title='bbox 290 3412 415 3443; x_wconf 77' lang='lat' dir='ltr'>Franciae</span> <span class='ocrx_word' id='word_1_622' title='bbox 432 3413 536 3452; x_wconf 82' lang='lat' dir='ltr'>Sexto,</span> <span class='ocrx_word' id='word_1_623' title='bbox 555 3414 654 3454; x_wconf 83' lang='lat' dir='ltr'>Regni</span> <span class='ocrx_word' id='word_1_624' title='bbox 671 3420 741 3449; x_wconf 82' lang='lat' dir='ltr'>vero</span> <span class='ocrx_word' id='word_1_625' title='bbox 756 3419 846 3449; x_wconf 88' lang='lat' dir='ltr'>nostri</span> <span class='ocrx_word' id='word_1_626' title='bbox 865 3421 978 3458; x_wconf 82' lang='lat' dir='ltr'>Angliae</span> <span class='ocrx_word' id='word_1_627' title='bbox 997 3421 1124 3453; x_wconf 86' lang='lat' dir='ltr'>Decimo</span> <span class='ocrx_word' id='word_1_628' title='bbox 1148 3434 1201 3454; x_wconf 83' lang='lat' dir='ltr'>no-</span> 
     </span>
     <span class='ocr_line' id='line_1_82' title="bbox 146 3458 197 3478; baseline 0 0"><span class='ocrx_word' id='word_1_629' title='bbox 146 3458 197 3478; x_wconf 89' lang='lat' dir='ltr'>no.</span> 
     </span>
    </p>
   </div>
   <div class='ocr_carea' id='block_1_13' title="bbox 591 2742 674 2748">
    <p class='ocr_par' dir='ltr' id='par_1_28' title="bbox 591 2742 674 2748">
     <span class='ocr_line' id='line_1_83' title="bbox 591 2742 674 2748; baseline 0 0"><span class='ocrx_word' id='word_1_630' title='bbox 591 2742 674 2748; x_wconf 95' lang='lat' dir='ltr'> </span> 
     </span>
    </p>
   </div>
   <div class='ocr_carea' id='block_1_14' title="bbox 0 2731 130 2769">
    <p class='ocr_par' dir='ltr' id='par_1_29' title="bbox 0 2731 130 2769">
     <span class='ocr_line' id='line_1_84' title="bbox 0 2731 130 2769; baseline -0.008 0"><span class='ocrx_word' id='word_1_631' title='bbox 0 2731 130 2769; x_wconf 49' lang='lat' dir='ltr'>&#39;‘V-445-</span> 
     </span>
    </p>
   </div>
   <div class='ocr_carea' id='block_1_15' title="bbox 155 3524 1215 3544">
    <p class='ocr_par' dir='ltr' id='par_1_30' title="bbox 155 3524 1215 3544">
     <span class='ocr_line' id='line_1_85' title="bbox 155 3524 1215 3544; baseline 0 735"><span class='ocrx_word' id='word_1_632' title='bbox 155 3524 1215 3544; x_wconf 95' lang='lat' dir='ltr'> </span> 
     </span>
    </p>
   </div>
   <div class='ocr_carea' id='block_1_16' title="bbox 266 3572 1079 3628">
    <p class='ocr_par' dir='ltr' id='par_1_31' title="bbox 266 3572 1079 3628">
     <span class='ocr_line' id='line_1_86' title="bbox 266 3572 1079 3628; baseline 0.018 -26"><span class='ocrx_word' id='word_1_633' title='bbox 266 3572 315 3603; x_wconf 87' lang='lat' dir='ltr'>De</span> <span class='ocrx_word' id='word_1_634' title='bbox 328 3573 484 3606; x_wconf 59' lang='lat' dir='ltr'>tratiando</span> <span class='ocrx_word' id='word_1_635' title='bbox 501 3586 570 3607; x_wconf 75' lang='lat' dir='ltr'>cum</span> <span class='ocrx_word' id='word_1_636' title='bbox 591 3577 745 3611; x_wconf 72' lang='lat' dir='ltr'>Lodowico</span> <span class='ocrx_word' id='word_1_637' title='bbox 768 3583 843 3628; x_wconf 74' lang='lat' dir='ltr'>Rege</span> <span class='ocrx_word' id='word_1_638' title='bbox 863 3585 1079 3618; x_wconf 66' lang='lat' dir='ltr'>Romanorum.</span> 
     </span>
    </p>
   </div>
   <div class='ocr_carea' id='block_1_17' title="bbox 11 3653 1214 3996">
    <p class='ocr_par' dir='ltr' id='par_1_32' title="bbox 11 3653 1214 3996">
     <span class='ocr_line' id='line_1_87' title="bbox 11 3653 1071 3726; baseline 0.02 -47"><span class='ocrx_word' id='word_1_639' title='bbox 11 3661 94 3718; x_wconf 50' lang='lat' dir='ltr'>MP,</span> <span class='ocrx_word' id='word_1_640' title='bbox 106 3653 447 3726; x_wconf 49' lang='lat' dir='ltr'>D·RE}Cl{ltiiiSii-egliss</span> <span class='ocrx_word' id='word_1_641' title='bbox 463 3660 607 3696; x_wconf 70' lang='lat' dir='ltr'>praesentes</span> <span class='ocrx_word' id='word_1_642' title='bbox 625 3661 730 3693; x_wconf 88' lang='lat' dir='ltr'>Literas</span> <span class='ocrx_word' id='word_1_643' title='bbox 742 3665 917 3705; x_wconf 62' lang='lat' dir='ltr'>inspec‘iuris,</span> <span class='ocrx_word' id='word_1_644' title='bbox 938 3668 1071 3700; x_wconf 77' lang='lat' dir='ltr'>Salutem.</span> 
     </span>
     <span class='ocr_line' id='line_1_88' title="bbox 12 3705 1210 3793; baseline 0.012 -31"><span class='ocrx_word' id='word_1_645' title='bbox 12 3705 249 3793; x_wconf 46' lang='lat' dir='ltr'>A1n³4159.n0ffe</span> <span class='ocrx_word' id='word_1_646' title='bbox 273 3705 419 3782; x_wconf 52' lang='lat' dir='ltr'>Fidelitqagg</span> <span class='ocrx_word' id='word_1_647' title='bbox 433 3707 753 3782; x_wconf 40' lang='lat' dir='ltr'>gosqircunispet‘tione</span> <span class='ocrx_word' id='word_1_648' title='bbox 767 3765 776 3777; x_wconf 92' lang='lat'>,</span> <span class='ocrx_word' id='word_1_649' title='bbox 800 3740 989 3785; x_wconf 18' lang='lat' dir='ltr'>§Dilestorum</span> <span class='ocrx_word' id='word_1_650' title='bbox 1012 3747 1045 3777; x_wconf 74' lang='grc' dir='ltr'>δε</span> <span class='ocrx_word' id='word_1_651' title='bbox 1073 3745 1210 3776; x_wconf 76' lang='lat' dir='ltr'>fidelium</span> 
     </span>
     <span class='ocr_line' id='line_1_89' title="bbox 14 3770 1211 3845; baseline 0.018 -53"><span class='ocrx_word' id='word_1_652' title='bbox 14 3779 96 3840; x_wconf 39' lang='lat' dir='ltr'>{tgr-M}2</span> <span class='ocrx_word' id='word_1_653' title='bbox 112 3800 196 3845; x_wconf 25' lang='lat' dir='ltr'>¹9tde</span> <span class='ocrx_word' id='word_1_654' title='bbox 209 3776 336 3835; x_wconf 39' lang='lat' dir='ltr'>&amp;5153ss</span> <span class='ocrx_word' id='word_1_655' title='bbox 346 3770 695 3845; x_wconf 40' lang='grc' dir='ltr'>ἂὲἓὲἰίῗὲιὲόΐῗέξοῐέε</span> <span class='ocrx_word' id='word_1_656' title='bbox 714 3778 838 3823; x_wconf 77' lang='lat' dir='ltr'>Domini</span> <span class='ocrx_word' id='word_1_657' title='bbox 859 3781 1017 3827; x_wconf 27' lang='lat' dir='ltr'>deuCuyk,</span> <span class='ocrx_word' id='word_1_658' title='bbox 1030 3785 1068 3829; x_wconf 23' lang='lat' dir='ltr'>K&amp;</span> <span class='ocrx_word' id='word_1_659' title='bbox 1088 3783 1211 3822; x_wconf 89' lang='lat' dir='ltr'>Philippi</span> 
     </span>
     <span class='ocr_line' id='line_1_90' title="bbox 17 3818 1214 3877; baseline 0.018 -45"><span class='ocrx_word' id='word_1_660' title='bbox 17 3853 51 3877; x_wconf 43' lang='grc' dir='ltr'>Ε.</span> <span class='ocrx_word' id='word_1_661' title='bbox 91 3834 105 3877; x_wconf 52' lang='lat'>,¹</span> <span class='ocrx_word' id='word_1_662' title='bbox 135 3871 140 3876; x_wconf 93' lang='lat'>.</span> <span class='ocrx_word' id='word_1_663' title='bbox 162 3848 202 3870; x_wconf 87' lang='lat' dir='ltr'>tes</span> <span class='ocrx_word' id='word_1_664' title='bbox 636 3837 644 3852; x_wconf 83' lang='grc'>,</span> <span class='ocrx_word' id='word_1_665' title='bbox 685 3825 807 3847; x_wconf 84' lang='lat' dir='ltr'>ecretarii</span> <span class='ocrx_word' id='word_1_666' title='bbox 821 3818 928 3858; x_wconf 87' lang='lat' dir='ltr'>nostri,</span> <span class='ocrx_word' id='word_1_667' title='bbox 943 3823 1053 3858; x_wconf 86' lang='lat' dir='ltr'>plenius</span> <span class='ocrx_word' id='word_1_668' title='bbox 1065 3821 1214 3853; x_wconf 87' lang='lat' dir='ltr'>confiden-</span> 
     </span>
     <span class='ocr_line' id='line_1_91' title="bbox 18 3856 585 3924; baseline 0.023 -20"><span class='ocrx_word' id='word_1_669' title='bbox 18 3896 48 3921; x_wconf 25' lang='grc' dir='ltr'>λ..</span> <span class='ocrx_word' id='word_1_670' title='bbox 61 3859 96 3916; x_wconf 56' lang='grc' dir='ltr'>ἐ,</span> <span class='ocrx_word' id='word_1_671' title='bbox 107 3856 151 3924; x_wconf 55' lang='lat'>33⁷5,</span> <span class='ocrx_word' id='word_1_672' title='bbox 197 3864 247 3922; x_wconf 62' lang='lat' dir='ltr'>f’id</span> <span class='ocrx_word' id='word_1_673' title='bbox 264 3879 455 3914; x_wconf 65' lang='lat' dir='ltr'>Tra&amp;aridum</span> <span class='ocrx_word' id='word_1_674' title='bbox 470 3887 502 3916; x_wconf 82' lang='lat'>&amp;</span> <span class='ocrx_word' id='word_1_675' title='bbox 517 3886 585 3917; x_wconf 90' lang='lat' dir='ltr'>Con</span> 
     </span>
     <span class='ocr_line' id='line_1_92' title="bbox 161 3921 570 3962; baseline 0.024 -17"><span class='ocrx_word' id='word_1_676' title='bbox 161 3925 257 3956; x_wconf 90' lang='lat' dir='ltr'>mine,</span> <span class='ocrx_word' id='word_1_677' title='bbox 281 3928 367 3957; x_wconf 82' lang='lat' dir='ltr'>cum,</span> <span class='ocrx_word' id='word_1_678' title='bbox 393 3921 570 3962; x_wconf 57' lang='lat' dir='ltr'>serenissimo</span> 
     </span>
     <span class='ocr_line' id='line_1_93' title="bbox 159 3953 541 3996; baseline 0.018 -12"><span class='ocrx_word' id='word_1_679' title='bbox 159 3953 380 3993; x_wconf 88' lang='lat' dir='ltr'>Romanorum,</span> <span class='ocrx_word' id='word_1_680' title='bbox 394 3960 498 3996; x_wconf 78' lang='lat' dir='ltr'>{emper</span> <span class='ocrx_word' id='word_1_681' title='bbox 514 3962 541 3991; x_wconf 82' lang='lat' dir='ltr'>A</span> 
     </span>
    </p>
   </div>
   <div class='ocr_carea' id='block_1_18' title="bbox 155 3890 1217 4081">
    <p class='ocr_par' dir='ltr' id='par_1_33' title="bbox 155 3890 1217 4081">
     <span class='ocr_line' id='line_1_94' title="bbox 587 3890 1215 3935; baseline 0.022 -17"><span class='ocrx_word' id='word_1_682' title='bbox 587 3890 762 3935; x_wconf 77' lang='lat' dir='ltr'>cordandum</span> <span class='ocrx_word' id='word_1_683' title='bbox 781 3903 833 3930; x_wconf 87' lang='lat' dir='ltr'>pro</span> <span class='ocrx_word' id='word_1_684' title='bbox 849 3894 965 3935; x_wconf 89' lang='lat' dir='ltr'>Nobis,</span> <span class='ocrx_word' id='word_1_685' title='bbox 983 3899 1017 3928; x_wconf 67' lang='grc' dir='ltr'>ὅ(</span> <span class='ocrx_word' id='word_1_686' title='bbox 1040 3898 1140 3930; x_wconf 91' lang='lat' dir='ltr'>nostro</span> <span class='ocrx_word' id='word_1_687' title='bbox 1161 3909 1215 3930; x_wconf 90' lang='lat' dir='ltr'>no-</span> 
     </span>
     <span class='ocr_line' id='line_1_95' title="bbox 590 3927 1216 3976; baseline 0.021 -20"><span class='ocrx_word' id='word_1_688' title='bbox 590 3927 735 3967; x_wconf 87' lang='lat' dir='ltr'>Principe,</span> <span class='ocrx_word' id='word_1_689' title='bbox 761 3932 896 3963; x_wconf 87' lang='lat' dir='ltr'>Domino</span> <span class='ocrx_word' id='word_1_690' title='bbox 918 3934 1081 3968; x_wconf 88' lang='lat' dir='ltr'>Lodowico</span> <span class='ocrx_word' id='word_1_691' title='bbox 1096 3960 1106 3975; x_wconf 93' lang='lat'>,</span> <span class='ocrx_word' id='word_1_692' title='bbox 1132 3937 1216 3976; x_wconf 71' lang='lat' dir='ltr'>Rege</span> 
     </span>
     <span class='ocr_line' id='line_1_96' title="bbox 160 3965 1215 4014; baseline 0.022 -30"><span class='ocrx_word' id='word_1_693' title='bbox 160 3992 165 3996; x_wconf 32' lang='lat'><em>¹</em></span> <span class='ocrx_word' id='word_1_694' title='bbox 269 3994 278 4014; x_wconf 51' lang='grc' dir='ltr'>Τ</span> <span class='ocrx_word' id='word_1_695' title='bbox 544 3965 660 4004; x_wconf 80' lang='lat' dir='ltr'>ugusto,</span> <span class='ocrx_word' id='word_1_696' title='bbox 677 3969 755 4006; x_wconf 85' lang='lat' dir='ltr'>super</span> <span class='ocrx_word' id='word_1_697' title='bbox 773 3969 848 4008; x_wconf 83' lang='lat' dir='ltr'>Ligis</span> <span class='ocrx_word' id='word_1_698' title='bbox 863 3972 896 4002; x_wconf 69' lang='lat' dir='ltr'>a&amp;</span> <span class='ocrx_word' id='word_1_699' title='bbox 912 3972 1051 4005; x_wconf 87' lang='lat' dir='ltr'>Amicitiis</span> <span class='ocrx_word' id='word_1_700' title='bbox 1066 3977 1215 4013; x_wconf 80' lang='lat' dir='ltr'>perpetuis,</span> 
     </span>
     <span class='ocr_line' id='line_1_97' title="bbox 157 3994 1217 4046; baseline 0.025 -25"><span class='ocrx_word' id='word_1_701' title='bbox 157 4001 230 4036; x_wconf 68' lang='lat' dir='ltr'>inter</span> <span class='ocrx_word' id='word_1_702' title='bbox 246 3994 361 4038; x_wconf 45' lang='lat' dir='ltr'>NR&amp;</span> <span class='ocrx_word' id='word_1_703' title='bbox 374 3994 467 4039; x_wconf 30' lang='lat' dir='ltr'>&#39;Ipsam</span> <span class='ocrx_word' id='word_1_704' title='bbox 483 4008 580 4029; x_wconf 78' lang='lat' dir='ltr'>contra</span> <span class='ocrx_word' id='word_1_705' title='bbox 594 4013 694 4035; x_wconf 89' lang='lat' dir='ltr'>omnes</span> <span class='ocrx_word' id='word_1_706' title='bbox 717 4006 861 4039; x_wconf 83' lang='lat' dir='ltr'>Homines</span> <span class='ocrx_word' id='word_1_707' title='bbox 882 4011 1008 4043; x_wconf 81' lang='lat' dir='ltr'>ineundis</span> <span class='ocrx_word' id='word_1_708' title='bbox 1042 4014 1075 4045; x_wconf 66' lang='grc' dir='ltr'>ὃς</span> <span class='ocrx_word' id='word_1_709' title='bbox 1096 4013 1132 4046; x_wconf 87' lang='lat' dir='ltr'>de</span> <span class='ocrx_word' id='word_1_710' title='bbox 1153 4025 1217 4046; x_wconf 83' lang='lat' dir='ltr'>mu-</span> 
     </span>
     <span class='ocr_line' id='line_1_98' title="bbox 155 4031 1025 4081; baseline 0.023 -21"><span class='ocrx_word' id='word_1_711' title='bbox 155 4036 207 4061; x_wconf 78' lang='lat' dir='ltr'>tuis</span> <span class='ocrx_word' id='word_1_712' title='bbox 221 4031 337 4064; x_wconf 82' lang='lat' dir='ltr'>Auxiliis</span> <span class='ocrx_word' id='word_1_713' title='bbox 351 4034 417 4065; x_wconf 89' lang='lat' dir='ltr'>hinc</span> <span class='ocrx_word' id='word_1_714' title='bbox 432 4035 499 4065; x_wconf 78' lang='lat' dir='ltr'>inde</span> <span class='ocrx_word' id='word_1_715' title='bbox 512 4038 669 4074; x_wconf 68' lang='lat' dir='ltr'>praestandis</span> <span class='ocrx_word' id='word_1_716' title='bbox 679 4066 688 4081; x_wconf 86' lang='lat'>,</span> <span class='ocrx_word' id='word_1_717' title='bbox 1015 4035 1025 4051; x_wconf 70' lang='lat'>²</span> 
     </span>
    </p>
   </div>
   <div class='ocr_carea' id='block_1_19' title="bbox 575 144 1378 192">
    <p class='ocr_par' dir='ltr' id='par_1_34' title="bbox 575 144 1378 192">
     <span class='ocr_line' id='line_1_99' title="bbox 575 144 1378 192; baseline 0.005 -4"><span class='ocrx_word' id='word_1_718' title='bbox 575 144 1378 192; x_wconf 82' lang='lat' dir='ltr'>CONVENTIONES‚</span> 
     </span>
    </p>
   </div>
   <div class='ocr_carea' id='block_1_20' title="bbox 1433 141 1817 194">
    <p class='ocr_par' dir='ltr' id='par_1_35' title="bbox 1433 141 1817 194">
     <span class='ocr_line' id='line_1_100' title="bbox 1433 141 1817 194; baseline 0 -11"><span class='ocrx_word' id='word_1_719' title='bbox 1433 141 1817 194; x_wconf 89' lang='lat' dir='ltr'>LITERAE,</span> 
     </span>
    </p>
   </div>
   <div class='ocr_carea' id='block_1_21' title="bbox 1217 223 2432 728">
    <p class='ocr_par' dir='ltr' id='par_1_36' title="bbox 1217 223 2432 306">
     <span class='ocr_line' id='line_1_101' title="bbox 1254 223 2432 268; baseline -0.003 -7"><span class='ocrx_word' id='word_1_720' title='bbox 1254 231 1292 262; x_wconf 85' lang='lat' dir='ltr'>Et</span> <span class='ocrx_word' id='word_1_721' title='bbox 1311 230 1345 262; x_wconf 91' lang='lat' dir='ltr'>ad</span> <span class='ocrx_word' id='word_1_722' title='bbox 1366 239 1413 268; x_wconf 87' lang='lat' dir='ltr'>ea,</span> <span class='ocrx_word' id='word_1_723' title='bbox 1431 239 1496 268; x_wconf 86' lang='lat' dir='ltr'>quae</span> <span class='ocrx_word' id='word_1_724' title='bbox 1515 229 1552 260; x_wconf 90' lang='lat' dir='ltr'>sic</span> <span class='ocrx_word' id='word_1_725' title='bbox 1568 229 1703 260; x_wconf 71' lang='lat' dir='ltr'>Trae’cata</span> <span class='ocrx_word' id='word_1_726' title='bbox 1716 229 1750 260; x_wconf 75' lang='grc' dir='ltr'>δε</span> <span class='ocrx_word' id='word_1_727' title='bbox 1764 225 1951 259; x_wconf 84' lang='lat' dir='ltr'>Concordata</span> <span class='ocrx_word' id='word_1_728' title='bbox 1964 225 2087 265; x_wconf 76' lang='lat' dir='ltr'>fuerint,</span> <span class='ocrx_word' id='word_1_729' title='bbox 2105 225 2288 267; x_wconf 66' lang='lat' dir='ltr'>quicumque</span> <span class='ocrx_word' id='word_1_730' title='bbox 2304 223 2432 264; x_wconf 74' lang='lat' dir='ltr'>Ann.-D.‘</span> 
     </span>
     <span class='ocr_line' id='line_1_102' title="bbox 1217 268 2405 306; baseline -0.004 -6"><span class='ocrx_word' id='word_1_731' title='bbox 1217 269 1362 301; x_wconf 88' lang='lat' dir='ltr'>securitate</span> <span class='ocrx_word' id='word_1_732' title='bbox 1379 268 1566 303; x_wconf 79' lang='lat' dir='ltr'>firmandum,</span> <span class='ocrx_word' id='word_1_733' title='bbox 2321 274 2405 306; x_wconf 82' lang='lat'>1345.</span> 
     </span>
    </p>

    <p class='ocr_par' dir='ltr' id='par_1_37' title="bbox 1217 303 2413 498">
     <span class='ocr_line' id='line_1_103' title="bbox 1255 303 2413 346; baseline -0.004 -8"><span class='ocrx_word' id='word_1_734' title='bbox 1255 306 1425 346; x_wconf 73' lang='lat' dir='ltr'>Caeteraque</span> <span class='ocrx_word' id='word_1_735' title='bbox 1437 308 1536 337; x_wconf 90' lang='lat' dir='ltr'>omnia</span> <span class='ocrx_word' id='word_1_736' title='bbox 1550 307 1584 337; x_wconf 89' lang='lat'>&amp;</span> <span class='ocrx_word' id='word_1_737' title='bbox 1598 305 1704 345; x_wconf 87' lang='lat' dir='ltr'>singula</span> <span class='ocrx_word' id='word_1_738' title='bbox 1717 303 1879 335; x_wconf 82' lang='lat' dir='ltr'>faciendum</span> <span class='ocrx_word' id='word_1_739' title='bbox 1895 304 1928 335; x_wconf 93' lang='lat'>&amp;</span> <span class='ocrx_word' id='word_1_740' title='bbox 1951 303 2149 343; x_wconf 81' lang='lat' dir='ltr'>exequendum</span> <span class='ocrx_word' id='word_1_741' title='bbox 2169 313 2234 342; x_wconf 83' lang='lat' dir='ltr'>quae</span> <span class='ocrx_word' id='word_1_742' title='bbox 2254 305 2286 336; x_wconf 88' lang='lat' dir='ltr'>in</span> <span class='ocrx_word' id='word_1_743' title='bbox 2299 304 2365 334; x_wconf 82' lang='lat' dir='ltr'>Edv.</span> <span class='ocrx_word' id='word_1_744' title='bbox 2386 315 2413 343; x_wconf 85' lang='lat'>3.</span> 
     </span>
     <span class='ocr_line' id='line_1_104' title="bbox 1220 341 2287 384; baseline -0.002 -7"><span class='ocrx_word' id='word_1_745' title='bbox 1220 346 1274 377; x_wconf 87' lang='lat' dir='ltr'>hac</span> <span class='ocrx_word' id='word_1_746' title='bbox 1292 354 1368 384; x_wconf 87' lang='lat' dir='ltr'>parte</span> <span class='ocrx_word' id='word_1_747' title='bbox 1380 345 1527 376; x_wconf 80' lang='lat' dir='ltr'>necessaria</span> <span class='ocrx_word' id='word_1_748' title='bbox 1541 345 1645 376; x_wconf 85' lang='lat' dir='ltr'>fuerint</span> <span class='ocrx_word' id='word_1_749' title='bbox 1657 343 1704 376; x_wconf 88' lang='lat' dir='ltr'>vel</span> <span class='ocrx_word' id='word_1_750' title='bbox 1715 353 1873 382; x_wconf 87' lang='lat' dir='ltr'>oportuna,</span> <span class='ocrx_word' id='word_1_751' title='bbox 1891 344 1976 373; x_wconf 87' lang='lat' dir='ltr'>etiam</span> <span class='ocrx_word' id='word_1_752' title='bbox 1990 343 2009 373; x_wconf 84' lang='lat' dir='ltr'>fi</span> <span class='ocrx_word' id='word_1_753' title='bbox 2032 341 2206 374; x_wconf 88' lang='lat' dir='ltr'>Mandatum</span> <span class='ocrx_word' id='word_1_754' title='bbox 2229 344 2287 375; x_wconf 84' lang='lat' dir='ltr'>exi-</span> 
     </span>
     <span class='ocr_line' id='line_1_105' title="bbox 1217 384 2286 465; baseline -0.001 -13"><span class='ocrx_word' id='word_1_755' title='bbox 1217 384 1542 461; x_wconf 44' lang='grc' dir='ltr'>ἓὲἳξτῖἕέἰςξιὶῗὲῖὈῑτοηὶ</span> <span class='ocrx_word' id='word_1_756' title='bbox 1562 423 1595 454; x_wconf 85' lang='lat'>&amp;</span> <span class='ocrx_word' id='word_1_757' title='bbox 1615 420 1767 465; x_wconf 76' lang='lat' dir='ltr'>Philippo,</span> <span class='ocrx_word' id='word_1_758' title='bbox 1783 421 1817 452; x_wconf 91' lang='lat'>&amp;</span> <span class='ocrx_word' id='word_1_759' title='bbox 1838 429 1940 464; x_wconf 78' lang='lat' dir='ltr'>eorum</span> <span class='ocrx_word' id='word_1_760' title='bbox 1958 419 2076 450; x_wconf 89' lang='lat' dir='ltr'>cuilibet</span> <span class='ocrx_word' id='word_1_761' title='bbox 2096 419 2225 460; x_wconf 87' lang='lat' dir='ltr'>plenam,</span> <span class='ocrx_word' id='word_1_762' title='bbox 2243 427 2286 452; x_wconf 87' lang='lat' dir='ltr'>te-</span> 
     </span>
     <span class='ocr_line' id='line_1_106' title="bbox 1222 457 2217 498; baseline -0.002 -8"><span class='ocrx_word' id='word_1_763' title='bbox 1222 471 1292 490; x_wconf 92' lang='lat' dir='ltr'>nore</span> <span class='ocrx_word' id='word_1_764' title='bbox 1305 461 1500 498; x_wconf 81' lang='lat' dir='ltr'>praesentium,</span> <span class='ocrx_word' id='word_1_765' title='bbox 1518 461 1727 491; x_wconf 87' lang='lat' dir='ltr'>committimus</span> <span class='ocrx_word' id='word_1_766' title='bbox 1743 460 1776 490; x_wconf 73' lang='grc' dir='ltr'>δε</span> <span class='ocrx_word' id='word_1_767' title='bbox 1789 459 1976 489; x_wconf 86' lang='lat' dir='ltr'>concedimus</span> <span class='ocrx_word' id='word_1_768' title='bbox 1991 457 2181 497; x_wconf 84' lang='lat' dir='ltr'>Potestatem;</span> <span class='ocrx_word' id='word_1_769' title='bbox 2212 490 2217 494; x_wconf 63' lang='grc'>,</span> 
     </span>
    </p>

    <p class='ocr_par' dir='ltr' id='par_1_38' title="bbox 1219 495 2288 644">
     <span class='ocr_line' id='line_1_107' title="bbox 1260 495 2286 537; baseline 0.001 -9"><span class='ocrx_word' id='word_1_770' title='bbox 1260 498 1464 530; x_wconf 68' lang='lat' dir='ltr'>promittentes</span> <span class='ocrx_word' id='word_1_771' title='bbox 1484 509 1538 537; x_wconf 88' lang='lat' dir='ltr'>pro</span> <span class='ocrx_word' id='word_1_772' title='bbox 1558 499 1640 529; x_wconf 91' lang='lat' dir='ltr'>nobis</span> <span class='ocrx_word' id='word_1_773' title='bbox 1653 523 1663 536; x_wconf 98' lang='lat'>,</span> <span class='ocrx_word' id='word_1_774' title='bbox 1683 499 1717 529; x_wconf 88' lang='lat'>&amp;</span> <span class='ocrx_word' id='word_1_775' title='bbox 1736 496 1835 528; x_wconf 89' lang='lat' dir='ltr'>nostro</span> <span class='ocrx_word' id='word_1_776' title='bbox 1858 498 1977 527; x_wconf 91' lang='lat' dir='ltr'>nomine</span> <span class='ocrx_word' id='word_1_777' title='bbox 1991 521 2001 535; x_wconf 84' lang='lat'>,</span> <span class='ocrx_word' id='word_1_778' title='bbox 2027 496 2096 527; x_wconf 89' lang='lat' dir='ltr'>Nos</span> <span class='ocrx_word' id='word_1_779' title='bbox 2121 495 2230 527; x_wconf 85' lang='lat' dir='ltr'>Rarum</span> <span class='ocrx_word' id='word_1_780' title='bbox 2250 497 2286 529; x_wconf 87' lang='lat'>&amp;</span> 
     </span>
     <span class='ocr_line' id='line_1_108' title="bbox 1222 534 2288 575; baseline -0.001 -9"><span class='ocrx_word' id='word_1_781' title='bbox 1222 537 1345 568; x_wconf 87' lang='lat' dir='ltr'>Gratum</span> <span class='ocrx_word' id='word_1_782' title='bbox 1367 538 1510 568; x_wconf 87' lang='lat' dir='ltr'>habituros</span> <span class='ocrx_word' id='word_1_783' title='bbox 1531 537 1667 575; x_wconf 89' lang='lat' dir='ltr'>quicquid</span> <span class='ocrx_word' id='word_1_784' title='bbox 1688 546 1737 574; x_wconf 91' lang='lat' dir='ltr'>per</span> <span class='ocrx_word' id='word_1_785' title='bbox 1756 536 1863 573; x_wconf 67' lang='grc' dir='ltr'>ἀίἆὶοε,</span> <span class='ocrx_word' id='word_1_786' title='bbox 1887 535 2031 566; x_wconf 89' lang='lat' dir='ltr'>Ottonem</span> <span class='ocrx_word' id='word_1_787' title='bbox 2053 535 2087 566; x_wconf 92' lang='lat'>&amp;</span> <span class='ocrx_word' id='word_1_788' title='bbox 2108 534 2288 575; x_wconf 89' lang='lat' dir='ltr'>Philippum,</span> 
     </span>
     <span class='ocr_line' id='line_1_109' title="bbox 1219 573 2286 613; baseline -0.001 -7"><span class='ocrx_word' id='word_1_789' title='bbox 1219 576 1265 606; x_wconf 90' lang='lat' dir='ltr'>vel</span> <span class='ocrx_word' id='word_1_790' title='bbox 1287 585 1388 606; x_wconf 85' lang='lat' dir='ltr'>eorum</span> <span class='ocrx_word' id='word_1_791' title='bbox 1409 575 1546 612; x_wconf 85' lang='lat' dir='ltr'>alterurn,</span> <span class='ocrx_word' id='word_1_792' title='bbox 1564 575 1660 606; x_wconf 62' lang='lat' dir='ltr'>adium</span> <span class='ocrx_word' id='word_1_793' title='bbox 1682 576 1765 605; x_wconf 89' lang='lat' dir='ltr'>fuerit</span> <span class='ocrx_word' id='word_1_794' title='bbox 1786 576 1815 604; x_wconf 89' lang='lat' dir='ltr'>in</span> <span class='ocrx_word' id='word_1_795' title='bbox 1835 574 2000 613; x_wconf 87' lang='lat' dir='ltr'>praemiffis,</span> <span class='ocrx_word' id='word_1_796' title='bbox 2014 574 2048 605; x_wconf 68' lang='grc' dir='ltr'>ὃς</span> <span class='ocrx_word' id='word_1_797' title='bbox 2069 573 2197 613; x_wconf 87' lang='lat' dir='ltr'>quolibet</span> <span class='ocrx_word' id='word_1_798' title='bbox 2211 584 2286 613; x_wconf 76' lang='lat' dir='ltr'>prae-</span> 
     </span>
     <span class='ocr_line' id='line_1_110' title="bbox 1221 613 1380 644; baseline 0.006 -1"><span class='ocrx_word' id='word_1_799' title='bbox 1221 613 1380 644; x_wconf 89' lang='lat' dir='ltr'>missorum.</span> 
     </span>
    </p>

    <p class='ocr_par' dir='ltr' id='par_1_39' title="bbox 1260 652 1483 690">
     <span class='ocr_line' id='line_1_111' title="bbox 1260 652 1483 690; baseline 0 -8"><span class='ocrx_word' id='word_1_800' title='bbox 1260 652 1293 682; x_wconf 92' lang='lat' dir='ltr'>In</span> <span class='ocrx_word' id='word_1_801' title='bbox 1310 654 1403 690; x_wconf 80' lang='lat' dir='ltr'>cuius,</span> <span class='ocrx_word' id='word_1_802' title='bbox 1421 652 1483 683; x_wconf 91' lang='lat' dir='ltr'>&amp;c.</span> 
     </span>
    </p>

    <p class='ocr_par' dir='ltr' id='par_1_40' title="bbox 1298 687 2230 728">
     <span class='ocr_line' id='line_1_112' title="bbox 1298 687 2230 728; baseline -0.001 -7"><span class='ocrx_word' id='word_1_803' title='bbox 1298 690 1387 721; x_wconf 89' lang='lat' dir='ltr'>Teste</span> <span class='ocrx_word' id='word_1_804' title='bbox 1402 690 1488 728; x_wconf 86' lang='lat' dir='ltr'>Rege</span> <span class='ocrx_word' id='word_1_805' title='bbox 1500 688 1573 728; x_wconf 86' lang='lat' dir='ltr'>apud</span> <span class='ocrx_word' id='word_1_806' title='bbox 1584 688 1738 728; x_wconf 86' lang='lat' dir='ltr'>Tenham,</span> <span class='ocrx_word' id='word_1_807' title='bbox 1754 689 1893 721; x_wconf 74' lang='lat' dir='ltr'>vicesimo</span> <span class='ocrx_word' id='word_1_808' title='bbox 1905 690 1988 721; x_wconf 89' lang='lat' dir='ltr'>tertio</span> <span class='ocrx_word' id='word_1_809' title='bbox 2002 687 2048 719; x_wconf 90' lang='lat' dir='ltr'>die</span> <span class='ocrx_word' id='word_1_810' title='bbox 2063 688 2212 720; x_wconf 88' lang='lat' dir='ltr'>Februarii.</span> <span class='ocrx_word' id='word_1_811' title='bbox 2228 701 2230 706; x_wconf 95' lang='lat'>·</span> 
     </span>
    </p>
   </div>
   <div class='ocr_carea' id='block_1_22' title="bbox 1223 812 2287 865">
    <p class='ocr_par' dir='ltr' id='par_1_41' title="bbox 1223 812 2287 865">
     <span class='ocr_line' id='line_1_113' title="bbox 1223 812 2287 865; baseline -0.001 -16"><span class='ocrx_word' id='word_1_812' title='bbox 1223 819 1282 850; x_wconf 80' lang='lat' dir='ltr'>Pro</span> <span class='ocrx_word' id='word_1_813' title='bbox 1309 813 1477 865; x_wconf 64' lang='lat' dir='ltr'>Rcymundo</span> <span class='ocrx_word' id='word_1_814' title='bbox 1496 812 1532 847; x_wconf 80' lang='lat' dir='ltr'>de</span> <span class='ocrx_word' id='word_1_815' title='bbox 1549 817 1663 862; x_wconf 83' lang='lat' dir='ltr'>Farges</span> <span class='ocrx_word' id='word_1_816' title='bbox 1688 812 1851 846; x_wconf 68' lang='lat' dir='ltr'>Cardinale</span> <span class='ocrx_word' id='word_1_817' title='bbox 1877 813 1914 846; x_wconf 87' lang='lat' dir='ltr'>de</span> <span class='ocrx_word' id='word_1_818' title='bbox 1936 813 2086 862; x_wconf 76' lang='lat' dir='ltr'>Sequestro</span> <span class='ocrx_word' id='word_1_819' title='bbox 2108 814 2287 849; x_wconf 82' lang='lat' dir='ltr'>relaxando.</span> 
     </span>
    </p>
   </div>
   <div class='ocr_carea' id='block_1_23' title="bbox 1222 895 2437 1473">
    <p class='ocr_par' dir='ltr' id='par_1_42' title="bbox 1222 895 2437 1473">
     <span class='ocr_line' id='line_1_114' title="bbox 1224 895 2434 960; baseline -0.002 -27"><span class='ocrx_word' id='word_1_820' title='bbox 1224 901 1337 960; x_wconf 79' lang='lat' dir='ltr'>REX</span> <span class='ocrx_word' id='word_1_821' title='bbox 1352 900 1565 932; x_wconf 68' lang='lat' dir='ltr'>Colle&amp;oribus</span> <span class='ocrx_word' id='word_1_822' title='bbox 1578 898 1713 930; x_wconf 88' lang='lat' dir='ltr'>Decimae</span> <span class='ocrx_word' id='word_1_823' title='bbox 1728 898 1906 937; x_wconf 84' lang='lat' dir='ltr'>Triennalis,</span> <span class='ocrx_word' id='word_1_824' title='bbox 1923 899 2006 930; x_wconf 88' lang='lat' dir='ltr'>nobis</span> <span class='ocrx_word' id='word_1_825' title='bbox 2017 910 2066 938; x_wconf 86' lang='lat' dir='ltr'>per</span> <span class='ocrx_word' id='word_1_826' title='bbox 2079 900 2198 931; x_wconf 86' lang='lat' dir='ltr'>Clerum</span> <span class='ocrx_word' id='word_1_827' title='bbox 2207 900 2286 941; x_wconf 84' lang='lat' dir='ltr'>Reg-</span> <span class='ocrx_word' id='word_1_828' title='bbox 2301 895 2378 927; x_wconf 91' lang='lat' dir='ltr'>Ann.</span> <span class='ocrx_word' id='word_1_829' title='bbox 2392 897 2434 930; x_wconf 84' lang='lat' dir='ltr'>D.</span> 
     </span>
     <span class='ocr_line' id='line_1_115' title="bbox 1297 936 2415 1002; baseline -0.004 -32"><span class='ocrx_word' id='word_1_830' title='bbox 1297 942 1325 970; x_wconf 88' lang='lat' dir='ltr'>ni</span> <span class='ocrx_word' id='word_1_831' title='bbox 1346 939 1436 970; x_wconf 90' lang='lat' dir='ltr'>nostri</span> <span class='ocrx_word' id='word_1_832' title='bbox 1459 939 1570 978; x_wconf 86' lang='lat' dir='ltr'>Angliae</span> <span class='ocrx_word' id='word_1_833' title='bbox 1590 938 1750 976; x_wconf 70' lang='lat' dir='ltr'>conceffae,</span> <span class='ocrx_word' id='word_1_834' title='bbox 1768 938 1797 968; x_wconf 86' lang='lat' dir='ltr'>in</span> <span class='ocrx_word' id='word_1_835' title='bbox 1819 936 1951 969; x_wconf 86' lang='lat' dir='ltr'>Dioecesi</span> <span class='ocrx_word' id='word_1_836' title='bbox 1972 937 2183 978; x_wconf 85' lang='lat' dir='ltr'>Lincolniensi,</span> <span class='ocrx_word' id='word_1_837' title='bbox 2207 940 2286 971; x_wconf 83' lang='lat' dir='ltr'>Salu-</span> <span class='ocrx_word' id='word_1_838' title='bbox 2299 944 2415 1002; x_wconf 68' lang='lat' dir='ltr'><em>A1345.</em></span> 
     </span>
     <span class='ocr_line' id='line_1_116' title="bbox 1222 986 2416 1011; baseline -0.004 -2"><span class='ocrx_word' id='word_1_839' title='bbox 1222 988 1291 1010; x_wconf 81' lang='lat' dir='ltr'>tem.</span> <span class='ocrx_word' id='word_1_840' title='bbox 2327 986 2353 1002; x_wconf 89' lang='lat' dir='ltr'>n.</span> <span class='ocrx_word' id='word_1_841' title='bbox 2372 986 2416 1011; x_wconf 91' lang='lat'>19.</span> 
     </span>
     <span class='ocr_line' id='line_1_117' title="bbox 1261 1013 2378 1056; baseline -0.001 -8"><span class='ocrx_word' id='word_1_842' title='bbox 1261 1017 1415 1054; x_wconf 88' lang='lat' dir='ltr'>Volentes,</span> <span class='ocrx_word' id='word_1_843' title='bbox 1432 1014 1631 1046; x_wconf 89' lang='lat' dir='ltr'>Venerabilem</span> <span class='ocrx_word' id='word_1_844' title='bbox 1653 1014 1784 1053; x_wconf 88' lang='lat' dir='ltr'>Patrem,</span> <span class='ocrx_word' id='word_1_845' title='bbox 1809 1013 2010 1046; x_wconf 87' lang='lat' dir='ltr'>Reimundurn</span> <span class='ocrx_word' id='word_1_846' title='bbox 2031 1014 2068 1045; x_wconf 90' lang='lat' dir='ltr'>de</span> <span class='ocrx_word' id='word_1_847' title='bbox 2090 1015 2208 1056; x_wconf 69' lang='lat' dir='ltr'>Farges,</span> <span class='ocrx_word' id='word_1_848' title='bbox 2235 1017 2286 1048; x_wconf 90' lang='lat' dir='ltr'>Sa·</span> <span class='ocrx_word' id='word_1_849' title='bbox 2300 1018 2329 1041; x_wconf 77' lang='grc' dir='ltr'>Β·</span> <span class='ocrx_word' id='word_1_850' title='bbox 2351 1024 2378 1051; x_wconf 85' lang='lat'>3·</span> 
     </span>
     <span class='ocr_line' id='line_1_118' title="bbox 1223 1052 2437 1097; baseline -0.001 -10"><span class='ocrx_word' id='word_1_851' title='bbox 1223 1056 1376 1087; x_wconf 63' lang='lat' dir='ltr'>crosandtae</span> <span class='ocrx_word' id='word_1_852' title='bbox 1388 1054 1532 1085; x_wconf 75' lang='lat' dir='ltr'>Roman-ae</span> <span class='ocrx_word' id='word_1_853' title='bbox 1547 1053 1683 1084; x_wconf 89' lang='lat' dir='ltr'>Ecclesiae</span> <span class='ocrx_word' id='word_1_854' title='bbox 1696 1052 1895 1092; x_wconf 88' lang='lat' dir='ltr'>Cardinalem,</span> <span class='ocrx_word' id='word_1_855' title='bbox 1913 1052 2156 1097; x_wconf 74' lang='lat' dir='ltr'>Archidiaconutn</span> <span class='ocrx_word' id='word_1_856' title='bbox 2176 1055 2286 1096; x_wconf 87' lang='lat' dir='ltr'>Leyce-</span> <span class='ocrx_word' id='word_1_857' title='bbox 2301 1054 2437 1091; x_wconf 68' lang='lat' dir='ltr'>Claus-19i</span> 
     </span>
     <span class='ocr_line' id='line_1_119' title="bbox 1223 1091 2435 1133; baseline -0.005 -8"><span class='ocrx_word' id='word_1_858' title='bbox 1223 1094 1295 1125; x_wconf 63' lang='lat' dir='ltr'>striae</span> <span class='ocrx_word' id='word_1_859' title='bbox 1309 1117 1319 1133; x_wconf 92' lang='lat'>,</span> <span class='ocrx_word' id='word_1_860' title='bbox 1344 1095 1378 1125; x_wconf 66' lang='grc' dir='ltr'>ὃς</span> <span class='ocrx_word' id='word_1_861' title='bbox 1399 1092 1553 1123; x_wconf 80' lang='lat' dir='ltr'>Personam</span> <span class='ocrx_word' id='word_1_862' title='bbox 1572 1092 1708 1124; x_wconf 65' lang='lat' dir='ltr'>Ecclesiae</span> <span class='ocrx_word' id='word_1_863' title='bbox 1729 1092 1766 1123; x_wconf 92' lang='lat' dir='ltr'>de</span> <span class='ocrx_word' id='word_1_864' title='bbox 1787 1091 1883 1131; x_wconf 88' lang='lat' dir='ltr'>Leek,</span> <span class='ocrx_word' id='word_1_865' title='bbox 1905 1091 1991 1124; x_wconf 69' lang='lat' dir='ltr'>dietae</span> <span class='ocrx_word' id='word_1_866' title='bbox 2010 1091 2170 1131; x_wconf 84' lang='lat' dir='ltr'>Dioecefis,</span> <span class='ocrx_word' id='word_1_867' title='bbox 2191 1094 2286 1127; x_wconf 68' lang='lat' dir='ltr'>Pavore</span> <span class='ocrx_word' id='word_1_868' title='bbox 2302 1096 2435 1129; x_wconf 80' lang='lat' dir='ltr'>E.3.p.1.</span> 
     </span>
     <span class='ocr_line' id='line_1_120' title="bbox 1224 1131 2405 1175; baseline -0.004 -11"><span class='ocrx_word' id='word_1_869' title='bbox 1224 1134 1351 1172; x_wconf 88' lang='lat' dir='ltr'>prosequi</span> <span class='ocrx_word' id='word_1_870' title='bbox 1365 1132 1502 1171; x_wconf 80' lang='lat' dir='ltr'>gratiose,</span> <span class='ocrx_word' id='word_1_871' title='bbox 1751 1168 1757 1175; x_wconf 84' lang='lat'>.</span> <span class='ocrx_word' id='word_1_872' title='bbox 2304 1141 2341 1160; x_wconf 84' lang='lat' dir='ltr'>m.</span> <span class='ocrx_word' id='word_1_873' title='bbox 2362 1131 2405 1159; x_wconf 86' lang='lat'>28.</span> 
     </span>
     <span class='ocr_line' id='line_1_121' title="bbox 1260 1167 2288 1209; baseline 0 -6"><span class='ocrx_word' id='word_1_874' title='bbox 1260 1172 1352 1203; x_wconf 83' lang='lat' dir='ltr'>Vobis</span> <span class='ocrx_word' id='word_1_875' title='bbox 1371 1169 1536 1201; x_wconf 86' lang='lat' dir='ltr'>mandamus</span> <span class='ocrx_word' id='word_1_876' title='bbox 1555 1169 1634 1209; x_wconf 78' lang='lat' dir='ltr'>quod</span> <span class='ocrx_word' id='word_1_877' title='bbox 1657 1168 1826 1207; x_wconf 56' lang='lat' dir='ltr'>Exad‘tioni,</span> <span class='ocrx_word' id='word_1_878' title='bbox 1851 1179 1936 1208; x_wconf 91' lang='lat' dir='ltr'>quam</span> <span class='ocrx_word' id='word_1_879' title='bbox 1958 1167 2051 1201; x_wconf 88' lang='lat' dir='ltr'>eidem</span> <span class='ocrx_word' id='word_1_880' title='bbox 2072 1169 2214 1201; x_wconf 87' lang='lat' dir='ltr'>Cardinali</span> <span class='ocrx_word' id='word_1_881' title='bbox 2234 1181 2288 1209; x_wconf 90' lang='lat' dir='ltr'>pro</span> 
     </span>
     <span class='ocr_line' id='line_1_122' title="bbox 1226 1208 2290 1248; baseline -0.001 -7"><span class='ocrx_word' id='word_1_882' title='bbox 1226 1210 1353 1241; x_wconf 71' lang='lat' dir='ltr'>Decima</span> <span class='ocrx_word' id='word_1_883' title='bbox 1371 1208 1524 1248; x_wconf 68' lang='lat' dir='ltr'>praedicta,</span> <span class='ocrx_word' id='word_1_884' title='bbox 1541 1209 1551 1238; x_wconf 89' lang='lat' dir='ltr'>i</span> <span class='ocrx_word' id='word_1_885' title='bbox 1574 1209 1634 1239; x_wconf 89' lang='lat' dir='ltr'>sum</span> <span class='ocrx_word' id='word_1_886' title='bbox 1654 1209 1762 1239; x_wconf 88' lang='lat' dir='ltr'>ratione</span> <span class='ocrx_word' id='word_1_887' title='bbox 1783 1208 1993 1238; x_wconf 86' lang='lat' dir='ltr'>Beneficiorum</span> <span class='ocrx_word' id='word_1_888' title='bbox 2008 1208 2123 1239; x_wconf 89' lang='lat' dir='ltr'>suorum</span> <span class='ocrx_word' id='word_1_889' title='bbox 2139 1209 2290 1246; x_wconf 71' lang='lat' dir='ltr'>praedicto-</span> 
     </span>
     <span class='ocr_line' id='line_1_123' title="bbox 1226 1219 2291 1318; baseline -0.001 -38"><span class='ocrx_word' id='word_1_890' title='bbox 1226 1259 1292 1318; x_wconf 49' lang='lat' dir='ltr'>}tudm</span> <span class='ocrx_word' id='word_1_891' title='bbox 1312 1249 1514 1292; x_wconf 82' lang='lat' dir='ltr'>contingente,</span> <span class='ocrx_word' id='word_1_892' title='bbox 1532 1219 1572 1279; x_wconf 56' lang='lat' dir='ltr'>ag</span> <span class='ocrx_word' id='word_1_893' title='bbox 1587 1257 1660 1286; x_wconf 88' lang='lat' dir='ltr'>opus</span> <span class='ocrx_word' id='word_1_894' title='bbox 1673 1246 1805 1278; x_wconf 87' lang='lat' dir='ltr'>nostrum</span> <span class='ocrx_word' id='word_1_895' title='bbox 1818 1246 1968 1286; x_wconf 73' lang='lat' dir='ltr'>solvenda,</span> <span class='ocrx_word' id='word_1_896' title='bbox 1987 1246 2047 1277; x_wconf 88' lang='lat' dir='ltr'>fieri</span> <span class='ocrx_word' id='word_1_897' title='bbox 2059 1246 2180 1287; x_wconf 86' lang='lat' dir='ltr'>fecistis,</span> <span class='ocrx_word' id='word_1_898' title='bbox 2197 1248 2291 1287; x_wconf 85' lang='lat' dir='ltr'>super-</span> 
     </span>
     <span class='ocr_line' id='line_1_124' title="bbox 1273 1296 1480 1318; baseline -0.01 0"><span class='ocrx_word' id='word_1_899' title='bbox 1273 1297 1336 1318; x_wconf 88' lang='lat' dir='ltr'>eatis</span> <span class='ocrx_word' id='word_1_900' title='bbox 1349 1296 1480 1318; x_wconf 88' lang='lat' dir='ltr'>omnino.</span> 
     </span>
     <span class='ocr_line' id='line_1_125' title="bbox 1266 1323 2294 1364; baseline 0 -7"><span class='ocrx_word' id='word_1_901' title='bbox 1266 1326 1303 1357; x_wconf 87' lang='lat' dir='ltr'>Et</span> <span class='ocrx_word' id='word_1_902' title='bbox 1324 1324 1523 1364; x_wconf 82' lang='lat' dir='ltr'>Sequestrum,</span> <span class='ocrx_word' id='word_1_903' title='bbox 1542 1324 1562 1354; x_wconf 89' lang='lat' dir='ltr'>fi</span> <span class='ocrx_word' id='word_1_904' title='bbox 1583 1324 1662 1363; x_wconf 90' lang='lat' dir='ltr'>quod</span> <span class='ocrx_word' id='word_1_905' title='bbox 1686 1324 1715 1354; x_wconf 93' lang='lat' dir='ltr'>in</span> <span class='ocrx_word' id='word_1_906' title='bbox 1734 1323 1881 1355; x_wconf 85' lang='lat' dir='ltr'>Beneficiis</span> <span class='ocrx_word' id='word_1_907' title='bbox 1894 1323 1946 1355; x_wconf 85' lang='lat' dir='ltr'>suis</span> <span class='ocrx_word' id='word_1_908' title='bbox 1964 1324 2122 1364; x_wconf 62' lang='lat' dir='ltr'>praedietis,</span> <span class='ocrx_word' id='word_1_909' title='bbox 2139 1324 2185 1356; x_wconf 71' lang='lat' dir='ltr'>stu</span> <span class='ocrx_word' id='word_1_910' title='bbox 2207 1324 2294 1357; x_wconf 85' lang='lat' dir='ltr'>Bonis</span> 
     </span>
     <span class='ocr_line' id='line_1_126' title="bbox 1226 1363 2292 1403; baseline -0.002 -7"><span class='ocrx_word' id='word_1_911' title='bbox 1226 1365 1278 1396; x_wconf 87' lang='lat' dir='ltr'>suis</span> <span class='ocrx_word' id='word_1_912' title='bbox 1296 1364 1495 1395; x_wconf 82' lang='lat' dir='ltr'>Eccleliasticis</span> <span class='ocrx_word' id='word_1_913' title='bbox 1510 1389 1519 1403; x_wconf 82' lang='lat'>,</span> <span class='ocrx_word' id='word_1_914' title='bbox 1545 1373 1595 1401; x_wconf 91' lang='lat' dir='ltr'>per</span> <span class='ocrx_word' id='word_1_915' title='bbox 1613 1373 1666 1393; x_wconf 90' lang='lat' dir='ltr'>vos</span> <span class='ocrx_word' id='word_1_916' title='bbox 1677 1386 1687 1402; x_wconf 88' lang='lat'>,</span> <span class='ocrx_word' id='word_1_917' title='bbox 1711 1363 1861 1394; x_wconf 82' lang='lat' dir='ltr'>occasione</span> <span class='ocrx_word' id='word_1_918' title='bbox 1879 1363 2031 1402; x_wconf 61' lang='lat' dir='ltr'>praedicta,</span> <span class='ocrx_word' id='word_1_919' title='bbox 2054 1363 2212 1402; x_wconf 85' lang='lat' dir='ltr'>appositum</span> <span class='ocrx_word' id='word_1_920' title='bbox 2230 1364 2292 1394; x_wconf 89' lang='lat' dir='ltr'>fue-</span> 
     </span>
     <span class='ocr_line' id='line_1_127' title="bbox 1227 1401 2291 1472; baseline -0.001 -38"><span class='ocrx_word' id='word_1_921' title='bbox 1227 1405 1287 1472; x_wconf 36' lang='lat' dir='ltr'>riti,-</span> <span class='ocrx_word' id='word_1_922' title='bbox 1298 1403 1354 1434; x_wconf 85' lang='lat' dir='ltr'>sine</span> <span class='ocrx_word' id='word_1_923' title='bbox 1375 1402 1510 1434; x_wconf 86' lang='lat' dir='ltr'>dilatione</span> <span class='ocrx_word' id='word_1_924' title='bbox 1527 1402 1636 1433; x_wconf 82' lang='lat' dir='ltr'>relaxari</span> <span class='ocrx_word' id='word_1_925' title='bbox 1650 1402 1773 1440; x_wconf 83' lang='lat' dir='ltr'>faciatis,</span> <span class='ocrx_word' id='word_1_926' title='bbox 1790 1402 1844 1432; x_wconf 87' lang='lat' dir='ltr'>hac</span> <span class='ocrx_word' id='word_1_927' title='bbox 1864 1404 1944 1441; x_wconf 85' lang='lat' dir='ltr'>vice,</span> <span class='ocrx_word' id='word_1_928' title='bbox 1961 1402 1997 1433; x_wconf 92' lang='lat' dir='ltr'>de</span> <span class='ocrx_word' id='word_1_929' title='bbox 2015 1403 2101 1442; x_wconf 75' lang='lat' dir='ltr'>gratia</span> <span class='ocrx_word' id='word_1_930' title='bbox 2116 1401 2211 1434; x_wconf 71' lang='lat' dir='ltr'>nostra</span> <span class='ocrx_word' id='word_1_931' title='bbox 2229 1402 2291 1441; x_wconf 76' lang='lat' dir='ltr'>spe·</span> 
     </span>
     <span class='ocr_line' id='line_1_128' title="bbox 1224 1452 1296 1473; baseline -0.042 0"><span class='ocrx_word' id='word_1_932' title='bbox 1224 1452 1268 1473; x_wconf 73' lang='lat' dir='ltr'>Cn</span> <span class='ocrx_word' id='word_1_933' title='bbox 1280 1453 1296 1471; x_wconf 90' lang='lat' dir='ltr'>l.</span> 
     </span>
    </p>
   </div>
   <div class='ocr_carea' id='block_1_24' title="bbox 1263 1477 2231 1521">
    <p class='ocr_par' dir='ltr' id='par_1_43' title="bbox 1263 1477 2231 1521">
     <span class='ocr_line' id='line_1_129' title="bbox 1263 1477 2231 1521; baseline -0.002 -10"><span class='ocrx_word' id='word_1_934' title='bbox 1263 1479 1352 1512; x_wconf 90' lang='lat' dir='ltr'>Teste</span> <span class='ocrx_word' id='word_1_935' title='bbox 1367 1479 1450 1521; x_wconf 85' lang='lat' dir='ltr'>Rege</span> <span class='ocrx_word' id='word_1_936' title='bbox 1461 1478 1535 1519; x_wconf 84' lang='lat' dir='ltr'>apud</span> <span class='ocrx_word' id='word_1_937' title='bbox 1548 1477 1856 1518; x_wconf 84' lang='lat' dir='ltr'>westmonasterium,</span> <span class='ocrx_word' id='word_1_938' title='bbox 1874 1478 2048 1511; x_wconf 87' lang='lat' dir='ltr'>duodecimo</span> <span class='ocrx_word' id='word_1_939' title='bbox 2062 1479 2108 1511; x_wconf 88' lang='lat' dir='ltr'>die</span> <span class='ocrx_word' id='word_1_940' title='bbox 2122 1478 2231 1511; x_wconf 62' lang='lat' dir='ltr'>Martii·</span> 
     </span>
    </p>
   </div>
   <div class='ocr_carea' id='block_1_25' title="bbox 1227 1555 2294 1674">
    <p class='ocr_par' dir='ltr' id='par_1_44' title="bbox 1227 1555 2294 1674">
     <span class='ocr_line' id='line_1_130' title="bbox 1227 1555 2294 1595; baseline -0.002 -6"><span class='ocrx_word' id='word_1_941' title='bbox 1227 1557 1394 1589; x_wconf 88' lang='lat' dir='ltr'>Consimilia</span> <span class='ocrx_word' id='word_1_942' title='bbox 1406 1557 1505 1588; x_wconf 80' lang='lat' dir='ltr'>Brevia</span> <span class='ocrx_word' id='word_1_943' title='bbox 1518 1556 1676 1595; x_wconf 80' lang='lat' dir='ltr'>diriguntur</span> <span class='ocrx_word' id='word_1_944' title='bbox 1690 1555 1904 1588; x_wconf 68' lang='lat' dir='ltr'>Coueetoribus</span> <span class='ocrx_word' id='word_1_945' title='bbox 1926 1556 2013 1588; x_wconf 75' lang='lat' dir='ltr'>diCtae</span> <span class='ocrx_word' id='word_1_946' title='bbox 2032 1555 2167 1588; x_wconf 81' lang='lat' dir='ltr'>Decimae</span> <span class='ocrx_word' id='word_1_947' title='bbox 2187 1557 2294 1588; x_wconf 80' lang='lat' dir='ltr'>Trien—</span> 
     </span>
     <span class='ocr_line' id='line_1_131' title="bbox 1265 1595 2292 1635; baseline 0 -8"><span class='ocrx_word' id='word_1_948' title='bbox 1265 1598 1348 1635; x_wconf 83' lang='lat' dir='ltr'>nalis,</span> <span class='ocrx_word' id='word_1_949' title='bbox 1366 1597 1394 1627; x_wconf 90' lang='lat' dir='ltr'>in</span> <span class='ocrx_word' id='word_1_950' title='bbox 1411 1595 1592 1627; x_wconf 87' lang='lat' dir='ltr'>Dioecesibus</span> <span class='ocrx_word' id='word_1_951' title='bbox 1606 1595 1778 1634; x_wconf 83' lang='lat' dir='ltr'>subscriptis,</span> <span class='ocrx_word' id='word_1_952' title='bbox 1815 1607 1847 1627; x_wconf 87' lang='lat' dir='ltr'>ro</span> <span class='ocrx_word' id='word_1_953' title='bbox 1862 1595 1965 1626; x_wconf 89' lang='lat' dir='ltr'>eodem</span> <span class='ocrx_word' id='word_1_954' title='bbox 1981 1595 2147 1635; x_wconf 84' lang='lat' dir='ltr'>Cardinale,</span> <span class='ocrx_word' id='word_1_955' title='bbox 2166 1606 2220 1634; x_wconf 87' lang='lat' dir='ltr'>pro</span> <span class='ocrx_word' id='word_1_956' title='bbox 2238 1595 2292 1627; x_wconf 89' lang='lat' dir='ltr'>Be-</span> 
     </span>
     <span class='ocr_line' id='line_1_132' title="bbox 1262 1633 2005 1674; baseline -0.001 -8"><span class='ocrx_word' id='word_1_957' title='bbox 1262 1635 1369 1666; x_wconf 82' lang='lat' dir='ltr'>neficiis</span> <span class='ocrx_word' id='word_1_958' title='bbox 1381 1635 1555 1673; x_wconf 87' lang='lat' dir='ltr'>subscriptis,</span> <span class='ocrx_word' id='word_1_959' title='bbox 1573 1633 1623 1664; x_wconf 90' lang='lat' dir='ltr'>sub</span> <span class='ocrx_word' id='word_1_960' title='bbox 1637 1633 1736 1665; x_wconf 67' lang='lat' dir='ltr'>eadem</span> <span class='ocrx_word' id='word_1_961' title='bbox 1749 1634 1814 1666; x_wconf 83' lang='lat' dir='ltr'>data</span> <span class='ocrx_word' id='word_1_962' title='bbox 1827 1647 1837 1674; x_wconf 79' lang='lat'>3</span> <span class='ocrx_word' id='word_1_963' title='bbox 1853 1635 1985 1666; x_wconf 88' lang='lat' dir='ltr'>videlicet</span> <span class='ocrx_word' id='word_1_964' title='bbox 1994 1657 2005 1674; x_wconf 88' lang='lat'>,</span> 
     </span>
    </p>
   </div>
   <div class='ocr_carea' id='block_1_26' title="bbox 1226 1710 2442 2063">
    <p class='ocr_par' dir='ltr' id='par_1_45' title="bbox 1226 1710 2295 1781">
     <span class='ocr_line' id='line_1_133' title="bbox 1266 1710 2295 1752; baseline -0.002 -10"><span class='ocrx_word' id='word_1_965' title='bbox 1266 1711 1456 1742; x_wconf 69' lang='lat' dir='ltr'>Collec‘lorihus</span> <span class='ocrx_word' id='word_1_966' title='bbox 1479 1714 1597 1742; x_wconf 82' lang='lat' dir='ltr'>Decimae</span> <span class='ocrx_word' id='word_1_967' title='bbox 1614 1712 1754 1750; x_wconf 61' lang='lat' dir='ltr'>praediaae</span> <span class='ocrx_word' id='word_1_968' title='bbox 1773 1716 1803 1742; x_wconf 86' lang='lat' dir='ltr'>in</span> <span class='ocrx_word' id='word_1_969' title='bbox 1830 1710 1947 1751; x_wconf 63' lang='lat' dir='ltr'>Dite-:effi</span> <span class='ocrx_word' id='word_1_970' title='bbox 1963 1711 2100 1751; x_wconf 82' lang='lat' dir='ltr'>Eborum,</span> <span class='ocrx_word' id='word_1_971' title='bbox 2113 1720 2164 1752; x_wconf 80' lang='lat' dir='ltr'>pro</span> <span class='ocrx_word' id='word_1_972' title='bbox 2177 1710 2295 1752; x_wconf 70' lang='lat' dir='ltr'>Ecclesia</span> 
     </span>
     <span class='ocr_line' id='line_1_134' title="bbox 1226 1752 1400 1781; baseline 0 -1"><span class='ocrx_word' id='word_1_973' title='bbox 1226 1752 1258 1781; x_wconf 85' lang='lat' dir='ltr'>de</span> <span class='ocrx_word' id='word_1_974' title='bbox 1273 1754 1366 1780; x_wconf 85' lang='lat' dir='ltr'>Horne</span> <span class='ocrx_word' id='word_1_975' title='bbox 1378 1763 1400 1780; x_wconf 80' lang='lat' dir='ltr'>e.</span> 
     </span>
    </p>

    <p class='ocr_par' dir='ltr' id='par_1_46' title="bbox 1228 1750 2442 1905">
     <span class='ocr_line' id='line_1_135' title="bbox 1266 1750 2442 1839; baseline 0.001 -20"><span class='ocrx_word' id='word_1_976' title='bbox 1266 1791 1285 1809; x_wconf 62' lang='lat'>*³</span> <span class='ocrx_word' id='word_1_977' title='bbox 1304 1750 1491 1819; x_wconf 43' lang='lat' dir='ltr'>Colgaoribus</span> <span class='ocrx_word' id='word_1_978' title='bbox 1505 1792 1622 1819; x_wconf 82' lang='lat' dir='ltr'>Decimae</span> <span class='ocrx_word' id='word_1_979' title='bbox 1632 1788 1772 1828; x_wconf 64' lang='lat' dir='ltr'>praedielae</span> <span class='ocrx_word' id='word_1_980' title='bbox 1787 1791 1816 1818; x_wconf 83' lang='lat' dir='ltr'>in</span> <span class='ocrx_word' id='word_1_981' title='bbox 1830 1788 1946 1828; x_wconf 81' lang='lat' dir='ltr'>Dioecese</span> <span class='ocrx_word' id='word_1_982' title='bbox 1965 1792 2079 1828; x_wconf 83' lang='lat' dir='ltr'>Sarum,</span> <span class='ocrx_word' id='word_1_983' title='bbox 2092 1798 2143 1829; x_wconf 82' lang='lat' dir='ltr'>pro</span> <span class='ocrx_word' id='word_1_984' title='bbox 2164 1792 2294 1819; x_wconf 79' lang='lat' dir='ltr'>Decana-</span> <span class='ocrx_word' id='word_1_985' title='bbox 2308 1801 2328 1821; x_wconf 63' lang='lat' dir='ltr'>ar</span> <span class='ocrx_word' id='word_1_986' title='bbox 2338 1803 2442 1839; x_wconf 80' lang='lat' dir='ltr'>V·44⁶·</span> 
     </span>
     <span class='ocr_line' id='line_1_136' title="bbox 1228 1827 2442 1869; baseline 0.002 -12"><span class='ocrx_word' id='word_1_987' title='bbox 1228 1835 1259 1858; x_wconf 77' lang='lat' dir='ltr'>tu</span> <span class='ocrx_word' id='word_1_988' title='bbox 1273 1828 1394 1868; x_wconf 79' lang='lat' dir='ltr'>Ecclefiae</span> <span class='ocrx_word' id='word_1_989' title='bbox 1409 1829 1496 1857; x_wconf 81' lang='lat' dir='ltr'>beatae</span> <span class='ocrx_word' id='word_1_990' title='bbox 1511 1831 1614 1857; x_wconf 78' lang='lat' dir='ltr'>Mariae</span> <span class='ocrx_word' id='word_1_991' title='bbox 1627 1831 1741 1866; x_wconf 84' lang='lat' dir='ltr'>Sarum,</span> <span class='ocrx_word' id='word_1_992' title='bbox 1757 1827 1909 1857; x_wconf 71' lang='lat' dir='ltr'>Praebenda&#39;</span> <span class='ocrx_word' id='word_1_993' title='bbox 1923 1827 1955 1857; x_wconf 84' lang='lat' dir='ltr'>de</span> <span class='ocrx_word' id='word_1_994' title='bbox 1968 1832 2094 1869; x_wconf 81' lang='lat' dir='ltr'>Sunnyng</span> <span class='ocrx_word' id='word_1_995' title='bbox 2103 1853 2113 1866; x_wconf 96' lang='lat'>,</span> <span class='ocrx_word' id='word_1_996' title='bbox 2131 1832 2161 1859; x_wconf 75' lang='lat' dir='ltr'>in</span> <span class='ocrx_word' id='word_1_997' title='bbox 2175 1827 2295 1869; x_wconf 65' lang='lat' dir='ltr'>Ecclefid</span> <span class='ocrx_word' id='word_1_998' title='bbox 2439 1836 2442 1839; x_wconf 76' lang='grc'><strong><em>’</em></strong></span> 
     </span>
     <span class='ocr_line' id='line_1_137' title="bbox 1247 1865 1888 1905; baseline -0.002 -9"><span class='ocrx_word' id='word_1_999' title='bbox 1247 1867 1360 1896; x_wconf 66' lang='lat' dir='ltr'>raedin</span> <span class='ocrx_word' id='word_1_1000' title='bbox 1368 1890 1378 1905; x_wconf 90' lang='lat'>,</span> <span class='ocrx_word' id='word_1_1001' title='bbox 1396 1878 1454 1896; x_wconf 85' lang='lat' dir='ltr'>cum</span> <span class='ocrx_word' id='word_1_1002' title='bbox 1467 1865 1580 1905; x_wconf 77' lang='lat' dir='ltr'>capellis</span> <span class='ocrx_word' id='word_1_1003' title='bbox 1593 1866 1706 1904; x_wconf 71' lang='lat' dir='ltr'>ejusdem</span> <span class='ocrx_word' id='word_1_1004' title='bbox 1722 1865 1888 1895; x_wconf 74' lang='lat' dir='ltr'>Praebendae.</span> 
     </span>
    </p>

    <p class='ocr_par' dir='ltr' id='par_1_47' title="bbox 1227 1904 2297 2063">
     <span class='ocr_line' id='line_1_138' title="bbox 1266 1904 2294 1945; baseline -0.001 -10"><span class='ocrx_word' id='word_1_1005' title='bbox 1266 1905 1454 1935; x_wconf 67' lang='lat' dir='ltr'>Collecloribus</span> <span class='ocrx_word' id='word_1_1006' title='bbox 1469 1908 1587 1935; x_wconf 80' lang='lat' dir='ltr'>Decimae</span> <span class='ocrx_word' id='word_1_1007' title='bbox 1598 1905 1755 1943; x_wconf 68' lang='lat' dir='ltr'>praediaae,</span> <span class='ocrx_word' id='word_1_1008' title='bbox 1769 1907 1799 1934; x_wconf 84' lang='lat' dir='ltr'>in</span> <span class='ocrx_word' id='word_1_1009' title='bbox 1814 1904 1889 1934; x_wconf 62' lang='lat' dir='ltr'>dista&#39;</span> <span class='ocrx_word' id='word_1_1010' title='bbox 1904 1904 2021 1945; x_wconf 72' lang='lat' dir='ltr'>Dioecefi’</span> <span class='ocrx_word' id='word_1_1011' title='bbox 2034 1908 2132 1935; x_wconf 85' lang='lat' dir='ltr'>Sarum</span> <span class='ocrx_word' id='word_1_1012' title='bbox 2142 1927 2153 1944; x_wconf 81' lang='lat'>,</span> <span class='ocrx_word' id='word_1_1013' title='bbox 2163 1912 2215 1944; x_wconf 78' lang='lat' dir='ltr'>pro</span> <span class='ocrx_word' id='word_1_1014' title='bbox 2235 1906 2294 1934; x_wconf 83' lang='lat' dir='ltr'>Ec-</span> 
     </span>
     <span class='ocr_line' id='line_1_139' title="bbox 1229 1942 1747 1986; baseline -0.006 -12"><span class='ocrx_word' id='word_1_1015' title='bbox 1229 1943 1310 1986; x_wconf 83' lang='lat' dir='ltr'>clefiis</span> <span class='ocrx_word' id='word_1_1016' title='bbox 1324 1945 1356 1974; x_wconf 84' lang='lat' dir='ltr'>de</span> <span class='ocrx_word' id='word_1_1017' title='bbox 1369 1948 1448 1974; x_wconf 84' lang='lat' dir='ltr'>Mere</span> <span class='ocrx_word' id='word_1_1018' title='bbox 1462 1942 1500 1978; x_wconf 61' lang='grc' dir='ltr'>(ῥ’</span> <span class='ocrx_word' id='word_1_1019' title='bbox 1517 1942 1747 1982; x_wconf 82' lang='lat' dir='ltr'>Heghtredebury.</span> 
     </span>
     <span class='ocr_line' id='line_1_140' title="bbox 1227 1979 2297 2063; baseline -0.003 -50"><span class='ocrx_word' id='word_1_1020' title='bbox 1227 2022 1251 2063; x_wconf 66' lang='lat' dir='ltr'><strong><em>s</em></strong></span> <span class='ocrx_word' id='word_1_1021' title='bbox 1267 1982 1454 2051; x_wconf 68' lang='lat' dir='ltr'>Collec‘lloribus</span> <span class='ocrx_word' id='word_1_1022' title='bbox 1467 1985 1584 2013; x_wconf 80' lang='lat' dir='ltr'>Decimae</span> <span class='ocrx_word' id='word_1_1023' title='bbox 1594 1981 1751 2021; x_wconf 62' lang='lat' dir='ltr'>praedillae,</span> <span class='ocrx_word' id='word_1_1024' title='bbox 1767 1985 1797 2012; x_wconf 82' lang='lat' dir='ltr'>in</span> <span class='ocrx_word' id='word_1_1025' title='bbox 1811 1982 1927 2022; x_wconf 84' lang='lat' dir='ltr'>Dioecese</span> <span class='ocrx_word' id='word_1_1026' title='bbox 1947 1983 2117 2021; x_wconf 70' lang='lat' dir='ltr'>PVyntoniae,</span> <span class='ocrx_word' id='word_1_1027' title='bbox 2132 1989 2181 2020; x_wconf 82' lang='lat' dir='ltr'>pro</span> <span class='ocrx_word' id='word_1_1028' title='bbox 2201 1979 2297 2017; x_wconf 54' lang='lat' dir='ltr'>Eccleq</span> 
     </span>
     <span class='ocr_line' id='line_1_141' title="bbox 1239 2021 1456 2062; baseline 0 -11"><span class='ocrx_word' id='word_1_1029' title='bbox 1239 2021 1268 2052; x_wconf 77' lang='grc' dir='ltr'>ιά</span> <span class='ocrx_word' id='word_1_1030' title='bbox 1282 2023 1358 2052; x_wconf 87' lang='lat' dir='ltr'>Goda</span> <span class='ocrx_word' id='word_1_1031' title='bbox 1371 2033 1456 2062; x_wconf 81' lang='lat' dir='ltr'>myng.</span> 
     </span>
    </p>
   </div>
   <div class='ocr_carea' id='block_1_27' title="bbox 1336 2143 2188 2194">
    <p class='ocr_par' dir='ltr' id='par_1_48' title="bbox 1336 2143 2188 2194">
     <span class='ocr_line' id='line_1_142' title="bbox 1336 2143 2188 2194; baseline -0.004 -13"><span class='ocrx_word' id='word_1_1032' title='bbox 1336 2150 1430 2194; x_wconf 74' lang='lat' dir='ltr'>Super</span> <span class='ocrx_word' id='word_1_1033' title='bbox 1450 2143 1678 2190; x_wconf 78' lang='lat' dir='ltr'>Conceffionibus</span> <span class='ocrx_word' id='word_1_1034' title='bbox 1695 2143 1860 2190; x_wconf 71' lang='lat' dir='ltr'>Exceffivis</span> <span class='ocrx_word' id='word_1_1035' title='bbox 1875 2148 1907 2178; x_wconf 85' lang='lat' dir='ltr'>in</span> <span class='ocrx_word' id='word_1_1036' title='bbox 1924 2145 2069 2191; x_wconf 77' lang='lat' dir='ltr'>Vaftonia</span> <span class='ocrx_word' id='word_1_1037' title='bbox 2080 2144 2188 2190; x_wconf 64' lang='lat' dir='ltr'>fastis.</span> 
     </span>
    </p>
   </div>
   <div class='ocr_carea' id='block_1_28' title="bbox 1229 2225 2441 2924">
    <p class='ocr_par' dir='ltr' id='par_1_49' title="bbox 1229 2225 2441 2924">
     <span class='ocr_line' id='line_1_143' title="bbox 1233 2225 2441 2289; baseline -0.003 -26"><span class='ocrx_word' id='word_1_1038' title='bbox 1233 2231 1381 2289; x_wconf 76' lang='lat' dir='ltr'>REX,</span> <span class='ocrx_word' id='word_1_1039' title='bbox 1399 2231 1521 2263; x_wconf 65' lang='lat' dir='ltr'>Dilecto</span> <span class='ocrx_word' id='word_1_1040' title='bbox 1540 2233 1574 2264; x_wconf 91' lang='lat'>&amp;</span> <span class='ocrx_word' id='word_1_1041' title='bbox 1598 2231 1686 2262; x_wconf 86' lang='lat' dir='ltr'>Fideli</span> <span class='ocrx_word' id='word_1_1042' title='bbox 1705 2230 1755 2262; x_wconf 91' lang='lat' dir='ltr'>suo</span> <span class='ocrx_word' id='word_1_1043' title='bbox 1769 2253 1779 2268; x_wconf 92' lang='lat'>,</span> <span class='ocrx_word' id='word_1_1044' title='bbox 1803 2229 1960 2269; x_wconf 86' lang='lat' dir='ltr'>Radulpho</span> <span class='ocrx_word' id='word_1_1045' title='bbox 1980 2229 2083 2261; x_wconf 87' lang='lat' dir='ltr'>Baroni</span> <span class='ocrx_word' id='word_1_1046' title='bbox 2097 2229 2134 2261; x_wconf 90' lang='lat' dir='ltr'>de</span> <span class='ocrx_word' id='word_1_1047' title='bbox 2147 2225 2293 2267; x_wconf 81' lang='lat' dir='ltr'>stafford,</span> <span class='ocrx_word' id='word_1_1048' title='bbox 2311 2237 2441 2273; x_wconf 43' lang='lat' dir='ltr'>Anam</span> 
     </span>
     <span class='ocr_line' id='line_1_144' title="bbox 1310 2269 2417 2317; baseline -0.005 -16"><span class='ocrx_word' id='word_1_1049' title='bbox 1310 2269 1470 2302; x_wconf 87' lang='lat' dir='ltr'>Senescallo</span> <span class='ocrx_word' id='word_1_1050' title='bbox 1483 2270 1533 2302; x_wconf 90' lang='lat' dir='ltr'>suo</span> <span class='ocrx_word' id='word_1_1051' title='bbox 1547 2270 1711 2308; x_wconf 77' lang='lat' dir='ltr'>Vasconiae,</span> <span class='ocrx_word' id='word_1_1052' title='bbox 1731 2270 1865 2301; x_wconf 79' lang='lat' dir='ltr'>Salutem.</span> <span class='ocrx_word' id='word_1_1053' title='bbox 1915 2308 1920 2313; x_wconf 35' lang='grc'>1</span> <span class='ocrx_word' id='word_1_1054' title='bbox 2262 2308 2266 2313; x_wconf 41' lang='grc' dir='ltr'>Ι</span> <span class='ocrx_word' id='word_1_1055' title='bbox 2331 2286 2417 2317; x_wconf 85' lang='lat'>1345·</span> 
     </span>
     <span class='ocr_line' id='line_1_145' title="bbox 1265 2306 2423 2353; baseline -0.003 -13"><span class='ocrx_word' id='word_1_1056' title='bbox 1265 2309 1363 2348; x_wconf 81' lang='lat' dir='ltr'>Cum,</span> <span class='ocrx_word' id='word_1_1057' title='bbox 1378 2319 1409 2341; x_wconf 93' lang='lat' dir='ltr'>ut</span> <span class='ocrx_word' id='word_1_1058' title='bbox 1423 2311 1600 2348; x_wconf 86' lang='lat' dir='ltr'>accepimus,</span> <span class='ocrx_word' id='word_1_1059' title='bbox 1618 2309 1797 2348; x_wconf 86' lang='lat' dir='ltr'>quamplures</span> <span class='ocrx_word' id='word_1_1060' title='bbox 1812 2307 1991 2339; x_wconf 88' lang='lat' dir='ltr'>Donationes</span> <span class='ocrx_word' id='word_1_1061' title='bbox 2007 2306 2155 2339; x_wconf 80' lang='lat' dir='ltr'>exceffivae</span> <span class='ocrx_word' id='word_1_1062' title='bbox 2168 2307 2292 2351; x_wconf 67' lang='lat' dir='ltr'>anobis,</span> <span class='ocrx_word' id='word_1_1063' title='bbox 2306 2319 2359 2344; x_wconf 82' lang='lat' dir='ltr'>An.</span> <span class='ocrx_word' id='word_1_1064' title='bbox 2379 2327 2423 2353; x_wconf 84' lang='lat'>19·</span> 
     </span>
     <span class='ocr_line' id='line_1_146' title="bbox 1229 2345 2376 2392; baseline -0.001 -14"><span class='ocrx_word' id='word_1_1065' title='bbox 1229 2357 1278 2385; x_wconf 88' lang='lat' dir='ltr'>per</span> <span class='ocrx_word' id='word_1_1066' title='bbox 1294 2348 1524 2387; x_wconf 87' lang='lat' dir='ltr'>Importunitates</span> <span class='ocrx_word' id='word_1_1067' title='bbox 1538 2348 1718 2387; x_wconf 89' lang='lat' dir='ltr'>Petentiurn,</span> <span class='ocrx_word' id='word_1_1068' title='bbox 1734 2348 1768 2379; x_wconf 77' lang='grc' dir='ltr'>δε</span> <span class='ocrx_word' id='word_1_1069' title='bbox 1783 2347 1986 2385; x_wconf 85' lang='lat' dir='ltr'>Suggestiones</span> <span class='ocrx_word' id='word_1_1070' title='bbox 1999 2347 2095 2378; x_wconf 82' lang='lat' dir='ltr'>minus</span> <span class='ocrx_word' id='word_1_1071' title='bbox 2109 2345 2242 2376; x_wconf 85' lang='lat' dir='ltr'>veridicas</span> <span class='ocrx_word' id='word_1_1072' title='bbox 2256 2346 2291 2377; x_wconf 92' lang='lat'>&amp;</span> <span class='ocrx_word' id='word_1_1073' title='bbox 2309 2359 2339 2383; x_wconf 78' lang='lat' dir='ltr'>E.</span> <span class='ocrx_word' id='word_1_1074' title='bbox 2351 2365 2376 2392; x_wconf 74' lang='lat'>3,</span> 
     </span>
     <span class='ocr_line' id='line_1_147' title="bbox 1231 2385 2438 2432; baseline -0.001 -16"><span class='ocrx_word' id='word_1_1075' title='bbox 1231 2387 1358 2417; x_wconf 87' lang='lat' dir='ltr'>subdolas</span> <span class='ocrx_word' id='word_1_1076' title='bbox 1372 2411 1382 2425; x_wconf 88' lang='lat'>‚</span> <span class='ocrx_word' id='word_1_1077' title='bbox 1407 2388 1438 2417; x_wconf 90' lang='lat' dir='ltr'>in</span> <span class='ocrx_word' id='word_1_1078' title='bbox 1458 2386 1576 2418; x_wconf 89' lang='lat' dir='ltr'>Ducatu</span> <span class='ocrx_word' id='word_1_1079' title='bbox 1595 2386 1694 2417; x_wconf 88' lang='lat' dir='ltr'>nostro</span> <span class='ocrx_word' id='word_1_1080' title='bbox 1737 2386 1855 2417; x_wconf 69' lang='lat' dir='ltr'>raedi&amp;o</span> <span class='ocrx_word' id='word_1_1081' title='bbox 1876 2385 1939 2417; x_wconf 89' lang='lat' dir='ltr'>sunt</span> <span class='ocrx_word' id='word_1_1082' title='bbox 1953 2395 2002 2423; x_wconf 87' lang='lat' dir='ltr'>per</span> <span class='ocrx_word' id='word_1_1083' title='bbox 2015 2395 2068 2416; x_wconf 87' lang='lat' dir='ltr'>nos</span> <span class='ocrx_word' id='word_1_1084' title='bbox 2081 2385 2291 2423; x_wconf 67' lang='lat' dir='ltr'>faetae,&#39;immo</span> <span class='ocrx_word' id='word_1_1085' title='bbox 2309 2396 2375 2432; x_wconf 61' lang='lat' dir='ltr'>pasc,</span> <span class='ocrx_word' id='word_1_1086' title='bbox 2395 2403 2438 2428; x_wconf 87' lang='lat'>19·</span> 
     </span>
     <span class='ocr_line' id='line_1_148' title="bbox 1230 2396 2438 2493; baseline -0.003 -37"><span class='ocrx_word' id='word_1_1087' title='bbox 1230 2426 1322 2493; x_wconf 50' lang='lat' dir='ltr'>poltips</span> <span class='ocrx_word' id='word_1_1088' title='bbox 1337 2436 1352 2456; x_wconf 92' lang='lat' dir='ltr'>a</span> <span class='ocrx_word' id='word_1_1089' title='bbox 1367 2426 1450 2456; x_wconf 86' lang='lat' dir='ltr'>nobis</span> <span class='ocrx_word' id='word_1_1090' title='bbox 1463 2435 1597 2464; x_wconf 80' lang='lat' dir='ltr'>extortae,</span> <span class='ocrx_word' id='word_1_1091' title='bbox 1616 2424 1693 2456; x_wconf 76' lang='lat' dir='ltr'>unde</span> <span class='ocrx_word' id='word_1_1092' title='bbox 1706 2396 1817 2463; x_wconf 51' lang='lat' dir='ltr'>‹iscepti</span> <span class='ocrx_word' id='word_1_1093' title='bbox 1831 2424 1926 2455; x_wconf 82' lang='lat' dir='ltr'>sumus</span> <span class='ocrx_word' id='word_1_1094' title='bbox 1942 2425 2065 2463; x_wconf 87' lang='lat' dir='ltr'>graviter</span> <span class='ocrx_word' id='word_1_1095' title='bbox 2080 2425 2113 2456; x_wconf 71' lang='grc' dir='ltr'>δι’,</span> <span class='ocrx_word' id='word_1_1096' title='bbox 2126 2423 2230 2462; x_wconf 87' lang='lat' dir='ltr'>delusi,</span> <span class='ocrx_word' id='word_1_1097' title='bbox 2308 2437 2341 2460; x_wconf 76' lang='lat'>13.</span> <span class='ocrx_word' id='word_1_1098' title='bbox 2357 2441 2383 2469; x_wconf 69' lang='lat'>3,</span> <span class='ocrx_word' id='word_1_1099' title='bbox 2400 2441 2438 2460; x_wconf 70' lang='lat' dir='ltr'>m,</span> 
     </span>
     <span class='ocr_line' id='line_1_149' title="bbox 1306 2474 2333 2499; baseline -0.005 -4"><span class='ocrx_word' id='word_1_1100' title='bbox 1306 2474 1338 2495; x_wconf 92' lang='lat' dir='ltr'>os</span> <span class='ocrx_word' id='word_1_1101' title='bbox 2326 2492 2333 2499; x_wconf 42' lang='lat'>⁸</span> 
     </span>
     <span class='ocr_line' id='line_1_150' title="bbox 1268 2479 2322 2545; baseline -0.002 -13"><span class='ocrx_word' id='word_1_1102' title='bbox 1268 2488 1406 2533; x_wconf 77' lang='lat' dir='ltr'>Voleiites</span> <span class='ocrx_word' id='word_1_1103' title='bbox 1418 2502 1498 2541; x_wconf 89' lang='lat' dir='ltr'>super</span> <span class='ocrx_word' id='word_1_1104' title='bbox 1509 2503 1560 2533; x_wconf 90' lang='lat' dir='ltr'>hiis</span> <span class='ocrx_word' id='word_1_1105' title='bbox 1575 2503 1684 2542; x_wconf 79' lang='lat' dir='ltr'>plenius</span> <span class='ocrx_word' id='word_1_1106' title='bbox 1699 2502 1865 2541; x_wconf 90' lang='lat' dir='ltr'>informari,</span> <span class='ocrx_word' id='word_1_1107' title='bbox 2130 2539 2136 2545; x_wconf 39' lang='lat'><strong>¹</strong></span> <span class='ocrx_word' id='word_1_1108' title='bbox 2262 2537 2277 2544; x_wconf 91' lang='lat'>..</span> <span class='ocrx_word' id='word_1_1109' title='bbox 2305 2479 2322 2506; x_wconf 79' lang='lat'><strong><em>⁷</em></strong></span> 
     </span>
     <span class='ocr_line' id='line_1_151' title="bbox 1267 2536 2292 2583; baseline -0.004 -12"><span class='ocrx_word' id='word_1_1110' title='bbox 1267 2541 1361 2571; x_wconf 85' lang='lat' dir='ltr'>Vobis</span> <span class='ocrx_word' id='word_1_1111' title='bbox 1374 2543 1539 2573; x_wconf 84' lang='lat' dir='ltr'>mandamus</span> <span class='ocrx_word' id='word_1_1112' title='bbox 1554 2541 1652 2580; x_wconf 81' lang='lat' dir='ltr'>quod,</span> <span class='ocrx_word' id='word_1_1113' title='bbox 1670 2543 1778 2573; x_wconf 87' lang='lat' dir='ltr'>vocatis</span> <span class='ocrx_word' id='word_1_1114' title='bbox 1791 2540 2026 2571; x_wconf 88' lang='lat' dir='ltr'>Procuratoribus</span> <span class='ocrx_word' id='word_1_1115' title='bbox 2049 2539 2150 2583; x_wconf 82' lang='lat' dir='ltr'>nostris</span> <span class='ocrx_word' id='word_1_1116' title='bbox 2156 2559 2172 2581; x_wconf 21' lang='grc' dir='ltr'>,ἡ</span> <span class='ocrx_word' id='word_1_1117' title='bbox 2184 2537 2218 2568; x_wconf 90' lang='lat'>&amp;</span> <span class='ocrx_word' id='word_1_1118' title='bbox 2230 2536 2292 2581; x_wconf 75' lang='lat' dir='ltr'>aliis</span> 
     </span>
     <span class='ocr_line' id='line_1_152' title="bbox 1230 2575 2292 2620; baseline -0.005 -10"><span class='ocrx_word' id='word_1_1119' title='bbox 1230 2579 1266 2610; x_wconf 84' lang='lat' dir='ltr'>de</span> <span class='ocrx_word' id='word_1_1120' title='bbox 1286 2578 1426 2611; x_wconf 90' lang='lat' dir='ltr'>Concilio</span> <span class='ocrx_word' id='word_1_1121' title='bbox 1447 2579 1547 2610; x_wconf 89' lang='lat' dir='ltr'>nostro</span> <span class='ocrx_word' id='word_1_1122' title='bbox 1558 2603 1568 2617; x_wconf 84' lang='lat'>,</span> <span class='ocrx_word' id='word_1_1123' title='bbox 1585 2581 1665 2618; x_wconf 80' lang='lat' dir='ltr'>super</span> <span class='ocrx_word' id='word_1_1124' title='bbox 1679 2580 1761 2611; x_wconf 67' lang='lat' dir='ltr'>dietis</span> <span class='ocrx_word' id='word_1_1125' title='bbox 1774 2578 1986 2615; x_wconf 85' lang='lat' dir='ltr'>Donationibus</span> <span class='ocrx_word' id='word_1_1126' title='bbox 1999 2577 2149 2620; x_wconf 49' lang='lat' dir='ltr'>omnibus,</span> <span class='ocrx_word' id='word_1_1127' title='bbox 2165 2585 2195 2605; x_wconf 88' lang='lat' dir='ltr'>in</span> <span class='ocrx_word' id='word_1_1128' title='bbox 2208 2575 2292 2620; x_wconf 55' lang='lat' dir='ltr'>dietis</span> 
     </span>
     <span class='ocr_line' id='line_1_153' title="bbox 1231 2613 2292 2658; baseline -0.004 -9"><span class='ocrx_word' id='word_1_1129' title='bbox 1231 2620 1353 2656; x_wconf 82' lang='lat' dir='ltr'>partibus</span> <span class='ocrx_word' id='word_1_1130' title='bbox 1368 2628 1418 2657; x_wconf 89' lang='lat' dir='ltr'>per</span> <span class='ocrx_word' id='word_1_1131' title='bbox 1432 2628 1485 2649; x_wconf 87' lang='lat' dir='ltr'>nos</span> <span class='ocrx_word' id='word_1_1132' title='bbox 1499 2618 1597 2657; x_wconf 67' lang='lat' dir='ltr'>factis,</span> <span class='ocrx_word' id='word_1_1133' title='bbox 1614 2620 1648 2650; x_wconf 73' lang='grc' dir='ltr'>δε</span> <span class='ocrx_word' id='word_1_1134' title='bbox 1661 2618 1746 2650; x_wconf 86' lang='lat' dir='ltr'>causis</span> <span class='ocrx_word' id='word_1_1135' title='bbox 1758 2617 1937 2654; x_wconf 84' lang='lat' dir='ltr'>earumdem,</span> <span class='ocrx_word' id='word_1_1136' title='bbox 1955 2625 1989 2658; x_wconf 72' lang='lat' dir='ltr'>ac</span> <span class='ocrx_word' id='word_1_1137' title='bbox 2002 2624 2107 2658; x_wconf 81' lang='lat' dir='ltr'>meritis</span> <span class='ocrx_word' id='word_1_1138' title='bbox 2116 2613 2292 2644; x_wconf 85' lang='lat' dir='ltr'>Donatario-</span> 
     </span>
     <span class='ocr_line' id='line_1_154' title="bbox 1231 2651 2292 2696; baseline -0.002 -10"><span class='ocrx_word' id='word_1_1139' title='bbox 1231 2667 1312 2695; x_wconf 85' lang='lat' dir='ltr'>rum,</span> <span class='ocrx_word' id='word_1_1140' title='bbox 1331 2658 1365 2688; x_wconf 74' lang='grc' dir='ltr'>δε</span> <span class='ocrx_word' id='word_1_1141' title='bbox 1386 2656 1422 2687; x_wconf 89' lang='lat' dir='ltr'>de</span> <span class='ocrx_word' id='word_1_1142' title='bbox 1443 2656 1540 2687; x_wconf 86' lang='lat' dir='ltr'>valore</span> <span class='ocrx_word' id='word_1_1143' title='bbox 1561 2667 1656 2687; x_wconf 91' lang='lat' dir='ltr'>rerum</span> <span class='ocrx_word' id='word_1_1144' title='bbox 1679 2657 1717 2687; x_wconf 92' lang='lat' dir='ltr'>sic</span> <span class='ocrx_word' id='word_1_1145' title='bbox 1740 2655 1924 2691; x_wconf 84' lang='lat' dir='ltr'>donatarum,</span> <span class='ocrx_word' id='word_1_1146' title='bbox 1938 2652 2086 2691; x_wconf 88' lang='lat' dir='ltr'>videlicet,</span> <span class='ocrx_word' id='word_1_1147' title='bbox 2106 2661 2141 2682; x_wconf 91' lang='lat' dir='ltr'>an</span> <span class='ocrx_word' id='word_1_1148' title='bbox 2156 2651 2237 2696; x_wconf 75' lang='lat' dir='ltr'>plus?</span> <span class='ocrx_word' id='word_1_1149' title='bbox 2255 2653 2292 2684; x_wconf 89' lang='lat'>&amp;</span> 
     </span>
     <span class='ocr_line' id='line_1_155' title="bbox 1232 2690 2293 2734; baseline -0.005 -10"><span class='ocrx_word' id='word_1_1150' title='bbox 1232 2695 1353 2733; x_wconf 81' lang='lat' dir='ltr'>Quanto</span> <span class='ocrx_word' id='word_1_1151' title='bbox 1367 2694 1427 2733; x_wconf 90' lang='lat' dir='ltr'>plus</span> <span class='ocrx_word' id='word_1_1152' title='bbox 1441 2695 1550 2725; x_wconf 87' lang='lat' dir='ltr'>valeant</span> <span class='ocrx_word' id='word_1_1153' title='bbox 1565 2704 1649 2732; x_wconf 81' lang='lat' dir='ltr'>quam</span> <span class='ocrx_word' id='word_1_1154' title='bbox 1663 2694 1754 2724; x_wconf 85' lang='lat' dir='ltr'>valere</span> <span class='ocrx_word' id='word_1_1155' title='bbox 1772 2692 1987 2731; x_wconf 79' lang='lat' dir='ltr'>suggerebantur</span> <span class='ocrx_word' id='word_1_1156' title='bbox 2001 2691 2021 2734; x_wconf 38' lang='grc' dir='ltr'>Ρ.</span> <span class='ocrx_word' id='word_1_1157' title='bbox 2039 2692 2072 2722; x_wconf 87' lang='lat'>&amp;</span> <span class='ocrx_word' id='word_1_1158' title='bbox 2088 2690 2239 2734; x_wconf 81' lang='lat' dir='ltr'>Qaliter?</span> <span class='ocrx_word' id='word_1_1159' title='bbox 2250 2691 2293 2733; x_wconf 32' lang='grc' dir='ltr'>,ὃς</span> 
     </span>
     <span class='ocr_line' id='line_1_156' title="bbox 1232 2727 2293 2772; baseline -0.004 -10"><span class='ocrx_word' id='word_1_1160' title='bbox 1232 2735 1259 2762; x_wconf 93' lang='lat' dir='ltr'>in</span> <span class='ocrx_word' id='word_1_1161' title='bbox 1281 2733 1400 2771; x_wconf 80' lang='lat' dir='ltr'>Quanto</span> <span class='ocrx_word' id='word_1_1162' title='bbox 1423 2732 1461 2763; x_wconf 89' lang='lat' dir='ltr'>sic</span> <span class='ocrx_word' id='word_1_1163' title='bbox 1481 2732 1593 2770; x_wconf 88' lang='lat' dir='ltr'>decepti</span> <span class='ocrx_word' id='word_1_1164' title='bbox 1613 2732 1742 2762; x_wconf 84' lang='lat' dir='ltr'>eramus?</span> <span class='ocrx_word' id='word_1_1165' title='bbox 1760 2740 1812 2759; x_wconf 91' lang='lat' dir='ltr'>vos</span> <span class='ocrx_word' id='word_1_1166' title='bbox 1829 2730 1881 2759; x_wconf 84' lang='lat' dir='ltr'>viis</span> <span class='ocrx_word' id='word_1_1167' title='bbox 1895 2729 1928 2760; x_wconf 78' lang='grc' dir='ltr'>δε</span> <span class='ocrx_word' id='word_1_1168' title='bbox 1943 2728 2053 2772; x_wconf 81' lang='lat' dir='ltr'>modis,</span> <span class='ocrx_word' id='word_1_1169' title='bbox 2072 2729 2174 2772; x_wconf 81' lang='lat' dir='ltr'>quibus</span> <span class='ocrx_word' id='word_1_1170' title='bbox 2189 2727 2293 2772; x_wconf 80' lang='lat' dir='ltr'>melius</span> 
     </span>
     <span class='ocr_line' id='line_1_157' title="bbox 1233 2766 2292 2809; baseline -0.005 -8"><span class='ocrx_word' id='word_1_1171' title='bbox 1233 2772 1377 2808; x_wconf 80' lang='lat' dir='ltr'>poteritis,</span> <span class='ocrx_word' id='word_1_1172' title='bbox 1394 2770 1554 2809; x_wconf 81' lang='lat' dir='ltr'>diligentius</span> <span class='ocrx_word' id='word_1_1173' title='bbox 1568 2770 1741 2805; x_wconf 77' lang='lat' dir='ltr'>informetis,</span> <span class='ocrx_word' id='word_1_1174' title='bbox 1760 2768 1793 2798; x_wconf 76' lang='grc' dir='ltr'>δε</span> <span class='ocrx_word' id='word_1_1175' title='bbox 1814 2767 2035 2798; x_wconf 86' lang='lat' dir='ltr'>Informationes</span> <span class='ocrx_word' id='word_1_1176' title='bbox 2056 2766 2218 2804; x_wconf 72' lang='lat' dir='ltr'>hujusmodi</span> <span class='ocrx_word' id='word_1_1177' title='bbox 2236 2775 2292 2797; x_wconf 90' lang='lat' dir='ltr'>no-</span> 
     </span>
     <span class='ocr_line' id='line_1_158' title="bbox 1235 2805 2290 2849; baseline -0.004 -10"><span class='ocrx_word' id='word_1_1178' title='bbox 1235 2810 1292 2846; x_wconf 82' lang='lat' dir='ltr'>bis,</span> <span class='ocrx_word' id='word_1_1179' title='bbox 1307 2809 1343 2839; x_wconf 89' lang='lat' dir='ltr'>de</span> <span class='ocrx_word' id='word_1_1180' title='bbox 1355 2817 1486 2846; x_wconf 88' lang='lat' dir='ltr'>tempore</span> <span class='ocrx_word' id='word_1_1181' title='bbox 1498 2809 1527 2838; x_wconf 88' lang='lat' dir='ltr'>in</span> <span class='ocrx_word' id='word_1_1182' title='bbox 1543 2816 1655 2848; x_wconf 89' lang='lat' dir='ltr'>tempus</span> <span class='ocrx_word' id='word_1_1183' title='bbox 1668 2831 1678 2846; x_wconf 86' lang='lat'>,</span> <span class='ocrx_word' id='word_1_1184' title='bbox 1704 2808 1775 2838; x_wconf 78' lang='lat' dir='ltr'>cum</span> <span class='ocrx_word' id='word_1_1185' title='bbox 1798 2815 1841 2836; x_wconf 88' lang='lat' dir='ltr'>eas</span> <span class='ocrx_word' id='word_1_1186' title='bbox 1864 2807 2013 2836; x_wconf 85' lang='lat' dir='ltr'>habueritis</span> <span class='ocrx_word' id='word_1_1187' title='bbox 2027 2830 2036 2843; x_wconf 89' lang='lat'>,</span> <span class='ocrx_word' id='word_1_1188' title='bbox 2055 2807 2193 2849; x_wconf 73' lang='lat' dir='ltr'>unacum</span> <span class='ocrx_word' id='word_1_1189' title='bbox 2208 2805 2290 2836; x_wconf 87' lang='lat' dir='ltr'>bono</span> 
     </span>
     <span class='ocr_line' id='line_1_159' title="bbox 1235 2844 2145 2888; baseline -0.004 -11"><span class='ocrx_word' id='word_1_1190' title='bbox 1235 2847 1418 2878; x_wconf 82' lang='lat' dir='ltr'>Avisamento</span> <span class='ocrx_word' id='word_1_1191' title='bbox 1432 2846 1527 2877; x_wconf 91' lang='lat' dir='ltr'>vestro</span> <span class='ocrx_word' id='word_1_1192' title='bbox 1540 2847 1569 2876; x_wconf 93' lang='lat' dir='ltr'>in</span> <span class='ocrx_word' id='word_1_1193' title='bbox 1583 2846 1636 2877; x_wconf 89' lang='lat' dir='ltr'>hac</span> <span class='ocrx_word' id='word_1_1194' title='bbox 1651 2854 1743 2883; x_wconf 83' lang='lat' dir='ltr'>parte,</span> <span class='ocrx_word' id='word_1_1195' title='bbox 1761 2846 1790 2874; x_wconf 91' lang='lat' dir='ltr'>in</span> <span class='ocrx_word' id='word_1_1196' title='bbox 1805 2844 1937 2888; x_wconf 73' lang='lat' dir='ltr'>Angliam</span> <span class='ocrx_word' id='word_1_1197' title='bbox 1950 2844 2145 2888; x_wconf 58' lang='lat' dir='ltr'>transmittatis:</span> 
     </span>
     <span class='ocr_line' id='line_1_160' title="bbox 1267 2881 2154 2924; baseline -0.006 -7"><span class='ocrx_word' id='word_1_1198' title='bbox 1267 2886 1336 2917; x_wconf 78' lang='lat' dir='ltr'>Dat.</span> <span class='ocrx_word' id='word_1_1199' title='bbox 1354 2885 1427 2924; x_wconf 82' lang='lat' dir='ltr'>apud</span> <span class='ocrx_word' id='word_1_1200' title='bbox 1441 2884 1749 2922; x_wconf 82' lang='lat' dir='ltr'>westmonasterium,</span> <span class='ocrx_word' id='word_1_1201' title='bbox 1766 2882 1881 2914; x_wconf 86' lang='lat' dir='ltr'>decimo</span> <span class='ocrx_word' id='word_1_1202' title='bbox 1895 2883 1972 2914; x_wconf 82' lang='lat' dir='ltr'>sexto</span> <span class='ocrx_word' id='word_1_1203' title='bbox 1986 2882 2034 2913; x_wconf 90' lang='lat' dir='ltr'>die</span> <span class='ocrx_word' id='word_1_1204' title='bbox 2047 2881 2154 2913; x_wconf 90' lang='lat' dir='ltr'>Martii.</span> 
     </span>
    </p>
   </div>
   <div class='ocr_carea' id='block_1_29' title="bbox 1916 2958 2188 3000">
    <p class='ocr_par' dir='ltr' id='par_1_50' title="bbox 1916 2958 2188 3000">
     <span class='ocr_line' id='line_1_161' title="bbox 1916 2958 2188 3000; baseline 0 -10"><span class='ocrx_word' id='word_1_1205' title='bbox 1916 2963 1972 2991; x_wconf 84' lang='lat' dir='ltr'>Per</span> <span class='ocrx_word' id='word_1_1206' title='bbox 1987 2958 2069 3000; x_wconf 73' lang='lat' dir='ltr'>ipfitm</span> <span class='ocrx_word' id='word_1_1207' title='bbox 2082 2961 2188 2998; x_wconf 82' lang='lat' dir='ltr'>Regem.</span> 
     </span>
    </p>
   </div>
   <div class='ocr_carea' id='block_1_30' title="bbox 1259 3085 2270 3137">
    <p class='ocr_par' dir='ltr' id='par_1_51' title="bbox 1259 3085 2270 3137">
     <span class='ocr_line' id='line_1_162' title="bbox 1259 3085 2270 3137; baseline -0.001 -15"><span class='ocrx_word' id='word_1_1208' title='bbox 1259 3092 1363 3123; x_wconf 75' lang='lat' dir='ltr'>Litcrae</span> <span class='ocrx_word' id='word_1_1209' title='bbox 1378 3088 1578 3137; x_wconf 60' lang='lat' dir='ltr'>deprecatoriis</span> <span class='ocrx_word' id='word_1_1210' title='bbox 1594 3093 1676 3137; x_wconf 83' lang='lat' dir='ltr'>Papae</span> <span class='ocrx_word' id='word_1_1211' title='bbox 1695 3089 1739 3123; x_wconf 88' lang='lat' dir='ltr'>ad</span> <span class='ocrx_word' id='word_1_1212' title='bbox 1755 3093 1864 3136; x_wconf 79' lang='lat' dir='ltr'>Regem</span> <span class='ocrx_word' id='word_1_1213' title='bbox 1873 3099 1928 3136; x_wconf 87' lang='lat' dir='ltr'>pro</span> <span class='ocrx_word' id='word_1_1214' title='bbox 1949 3085 2110 3122; x_wconf 83' lang='lat' dir='ltr'>Concordia</span> <span class='ocrx_word' id='word_1_1215' title='bbox 2126 3089 2162 3125; x_wconf 57' lang='grc' dir='ltr'>(ῥ’</span> <span class='ocrx_word' id='word_1_1216' title='bbox 2181 3090 2270 3121; x_wconf 79' lang='lat' dir='ltr'>Pace.</span> 
     </span>
    </p>
   </div>
   <div class='ocr_carea' id='block_1_31' title="bbox 1236 3170 2438 4094">
    <p class='ocr_par' dir='ltr' id='par_1_52' title="bbox 1236 3170 2438 4094">
     <span class='ocr_line' id='line_1_163' title="bbox 1238 3170 2429 3236; baseline -0.003 -32"><span class='ocrx_word' id='word_1_1217' title='bbox 1238 3174 1420 3236; x_wconf 84' lang='lat' dir='ltr'>CLemens</span> <span class='ocrx_word' id='word_1_1218' title='bbox 1438 3174 1613 3214; x_wconf 77' lang='lat' dir='ltr'>Episcopus,</span> <span class='ocrx_word' id='word_1_1219' title='bbox 1627 3174 1732 3206; x_wconf 85' lang='lat' dir='ltr'>Servus</span> <span class='ocrx_word' id='word_1_1220' title='bbox 1745 3174 1902 3205; x_wconf 88' lang='lat' dir='ltr'>Servorum</span> <span class='ocrx_word' id='word_1_1221' title='bbox 1917 3172 2144 3211; x_wconf 88' lang='lat' dir='ltr'>Dei,cariffimo</span> <span class='ocrx_word' id='word_1_1222' title='bbox 2159 3173 2188 3202; x_wconf 92' lang='lat' dir='ltr'>in</span> <span class='ocrx_word' id='word_1_1223' title='bbox 2203 3170 2292 3202; x_wconf 89' lang='lat' dir='ltr'>Chri·</span> <span class='ocrx_word' id='word_1_1224' title='bbox 2307 3195 2336 3227; x_wconf 81' lang='grc' dir='ltr'><strong>Α</strong></span> <span class='ocrx_word' id='word_1_1225' title='bbox 2395 3193 2429 3225; x_wconf 86' lang='lat' dir='ltr'>D</span> 
     </span>
     <span class='ocr_line' id='line_1_164' title="bbox 1314 3203 2438 3252; baseline -0.002 -9"><span class='ocrx_word' id='word_1_1226' title='bbox 1314 3212 1358 3243; x_wconf 81' lang='lat' dir='ltr'>sto</span> <span class='ocrx_word' id='word_1_1227' title='bbox 1371 3213 1444 3242; x_wconf 82' lang='lat' dir='ltr'>Filio</span> <span class='ocrx_word' id='word_1_1228' title='bbox 1457 3213 1619 3252; x_wconf 67' lang='lat' dir='ltr'>edwardo,</span> <span class='ocrx_word' id='word_1_1229' title='bbox 1639 3213 1715 3251; x_wconf 85' lang='lat' dir='ltr'>Regi</span> <span class='ocrx_word' id='word_1_1230' title='bbox 1728 3212 1842 3251; x_wconf 80' lang='lat' dir='ltr'>Anguae</span> <span class='ocrx_word' id='word_1_1231' title='bbox 1852 3211 1968 3250; x_wconf 75' lang='lat' dir='ltr'>illustri,</span> <span class='ocrx_word' id='word_1_1232' title='bbox 1985 3211 2109 3243; x_wconf 74' lang='lat' dir='ltr'>Salutem</span> <span class='ocrx_word' id='word_1_1233' title='bbox 2123 3212 2156 3243; x_wconf 69' lang='grc' dir='ltr'>ει</span> <span class='ocrx_word' id='word_1_1234' title='bbox 2165 3209 2294 3249; x_wconf 83' lang='lat' dir='ltr'>Aposto-</span> <span class='ocrx_word' id='word_1_1235' title='bbox 2337 3203 2385 3225; x_wconf 75' lang='lat'>¹¹1¹·</span> <span class='ocrx_word' id='word_1_1236' title='bbox 2429 3215 2438 3225; x_wconf 91' lang='lat'><strong>·</strong></span> 
     </span>
     <span class='ocr_line' id='line_1_165' title="bbox 1236 3240 2414 3282; baseline 0.003 -2"><span class='ocrx_word' id='word_1_1237' title='bbox 1236 3250 1322 3281; x_wconf 84' lang='lat' dir='ltr'>licam</span> <span class='ocrx_word' id='word_1_1238' title='bbox 1336 3251 1579 3282; x_wconf 69' lang='lat' dir='ltr'>Benedicslionem.</span> <span class='ocrx_word' id='word_1_1239' title='bbox 1980 3256 1982 3258; x_wconf 85' lang='lat'>&#39;</span> <span class='ocrx_word' id='word_1_1240' title='bbox 2330 3240 2414 3274; x_wconf 76' lang='lat'>¹345·</span> 
     </span>
     <span class='ocr_line' id='line_1_166' title="bbox 1273 3278 2423 3340; baseline -0.001 -21"><span class='ocrx_word' id='word_1_1241' title='bbox 1273 3289 1369 3319; x_wconf 79' lang='lat' dir='ltr'>Miffae</span> <span class='ocrx_word' id='word_1_1242' title='bbox 1390 3290 1473 3319; x_wconf 73' lang='lat' dir='ltr'>nobis</span> <span class='ocrx_word' id='word_1_1243' title='bbox 1487 3312 1497 3328; x_wconf 86' lang='lat'>,</span> <span class='ocrx_word' id='word_1_1244' title='bbox 1522 3290 1574 3320; x_wconf 75' lang='lat' dir='ltr'>hiis</span> <span class='ocrx_word' id='word_1_1245' title='bbox 1592 3289 1704 3327; x_wconf 74' lang='lat' dir='ltr'>diebus,</span> <span class='ocrx_word' id='word_1_1246' title='bbox 1725 3288 1859 3327; x_wconf 75' lang='lat' dir='ltr'>Litterae,</span> <span class='ocrx_word' id='word_1_1247' title='bbox 1876 3287 1973 3319; x_wconf 69' lang='lat' dir='ltr'>ductii</span> <span class='ocrx_word' id='word_1_1248' title='bbox 1996 3288 2079 3327; x_wconf 86' lang='lat' dir='ltr'>Filii,</span> <span class='ocrx_word' id='word_1_1249' title='bbox 2098 3287 2218 3319; x_wconf 77' lang='lat' dir='ltr'>Nobilis</span> <span class='ocrx_word' id='word_1_1250' title='bbox 2233 3278 2361 3340; x_wconf 55' lang='lat' dir='ltr'>viri-gn·</span> <span class='ocrx_word' id='word_1_1251' title='bbox 2380 3282 2423 3308; x_wconf 89' lang='lat'>¹⁹·</span> 
     </span>
     <span class='ocr_line' id='line_1_167' title="bbox 1387 3321 2422 3377; baseline -0.001 -20"><span class='ocrx_word' id='word_1_1252' title='bbox 1387 3327 1480 3358; x_wconf 90' lang='lat' dir='ltr'>Ducis</span> <span class='ocrx_word' id='word_1_1253' title='bbox 1494 3327 1690 3366; x_wconf 86' lang='lat' dir='ltr'>Venetorum,</span> <span class='ocrx_word' id='word_1_1254' title='bbox 1708 3327 1742 3358; x_wconf 91' lang='lat'>&amp;</span> <span class='ocrx_word' id='word_1_1255' title='bbox 1762 3328 1882 3358; x_wconf 85' lang='lat' dir='ltr'>aliorum</span> <span class='ocrx_word' id='word_1_1256' title='bbox 1902 3327 2098 3366; x_wconf 84' lang='lat' dir='ltr'>quorundam,</span> <span class='ocrx_word' id='word_1_1257' title='bbox 2117 3323 2295 3357; x_wconf 59' lang='lat' dir='ltr'>existentium</span> <span class='ocrx_word' id='word_1_1258' title='bbox 2332 3335 2338 3341; x_wconf 69' lang='lat'><strong>⁴</strong></span> <span class='ocrx_word' id='word_1_1259' title='bbox 2360 3321 2422 3377; x_wconf 45' lang='lat' dir='ltr'>{iu-</span> 
     </span>
     <span class='ocr_line' id='line_1_168' title="bbox 1238 3356 2423 3404; baseline -0.001 -9"><span class='ocrx_word' id='word_1_1260' title='bbox 1238 3366 1267 3395; x_wconf 91' lang='lat' dir='ltr'>in</span> <span class='ocrx_word' id='word_1_1261' title='bbox 1282 3366 1403 3403; x_wconf 84' lang='lat' dir='ltr'>partibus</span> <span class='ocrx_word' id='word_1_1262' title='bbox 1413 3366 1634 3404; x_wconf 85' lang='lat' dir='ltr'>Transmarinis,</span> <span class='ocrx_word' id='word_1_1263' title='bbox 1655 3366 1801 3396; x_wconf 86' lang='lat' dir='ltr'>Rumores</span> <span class='ocrx_word' id='word_1_1264' title='bbox 1814 3365 1929 3396; x_wconf 87' lang='lat' dir='ltr'>infestos</span> <span class='ocrx_word' id='word_1_1265' title='bbox 1944 3367 1977 3397; x_wconf 92' lang='lat'>&amp;</span> <span class='ocrx_word' id='word_1_1266' title='bbox 1992 3365 2100 3396; x_wconf 86' lang='lat' dir='ltr'>flebiles</span> <span class='ocrx_word' id='word_1_1267' title='bbox 2112 3364 2150 3395; x_wconf 92' lang='lat' dir='ltr'>de</span> <span class='ocrx_word' id='word_1_1268' title='bbox 2161 3365 2223 3403; x_wconf 88' lang='lat' dir='ltr'>ipsis</span> <span class='ocrx_word' id='word_1_1269' title='bbox 2231 3375 2295 3403; x_wconf 89' lang='lat' dir='ltr'>par·</span> <span class='ocrx_word' id='word_1_1270' title='bbox 2309 3356 2348 3379; x_wconf 79' lang='lat' dir='ltr'>Ex</span> <span class='ocrx_word' id='word_1_1271' title='bbox 2416 3377 2423 3384; x_wconf 77' lang='lat'><strong><em>¹</em></strong></span> 
     </span>
     <span class='ocr_line' id='line_1_169' title="bbox 1236 3398 2372 3442; baseline 0.002 -9"><span class='ocrx_word' id='word_1_1272' title='bbox 1236 3405 1310 3434; x_wconf 86' lang='lat' dir='ltr'>tibus</span> <span class='ocrx_word' id='word_1_1273' title='bbox 1332 3405 1494 3434; x_wconf 83' lang='lat' dir='ltr'>nunciantes</span> <span class='ocrx_word' id='word_1_1274' title='bbox 1505 3428 1515 3441; x_wconf 93' lang='lat'>,</span> <span class='ocrx_word' id='word_1_1275' title='bbox 1538 3405 1718 3442; x_wconf 86' lang='lat' dir='ltr'>resperserunt</span> <span class='ocrx_word' id='word_1_1276' title='bbox 1737 3404 1921 3435; x_wconf 85' lang='lat' dir='ltr'>amaritudine</span> <span class='ocrx_word' id='word_1_1277' title='bbox 1939 3413 2067 3435; x_wconf 90' lang='lat' dir='ltr'>mentem</span> <span class='ocrx_word' id='word_1_1278' title='bbox 2082 3403 2225 3440; x_wconf 78' lang='lat' dir='ltr'>nostram,</span> <span class='ocrx_word' id='word_1_1279' title='bbox 2243 3404 2295 3442; x_wconf 85' lang='lat'>&amp;,</span> <span class='ocrx_word' id='word_1_1280' title='bbox 2306 3398 2372 3428; x_wconf 51' lang='grc' dir='ltr'>ΜΨ·</span> 
     </span>
     <span class='ocr_line' id='line_1_170' title="bbox 1239 3442 2297 3485; baseline 0 -14"><span class='ocrx_word' id='word_1_1281' title='bbox 1239 3450 1267 3471; x_wconf 88' lang='lat' dir='ltr'>ut</span> <span class='ocrx_word' id='word_1_1282' title='bbox 1288 3451 1422 3473; x_wconf 87' lang='lat' dir='ltr'>contenta</span> <span class='ocrx_word' id='word_1_1283' title='bbox 1442 3444 1470 3472; x_wconf 89' lang='lat' dir='ltr'>in</span> <span class='ocrx_word' id='word_1_1284' title='bbox 1492 3443 1595 3473; x_wconf 88' lang='lat' dir='ltr'>eisdem</span> <span class='ocrx_word' id='word_1_1285' title='bbox 1616 3443 1728 3474; x_wconf 88' lang='lat' dir='ltr'>Litteris</span> <span class='ocrx_word' id='word_1_1286' title='bbox 1740 3452 1787 3473; x_wconf 82' lang='lat' dir='ltr'>tua</span> <span class='ocrx_word' id='word_1_1287' title='bbox 1801 3442 1972 3473; x_wconf 87' lang='lat' dir='ltr'>Excellentia</span> <span class='ocrx_word' id='word_1_1288' title='bbox 1983 3442 2075 3482; x_wconf 87' lang='lat' dir='ltr'>Regia</span> <span class='ocrx_word' id='word_1_1289' title='bbox 2090 3451 2150 3472; x_wconf 93' lang='lat' dir='ltr'>non</span> <span class='ocrx_word' id='word_1_1290' title='bbox 2167 3443 2297 3485; x_wconf 69' lang='lat' dir='ltr'>ignoret,</span> 
     </span>
     <span class='ocr_line' id='line_1_171' title="bbox 1240 3480 2298 3519; baseline -0.001 -8"><span class='ocrx_word' id='word_1_1291' title='bbox 1240 3480 1338 3511; x_wconf 90' lang='lat' dir='ltr'>cedula</span> <span class='ocrx_word' id='word_1_1292' title='bbox 1351 3504 1360 3518; x_wconf 78' lang='lat'><strong>‚</strong></span> <span class='ocrx_word' id='word_1_1293' title='bbox 1385 3481 1529 3511; x_wconf 87' lang='lat' dir='ltr'>interclusa</span> <span class='ocrx_word' id='word_1_1294' title='bbox 1548 3481 1727 3519; x_wconf 73' lang='lat' dir='ltr'>praesentibus</span> <span class='ocrx_word' id='word_1_1295' title='bbox 1752 3481 1921 3512; x_wconf 88' lang='lat' dir='ltr'>Litterarum</span> <span class='ocrx_word' id='word_1_1296' title='bbox 1941 3481 2061 3519; x_wconf 81' lang='lat' dir='ltr'>ipsarum</span> <span class='ocrx_word' id='word_1_1297' title='bbox 2082 3481 2181 3511; x_wconf 91' lang='lat' dir='ltr'>seriem</span> <span class='ocrx_word' id='word_1_1298' title='bbox 2203 3488 2298 3511; x_wconf 84' lang='lat' dir='ltr'>conti-</span> 
     </span>
     <span class='ocr_line' id='line_1_172' title="bbox 1242 3519 1983 3558; baseline 0.001 -9"><span class='ocrx_word' id='word_1_1299' title='bbox 1242 3528 1329 3555; x_wconf 77' lang='lat' dir='ltr'>nenS,</span> <span class='ocrx_word' id='word_1_1300' title='bbox 1346 3529 1377 3548; x_wconf 87' lang='lat' dir='ltr'>ea</span> <span class='ocrx_word' id='word_1_1301' title='bbox 1391 3520 1441 3549; x_wconf 89' lang='lat' dir='ltr'>tibi</span> <span class='ocrx_word' id='word_1_1302' title='bbox 1451 3542 1460 3557; x_wconf 81' lang='lat'><em>‚</em></span> <span class='ocrx_word' id='word_1_1303' title='bbox 1479 3520 1531 3550; x_wconf 88' lang='lat' dir='ltr'>Fili</span> <span class='ocrx_word' id='word_1_1304' title='bbox 1547 3519 1703 3558; x_wconf 83' lang='lat' dir='ltr'>cariffime,</span> <span class='ocrx_word' id='word_1_1305' title='bbox 1721 3519 1830 3558; x_wconf 83' lang='lat' dir='ltr'>plenius</span> <span class='ocrx_word' id='word_1_1306' title='bbox 1841 3519 1983 3550; x_wconf 87' lang='lat' dir='ltr'>indicabit.</span> 
     </span>
     <span class='ocr_line' id='line_1_173' title="bbox 1280 3555 2300 3597; baseline 0.001 -11"><span class='ocrx_word' id='word_1_1307' title='bbox 1280 3557 1359 3587; x_wconf 84' lang='lat' dir='ltr'>Licet</span> <span class='ocrx_word' id='word_1_1308' title='bbox 1370 3567 1464 3587; x_wconf 87' lang='lat' dir='ltr'>autem</span> <span class='ocrx_word' id='word_1_1309' title='bbox 1479 3558 1571 3597; x_wconf 83' lang='lat' dir='ltr'>casus,</span> <span class='ocrx_word' id='word_1_1310' title='bbox 1589 3560 1674 3588; x_wconf 83' lang='lat' dir='ltr'>bonae</span> <span class='ocrx_word' id='word_1_1311' title='bbox 1696 3559 1846 3589; x_wconf 86' lang='lat' dir='ltr'>memoriae</span> <span class='ocrx_word' id='word_1_1312' title='bbox 1857 3582 1867 3596; x_wconf 94' lang='lat'>,</span> <span class='ocrx_word' id='word_1_1313' title='bbox 2033 3557 2202 3588; x_wconf 85' lang='lat' dir='ltr'>Patriarchae</span> <span class='ocrx_word' id='word_1_1314' title='bbox 2215 3555 2300 3587; x_wconf 87' lang='lat' dir='ltr'>Con-</span> 
     </span>
     <span class='ocr_line' id='line_1_174' title="bbox 1243 3595 2301 3634; baseline 0 -9"><span class='ocrx_word' id='word_1_1315' title='bbox 1243 3595 1481 3633; x_wconf 89' lang='lat' dir='ltr'>stantinopolitani</span> <span class='ocrx_word' id='word_1_1316' title='bbox 1495 3620 1505 3634; x_wconf 87' lang='lat'>,</span> <span class='ocrx_word' id='word_1_1317' title='bbox 1530 3597 1703 3634; x_wconf 81' lang='lat' dir='ltr'>Apostolicae</span> <span class='ocrx_word' id='word_1_1318' title='bbox 1724 3596 1803 3627; x_wconf 88' lang='lat' dir='ltr'>Sedis</span> <span class='ocrx_word' id='word_1_1319' title='bbox 1821 3597 1938 3634; x_wconf 86' lang='lat' dir='ltr'>Legati,</span> <span class='ocrx_word' id='word_1_1320' title='bbox 1963 3597 1997 3626; x_wconf 88' lang='lat'>&amp;</span> <span class='ocrx_word' id='word_1_1321' title='bbox 2019 3596 2138 3626; x_wconf 87' lang='lat' dir='ltr'>aliorum</span> <span class='ocrx_word' id='word_1_1322' title='bbox 2152 3597 2301 3634; x_wconf 86' lang='lat' dir='ltr'>virorum,</span> 
     </span>
     <span class='ocr_line' id='line_1_175' title="bbox 1244 3633 2300 3674; baseline 0 -11"><span class='ocrx_word' id='word_1_1323' title='bbox 1244 3634 1280 3663; x_wconf 90' lang='lat' dir='ltr'>de</span> <span class='ocrx_word' id='word_1_1324' title='bbox 1301 3634 1401 3671; x_wconf 86' lang='lat' dir='ltr'>quibus</span> <span class='ocrx_word' id='word_1_1325' title='bbox 1424 3635 1453 3663; x_wconf 89' lang='lat' dir='ltr'>in</span> <span class='ocrx_word' id='word_1_1326' title='bbox 1474 3635 1536 3672; x_wconf 85' lang='lat' dir='ltr'>ipsis</span> <span class='ocrx_word' id='word_1_1327' title='bbox 1558 3635 1672 3665; x_wconf 88' lang='lat' dir='ltr'>Litteris</span> <span class='ocrx_word' id='word_1_1328' title='bbox 1693 3635 1725 3665; x_wconf 86' lang='lat' dir='ltr'>fit</span> <span class='ocrx_word' id='word_1_1329' title='bbox 1739 3636 1849 3665; x_wconf 91' lang='lat' dir='ltr'>mentio</span> <span class='ocrx_word' id='word_1_1330' title='bbox 1883 3635 1914 3665; x_wconf 85' lang='lat' dir='ltr'>sit</span> <span class='ocrx_word' id='word_1_1331' title='bbox 1928 3636 2034 3674; x_wconf 86' lang='lat' dir='ltr'>gravis,</span> <span class='ocrx_word' id='word_1_1332' title='bbox 2050 3635 2083 3666; x_wconf 75' lang='grc' dir='ltr'>ὅτ</span> <span class='ocrx_word' id='word_1_1333' title='bbox 2098 3643 2205 3664; x_wconf 70' lang='lat' dir='ltr'>mentes</span> <span class='ocrx_word' id='word_1_1334' title='bbox 2218 3633 2300 3663; x_wconf 85' lang='lat' dir='ltr'>Fide-</span> 
     </span>
     <span class='ocr_line' id='line_1_176' title="bbox 1248 3658 2302 3712; baseline 0 -11"><span class='ocrx_word' id='word_1_1335' title='bbox 1248 3672 1317 3701; x_wconf 82' lang='lat' dir='ltr'>lium</span> <span class='ocrx_word' id='word_1_1336' title='bbox 1327 3695 1336 3709; x_wconf 92' lang='lat'>,</span> <span class='ocrx_word' id='word_1_1337' title='bbox 1354 3672 1461 3702; x_wconf 87' lang='lat' dir='ltr'>ibidem</span> <span class='ocrx_word' id='word_1_1338' title='bbox 1476 3674 1505 3702; x_wconf 90' lang='lat' dir='ltr'>in</span> <span class='ocrx_word' id='word_1_1339' title='bbox 1520 3672 1721 3703; x_wconf 90' lang='lat' dir='ltr'>Prosecutione</span> <span class='ocrx_word' id='word_1_1340' title='bbox 1731 3673 1836 3712; x_wconf 75' lang='lat' dir='ltr'>negotii</span> <span class='ocrx_word' id='word_1_1341' title='bbox 1854 3658 2060 3710; x_wconf 53' lang='lat' dir='ltr'>Redemptoris</span> <span class='ocrx_word' id='word_1_1342' title='bbox 2078 3671 2166 3702; x_wconf 91' lang='lat' dir='ltr'>nostri</span> <span class='ocrx_word' id='word_1_1343' title='bbox 2181 3671 2302 3702; x_wconf 86' lang='lat' dir='ltr'>existen-</span> 
     </span>
     <span class='ocr_line' id='line_1_177' title="bbox 1248 3711 2302 3752; baseline 0.002 -14"><span class='ocrx_word' id='word_1_1344' title='bbox 1248 3711 1339 3747; x_wconf 90' lang='lat' dir='ltr'>tium,</span> <span class='ocrx_word' id='word_1_1345' title='bbox 1358 3720 1464 3740; x_wconf 90' lang='lat' dir='ltr'>terrore</span> <span class='ocrx_word' id='word_1_1346' title='bbox 1475 3711 1570 3749; x_wconf 88' lang='lat' dir='ltr'>aliquo</span> <span class='ocrx_word' id='word_1_1347' title='bbox 1585 3712 1774 3750; x_wconf 83' lang='lat' dir='ltr'>concusserit,</span> <span class='ocrx_word' id='word_1_1348' title='bbox 1789 3719 1820 3742; x_wconf 91' lang='lat' dir='ltr'>ut</span> <span class='ocrx_word' id='word_1_1349' title='bbox 1834 3711 2019 3748; x_wconf 88' lang='lat' dir='ltr'>probabiliter</span> <span class='ocrx_word' id='word_1_1350' title='bbox 2032 3712 2217 3752; x_wconf 81' lang='lat' dir='ltr'>extimamus‚</span> <span class='ocrx_word' id='word_1_1351' title='bbox 2234 3718 2302 3740; x_wconf 85' lang='lat' dir='ltr'>nos·</span> 
     </span>
     <span class='ocr_line' id='line_1_178' title="bbox 1249 3749 2305 3789; baseline 0 -12"><span class='ocrx_word' id='word_1_1352' title='bbox 1249 3757 1306 3785; x_wconf 86' lang='lat' dir='ltr'>que</span> <span class='ocrx_word' id='word_1_1353' title='bbox 1318 3770 1327 3785; x_wconf 87' lang='lat'>,</span> <span class='ocrx_word' id='word_1_1354' title='bbox 1351 3749 1434 3779; x_wconf 62' lang='lat' dir='ltr'>dietis</span> <span class='ocrx_word' id='word_1_1355' title='bbox 1453 3749 1552 3780; x_wconf 86' lang='lat' dir='ltr'>auditis</span> <span class='ocrx_word' id='word_1_1356' title='bbox 1572 3749 1748 3781; x_wconf 89' lang='lat' dir='ltr'>Rumoribus</span> <span class='ocrx_word' id='word_1_1357' title='bbox 1762 3773 1773 3789; x_wconf 86' lang='lat'>,</span> <span class='ocrx_word' id='word_1_1358' title='bbox 1797 3749 1897 3780; x_wconf 88' lang='lat' dir='ltr'>dolore</span> <span class='ocrx_word' id='word_1_1359' title='bbox 1923 3750 2016 3780; x_wconf 85' lang='lat' dir='ltr'>nimio</span> <span class='ocrx_word' id='word_1_1360' title='bbox 2034 3749 2168 3780; x_wconf 80' lang='lat' dir='ltr'>fuerimus</span> <span class='ocrx_word' id='word_1_1361' title='bbox 2188 3754 2305 3785; x_wconf 70' lang='lat' dir='ltr'>contur-</span> 
     </span>
     <span class='ocr_line' id='line_1_179' title="bbox 1251 3787 2271 3828; baseline 0.001 -13"><span class='ocrx_word' id='word_1_1362' title='bbox 1251 3787 1324 3823; x_wconf 77' lang='lat' dir='ltr'>bati,</span> <span class='ocrx_word' id='word_1_1363' title='bbox 2266 3822 2271 3828; x_wconf 43' lang='grc'><em>.</em></span> 
     </span>
     <span class='ocr_line' id='line_1_180' title="bbox 1290 3822 2307 3867; baseline 0.004 -14"><span class='ocrx_word' id='word_1_1364' title='bbox 1290 3825 1367 3862; x_wconf 76' lang='lat' dir='ltr'>Quia</span> <span class='ocrx_word' id='word_1_1365' title='bbox 1379 3832 1474 3855; x_wconf 86' lang='lat' dir='ltr'>tamen</span> <span class='ocrx_word' id='word_1_1366' title='bbox 1486 3826 1642 3857; x_wconf 88' lang='lat' dir='ltr'>audivimus</span> <span class='ocrx_word' id='word_1_1367' title='bbox 1659 3826 1736 3865; x_wconf 90' lang='lat' dir='ltr'>quod</span> <span class='ocrx_word' id='word_1_1368' title='bbox 1749 3825 1856 3857; x_wconf 87' lang='lat' dir='ltr'>Fideles</span> <span class='ocrx_word' id='word_1_1369' title='bbox 1876 3825 1926 3864; x_wconf 79' lang='lat' dir='ltr'>ipsi</span> <span class='ocrx_word' id='word_1_1370' title='bbox 1941 3849 1952 3864; x_wconf 93' lang='lat'>,</span> <span class='ocrx_word' id='word_1_1371' title='bbox 1969 3826 2019 3864; x_wconf 87' lang='lat' dir='ltr'>qui</span> <span class='ocrx_word' id='word_1_1372' title='bbox 2029 3824 2170 3862; x_wconf 84' lang='lat' dir='ltr'>Terram,</span> <span class='ocrx_word' id='word_1_1373' title='bbox 2187 3822 2307 3867; x_wconf 61' lang='grc' dir='ltr'>εις-’φιβ-</span> 
     </span>
     <span class='ocr_line' id='line_1_181' title="bbox 1253 3861 2310 3906; baseline 0 -13"><span class='ocrx_word' id='word_1_1374' title='bbox 1253 3870 1311 3893; x_wconf 86' lang='lat' dir='ltr'>tam</span> <span class='ocrx_word' id='word_1_1375' title='bbox 1324 3864 1357 3893; x_wconf 84' lang='lat'>&amp;</span> <span class='ocrx_word' id='word_1_1376' title='bbox 1371 3872 1495 3902; x_wconf 89' lang='lat' dir='ltr'>ereptam</span> <span class='ocrx_word' id='word_1_1377' title='bbox 1510 3864 1546 3894; x_wconf 89' lang='lat' dir='ltr'>de</span> <span class='ocrx_word' id='word_1_1378' title='bbox 1561 3866 1688 3895; x_wconf 82' lang='lat' dir='ltr'>manibus</span> <span class='ocrx_word' id='word_1_1379' title='bbox 1702 3864 1898 3904; x_wconf 82' lang='lat' dir='ltr'>Paganorum,</span> <span class='ocrx_word' id='word_1_1380' title='bbox 1917 3863 2081 3894; x_wconf 89' lang='lat' dir='ltr'>custodiunt</span> <span class='ocrx_word' id='word_1_1381' title='bbox 2095 3885 2106 3900; x_wconf 85' lang='grc'>,</span> <span class='ocrx_word' id='word_1_1382' title='bbox 2125 3863 2159 3893; x_wconf 89' lang='lat'>&amp;</span> <span class='ocrx_word' id='word_1_1383' title='bbox 2175 3861 2236 3898; x_wconf 84' lang='lat' dir='ltr'>alu,</span> <span class='ocrx_word' id='word_1_1384' title='bbox 2253 3870 2310 3906; x_wconf 44' lang='lat' dir='ltr'>cir-</span> 
     </span>
     <span class='ocr_line' id='line_1_182' title="bbox 1255 3898 2310 3937; baseline -0.001 -8"><span class='ocrx_word' id='word_1_1385' title='bbox 1255 3910 1287 3930; x_wconf 86' lang='lat' dir='ltr'>ca</span> <span class='ocrx_word' id='word_1_1386' title='bbox 1307 3899 1416 3931; x_wconf 67' lang='lat' dir='ltr'>dietum</span> <span class='ocrx_word' id='word_1_1387' title='bbox 1438 3912 1457 3931; x_wconf 95' lang='lat' dir='ltr'>n</span> <span class='ocrx_word' id='word_1_1388' title='bbox 1492 3903 1586 3933; x_wconf 86' lang='lat' dir='ltr'>otium</span> <span class='ocrx_word' id='word_1_1389' title='bbox 1606 3904 1634 3933; x_wconf 92' lang='lat' dir='ltr'>in</span> <span class='ocrx_word' id='word_1_1390' title='bbox 1655 3903 1758 3934; x_wconf 89' lang='lat' dir='ltr'>eisdem</span> <span class='ocrx_word' id='word_1_1391' title='bbox 1793 3903 1896 3934; x_wconf 89' lang='lat' dir='ltr'>artibus</span> <span class='ocrx_word' id='word_1_1392' title='bbox 1912 3903 2083 3937; x_wconf 67' lang='lat' dir='ltr'>laborantes,</span> <span class='ocrx_word' id='word_1_1393' title='bbox 2100 3908 2234 3936; x_wconf 89' lang='lat' dir='ltr'>tanquam</span> <span class='ocrx_word' id='word_1_1394' title='bbox 2247 3898 2310 3930; x_wconf 84' lang='lat' dir='ltr'>Viri</span> 
     </span>
     <span class='ocr_line' id='line_1_183' title="bbox 1255 3911 2314 3981; baseline 0 -14"><span class='ocrx_word' id='word_1_1395' title='bbox 1255 3937 1404 3976; x_wconf 84' lang='lat' dir='ltr'>prudentes</span> <span class='ocrx_word' id='word_1_1396' title='bbox 1418 3911 1590 3979; x_wconf 28' lang='lat' dir='ltr'>&amp;sirenum</span> <span class='ocrx_word' id='word_1_1397' title='bbox 1606 3950 1665 3972; x_wconf 92' lang='lat' dir='ltr'>non</span> <span class='ocrx_word' id='word_1_1398' title='bbox 1680 3941 1757 3972; x_wconf 89' lang='lat' dir='ltr'>demi</span> <span class='ocrx_word' id='word_1_1399' title='bbox 1780 3950 1820 3979; x_wconf 80' lang='lat' dir='ltr'>is,</span> <span class='ocrx_word' id='word_1_1400' title='bbox 1837 3941 1884 3971; x_wconf 85' lang='lat' dir='ltr'>sed</span> <span class='ocrx_word' id='word_1_1401' title='bbox 1896 3941 2008 3971; x_wconf 89' lang='lat' dir='ltr'>elevatis</span> <span class='ocrx_word' id='word_1_1402' title='bbox 2028 3936 2180 3981; x_wconf 72' lang='grc' dir='ltr'>εοῑᾴἰὺυε,</span> <span class='ocrx_word' id='word_1_1403' title='bbox 2197 3937 2265 3968; x_wconf 90' lang='lat' dir='ltr'>loco</span> <span class='ocrx_word' id='word_1_1404' title='bbox 2279 3936 2314 3967; x_wconf 89' lang='lat' dir='ltr'>il-</span> 
     </span>
     <span class='ocr_line' id='line_1_184' title="bbox 1257 3973 2315 4017; baseline -0.002 -11"><span class='ocrx_word' id='word_1_1405' title='bbox 1257 3977 1365 4013; x_wconf 89' lang='lat' dir='ltr'>lorum,</span> <span class='ocrx_word' id='word_1_1406' title='bbox 1381 3978 1430 4014; x_wconf 87' lang='lat' dir='ltr'>qui</span> <span class='ocrx_word' id='word_1_1407' title='bbox 1451 3979 1581 4014; x_wconf 88' lang='lat' dir='ltr'>(nescitur</span> <span class='ocrx_word' id='word_1_1408' title='bbox 1602 3989 1661 4017; x_wconf 90' lang='lat' dir='ltr'>quo</span> <span class='ocrx_word' id='word_1_1409' title='bbox 1683 3979 1742 4009; x_wconf 87' lang='lat' dir='ltr'>Dei</span> <span class='ocrx_word' id='word_1_1410' title='bbox 1759 3978 1876 4010; x_wconf 89' lang='lat' dir='ltr'>occulto</span> <span class='ocrx_word' id='word_1_1411' title='bbox 1893 3976 2014 4016; x_wconf 89' lang='lat' dir='ltr'>judicio)</span> <span class='ocrx_word' id='word_1_1412' title='bbox 2029 3973 2207 4015; x_wconf 85' lang='lat' dir='ltr'>ceciderant,</span> <span class='ocrx_word' id='word_1_1413' title='bbox 2246 3984 2315 4006; x_wconf 92' lang='lat' dir='ltr'>uan-</span> 
     </span>
     <span class='ocr_line' id='line_1_185' title="bbox 1257 4013 2317 4057; baseline -0.002 -12"><span class='ocrx_word' id='word_1_1414' title='bbox 1257 4023 1319 4045; x_wconf 87' lang='lat' dir='ltr'>tum</span> <span class='ocrx_word' id='word_1_1415' title='bbox 1340 4023 1489 4052; x_wconf 86' lang='lat' dir='ltr'>potuerunt</span> <span class='ocrx_word' id='word_1_1416' title='bbox 1503 4040 1515 4055; x_wconf 90' lang='lat'>,</span> <span class='ocrx_word' id='word_1_1417' title='bbox 1535 4018 1568 4047; x_wconf 90' lang='lat'>&amp;</span> <span class='ocrx_word' id='word_1_1418' title='bbox 1590 4018 1620 4048; x_wconf 87' lang='lat' dir='ltr'>in</span> <span class='ocrx_word' id='word_1_1419' title='bbox 1641 4019 1680 4048; x_wconf 85' lang='lat' dir='ltr'>eis</span> <span class='ocrx_word' id='word_1_1420' title='bbox 1699 4017 1770 4057; x_wconf 88' lang='lat' dir='ltr'>fuit,</span> <span class='ocrx_word' id='word_1_1421' title='bbox 1786 4017 1844 4047; x_wconf 87' lang='lat' dir='ltr'>aliis</span> <span class='ocrx_word' id='word_1_1422' title='bbox 1857 4015 2008 4052; x_wconf 86' lang='lat' dir='ltr'>ordinatis,</span> <span class='ocrx_word' id='word_1_1423' title='bbox 2025 4013 2053 4043; x_wconf 86' lang='lat' dir='ltr'>se</span> <span class='ocrx_word' id='word_1_1424' title='bbox 2067 4013 2194 4056; x_wconf 74' lang='lat' dir='ltr'>adversus</span> <span class='ocrx_word' id='word_1_1425' title='bbox 2242 4013 2317 4044; x_wconf 72' lang='lat' dir='ltr'>ostes</span> 
     </span>
     <span class='ocr_line' id='line_1_186' title="bbox 1256 4050 2318 4094; baseline 0 -12"><span class='ocrx_word' id='word_1_1426' title='bbox 1256 4053 1367 4084; x_wconf 83' lang='lat' dir='ltr'>fortiter</span> <span class='ocrx_word' id='word_1_1427' title='bbox 1386 4055 1570 4088; x_wconf 77' lang='lat' dir='ltr'>muniverunt</span> <span class='ocrx_word' id='word_1_1428' title='bbox 1583 4077 1594 4094; x_wconf 89' lang='lat'>,</span> <span class='ocrx_word' id='word_1_1429' title='bbox 1620 4055 1757 4094; x_wconf 85' lang='lat' dir='ltr'>quodque</span> <span class='ocrx_word' id='word_1_1430' title='bbox 1776 4054 1859 4087; x_wconf 86' lang='lat' dir='ltr'>multi</span> <span class='ocrx_word' id='word_1_1431' title='bbox 1875 4053 1984 4086; x_wconf 75' lang='lat' dir='ltr'>Fideles</span> <span class='ocrx_word' id='word_1_1432' title='bbox 2001 4050 2038 4082; x_wconf 89' lang='lat' dir='ltr'>de</span> <span class='ocrx_word' id='word_1_1433' title='bbox 2050 4050 2163 4084; x_wconf 74' lang='lat' dir='ltr'>diverils</span> <span class='ocrx_word' id='word_1_1434' title='bbox 2176 4052 2318 4091; x_wconf 84' lang='lat' dir='ltr'>partibus,</span> 
     </span>
    </p>
   </div>
   <div class='ocr_carea' id='block_1_32' title="bbox 2257 4088 2324 4123">
    <p class='ocr_par' dir='ltr' id='par_1_53' title="bbox 2257 4088 2324 4123">
     <span class='ocr_line' id='line_1_187' title="bbox 2257 4088 2324 4123; baseline 0.015 -1"><span class='ocrx_word' id='word_1_1435' title='bbox 2257 4088 2324 4123; x_wconf 84' lang='lat' dir='ltr'>zelo</span> 
     </span>
    </p>
   </div>
   <div class='ocr_carea' id='block_1_33' title="bbox 1238 3341 1365 3349">
    <p class='ocr_par' dir='ltr' id='par_1_54' title="bbox 1238 3341 1365 3349">
     <span class='ocr_line' id='line_1_188' title="bbox 1238 3341 1365 3349; baseline 0 930"><span class='ocrx_word' id='word_1_1436' title='bbox 1238 3341 1365 3349; x_wconf 95' lang='lat' dir='ltr'> </span> 
     </span>
    </p>
   </div>
   <div class='ocr_carea' id='block_1_34' title="bbox 1890 3573 2016 3580">
    <p class='ocr_par' dir='ltr' id='par_1_55' title="bbox 1890 3573 2016 3580">
     <span class='ocr_line' id='line_1_189' title="bbox 1890 3573 2016 3580; baseline 0 699"><span class='ocrx_word' id='word_1_1437' title='bbox 1890 3573 2016 3580; x_wconf 95' lang='lat' dir='ltr'> </span> 
     </span>
    </p>
   </div>
  </div>
 </body>
</html>
