2562 4279
192 174 246 222 64-

41 276 118 308 Ann.
135 276 176 310 D.
227 295 288 300 -—-

39 324 150 393 E{{†}'
216 338 274 374 Ad
291 343 422 385 Papam,
440 336 532 383 ficper
550 339 628 370 Pace
643 346 711 367 cum
730 332 862 381 Philippo
877 333 912 367 de
927 333 1000 367 Vale
1011 345 1057 374 to,
1081 330 1229 378 Responsio

683 385 783 430 Regis.

42 479 96 505 Aa,
115 486 156 513 ¹4·
194 471 409 535 SAnc'tissimo
432 472 494 503 &c.
510 469 684 508 EdwarduS,
703 468 762 499 Dei
783 467 888 508 gratia,
905 467 971 498 Rex
993 466 1124 498 Franciae
1141 465 1175 496 &
1197 463 1260 494 An-

67 537 73 543 .
95 523 121 542 ⁶.
272 512 314 541 lia:
351 512 413 542 &c.
1240 540 1245 545 ⁶

41 520 132 580 Eoti'w
230 521 407 581 Rgever’enter
428 549 462 579 &
484 547 591 578 devote
613 546 771 583 recepimus
786 545 944 576 Sanetitatis
957 543 1059 575 vestrae
1073 543 1180 573 Literas
1195 540 1261 571 ultr-

43 595 80 620 D.
94 601 132 618 11.
143 590 171 628 f.
195 591 246 619 mo
269 589 350 618 nobis
372 588 467 618 missas
481 610 491 624 ,
516 597 566 625 per
588 595 654 623 quas
675 584 781 615 Pacem
802 583 1014 614 reformandam
1030 608 1040 622 ,
1063 581 1110 612 vel
1132 581 1261 624 Treugas

46 638 109 656 112.
124 630 150 656 d.
193 627 342 665 ineundas,
361 636 430 656 curn
443 621 578 656 Domino
589 624 725 661 Philippo
747 623 784 654 de
796 622 926 660 Valefio,
944 623 1028 665 nobis
1047 619 1140 652 vestra
1159 619 1261 658 Benig—

42 666 114 703 infra
194 667 262 696 nitas
284 666 428 704 persuasit,
455 664 611 694 clementer
633 662 757 693 adiciens
776 672 829 693 vos
849 661 922 692 velle
940 661 975 691 ad
998 660 1085 698 ipsam
1105 658 1262 702 reforman-

42 705 174 734 &bl-Cot.
192 705 300 735 damin
318 703 441 735 Persona
454 702 583 740 propria,
601 711 732 738 tanquam
749 700 902 731 Tradiator
915 699 1088 736 amicabilis,
1105 696 1263 741 intendere,

192 743 213 775 fi
240 744 308 775 Nos
327 744 360 774 δε
381 741 532 781 ριέεᾱίἂυε
553 741 701 773 Dominus
719 739 867 778 Philippus
880 739 915 769 ad
928 739 986 769 hoc
1001 738 1176 768 voluerimus
1189 746 1262 766 con-

192 782 301 813 sentire.

228 821 297 852 Nos
311 819 447 858 quidem,
465 818 572 849 dietam
587 817 785 848 Affeffionem
797 816 919 847 vestram
929 839 939 854 ,
956 815 992 845 de
1007 814 1147 857 Filiorum
1169 813 1263 851 quiete

192 857 358 897 sollicitam,
373 858 402 888 in
423 857 559 888 Domino
577 857 821 894 contemplantes,
837 854 873 885 de
893 854 990 884 salubri
1013 857 1185 896 persuatione
1212 863 1263 882 ve-

196 898 269 936 stra,
285 899 318 929 &
330 897 489 927 Oblatione
503 896 581 927 tanta
596 895 711 933 tiimque
726 894 792 931 Pis,
809 894 910 924 Grates
925 893 958 923 δε
974 891 1084 922 Gratias
1103 892 1186 922 vobis
1208 892 1262 921 hu-

195 937 300 969 militer
314 936 474 967 exolvimus
486 945 552 973 quas
567 935 710 971 valemus,
729 934 780 971 &,
799 932 849 962 sub
864 931 947 962 firma
962 930 1134 975 Diledtionis
1148 930 1181 961 ὃς
1193 930 1263 975 ,Κε-

195 975 340 1006 &titudinis
361 974 463 1005 vestrae
484 974 602 1011 fiduci-11,
621 973 687 1003 sanis
709 971 806 1002 vestris
819 973 950 1008 cupimus
964 970 1099 1000 mhaerere
1112 969 1262 1009 Coniilirs,

195 1014 302 1052 nosque
314 1014 422 1045 Sanffls
437 1012 535 1043 vestris
549 1011 729 1049 beneplacitis
743 1010 896 1048 specialiter
910 1009 1101 1040 conformare.

233 1053 290 1083 Sed
304 1054 333 1083 in
350 1053 493 1091 publicam
509 1051 656 1081 Notitiam
663 1051 722 1088 jam
736 1049 851 1080 devenit
887 1049 1003 1086 qualiter
1017 1047 1093 1078 idem
1113 1047 1261 1081 Dominus

195 1091 344 1130 Philippus
362 1091 501 1128 Regnum
521 1087 651 1119 nostrum
674 1088 814 1126 Franciae,
828 1071 868 1117 ad,
884 1086 953 1117 Nos
966 1096 1016 1124 per
1028 1097 1168 1125 mortem,
1188 1088 1262 1118 cele-

196 1131 254 1160 bris
268 1130 434 1166 memoriae,
453 1128 578 1159 Domini
596 1127 713 1164 Karoli,
732 1127 824 1156 ultimi
840 1126 928 1161 Regis
953 1126 1097 1168 Franciae,
1117 1126 1262 1158 Avunculi

196 1169 303 1207 nostri,
321 1168 449 1206 legitime
463 1166 633 1197 devolutum
669 1165 719 1196 fibi
733 1164 985 1202 contraJustitiam
1000 1165 1156 1203 usurpavit,

235 1207 289 1243 Et,
308 1217 344 1238 eo
367 1217 427 1237 non
449 1214 618 1243 contentus,
639 1189 745 1235 2serras
767 1202 893 1242 nostraS,
909 1205 936 1233 in
954 1202 1070 1234 Ducatu
1086 1203 1263 1244 Aquitaniae,

196 1246 247 1277 sibi
267 1246 392 1283 attraxit,
417 1246 450 1276 &
471 1244 582 1275 attrahit
597 1245 674 1283 juxta
694 1244 781 1273 vires:
807 1241 908 1272 Insulas
927 1241 1034 1271 nostras
1055 1243 1085 1272 in
1108 1242 1200 1281 Mari,
1227 1246 1262 1275 ὃς

196 1286 280 1316 etiam
303 1284 351 1315 Re
371 1294 441 1315 num
460 1281 591 1313 nostrum
614 1281 724 1321 Angliae
743 1281 876 1311 invadens
897 1279 1034 1310 hostiliter
1047 1290 1115 1311 cum
1131 1281 1261 1322 Navigio

198 1323 290 1362 (quod
293 1347 308 1369 Α,
324 1324 351 1354 su
392 1324 491 1353 colore
509 1321 606 1352 SanCti
627 1320 746 1362 Passagii
758 1319 968 1357 Transmarini,
986 1328 1082 1356 parare
1093 1319 1120 1350 se
1133 1319 1261 1359 finxerat)

196 1362 322 1399 deserta,
341 1371 426 1400 quarn
436 1362 589 1400 juraverat,
609 1358 702 1389 Causa
714 1357 831 1388 Christi.

236 1402 340 1432 Scotos
358 1401 442 1431 etiarn
463 1401 490 1429 in
514 1398 601 1428 nostri
623 1396 824 1427 Rebellionem
845 1396 991 1434 perperam
1007 1398 1184 1437 concitavit,
1203 1408 1263 1429 ma-

197 1440 315 1471 chinans
335 1439 459 1469 omnino
477 1447 528 1466 nos
547 1436 722 1473 deprimere,
741 1443 771 1465 ut
793 1434 830 1465 sic
853 1435 966 1466 dictum
980 1435 1121 1473 Regnum
1133 1437 1263 1468 nostrum

198 1479 342 1514 Franciae,
357 1478 390 1507 &
404 1477 467 1506 alias
482 1475 586 1505 Terras
599 1473 707 1504 nostras
721 1473 934 1512 Haereditarias,
953 1473 1036 1511 poffit
1050 1484 1149 1506 contra
1162 1475 1264 1506 Deum

197 1519 233 1550 &
247 1516 408 1556 justitiam,
422 1515 499 1554 juxta
520 1512 668 1544 insatiabile
689 1512 770 1543 suum
793 1512 960 1544 dominandi
983 1512 1183 1553 Desiderium,
1199 1517 1266 1546 reti—

197 1566 275 1587 nere.

237 1593 311 1632 Cui,
331 1593 400 1624 sicut
412 1592 476 1624 alias
492 1591 637 1624 Sanc'iitati
652 1591 753 1622 vcstrae
770 1590 904 1629 scripfiffe
918 1601 970 1622 nos
986 1592 1189 1631 meminimus,
1203 1592 1266 1631 plu-

197 1644 238 1665 res
252 1633 408 1664 obtulimus
421 1631 554 1662 amabiles
569 1633 626 1662 vias
640 1630 736 1667 Pacis,
755 1630 883 1661 volentes
897 1631 933 1660 ab
946 1640 983 1661 eo
1002 1630 1110 1662 Pacem
1130 1631 1267 1663 redimere

198 1682 268 1705 cum
284 1682 343 1702 non
356 1670 476 1702 modico
491 1669 656 1700 nostrorum
666 1669 781 1707 Jurium
795 1668 976 1699 detrimento.

238 1711 288 1742 Set
303 1710 375 1748 ipse,
390 1719 441 1747 per
454 1708 605 1740 Traeiarus
617 1709 709 1738 varios
725 1707 773 1737 diu
789 1718 842 1738 nos
855 1708 1018 1745 protrahens
1032 1707 1082 1739 sub
1096 1709 1266 1748 incerto,&

201 1750 309 1789 magnis
322 1748 487 1786 Sumptibus
500 1757 552 1777 nos
565 1756 708 1785 exponens
728 1748 771 1783 (ut
785 1745 913 1776 nostrum
927 1747 1083 1777 exhauriret
1097 1746 1246 1778 AErarium
1255 1771 1265 1787 ,

200 1789 235 1820 &
257 1788 294 1819 sic
316 1787 386 1818 Nos
405 1786 439 1817 ad
454 1786 711 1823 Recuperationern
721 1785 833 1823 Jurium
847 1784 1011 1815 nostrorum
1025 1785 1152 1815 efficeret
1165 1785 1267 1825 Impo-

202 1827 305 1863 tentes)
329 1826 445 1857 finaliter
463 1825 567 1864 aliquid
589 1824 671 1854 nobis
691 1823 782 1853 facere
801 1832 862 1853 non
882 1825 993 1856 curavit
1005 1846 1015 1862 ,
1041 1823 1088 1854 sed
1108 1824 1217 1863 semper
1237 1827 1266 1856 in

204 1865 273 1896 Nos
288 1865 449 1895 Persecutio
462 1864 507 1894 sua
519 1863 617 1893 crevit.

240 1904 360 1942 Propter
376 1902 471 1941 quod,
490 1903 528 1932 im
551 1902 651 1932 ellente
664 1900 841 1939 necessitate,
860 1900 894 1932 ad
910 1908 1000 1940 partes
1012 1901 1142 1933 venimus
1160 1902 1267 1934 Trans-

200 1944 333 1980 marinas,
352 1942 385 1973 ad
400 1941 522 1972 inducen
545 1950 594 1971 um
609 1939 781 1970 Amicorum
797 1939 962 1970 nostrorum
978 1939 1140 1971 Potentiam
1153 1951 1207 1979 pro
1222 1953 1267 1972 re-

199 1981 353 2012 formandis
374 1980 470 2019 illatis,
487 1981 520 2011 &
543 1978 921 2021 propulsandis-inferendis,
940 1990 989 2020 per
1009 1989 1076 2009 eum
1091 1980 1173 2010 nobis
1188 1979 1266 2020 Inju-

199 2022 263 2058 riis,
281 2020 438 2058 &Juribus
452 2018 553 2049 nost-sis
569 2017 762 2048 Haereditariis
782 2019 960 2057 optinendis3
989 2027 1072 2056 quae,
1092 2028 1146 2056 pro
1168 2027 1266 2058 certo,

197 2060 342 2098 negligere
357 2069 415 2089 non
430 2058 616 2095 intendimus,
634 2056 672 2087 set
687 2055 751 2094 Illa,
769 2056 819 2087 nifi
835 2057 917 2087 aliam
941 2057 1017 2088 viam
1037 2066 1197 2096 congruam
1216 2059 1265 2089 ha-

196 2097 263 2128 bere
278 2099 448 2136 poterimus,
467 2097 666 2134 prosequemur
680 2105 735 2133 pro
749 2095 872 2133 viribus,
890 2094 961 2126 Deo
975 2095 1070 2126 Duce.

236 2136 290 2174 Et,
315 2137 381 2168 licet
400 2145 518 2174 coram,
545 2134 721 2165 Reverendis
744 2132 887 2171 Patribus,
915 2133 1002 2165 Petro
1045 2135 1138 2165 Tituli
1153 2135 1266 2168 Sane'tae

197 2175 327 2207 Praxedis
341 2199 349 2214 ,
375 2175 538 2206 Presbitero
554 2198 563 2212 ,
588 2175 623 2205 &
646 2172 821 2211 Bertrando,
844 2172 957 2203 Sandis:
980 2157 1084 2216 Mariae
1104 2174 1132 2204 in
1153 2175 1266 2213 Aquiro

200 2215 355 2252 Diacono,
371 2213 584 2250 Cardinalibus,
600 2214 633 2244 &
648 2212 805 2242 Sanffltatis
819 2211 921 2242 vestrae
935 2211 1013 2242 Sedis
1026 2211 1152 2243 Nunciis
1170 2214 1231 2252 (qui
1244 2215 1263 2234 ¹¹³

198 2257 273 2286 circa
295 2254 376 2285 Pacis
394 2253 542 2293 negotium
563 2251 737 2282 laudabiliter
756 2251 790 2281 δε
811 2250 930 2280 sollicite
953 2250 1128 2289 laborarunt)
1144 2255 1265 2289 petitum

197 2294 245 2332 sit,
264 2293 362 2324 nostro
378 2293 514 2328 nomine,
533 2290 645 2321 dietum
662 2289 798 2328 Regnum
813 2288 952 2327 Franciae,
972 2289 1050 2328 quod
1064 2289 1099 2320 ad
1114 2300 1166 2320 nos
1181 2293 1266 2329 perti-

198 2343 264 2364 nere
279 2332 400 2363 noscitur
412 2329 588 2368 omniJure:
610 2329 733 2367 Nosque
746 2327 867 2372 praefatis
882 2326 1097 2366 Cardinalibus,
1112 2328 1192 2367 super
1205 2340 1266 2360 cer-

199 2373 233 2403 tis
249 2373 299 2402 viis
316 2370 414 2407 Pacis,
428 2370 500 2401 velle
516 2367 663 2405 nostrum,
681 2368 757 2397 bona
778 2366 852 2404 fide,
871 2366 1022 2397 fecerimus
1043 2368 1160 2405 aperiri,
1179 2367 1265 2399 Offe-

201 2420 293 2440 renres
307 2410 416 2447 semper
430 2408 464 2438 ad
479 2416 599 2439 omnem
613 2408 689 2437 viam
706 2405 785 2435 Pacis
799 2405 994 2435 rationabilem
1007 2416 1059 2436 nos
1072 2416 1197 2445 paratos,
1212 2417 1264 2447 pro

202 2459 282 2479 certo
297 2457 408 2485 tamen,
425 2447 462 2476 de
474 2445 619 2477 voluntate
634 2444 722 2474 Partis
737 2443 886 2480 Adversae,
905 2453 959 2474 nec
979 2454 1029 2482 per
1048 2444 1142 2474 dic‘tos
1162 2445 1265 2476 Cardi-

202 2487 291 2524 mles,
309 2496 362 2516 nec
378 2495 427 2526 per
440 2486 524 2521 alios,
542 2483 684 2521 hucusque
697 2482 764 2512 scire
778 2482 960 2519 nequivimus
975 2482 1056 2520 quod
1067 2482 1145 2513 idem
1157 2483 1265 2515 Domi-

200 2536 253 2558 nus
266 2524 411 2562 Philippus
424 2524 506 2554 nobis
518 2524 670 2560 quicquam
685 2520 778 2551 facere
790 2520 898 2558 voluit,
915 2521 961 2550 vel
973 2521 1089 2551 offerre.

241 2564 296 2602 Et,
310 2574 339 2593 re
354 2562 439 2600 vera,
455 2562 474 2591 si
488 2561 572 2591 nobis
581 2560 766 2590 Oblationem
777 2582 786 2595 ,
803 2559 889 2589 etiam
911 2558 1110 2599 Mediocrem,
1132 2569 1200 2592 tunc
1222 2561 1264 2593 fe-

200 2603 299 2641 cisset,
317 2601 351 2631 ad
366 2600 478 2632 vitanda
492 2600 667 2631 Guerrarum
682 2597 872 2636 Discrimina,
890 2597 923 2628 &
938 2597 1130 2636 Expensarum
1151 2599 1265 2632 Proflu-

202 2643 266 2680 via,
284 2642 363 2678 super
385 2639 418 2670 ea
438 2638 664 2676 Responsionem
682 2636 873 2666 rationabilem
887 2636 1062 2675 fecissemus,
1080 2638 1118 2667 set
1127 2639 1187 2677 jam
1203 2650 1263 2670 non

199 2680 331 2712 videmus
346 2679 429 2717 quid,
448 2688 496 2716 per
510 2678 586 2709 viam
602 2675 699 2713 Pacis,
717 2675 828 2706 ulterius
843 2684 912 2705 cum
926 2675 1037 2706 honore
1054 2676 1154 2708 nostro
1175 2677 1266 2709 facere

201 2719 353 2751 valeamus.

239 2758 268 2788 Si
283 2766 376 2788 tamen
391 2755 481 2787 adhuc
497 2755 604 2794 placeat
620 2753 736 2792 praefato
751 2752 886 2783 Domino
901 2751 1036 2790 Philippo
1055 2754 1140 2783 nobis
1158 2754 1266 2785 offerre

202 2796 397 2828 rationabilem
421 2797 496 2826 viam
517 2795 654 2832 aliquam,
672 2793 717 2823 vel
738 2793 821 2822 etiam
846 2791 936 2822 vestra
952 2791 1120 2823 Moderatio
1132 2793 1265 2832 provida,

201 2836 247 2867 sea
262 2835 332 2865 dijti
347 2834 468 2864 Domini
485 2832 662 2869 cardinales,
680 2830 840 2869 hujusmodi
855 2832 930 2861 viam
944 2839 1102 2869 congruam
1118 2832 1177 2867 (cui
1192 2842 1266 2869 prae-

201 2874 293 2905 diStus
306 2872 451 2902 Dominus
466 2871 608 2910 Philippus
621 2869 778 2900 consentire
791 2869 923 2903 voluerit)
941 2869 1023 2899 nobis
1037 2868 1156 2900 fecerint
1176 2872 1265 2908 apeti-

200 2914 242 2951 ri,
261 2912 354 2942 statim
380 2912 464 2949 (cum
484 2911 520 2940 de
540 2910 586 2940 illa
608 2909 690 2938 nobis
712 2907 881 2944 constiterit)
904 2907 1150 2938 Deliberationem
1162 2909 1265 2940 habere

201 2952 336 2982 volumus
358 2949 437 2987 super
458 2948 508 2986 ea,
526 2959 559 2979 ac
578 2947 662 2978 talem
687 2946 913 2984 Responfionem
934 2946 1062 2976 celeriter
1074 2947 1183 2986 facere,
1200 2957 1265 2985 quae

199 2989 346 3020 Sandiitati
366 2987 482 3025 vestrae,
499 2989 532 3018 δε
554 2986 681 3023 cunctis,
696 2985 961 3016 Considerationem
984 2985 1092 3016 restam
1104 2986 1139 3017 &
1151 2986 1265 3017 ordina-

200 3038 259 3060 tam
275 3028 457 3063 habentibus,
475 3025 566 3055 videri
581 3024 680 3055 debeat
696 3024 863 3054 rationabilis
878 3026 911 3055 ὃ(
925 3033 1048 3061 accepta.

239 3067 275 3097 Et
297 3067 316 3096 si
333 3065 441 3102 forsan,
459 3064 538 3102 super
560 3063 638 3094 dieta
660 3062 724 3101 via,
742 3062 906 3092 nostrorum
928 3062 1102 3093 Amicorum
1124 3064 1157 3094 δε
1182 3063 1267 3095 Fide-

200 3106 270 3136 lium
285 3106 359 3135 foret
375 3102 555 3142 requirendus
570 3104 603 3133 δε
616 3102 786 3140 optinendus
799 3100 934 3138 assensus,
953 3102 1029 3132 circa
1041 3102 1121 3131 illum
1133 3104 1268 3140 optinen-

201 3144 272 3174 dum
287 3152 456 3181 poneremus
470 3150 589 3171 omnem
601 3140 776 3177 diligentiam
792 3149 876 3176 quam
887 3140 1054 3181 pollemus,
1069 3141 1106 3170 ita
1122 3141 1202 3179 quod
1216 3152 1266 3180 per

200 3192 252 3213 nos
267 3192 326 3212 non
341 3181 423 3211 stabit
437 3181 505 3218 quin
521 3178 688 3210 Concordia
704 3179 781 3209 bona
796 3177 858 3216 fiat,
877 3183 895 3208 n
919 3188 979 3216 pars
1001 3179 1084 3209 altera
1104 3180 1173 3210 velit
1193 3190 1267 3212 con-

200 3220 368 3252 descendere
384 3219 510 3250 Rationi.

239 3260 435 3299 Supplicamus
456 3267 527 3292 ergo
546 3255 647 3287 vestrae
663 3255 834 3286 Clementia
849 3263 912 3286 toto
929 3255 1032 3293 corde,
1052 3265 1187 3294 qnatenus
1209 3268 1264 3288 no-

202 3297 421 3336 stras-justitiam
436 3296 469 3326 δε
484 3295 692 3333 Intentionem,
712 3296 741 3324 in
757 3296 871 3324 veritate
886 3294 1028 3332 fundatas,
1048 3296 1157 3334 velitis,
1177 3296 1195 3325 si
1209 3297 1267 3334 pla-

200 3346 266 3376 cet,
284 3337 380 3369 debite
395 3334 565 3373 ponderare,
582 3334 615 3364 &
630 3333 698 3364 Nos
715 3334 778 3371 (qui
795 3333 870 3369 Vos,
889 3334 921 3364 δε
941 3333 1075 3362 Sanctam
1098 3333 1265 3365 Romanam

200 3375 377 3413 Ecclesiam,
396 3376 424 3404 in
446 3374 528 3404 omni
547 3373 708 3403 devotionis
725 3372 899 3410 plenitudine
919 3372 1092 3408 reveremur)
1117 3373 1147 3402 in
1161 3372 1267 3403 Solidae

199 3415 372 3445 Diledtionis
386 3413 419 3443 ὃς
436 3412 549 3442 Favoris
563 3411 646 3450 gratia
664 3410 880 3441 misericorditer
895 3409 1070 3448 confovere,
1087 3409 1124 3441 de
1149 3410 1265 3449 Nobis,

200 3463 231 3484 ut
243 3453 277 3483 de
294 3453 365 3482 Pilio
380 3450 580 3486 devotiffinio,
598 3449 752 3479 sentientes.

238 3491 320 3521 Nam
335 3489 430 3520 Testis
443 3489 483 3519 est
499 3488 581 3518 nobis
597 3487 844 3518 Conscientiarum
855 3486 1019 3525 Dominus,
1033 3486 1113 3524 quod
1127 3487 1266 3518 Honores

197 3531 231 3560 ἃ
256 3530 410 3559 Libertates
428 3526 632 3557 Ecclesiasticas
652 3526 750 3556 tollere
768 3526 898 3562 cupimus
919 3526 951 3555 &
974 3527 1060 3564 tueri,
1079 3526 1131 3563 ὃς,
1149 3526 1168 3555 fi
1185 3526 1266 3556 Deus

150 3588 152 3590 -
199 3569 282 3598 nobis
297 3567 446 3606 prosperari
460 3565 648 3602 concesserit,
665 3564 700 3594 ad
714 3564 794 3602 ipsius
807 3564 897 3601 Bella,
916 3572 1015 3593 contra
1029 3562 1165 3594 Inimicos
1185 3564 1264 3595 Fidei

199 3606 351 3645 peragenda
361 3629 370 3643 ,
386 3605 495 3634 devotis
508 3605 540 3634 ὃ(
554 3604 705 3634 humilibus
717 3602 865 3633 affefflbus
877 3602 1035 3640 aspiramus.

238 3644 303 3675 Dat.
322 3643 395 3684 apud
411 3643 603 3680 Gandanum,
621 3643 681 3673 &a

50 2204 182 2243 {VM-7.

1137 3723 1184 3732 -ι-

512 3787 560 3819 De
579 3785 779 3819 solutionibus
786 3783 949 3830 faciendis.

49 3841 126 3870 Ann.
142 3840 183 3871 D.

76 3888 161 3920 ¹340·

46 3920 75 3943 A
195 3870 317 3930 ‘REX
331 3871 473 3902 Omnibus
482 3895 492 3910 ,
506 3872 541 3902 ad
555 3882 643 3911 quos,
660 3872 721 3903 &c.
741 3870 876 3901 Salutem.

76 3929 100 3945 sl.
125 3928 166 3954 14.

294 3910 389 3939 Sciatis
424 3911 481 3940 uod

241 3948 348 3979 Audito
368 3920 518 3984 Cgmpoio
560 3947 745 3978 Dile&orum
767 3945 966 3976 Mercatornm
986 3944 1150 3976 nostrorum
1201 3944 1264 3975 Ga-

201 3988 294 4019 brielis
314 3987 350 4016 de
371 3985 477 4015 Monte
499 3972 630 4023 Magno,
648 3988 681 4017 ὃς
704 3983 815 4014 Mathei
837 3984 873 4014 de
897 3983 1091 4021 Canachoen,
1112 3983 1149 4013 de
1164 3967 1262 4027 Dena-

198 4028 263 4065 riis,
281 4035 331 4063 per
346 4023 424 4062 *ipsos
447 4024 479 4052 ὃ(
499 4023 598 4052 Socios
618 4024 680 4053 suos
702 4023 786 4053 nobis
802 4021 957 4060 Mutuatis,
974 4032 1007 4053 ac
1021 4020 1261 4052 Promiffiombus

197 4067 235 4097 eis
250 4074 301 4103 per
317 4072 370 4094 nos
384 4060 463 4093 facitis
479 4060 525 4099 (de
540 4061 640 4099 quibus
658 4061 763 4098 iidem,
780 4060 899 4091 Gabriel
923 4061 957 4091 &
981 4059 1132 4098 MatheuS,
1149 4068 1183 4091 ac
1204 4059 1259 4091 So·

48 3997 134 4021 Franc.

52 4036 171 4068 14.E.3.

48 4078 84 4098 m.
104 4080 131 4098 2.

1302 3752 1521 3790 Ecclesiasticis,
1537 3737 1669 3790 Patibus,
1688 3752 1837 3790 Ducibus,
1855 3750 2036 3789 Comitrbus,
2054 3749 2224 3786 Batonibus,

648 148 1454 203 CONVENTIONES‚
1510 148 1896 201 LITERAE,

1297 236 1336 266 cii
1348 235 1387 265 sui
1403 235 1549 273 praediffi,
1567 235 1603 265 de
1616 236 1700 266 nobis
1721 235 1827 266 habent
1846 234 1965 266 diversas
1986 233 2106 265 Litteras
2125 233 2314 275 obligatorias
2337 237 2371 269 ὃς
2394 239 2522 275 Anna

1297 274 1398 311 Vadia)
1414 274 1599 312 dedufflsque
1610 275 1744 304 omnibus
1758 274 1956 304 Solutionibus
1971 273 2033 311 ipsis
2047 274 2076 302 in
2087 273 2141 303 hac
2153 283 2230 313 parte
2243 275 2340 314 ἰαθεὶς,
2410 288 2498 321 1340·

1337 313 1491 343 Debentur
1505 314 1542 343 eis
1558 323 1608 350 per
1621 313 1707 350 Nos,
1725 312 1771 342 die
1785 312 1988 343 Confeffionis
2010 311 2206 351 praesentium,
2223 312 2370 353 Sexaginta
2391 323 2456 348 Edv.
2481 330 2507 358 3,

1299 351 1333 381 &
1349 352 1488 390 Qinque
1503 351 1603 388 Milia,
1620 351 1793 390 Nongenti,
1813 350 2047 389 Qaterviginti,
2061 349 2095 380 &
2110 350 2183 381 Duo
2197 350 2313 382 Ploreni
2335 352 2371 382 de

1300 390 1458 428 Florentia,
1476 391 1602 428 Tribus,
1618 390 1765 427 videlicet,
1790 389 1937 420 dictorum
1957 389 2150 419 Florenorutn
2168 399 2225 427 pro
2246 389 2372 421 Duobus

1300 428 1427 458 Florenis
1441 430 1477 458 de
1495 428 1587 459 Scuto
1602 429 1781 466 computatis.
2358 460 2359 464 Ἰ

1337 466 1424 504 Qios
1442 467 1559 505 quidem
1582 467 1731 504 Sexaginta
1754 469 1787 498 6:
1803 466 1944 505 Qinque
1961 464 2057 502 Milia,
2077 464 2270 505 Nongentos,
2290 467 2373 505 Qass·

1300 506 1460 544 terviginti,
1476 506 1510 536 &
1534 505 1620 536 Duos
1639 506 1793 542 Florenos,
1809 504 1946 542 praefatis,
1964 503 2095 534 Gabrieli
2116 505 2150 536 &
2173 504 2314 543 Matheo,
2338 515 2373 537 ac

1301 543 1392 574 Sociis
1406 544 1458 573 suis
1472 544 1632 582 praedietis,
1650 546 1680 574 in
1696 543 1781 575 Festo
1795 544 1959 574 Nativitatis
1974 542 2069 573 Sanc‘ti
2079 541 2218 581 Johannis
2233 542 2373 582 Baptiffie,

1302 584 1436 619 proximo
1456 582 1570 620 futuro,
1587 583 1693 613 solvere
1714 584 1907 621 promittimus
1929 581 2008 612 bona
2028 580 2101 618 fide,
2118 582 2156 612 ita
2174 591 2270 613 tamen
2291 583 2372 620 quod

1301 620 1406 659 iidem,
1424 619 1542 650 Gabriel
1558 622 1592 651 &
1607 619 1757 660 Matheus,
1777 632 1811 652 ac
1825 621 1903 651 Socii
1915 620 1970 658 sui,
1990 619 2112 650 Litteras
2126 621 2160 652 &
2178 620 2266 652 Vadia
2280 621 2374 662 supra-

1301 659 1377 689 dicta
1390 669 1460 689 tunc
1476 659 1560 689 nobis
1573 658 1733 697 restituant,
1750 667 1780 689 ut
1795 659 1836 690 est
1845 659 1962 698 justum.

1340 697 1390 727 De
1410 697 1554 735 praediffls
1577 700 1649 727 vero
1671 697 1820 737 Sexaginta
1839 701 1874 729 &
1897 699 2036 737 Qinque
2059 695 2198 735 Milibus,
2224 698 2300 729 Non
2321 708 2372 729 en-

1303 736 1354 773 tis,
1373 736 1584 774 Qaterviginti
1609 736 1642 766 &
1666 735 1792 767 Duobus
1813 736 1955 774 Florenis,
1973 735 2092 766 dileetus
2113 735 2243 767 Clericus
2257 740 2308 767 noi
2323 747 2373 775 er,

1302 774 1478 819 Willielmus
1492 774 1528 804 de
1542 774 1576 804 N
1579 774 1728 813 orthwell,
1748 774 1855 806 Custos
1867 775 2046 806 Garderobae
2061 773 2182 813 nostrae,
2200 775 2286 807 debet
2300 785 2373 806 one-

1303 823 1364 843 ran.

1341 851 1375 882 In
1390 853 1487 891 cujus,
1506 852 1567 883 &c.

1343 928 1413 961 Dat.
1438 929 1513 967 apud
1533 929 1728 968 Gandanum,
1754 927 1889 960 Secundo
1911 929 1958 960 die
1978 929 2140 969 Februarii,
2166 929 2256 961 Anno
2275 930 2376 969 Regni

1303 968 1393 999 nostri
1408 968 1536 999 Francia:
1552 968 1672 1006 Primo,
1691 969 1804 1008 Angliae
1817 972 1888 1000 vero
1906 968 2142 1008 Qiartodecimo.

1391 1091 1419 1118 *ἓ
1444 1098 1503 1128 Ρνο
1521 1097 1608 1128 Duce
1626 1094 1748 1137 Gelriae,
1765 1093 1858 1141 fhper
1875 1092 2001 1135 Vadiis,
2026 1091 2180 1142 Obligatio
2193 1099 2292 1145 Regis.
2392 1107 2411 1127 ιιι
2423 1107 2526 1146 v0153·

1306 1179 1427 1248 RqY
1450 1191 1466 1211 a
1486 1189 1557 1212 touz
1575 1189 1668 1220 ceux,
1687 1180 1737 1220 qui
1755 1179 1846 1211 cestes
1862 1180 1972 1212 Lettres
1988 1188 2123 1218 verront,
2140 1191 2181 1212 ou
2194 1191 2310 1222 orront,
2325 1183 2375 1216 Sa-
2392 1193 2468 1224 Αῃη,
2481 1193 2525 1225 D,

1394 1228 1440 1249 uz.

1341 1257 1442 1288 Sav01r
1457 1266 1530 1288 vous
1544 1257 1636 1289 fesons
1651 1268 1707 1297 que
1720 1268 1793 1289 nous
1807 1257 1932 1296 devons,
1950 1257 1986 1289 de
2000 1258 2100 1289 bonne
2115 1258 2149 1289 &
2163 1258 2248 1291 loiale
2269 1259 2375 1302 Dette,
2390 1242 2509 1309 1417342’,

1303 1304 1334 1333 a,
1348 1296 1444 1326 nostre
1458 1296 1548 1327 Chier
1562 1298 1596 1328 &
1610 1297 1706 1328 Amez
1720 1298 1744 1328 F
1745 1307 1820 1335 rere,
1830 1296 1970 1334 Reynaud
1983 1296 2053 1328 Duc
2067 1297 2104 1328 de
2117 1296 2208 1328 Gelre
2220 1299 2255 1330 δε
2271 1298 2374 1331 Coun-
2392 1316 2422 1339 E.
2444 1321 2470 1347 3,

1304 1342 1332 1363 te
1345 1335 1381 1364 de
1396 1335 1580 1373 Zuitphenn,
1597 1335 1637 1366 les
1649 1336 1784 1367 Sommes
1799 1335 1994 1374 souzescrites,
2013 1336 2073 1366 cest
2085 1336 2225 1374 assavoir,
2388 1351 2498 1378 Ibidem,

1343 1373 1407 1416 Dys
1430 1373 1498 1403 Mill
1519 1374 1554 1404 &
1575 1373 1604 1404 C
1624 1375 1664 1404 nk
1684 1373 1782 1405 Centz
1795 1374 1915 1405 'Florins
1937 1374 1974 1405 de
1986 1374 2120 1414 Florens,
2138 1385 2192 1414 pur
2206 1375 2246 1406 les
2261 1376 2377 1418 Gages,

1305 1410 1342 1441 du
1362 1412 1466 1443 iecund
1488 1411 1577 1452 Moys
1618 1423 1634 1444 e
1658 1412 1726 1443 Mill
1748 1413 1891 1445 Armurez
1910 1412 1946 1444 de
1961 1412 2047 1452 Feer,
2064 1423 2157 1453 queux
2169 1414 2189 1445 il
2203 1413 2322 1447 Retient
2340 1427 2378 1448 en

1305 1450 1401 1481 nostre
1418 1451 1535 1482 Service
1551 1461 1580 1482 es
1594 1453 1692 1490 parties
1708 1452 1744 1482 de
1760 1452 1884 1491 France,

1344 1492 1434 1528 Item,
1460 1490 1510 1530 Sys
1534 1490 1602 1521 Mill
1624 1490 1734 1521 Florins
1758 1490 1796 1521 de
1816 1490 1934 1521 Florens
1976 1501 2030 1530 pur
2047 1490 2085 1522 les
2107 1490 2204 1530 Gages
2245 1491 2283 1524 de
2303 1493 2379 1525 deux

1308 1526 1413 1572 M9X⁵>
1437 1529 1474 1560 de
1493 1529 1567 1560 deux
1588 1529 1687 1560 Centz
1707 1529 1845 1560 Armures
1863 1530 1899 1560 de
1943 1540 2006 1568 eer,
2035 1532 2138 1569 qu'eux
2160 1531 2178 1561 il
2201 1516 2319 1564 stenen:
2340 1544 2378 1564 en

1308 1570 1426 1598 meilme
1440 1567 1535 1598 nostre
1547 1568 1682 1606 Service‚
1701 1578 1784 1600 outre
1798 1568 1837 1599 les
1853 1567 1937 1599 Mille
1950 1568 2088 1599 Armures
2100 1569 2228 1609 susdites,

1345 1608 1434 1643 Item,
1452 1606 1503 1645 Sys
1519 1606 1604 1645 Mill,
1623 1607 1663 1647 sys
1677 1606 1790 1645 Centz,
1808 1607 1934 1638 seiisante
1955 1608 1989 1639 ὃς
2001 1607 2041 1648 sys
2058 1607 2168 1639 Florins
2186 1608 2223 1640 de
2245 1608 2380 1650 Florens,

1307 1643 1340 1674 δε
1354 1654 1403 1686 oyt
1417 1644 1513 1683 Gros,
1532 1645 1581 1676 des
1595 1646 1745 1686 Arrerages
1761 1646 1798 1676 de
1811 1647 1862 1677 son
1878 1646 1952 1684 Fee,
1969 1646 2006 1677 de
2022 1646 2108 1677 Mille
2121 1646 2237 1678 Liveres
2253 1648 2379 1680 d'Ester-

1306 1682 1395 1723 lings,
1413 1684 1478 1722 quel
1493 1694 1566 1714 nous
1580 1684 1619 1714 lui
1634 1695 1723 1715 avons
1736 1694 1852 1722 grantez
1889 1695 1938 1722 par
1954 1694 2014 1715 noz
2027 1694 2117 1716 autres
2141 1684 2253 1717 Lettres
2274 1685 2378 1718 Paten-

1307 1729 1366 1765 tes,
1382 1732 1398 1752 a
1419 1731 1511 1753 terme
1528 1723 1565 1753 de
1585 1723 1610 1753 sa
1628 1722 1701 1761 Vie‚
1720 1733 1772 1761 pur
1792 1723 1843 1754 son
1860 1709 2001 1771 i-Iomage
2017 1724 2066 1755 fait
2086 1734 2104 1768 ².
2123 1733 2212 1763 nouS,
2230 1725 2291 1757 cest
2305 1726 2377 1757 affa-

1307 1769 1372 1829 istoir
1387 1783 1398 1799 ,
1422 1770 1475 1799 pur
1495 1762 1534 1792 les
1554 1771 1657 1793 termes
1678 1761 1714 1792 de
1735 1761 1825 1793 Pasch
1845 1763 1879 1794 ὅτ
1903 1762 1940 1793 de
1957 1765 2036 1794 barnt
2058 1761 2171 1794 Michel
2183 1763 2293 1796 darrain
2315 1775 2380 1805 pas-

1319 1807 1355 1829 ez
1367 1823 1378 1837 ,

1343 1841 1433 1882 item,
1453 1837 1516 1878 Dys
1531 1837 1598 1870 Mill
1612 1839 1722 1872 Florius
1736 1839 1774 1872 de
1790 1838 1947 1880 Florence,
1966 1850 2019 1879 pur
2034 1839 2242 1879 essoignement
2256 1852 2323 1874 aver
2334 1840 2375 1875 du

1307 1886 1450 1920 paiement
1462 1878 1511 1909 des
1521 1879 1657 1909 Sommes
1670 1880 1780 1910 susdites
1793 1880 1843 1910 des
1863 1879 2052 1918 Marchantz,
2070 1879 2120 1910 des
2139 1890 2235 1919 queux
2251 1882 2290 1912 les
2307 1881 2380 1913 dites

1306 1919 1431 1947 lommes
1442 1917 1553 1948 feurent
1567 1918 1686 1956 cheviz,
1705 1926 1821 1957 tantque
1835 1928 1870 1949 au
1879 1920 1946 1958 jour
1960 1919 1996 1949 de
2008 1919 2034 1949 la
2046 1917 2082 1949 N
2084 1919 2179 1950 ativite
2194 1920 2273 1951 Seint
2283 1919 2378 1959 Jehan

1306 1954 1334 1985 le
1348 1954 1484 1993 Baptistre
1497 1957 1635 1995 prochein
1650 1957 1766 1994 avenir,

1345 1997 1434 2033 Item,
1453 1993 1525 2025 Vint
1541 1994 1609 2025 Mill
1624 1995 1648 2025 F
1649 1995 1736 2026 lorins
1751 1995 1788 2026 de
1802 1995 1940 2026 Florence
1949 2018 1960 2034 ,
1976 2004 2029 2033 pur
2043 1995 2153 2026 Restor
2166 1995 2215 2026 dos
2229 1995 2379 2036 Cffivaux,

1306 2032 1342 2063 ὃς
1362 2042 1452 2064 autres
1473 2032 1560 2064 Pertz
1580 2035 1614 2065 &
1634 2033 1794 2074 Damages,
1813 2044 1868 2073 que
1891 2033 1988 2065 nostre
2005 2034 2048 2065 dit
2064 2033 2148 2064 Frere
2163 2034 2198 2064 ad
2212 2034 2317 2066 rescieu
2341 2045 2379 2066 en

1307 2071 1405 2102 nostre
1417 2071 1530 2103 Guerre
1542 2072 1576 2102 ὃς
1591 2072 1725 2111 Service,

1345 2113 1433 2149 Item,
1451 2110 1515 2150 Dys
1537 2110 1605 2141 Mill
1627 2111 1737 2143 Florins
1761 2110 1797 2142 de
1812 2111 1967 2150 Florence,
1985 2121 2038 2150 pur
2053 2110 2078 2141 la
2097 2109 2238 2143 Monture
2251 2111 2286 2143 &
2298 2110 2378 2151 l’Ap-

1307 2149 1401 2187 pairall
1415 2151 1452 2180 de
1468 2150 1506 2181 les
1523 2148 1610 2180 Deux
1624 2159 1709 2181 centz
1723 2151 1859 2181 Armures
1870 2150 1906 2181 de
1922 2150 1992 2181 Feer
2005 2149 2183 2190 deffusdites,

1346 2191 1435 2227 Item,
1454 2188 1545 2219 Noef
1564 2188 1662 2219 Centz
1683 2189 1797 2220 Florins
1820 2189 1855 2220 de
1875 2189 2035 2228 Florence,
2052 2190 2091 2219 les
2113 2197 2207 2227 queux
2222 2187 2318 2221 nostre
2337 2188 2380 2221 dit

1308 2226 1394 2258 Frere
1414 2227 1449 2258 ad
1470 2228 1576 2266 emptis
1615 2238 1646 2258 ur
1667 2238 1739 2259 nous
1758 2228 1795 2259 de
1811 2230 1890 2266 paier
1904 2239 1936 2266 a,
1954 2227 2054 2259 nostre
2066 2228 2144 2258 chier
2158 2227 2247 2259 Clerk
2280 2228 2379 2268 Johan

1307 2265 1454 2305 Moliard,
1481 2237 1613 2297 Provosi³
1622 2266 1659 2297 de
1679 2267 1830 2306 Arnhem,
1849 2277 1903 2305 pur
1925 2268 1964 2297 les
1989 2267 2143 2304 Arrerages
2158 2266 2195 2297 de
2208 2268 2234 2298 sa
2250 2251 2379 2306 &inpen-

1308 2304 1387 2343 fion,
1405 2305 1441 2335 de
1462 2304 1503 2344 sys
1522 2304 1621 2335 Centz
1644 2305 1755 2336 Florins
1769 2316 1818 2344 par
1833 2306 1901 2345 An,
1919 2305 2002 2345 quele
2016 2315 2090 2336 nous
2103 2305 2142 2336 lui
2154 2315 2244 2337 avons
2259 2315 2380 2344 grantez

1307 2352 1356 2382 par
1372 2353 1431 2374 noz.
1445 2343 1555 2374 Lettres
1568 2343 1716 2383 Patentes,
1731 2345 1927 2383 cestaffavoir,
1946 2355 1999 2383 pur
2012 2344 2039 2375 le
2051 2345 2162 2375 Terme
2174 2344 2211 2375 de
2224 2344 2302 2376 Saint
2317 2344 2381 2376 Mi-

1307 2382 1388 2420 chel,
1404 2382 1473 2412 l'An
1487 2382 1524 2413 de
1538 2383 1636 2413 nostre
1651 2382 1759 2421 Regne
1777 2384 1813 2414 de
1835 2382 2000 2421 Engleterre
2022 2382 2192 2422 Duszisme‚
2211 2384 2245 2415 δε
2265 2393 2320 2426 pur
2341 2384 2381 2415 l&

1306 2420 1430 2451 Termes
1450 2421 1488 2451 de
1507 2421 1616 2460 Pasch,
1633 2422 1668 2453 &
1687 2422 1723 2452 de
1742 2422 1822 2453 Seint
1844 2422 1974 2462 Michel,
2000 2422 2239 2460 procheinement
2257 2423 2380 2461 iuiantz,

1305 2458 1380 2490 dont
1395 2470 1468 2491 nous
1481 2470 1570 2491 avons
1585 2459 1697 2492 Lettres
1707 2460 1915 2499 d’Acquitance
1930 2461 1970 2492 du
1984 2460 2025 2492 dit
2039 2459 2175 2492 Provost.

1345 2498 1402 2529 Les
1426 2499 1523 2538 queles
1542 2499 1679 2530 Sommes
1698 2500 1734 2530 de
1758 2499 1886 2539 Florins,
1902 2509 1942 2531 ou
1962 2500 1989 2530 la
2003 2499 2085 2530 value
2095 2499 2230 2539 d’yceux‚
2248 2508 2285 2528 en
2297 2507 2376 2530 autre

1305 2536 1383 2568 bone
1399 2537 1550 2578 Monoye,
1567 2548 1640 2568 nous
1654 2548 1743 2569 avons
1756 2537 1871 2570 Promis
1880 2563 1889 2577 ,
1908 2539 1943 2570 &
1957 2537 2168 2578 PromettonsL
2177 2536 2324 2568 loialment
2339 2538 2374 2568 &

1305 2586 1341 2606 en
1364 2577 1441 2607 bone
1461 2577 1532 2615 Foi,
1550 2576 1587 2607 de
1604 2578 1678 2615 paier
1699 2577 1734 2608 &
1753 2577 1909 2615 deliverer,
1927 2586 1942 2606 a
1955 2585 2010 2606 une
2025 2575 2099 2605 Foiz
2113 2574 2272 2618 ememble‚
2290 2585 2306 2605 a
2320 2585 2375 2606 no-

1305 2614 1360 2644 stre
1373 2615 1415 2645 dit
1427 2615 1450 2646 F
1451 2625 1510 2645 rere
1523 2617 1550 2645 le
1562 2614 1633 2646 Duc
1665 2626 1705 2646 ou
1717 2617 1756 2645 ses
1769 2614 1872 2652 Herm,
1890 2624 1930 2645 ou
1944 2623 1959 2642 a
1971 2613 2036 2643 lour
2051 2611 2169 2651 Gentz,
2182 2613 2242 2651 q'ils
2254 2623 2375 2646 verront

1304 2653 1422 2691 deputer
1435 2663 1450 2684 a
1463 2654 1589 2684 rescevre
1601 2654 1628 2684 le
1639 2639 1764 2683 ²Deniers
1777 2653 1894 2696 susditz,
1913 2651 2077 2695 drotement
2090 2651 2135 2682 sur
2148 2651 2176 2682 le
2188 2651 2230 2682 dit
2249 2653 2316 2691 jour
2338 2653 2376 2684 de

1303 2691 1328 2721 la
1351 2691 1484 2722 Nativite
1502 2691 1580 2722 Saint
1599 2691 1695 2729 Johan
1714 2691 1742 2720 le
1761 2690 1913 2728 Baptistre,
1931 2690 2168 2728 procheinement
2185 2698 2310 2730 venant,
2334 2701 2376 2723 ou

1303 2729 1426 2773 dedeinz
1446 2730 1486 2760 les
1507 2729 1632 2770 Oytaves
1650 2729 1690 2760 du
1710 2729 1751 2760 dit
1764 2730 1847 2768 jour,
1863 2730 1928 2759 sanz
1949 2738 2059 2759 aucune
2071 2727 2169 2759 fraude
2190 2737 2230 2760 ou
2249 2731 2306 2760 mal
2325 2740 2377 2762 en-

1303 2777 1399 2846 guiit,
1419 2815 1506 2845 quant
1516 2806 1606 2850 audit
1621 2805 1785 2845 Paiement,
1805 2807 1874 2837 bien
1890 2807 1924 2838 &
1936 2805 2100 2876 lollament,
2116 2805 2185 2837 faire
2197 2807 2232 2838 &
2244 2807 2375 2845 perfour-

1303 2848 1347 2878 nir
1365 2856 1398 2884 a,
1416 2845 1514 2876 nostre
1531 2845 1573 2877 dit
1588 2845 1611 2875 F
1613 2856 1690 2884 rere,
1707 2847 1734 2876 le
1750 2845 1837 2885 Duc,
1854 2856 1895 2877 ou
1906 2845 1947 2876 ses
1995 2847 2064 2884 εἰπε,
2081 2854 2118 2875 en
2138 2844 2165 2876 la
2186 2854 2300 2877 manere
2319 2848 2376 2878 sus-

1304 2888 1379 2923 dite,
1397 2895 1468 2915 nous
1487 2894 1576 2915 avons
1599 2895 1700 2915 envers
1721 2893 1793 2923 eux,
1818 2885 1855 2915 de
1876 2886 2002 2916 certeine
2022 2884 2148 2922 science,
2171 2882 2317 2923 Obligez,
2339 2887 2375 2918 δε

1304 2925 1465 2962 Obligeons
1484 2923 1657 2954 fermement
1675 2923 1764 2954 Nous
1778 2946 1788 2962 ,
1813 2932 1874 2954 noz
1892 2922 1978 2954 Heirs
2032 2923 2066 2954 &
2087 2931 2148 2953 noz
2168 2922 2315 2962 Subgitz,
2339 2924 2375 2955 δε

1306 2963 1494 3000 Marchantz,
1513 2962 1548 2993 δε
1570 2961 1607 2992 les
1627 2961 1709 2992 Biens
1729 2962 1766 2993 de
1788 2961 1895 3001 Nous,
1913 2970 1973 2992 noz
1993 2946 2098 3000 heras,
2115 2961 2150 2992 &
2163 2970 2224 2992 noz
2235 2961 2375 3002 Subgitz,

1306 3003 1340 3034 ὃς
1355 3002 1544 3039 Marchantz,
1562 2999 1697 3031 Moebles
1710 3002 1743 3032 Sc
1758 3000 1980 3039 Nonmoebles,
1998 2998 2133 3032 Presena
2145 3000 2180 3030 &
2191 2999 2318 3039 Avenir,
2333 3011 2374 3033 ou

1328 3041 1366 3071 'ils
1388 3041 1494 3078 soient,
1511 3049 1550 3070 ou
1570 3041 1718 3077 purroient
1739 3039 1812 3070 estre
1824 3048 1942 3078 trouez,
1960 3049 2014 3077 pur
2030 3038 2068 3069 les
2084 3036 2214 3081 Arester,
2233 3037 2375 3078 Detenir,

1332 3079 1449 3117 rendre,
1469 3078 1602 3116 Vendre,
1619 3079 1653 3110 ὃς
1675 3077 1808 3116 Aliener,
1834 3079 1899 3109 fianz
1921 3078 1947 3108 la
1966 3075 2192 3108 Malevoillance
2228 3086 2269 3107 ou
2292 3076 2376 3109 Cou-

1307 3129 1374 3150 rous
1395 3117 1431 3148 de
1453 3117 1556 3155 Nous,
1573 3127 1617 3160 ou.
1626 3117 1663 3147 de
1677 3125 1737 3147 noz
1750 3116 1853 3155 Heus,
1872 3117 1906 3147 &
1920 3125 1974 3146 nos
1990 3099 2375 3159 Subgitz„&·l'Vlarcliant·z9

1303 3159 1394 3198 Jusqes
1408 3167 1425 3188 a
1436 3155 1550 3195 plenere
1563 3154 1739 3186 Sansfadtion
1750 3155 1787 3186 de
1801 3163 1894 3186 [ουτω
1903 3154 1943 3185 les
1958 3152 2056 3184 choses
2067 3152 2248 3186 dessusdites.¹
2264 3186 2267 3189 Δ

1343 3232 1391 3263 En
1411 3232 1646 3270 Tesmoignance
1666 3232 1703 3262 de
1725 3231 1806 3270 quele
1824 3229 1910 3262 chose
1933 3240 2006 3263 nous
2025 3239 2115 3263 avons
2135 3230 2184 3262 fait
2196 3229 2266 3263 faire
2284 3224 2374 3264 cesten

1306 3281 1365 3302 noz
1383 3272 1493 3302 Lettres
1506 3271 1643 3302 Parentes.

1344 3348 1428 3379 Don.
1445 3358 1462 3378 a
1473 3347 1568 3386 Gant,
1581 3346 1609 3377 le
1624 3348 1643 3378 6
1654 3348 1721 3386 jour
1736 3346 1771 3378 de
1785 3347 1923 3386 Feverer,
1940 3347 2006 3379 l’An
2018 3346 2082 3379 &c.
2101 3355 2134 3378 ut
2148 3347 2235 3386 supra.

1305 3497 1355 3528 De
1381 3496 1456 3540 Rege
1469 3520 1478 3536 ‚
1502 3505 1523 3524 a
1545 3489 1772 3536 flandrensibus
1796 3502 1851 3537 pro
1868 3503 1939 3524 vero
1956 3493 2031 3538 Rege
2048 3493 2181 3525 Francia
2194 3490 2374 3537 Recognitoy

1351 3541 1545 3586 IVotficati05
1558 3543 1601 3574 Et
1613 3552 1669 3588 pro
1689 3540 1841 3587 Indigenis
1855 3542 1988 3574 Franciae
1998 3566 2009 3582 ,
2027 3538 2071 3573 ad
2085 3537 2168 3574 idem
2176 3537 2371 3585 faciendum,

1350 3593 1511 3625 Invitatio.

1306 3674 1523 3736 EDrvardus,
1541 3674 1601 3704 Dei
1614 3674 1718 3719 gratia,
1736 3674 1803 3705 Rex
1819 3674 1947 3706 Franciae
1964 3674 1998 3706 δε
2018 3672 2150 3718 Angliae,
2165 3673 2200 3704 &
2223 3670 2371 3715 Dominus
2390 3678 2520 3711 Anan-

1380 3713 1530 3744 Hibermae
1564 3713 1713 3745 Umverns
1733 3711 1922 3744 Ecclefiarum
1941 3711 2082 3749 Praelans,
2107 3712 2142 3743 ὅτ,
2165 3708 2370 3778 Persoffizgillilis
2408 3727 2497 3758 1340,

1303 3791 1374 3827 bus,
1393 3800 1426 3836 ac
1447 3790 1573 3829 Plebeis,
1592 3792 1621 3821 in
1642 3790 1753 3828 Regno
1775 3790 1902 3821 Franciae
1920 3787 2098 3826 constitutis,
2115 3795 2214 3820 veram
2236 3786 2368 3817 notitiam
2386 3761 2505 3833 Agri&

1303 3828 1531 3867 subscriptorum.
2035 3866 2041 3871 .
2068 3865 2074 3870 1
2184 3862 2189 3868 ,
2388 3834 2492 3862 Ibidem.

1343 3866 1554 3900 Universorum
1574 3867 1722 3898 Dominus
1744 3866 1811 3898 Rex
1831 3866 1963 3897 Excelsus
1995 3875 2043 3896 cui
2055 3863 2122 3906 licet
2134 3861 2166 3892 fit
2182 3872 2211 3892 m
2225 3860 2370 3906 Potestatje
2389 3881 2427 3900 m,
2444 3880 2469 3901 ι,

1304 3905 1457 3944 Voluntas,
1478 3906 1552 3946 Legi
1565 3915 1662 3937 tamen
1676 3906 1770 3937 voluit
1784 3905 1872 3936 subici
1887 3888 2063 3946 Potestnern
2072 3923 2082 3939 ‚
2094 3899 2197 3939 jubens
2210 3900 2293 3945 ,r‘id‘h
2307 3910 2371 3931 cui-

1304 3954 1361 3982 que
1375 3946 1456 3982 quod
1471 3945 1513 3975 est
1526 3949 1625 3989 suurn,
1644 3944 1683 3976 fic
1696 3943 1847 3989 ostendens
1869 3942 1953 3981 quod
1963 3940 2074 3979 Just1tia
2097 3939 2131 3970 &
2148 3939 2298 3978 judicium
2321 3938 2372 3969 de-

1303 3982 1844 4061 beguirirseitgqffgafiaetgiustgdliigneglg,
1862 4015 2205 4061 DispositioneDjvina,
2221 4022 2273 4055 per
2291 4025 2373 4059 mor-

1303 4067 1379 4097 tem,
1396 4059 1514 4093 celebris
1527 4055 1546 4080 ⁴
1559 4060 1726 4096 memoriae,
1743 4057 1869 4089 Domini
1882 4054 2002 4093 Karoh,
2021 4054 2112 4085 ultimi
2126 4054 2220 4095 Regis
2232 4054 2371 4124 legi}
2391 4059 2436 4090 *v
2447 4059 2519 4097 ,1592
