2562 4279
7 315 83 350 Ann.
97 314 138 346 D.

35 359 118 397 1336·

7 399 74 426 Edv.
94 406 120 435 3.

40 2737 167 2770 AnnD.

68 2777 154 2818 1336.

36 2821 89 2845 2472.
108 2826 149 2844 10.

37 2898 152 2922 Pat.10.

40 2936 171 2968 E-3.p.2.

41 2980 78 2998 m.
97 2979 141 3006 37.

41 3010 57 3025 '¹'
77 3010 129 3035 IV.

46 3056 112 3084 704·

780 228 889 274 'ET
970 228 1237 274 ACTA
1314 232 1801 278 PUBLICA.

156 321 276 350 minime
296 328 456 358 teneamur,
476 320 630 358 praesertim
653 320 722 350 cum
744 319 810 350 nihil
829 319 1016 358 deliquimus,
1042 328 1097 348 nec
1119 317 1154 348 ad
1176 316 1219 347 di-

155 359 236 389 &um
257 358 371 389 Patrem
393 359 540 396 nostrum,
558 358 604 390 vel
628 357 711 396 Nos,
729 358 764 388 de
786 358 899 396 Rapina
918 354 1053 396 praediciti
1067 358 1220 395 quicquam

155 399 315 436 pervenerit
329 397 406 435 quod
423 398 559 435 sciamus,

193 435 377 467 Attendentes
390 445 483 466 tamen
499 436 644 465 Amicitias
658 435 691 465 &
713 433 934 471 Benivolentias‚
955 433 1058 471 quibus
1080 432 1218 473 Progeni-

155 482 232 505 tores
254 474 343 505 nostri
364 475 397 505 &
418 473 621 504 Communitas
641 472 772 504 Civitatis
792 472 892 503 vesttae
912 473 938 501 se
961 480 1062 502 mutuo
1075 480 1220 509 praevene-

156 518 241 551 runt,
260 523 327 551 quas
341 512 443 543 nostris
455 512 632 550 temporibus
645 513 774 549 cupimus
790 511 934 550 adaugeri,
953 517 999 547 ut,
1017 510 1050 540 ad
1073 509 1220 540 Commu-

157 553 278 582 nionem
301 551 467 589 pacificam,
490 551 523 581 &
546 550 730 587 Utilitatem,
762 548 952 579 Subditorum
975 548 1138 579 nostrorum
1145 570 1157 586 ,
1186 550 1219 579 &

157 589 325 620 Hominum
348 589 571 621 Communitatis
590 588 708 627 vestrae,
722 589 793 617 inter
812 586 883 624 ipsos
908 586 988 617 Pacis
1000 588 1033 618 &
1048 587 1221 618 Dilectionis

158 629 188 660 vi
208 639 251 659 eat
264 627 463 666 pulchritudo,

232 676 328 698 ecnon
342 666 582 704 Depauperationi
591 664 733 695 dirstorum
741 662 1020 702 Dampnificatorum
1036 664 1137 695 intime
1148 674 1222 695 con-

159 704 304 744 dolentes,
321 714 353 749 ac
365 705 488 751 proinde
500 704 627 737 volentes
640 706 710 733 cum
730 702 768 732 eis
789 703 826 732 de
847 702 904 733 sola
924 702 1104 733 Liberalitate
1124 702 1222 734 nostra

158 753 245 782 agere
259 752 397 783 gratiose,

198 782 228 813 Si
249 781 340 813 vestra
362 781 564 813 Communitas
584 785 635 817 per
655 778 708 816 Se,
726 779 772 810 vel
784 778 1002 811 Procuratorem
1018 779 1173 818 idoneum,
1187 779 1223 810 ad

160 821 220 853 hoc
233 821 385 858 specialiter
398 819 602 854 constitutum,
620 816 737 847 fideliter
751 819 784 849 ὃ(
798 817 969 849 sufficienter
983 829 1032 856 per
1048 819 1153 849 Literas
1166 819 1223 848 suas

163 869 279 898 caveat,
296 859 330 890 &
345 859 505 897 promittat,
523 856 603 893 quod
619 866 671 886 nos
685 856 718 886 ὃ(
735 856 861 895 nostros,
880 868 947 895 erga
968 857 1059 887 dictos
1080 856 1223 894 Dampni-

162 898 277 936 ficatos,
296 908 349 936 pro
372 896 452 926 dietis
472 894 631 933 Dampnis,
648 895 813 933 quitabunt,
831 897 864 926 &
881 897 961 934 quod
977 895 1127 926 occasione
1138 896 1223 926 dittae

164 935 394 974 Depraedationis
407 944 423 963 a
438 929 536 971 nobis,
556 932 600 965 vel
613 933 732 972 nostris,
750 934 779 964 in
791 934 935 973 futurum,
955 945 1015 965 non
1028 935 1152 972 capietur
1172 934 1223 964 ali-

163 975 251 1014 quid,
270 974 316 1005 vel
329 981 454 1010 petetur,

204 1013 341 1052 Affignari
370 1011 503 1041 faciemus
519 1034 529 1048 ,
559 1010 589 1040 in
610 1009 922 1049 Recompensationem
942 1012 975 1043 &
999 1011 1224 1042 satisfactionem

163 1050 370 1088 Dampnorum
382 1048 604 1087 praedictorum,
622 1048 705 1080 Oeto
717 1048 801 1080 Milia
818 1049 984 1081 Marcarum
1000 1050 1226 1088 sterlingorum,

164 1088 378 1126 solvendarum,
400 1087 447 1117 seu
466 1087 690 1126 allocandarum,
716 1089 745 1117 in
766 1086 931 1126 Custumis,
955 1089 1038 1118 nobis
1062 1088 1173 1119 Debitis
1189 1088 1226 1118 de

163 1127 388 1167 quibuscumque
409 1125 557 1156 Mercibus
577 1126 611 1157 ὃς
631 1125 828 1157 Mercimoniis
841 1137 890 1164 per
904 1127 1048 1157 Homines
1058 1127 1226 1166 Januenses,

164 1176 216 1205 per
230 1165 284 1204 Se,
302 1165 348 1196 vel
364 1175 413 1202 per
431 1164 510 1194 Alios
522 1175 574 1202 pro
586 1165 653 1202 Eis,
671 1165 741 1195 infra
754 1165 864 1195 dietum
880 1165 1016 1204 Regnum
1033 1166 1164 1196 nostrum
1177 1165 1227 1195 ad-

166 1204 276 1242 duffis,
293 1203 398 1234 ibidem
419 1203 553 1240 dimiffis,
570 1213 603 1234 ac
617 1204 653 1233 ab
667 1213 702 1234 eo
719 1202 828 1233 eduffis
842 1205 876 1234 ὃς
890 1204 1038 1242 extractis,

204 1242 247 1273 Ita
265 1241 397 1272 videlicet
419 1241 516 1280 quod,
532 1242 568 1271 de
588 1242 696 1280 singulis
718 1242 876 1279 hujusmodi
899 1242 1065 1280 Mercibus,
1083 1242 1121 1272 fic
1140 1241 1228 1272 addu-

167 1282 238 1319 etis,
256 1279 387 1319 dimissis,
406 1281 530 1317 eduffis,
547 1281 580 1311 &
603 1280 732 1311 eXtractis
754 1279 896 1318 (Exceptis
920 1281 1015 1317 Latiis)
1041 1282 1147 1319 integra
1166 1279 1230 1310 Cu-

167 1320 276 1356 stuma,
294 1320 328 1351 &
350 1319 386 1349 de
408 1319 492 1349 Lanis
515 1318 653 1350 Medietas
673 1318 824 1349 Custumae
860 1319 942 1349 nobis
963 1319 1082 1357 debitae,
1100 1319 1161 1357 ipsis
1179 1319 1230 1357 Ja-

167 1358 336 1395 nuensibuS,
353 1357 439 1395 usque
459 1357 493 1388 ad
514 1357 622 1387 dietam
643 1357 793 1387 Summam
814 1341 896 1387 dcto
919 1357 1039 1388 Milium
1062 1358 1230 1389 Marcarum

167 1397 354 1436 persolutam,
373 1395 463 1426 modo
479 1405 539 1434 quo
554 1396 751 1433 praemittitur,
769 1393 943 1434 allocentur,

208 1434 350 1466 Solvenda
368 1444 418 1473 per
437 1445 484 1464 eos
503 1434 635 1464 Personae
653 1433 765 1472 Certae,
785 1444 834 1472 per
851 1435 959 1465 di&am
982 1434 1231 1465 Communitatem

170 1474 327 1513 assignatae,
344 1483 408 1511 quae
423 1472 506 1503 dietis
522 1471 754 1511 Dampnificatis,
771 1473 818 1503 vel
832 1483 933 1504 eorum
945 1473 1134 1512 Haeredibus,
1154 1473 1230 1503 sum-

172 1523 248 1551 mas,
267 1512 305 1542 fic
317 1511 464 1549 allocatas,
481 1511 593 1542 ulterius
608 1511 716 1542 solvere
728 1520 862 1542 teneatur.

210 1551 348 1581 Volentes
369 1550 478 1588 insuper
497 1550 552 1580 toti
572 1549 782 1580 Communitati
797 1549 898 1581 vestrae
913 1549 1043 1581 Gratiam
1059 1550 1149 1581 facere
1161 1550 1233 1586 Spe-

172 1590 298 1627 cialem,
330 1597 360 1619 ut
387 1598 421 1619 ex
446 1589 504 1619 hoc
523 1588 583 1618 Vos
608 1589 782 1619 inveniamus
810 1589 839 1618 in
864 1588 966 1619 nostris
987 1589 1234 1626 oportunitatibus

173 1628 387 1666 Promptiores,
411 1628 445 1658 ὃς
465 1636 496 1657 ut
515 1626 550 1657 ad
568 1626 663 1657 Partes
683 1626 789 1657 nostras
811 1626 988 1657 Mercatores
1011 1627 1234 1661 Communitatis

172 1666 276 1698 vestrae
297 1666 440 1696 declinent
460 1676 496 1695 eo
515 1666 662 1702 libentius,
680 1675 740 1704 quo
761 1666 860 1704 majori
873 1665 976 1696 fuerint
989 1666 1099 1696 ibidem
1114 1663 1234 1694 Privile-

171 1707 286 1745 giorum
306 1703 498 1743 Praerogativa
517 1705 620 1734 muniti
640 1703 673 1741 (fi
695 1704 893 1742 Qitationem
914 1714 966 1734 nos
988 1704 1110 1735 feceritis
1129 1703 1235 1733 habere

173 1744 348 1782 praemittam)
364 1743 448 1774 talem
468 1743 498 1772 in
520 1742 625 1781 Regno
647 1741 746 1772 nostro
767 1742 870 1772 habere
889 1742 1022 1773 volumus
1044 1743 1232 1779 Libertatem,

175 1791 208 1813 ut
226 1782 261 1813 ad
281 1781 393 1812 dietum
415 1779 552 1820 Regnum
573 1779 721 1818 nostrum,
740 1789 807 1810 cum
832 1779 984 1818 Navibus,
1001 1782 1047 1811 vel
1063 1781 1141 1812 Vasis
1163 1780 1237 1818 aliis,

173 1821 359 1858 accedentes,
376 1819 484 1858 poffitis
497 1818 601 1856 libere,
619 1818 714 1856 salvo,
733 1819 765 1848 &
781 1819 894 1856 secure,
913 1829 981 1850 cum
998 1820 1081 1850 dictis
1102 1819 1236 1849 Navibus

174 1860 209 1891 &
228 1858 321 1897 Vasis,
338 1860 368 1888 in
389 1866 576 1895 quocumque
595 1857 663 1887 loco
680 1856 776 1896 Regni
793 1856 899 1895 nostri,
920 1860 1049 1896 quotiens
1061 1860 1093 1890 ὅ(
1110 1857 1238 1896 quando-

173 1907 242 1929 cum
266 1907 301 1927 ue
313 1897 473 1934 volueritis,
488 1896 643 1933 applicare,
662 1895 878 1933 mercandisare,
895 1906 928 1926 ac
954 1895 1118 1927 Vendendo
1143 1895 1178 1926 &
1198 1895 1239 1925 E-

173 1946 242 2006 ffen
262 1946 282 1966 o
297 1934 466 1966 Proficuum
480 1934 606 1966 vestrum
620 1934 727 1973 facere,
744 1933 883 1965 solvendo
905 1933 1061 1966 Custumas
1081 1935 1187 1966 debitas
1209 1935 1239 1964 in

195 1985 227 2005 ac
262 1982 333 2004 arte:

213 1985 268 2052 Etp,
287 2012 307 2042 fi
329 2013 360 2043 in
379 2022 440 2043 uno
456 2012 526 2043 loco
547 2011 750 2049 applicueritis,
767 2011 851 2041 liceat
872 2011 972 2050 vobis,
992 2010 1155 2050 Mercibus,
1178 2021 1240 2042 non

174 2051 260 2091 plene
282 2050 329 2081 vel
350 2052 379 2080 in
400 2050 479 2081 nullo
493 2049 629 2088 venditis,
647 2059 681 2080 ex
696 2050 762 2080 hinc
777 2050 867 2080 libere
881 2051 1030 2090 recedere,
1049 2052 1083 2081 ἅτ
1098 2060 1240 2089 quocum-

176 2100 233 2128 que
246 2089 392 2119 volueritis
404 2097 457 2119 vos
469 2088 631 2118 transferre:

215 2127 333 2165 Vosque
353 2124 426 2157 infra
447 2126 602 2157 Distrietus
616 2127 648 2156 ὃς
663 2126 727 2157 loca
741 2126 854 2166 nostra,
873 2126 957 2158 velud
973 2127 1094 2159 Amicos
1109 2129 1143 2159 &
1155 2125 1241 2158 Beni*-

176 2166 261 2234 voffis
275 2165 387 2208 nostros
400 2166 573 2205 praecipu0S,
591 2163 681 2196 Civili
695 2163 794 2196 Modo
809 2167 939 2206 cupimus
953 2167 1133 2205 pertractari:

254 2214 286 2235 os
302 2213 378 2234 enirn

212 2242 249 2274 In
268 2242 348 2280 casu,
366 2226 426 2280 qlio
448 2241 532 2273 nobis
553 2242 769 2282 significaveritis
783 2253 836 2273 vos
849 2243 922 2275 velle
935 2244 1076 2284 praemissa
1091 2245 1120 2275 in
1132 2243 1243 2282 forma,

200 2281 237 2312 ui
249 2282 444 2321 praemittitur,
460 2290 624 2321 acceptare,
642 2282 781 2320 nobisque
793 2281 851 2313 fieri
868 2283 990 2314 feceritis
1013 2281 1187 2314 Cautionem
1208 2284 1242 2314 δε

178 2332 180 2335 ·
206 2319 383 2350 romiffiones
396 2319 579 2359 supradictas,

217 2358 360 2403 Volumus
379 2359 413 2390 &
431 2358 617 2390 concedimus
640 2368 671 2390 ut
691 2359 829 2398 praemissa
841 2370 889 2398 per
904 2371 956 2391 nos
972 2360 1079 2391 Robur
1093 2360 1244 2390 Firmitatis

181 2405 352 2441 optineant,
377 2407 430 2434 pro
448 2397 587 2436 Quorum
594 2397 773 2429 Executione
791 2406 860 2430 tunc
879 2399 939 2430 fieri
957 2399 1093 2430 faciemus
1112 2398 1245 2437 ulterius,

181 2445 248 2474 quae
262 2435 365 2466 fuermt
379 2445 531 2473 oportuna.

216 2473 286 2504 Dat.
305 2473 379 2511 apud
393 2474 497 2504 Villam
510 2474 547 2505 de
559 2474 665 2506 Sandio
675 2473 826 2515 Johanne,
846 2485 946 2515 quarto
957 2476 1004 2507 die
1014 2475 1091 2515 Julii.

203 2598 254 2631 De
271 2595 429 2630 trak'lana'o
445 2606 514 2629 cnm
533 2600 614 2643 Rege
632 2599 764 2678 Fragiae
773 2598 865 2644 fhper
882 2598 1015 2646 passagio
1034 2597 1079 2631 ad
1094 2600 1225 2632 Terram

637 2649 701 2679 San
730 2659 793 2680 am.

185 2727 546 2799 UNgicvgrsgsfilattgmquos
568 2731 717 2770 praesentes
737 2732 842 2763 Literae
864 2734 1059 2772 pervenerint,
1077 2732 1249 2772 Edwardus,

225 2807 377 2838 Noveritis
392 2806 473 2844 quod
489 2806 577 2846 Nos,

226 2845 275 2888 De
294 2845 425 2876 fidelitate
447 2845 563 2882 probata
583 2846 616 2877 &
639 2847 893 2885 circumspectione
910 2848 1045 2886 provida,
1064 2847 1249 2879 Dile&orum

189 2882 222 2914 &
239 2883 378 2913 Fidelium
393 2883 575 2921 nostrorum,
595 2883 810 2916 Venerabilium
826 2885 959 2924 Patruin,
980 2886 1114 2924 Ricardi,
1133 2888 1250 2918 Dunol-

189 2922 308 2959 mensis,
326 2923 360 2952 ὃς
382 2921 471 2959 Adae,
485 2921 716 2962 Wyntoniensis,
735 2923 960 2964 Episcoporum,
978 2935 1110 2964 necnon,
1131 2926 1251 2956 Nobilis

189 2959 268 3002 Viri,
286 2958 438 3004 Willielmi
451 2960 584 3004 Trussel,
604 2956 723 3000 Militis,
741 2963 775 2992 &
798 2963 817 2981 ³*
832 2963 962 3002 Magistri
984 2963 1101 2994 Ricardi
1119 2964 1156 2994 de
1177 2964 1252 3003 Byn-

191 2999 323 3029 teiworth
338 3021 348 3037 ‚
370 2998 446 3037 Juris
467 2996 567 3030 Civilis
590 2998 757 3031 Profefforis
770 3024 780 3040 ,
806 3001 941 3032 sinceram
966 3002 1098 3033 fiduciam
1120 3005 1253 3041 optinen-

189 3044 324 3114 tcstsOS,
340 3076 374 3107 &
394 3075 470 3106 Tres
487 3086 585 3107 eorum
595 3100 604 3115 ,
622 3077 734 3107 nostros
757 3077 875 3108 facimus
889 3078 923 3110 &
935 3077 1100 3109 ordinamus
1112 3079 1254 3110 Procura-

193 3121 268 3145 tores
282 3114 439 3153 legitimos,
458 3115 492 3146 &
506 3115 642 3146 Nuncios
656 3115 798 3154 speciales,

230 3151 340 3183 Dantes
359 3152 473 3183 Eisdem
489 3177 499 3191 ,
524 3155 558 3185 &
581 3153 689 3184 Tribus
709 3164 809 3185 eorum
825 3178 836 3192 ,
857 3154 972 3193 plenam
992 3153 1168 3186 Potestatem
1185 3180 1195 3195 ,
1221 3158 1254 3187 &

193 3189 364 3222 Mandatum
384 3191 694 3236 speciale21ra6iandi,
716 3203 768 3237 pro
790 3195 890 3238 nobis,
917 3194 950 3224 &
977 3194 1075 3224 nostro
1110 3197 1229 3239 nomine
1245 3219 1256 3233 ‚

193 3239 287 3304 ΐὲιῗὲἰ,
298 3228 1205 3310 Βέἓὲἓὲῗιὲἳῑῇἳ“ῗὲῗὶὲοἷῖἱῗᾶἳῗῃέζῂἓὲὲρὲἐρῇἒέἓῑεῖῗῐὲῗὲῗ
1213 3233 1256 3302 sii]

194 3316 245 3344 per
260 3305 446 3344 assumendo,
464 3307 498 3338 &
512 3307 687 3347 ordinando,
706 3308 851 3349 Passagio,
868 3309 913 3339 vel
926 3308 1043 3347 Itinere,
1061 3310 1179 3348 nostro,
1194 3321 1257 3341 ver-

195 3346 238 3376 'sus
253 3343 378 3374 Terram
393 3344 526 3375 Sanetam
558 3356 590 3376 ac
605 3345 642 3376 de
655 3354 784 3383 tempore
797 3348 830 3378 ὃς
848 3347 939 3378 modo
954 3348 1130 3386 Arreptionis
1143 3349 1258 3380 &Pro-

195 3381 308 3420 greffsis
327 3381 436 3450 Itingris
456 3369 633 3423 hujusmodi,
655 3394 689 3415 ac
709 3385 765 3415 aliis
781 3387 933 3425 omnibus,
960 3387 1074 3418 dietum
1095 3387 1256 3426 Paffagium

195 3430 382 3453 concernenti
405 3431 452 3458 us,

236 3460 367 3491 Necnon
386 3459 423 3489 de
443 3458 548 3490 Forma
583 3460 684 3499 Loco,
702 3462 735 3492 &
749 3461 913 3500 Tempore,
933 3464 1034 3501 quibus
1047 3465 1176 3503 praefatus
1191 3465 1258 3496 Rex

197 3499 233 3531 ὃς
247 3508 300 3529 nos
313 3497 449 3536 possimus
461 3498 532 3542 infra
576 3508 683 3543 egnum
694 3499 822 3531 Franciae
837 3503 1007 3541 convenire,
1024 3504 1058 3535 &
1070 3502 1258 3543 Colloquium

199 3546 333 3568 mutuum
345 3535 524 3574 personallter
536 3546 682 3576 optinere,

238 3575 274 3607 Et
288 3575 370 3614 Hils,
389 3584 454 3613 quae
469 3574 506 3605 fic
519 3575 653 3607 Traetata
673 3576 795 3615 fuerint,
815 3576 1039 3618 Consentiendi,
1054 3580 1087 3611 &
1107 3580 1187 3618 super
1207 3580 1261 3612 hiis

200 3614 423 3652 Concordandi,

200 3690 212 3722 ¹
241 3653 279 3722 {t
294 3652 351 3691 Ea,
369 3653 399 3683 in
413 3653 512 3691 quibus
525 3651 695 3683 Concordes
709 3653 830 3693 fuerint,
849 3664 1029 3695 quacumque
1050 3655 1184 3688 firmitate
1203 3657 1263 3690 val->

212 3701 248 3722 an
269 3702 295 3731 1,

241 3729 279 3761 Et
294 3732 392 3761 omnia
405 3730 456 3760 alia
467 3731 500 3761 &
515 3729 621 3767 singula
636 3729 772 3769 faciendi,
792 3742 855 3769 quae
869 3732 898 3762 in
913 3731 1057 3770 praerniffis
1077 3733 1112 3764 &
1133 3735 1210 3766 circa
1230 3745 1262 3766 ea

205 3767 308 3799 fuerint
321 3777 480 3809 oportuna,
498 3770 581 3799 etiam
594 3768 614 3798 si
624 3767 795 3800 Mandatum
808 3771 923 3807 exigant
934 3770 1064 3808 speciale:

243 3806 446 3838 promittentes
476 3807 545 3838 Nos
572 3806 689 3837 firmum
712 3807 745 3838 δε
763 3817 874 3847 gratum
892 3808 1037 3839 habituros
1058 3810 1191 3849 quicquid
1212 3821 1262 3849 per

199 3845 331 3882 praefatos
351 3845 570 3884 Procuratores,
592 3846 626 3876 &
649 3844 801 3883 Nuncios,
825 3845 956 3884 nostros,
975 3848 1026 3878 vel'
1044 3847 1120 3879 Tres
1140 3859 1261 3889 eorum,

207 3882 316 3913 A&um
330 3884 377 3915 vel
387 3884 512 3915 Gestum
525 3884 607 3915 fuerit
621 3886 649 3914 in
661 3884 826 3953 praemissis}
837 3886 872 3915 &
887 3886 1014 3922 quolibet
1025 3888 1243 3923 praemissorum.

820 3933 827 3952 1

242 3919 276 3964 In
289 3931 412 3959 quorum
422 3925 554 3954 omnium
568 3923 785 3954 Testimonium
828 3922 928 3961 gilium
941 3923 1071 3955 nostrum
1083 3926 1263 3963 praesentibus

208 3956 340 3990 duximus
350 3962 561 3998 apponendum.

248 3994 317 4029 Dat.
334 3999 408 4037 apud
420 4000 526 4034 Villam
539 4000 576 4034 de
587 4000 695 4035 Sansto
703 4000 855 4040 Johanne,
872 3999 948 4031 sexto
960 3999 1006 4031 die
1013 4000 1093 4040 Julii.

2258 239 2337 290 149

2335 310 2467 359 Ann.‚,l3;

1338 396 1340 399 Ι
2118 364 2132 365 ’
2356 361 2439 398 1336.

1327 403 1376 436 De
1390 403 1550 436 narrando
1569 415 1636 436 cnm
1656 405 1733 438 ditio
1754 410 1829 453 Rege
1839 409 1930 454 suffer
1948 408 2197 453 Atsjornamemis
2209 413 2245 448 ξύ*
2334 401 2400 426 Edu.
2422 398 2461 436 Ξῖ,

1697 455 1879 498 l’roceysbm.

1312 532 1314 534 ’
1332 535 1477 573 Niversis,
1495 537 1555 568 ὅτε.
1574 538 1708 569 Salutem.
2334 536 2411 578 Ann.
2427 538 2470 580 Da

1373 573 1524 606 Noveritis
1539 577 1618 614 quiid
1634 578 1715 615 Nos,
2358 595 2391 626 13
2401 589 2444 625 36.

1298 612 1348 657 De
1370 612 1497 655 fidelitate
1516 615 1632 651 probata
1654 617 1687 646 &
1708 616 1965 653 circumspectione
1985 618 2120 657 provida,
2136 619 2319 650 Dileclorutn‘
2338 630 2389 653 An.
2410 639 2456 658 ιο.

1262 651 1295 681 ὃ(
1309 650 1448 693 fidelium
1461 652 1642 691 nostrorum,
1661 653 1687 684 V
1689 656 1869 685 enerabih'um
1883 655 2020 695 Parrum,
2039 656 2098 692 &a
2115 666 2146 687 ut
2159 658 2244 698 sispra
2263 659 2321 697 ple.
2341 672 2369 693 E.
2393 680 2406 685 -

1262 691 1338 720 narie
1354 689 1545 729 considentes,
2340 688 2445 734 [hialim

1300 728 1394 797 Ipsos,
1419 729 1453 758 ὅς
1476 728 1551 759 Tres
1573 739 1673 759 eorum
1696 730 1830 769 facimus,
1852 730 2033 770 ordinamus,
2056 735 2089 764 &
2108 734 2324 774 constituimus,

1262 770 1313 798 noi
1332 777 1375 797 tos
1390 777 1471 797 veros
1485 767 1518 797 δε
1532 767 1672 806 legitimos
1687 768 1903 806 Procuratores,
1918 771 1951 800 &
1968 771 2102 802 Nuncios
2116 774 2260 811 speciales,
2302 793 2304 795 >

1300 805 1409 848 Dantes
1429 804 1490 843 Eis,
1510 807 1544 837 ὃς
1566 807 1672 837 Tribus
1691 817 1808 845 eorum,
1828 806 1943 837 Plenam
1965 807 2137 841 Porestatem
2155 814 2187 842 ὃς
2205 812 2328 842 Munda-‘-

1265 852 1327 874 tum
1349 845 1480 882 ipeciale,
1509 845 1662 882 trarfiandi,
1690 855 1742 882 pro
1763 845 1879 883 Nobis,
1899 848 1931 876 &
1949 847 2048 878 nostro
2069 851 2187 880 nomine
2202 874 2211 889 ,
2239 862 2325 890 cum,

1267 882 1428 921 Magnifico
1453 883 1584 921 Principe
1598 908 1607 921 ,
1630 884 1766 913 Domino
1787 883 1936 923 Philippo,
1960 885 2042 924 Rege
2063 886 2186 918 Francia:
2210 889 2327 928 illustri,

1265 921 1311 951 seu
1337 920 1514 959 Deputandis
1536 922 1572 951 ab
1593 932 1648 961 eo,
1663 921 1742 960 super
1764 922 1988 961 quibuscumque
2004 926 2233 964 Quaestionibus,
2254 928 2328 958 Liti-

1266 960 1335 996 bus,
1359 960 1506 998 Qierelis,
1565 961 1706 998 emandis,
1733 960 1958 998 Controverfiis‚
1979 962 2101 1002 Arestis,
2121 964 2165 995 seu
2192 966 2328 1004 Debatis,

1267 1008 1299 1028 ac
1314 997 1541 1067 ‘ZdjO-sss'amenns
1561 1001 1595 1031 δε
1617 999 1813 1037 Procesfibus,
1831 1001 1862 1029 in
1883 998 1972 1030 Curia
1991 1002 2072 1038 iplius
2093 1002 2219 1033 Domini
2240 1004 2329 1044 Regis
2364 1032 2366 1034 ,

1266 1046 1322 1075 pen
1345 1045 1400 1066 enti
1424 1048 1468 1075 us,

1306 1075 1376 1106 Nec
1396 1086 1455 1106 non
1479 1074 1665 1106 petitionibus
1686 1076 1719 1106 δε
1741 1076 1928 1114 Αᾶἰοηίὸυε,
1947 1076 2098 1115 Realibus,
2118 1080 2151 1111 ὃς
2178 1079 2331 1111 Personali-

1268 1112 1340 1152 bus,
1355 1123 1439 1152 atque
1452 1114 1567 1153 Minis,
1585 1124 1649 1153 quae
1665 1115 1741 1144 idern
1755 1115 1901 1146 Dominus
1916 1115 1981 1145 Rex
1994 1126 2056 1155 erga
2071 1116 2157 1155 Nos,
2172 1118 2207 1148 ἃ
2228 1119 2331 1149 Subdi-

1269 1161 1313 1183 tos
1333 1151 1458 1190 nostros,
1477 1152 1576 1189 habet,
1594 1153 1640 1184 vel
1662 1152 1765 1183 habere
1786 1155 1902 1191 poterit,
1920 1155 1966 1184 vel
1986 1154 2055 1185 Nos
2075 1166 2140 1193 erga
2159 1156 2248 1194 ipsum
2264 1157 2331 1188 Do-'

1270 1192 1381 1220 minum
1398 1190 1529 1229 Regem,
1545 1191 1591 1221 seu
1607 1190 1740 1222 Subditos
1754 1192 1816 1221 suos
1830 1193 1937 1221 ratione
1952 1193 2106 1224 Terrarum
2121 1196 2280 1225 nostrarum
2302 1197 2333 1226 iti

1270 1228 1386 1260 Ducatu
1404 1230 1575 1268 Aquitaniae,
1593 1230 1638 1260 vel
1652 1228 1718 1259 alibi
1730 1230 1758 1259 in
1775 1230 1896 1267 partibus
1909 1230 2113 1262 Transmarini·.·
2133 1233 2334 1274 existentium,

1270 1267 1315 1298 seu
1338 1278 1519 1337 quacutcriique
1540 1269 1590 1299 alia
1607 1268 1774 1306 occasione,
1792 1269 1928 1299 habemus
1935 1289 1945 1307 ‚
1972 1270 2017 1300 vel
2037 1271 2139 1302 liaoeiu
2158 1274 2334 1311 poterimus,

1271 1316 1373 1344 quovis
1387 1317 1438 1337 mo
1459 1318 1478 1337 o

1311 1344 1347 1374 Et
1367 1345 1401 1375 ad
1421 1330 1518 1375 omn'ia
1538 1346 1572 1377 &
1594 1345 1714 1385 singula,
1734 1355 1799 1384 quae
1821 1345 1955 1376 Tractata
1969 1346 2002 1378 &
2015 1345 2200 1378 Concordata
2214 1349 2335 1389 fuerint,

1274 1393 1453 1422 quacumque
1465 1383 1597 1415 firmitate
1613 1383 1730 1414 vallandi
1738 1408 1747 1422 ,

1312 1422 1443 1452 Necnon
1457 1423 1594 1461 Petendi,
1611 1422 1783 1461 Stipulandi,
1799 1422 1986 1461 Recipiendi,
2001 1423 2203 1463 Transigendi,
2221 1427 2254 1456 ὃ(
2269 1435 2335 1455 om-

1276 1461 1321 1490 nia
1345 1460 1395 1490 alia
1413 1462 1447 1491 &
1469 1461 1571 1501 singula
1594 1461 1742 1500 Faciendi,
1760 1471 1825 1499 quae
1845 1462 1873 1491 in
1894 1461 2040 1499 praemiffis
2058 1464 2091 1493 ὃς
2108 1464 2184 1493 circa
2198 1464 2337 1502 praemiffa

1275 1498 1379 1529 fuerint
1393 1507 1549 1536 oportuna,
1569 1501 1652 1530 etiam
1670 1500 1689 1529 ii
1705 1500 1868 1530 mandatum
1881 1501 1992 1539 exigant
2007 1501 2140 1540 speciale,

1314 1536 1516 1568 Promittentes
1530 1538 1599 1568 Nos
1608 1561 1617 1575 ,
1635 1548 1687 1575 pro
1702 1538 1804 1568 Nobis
1819 1539 1853 1569 &
1866 1537 2036 1569 Haeredibus
2047 1540 2166 1578 nostris,
2180 1539 2288 1570 Rarum
2303 1539 2338 1570 δε

1277 1575 1407 1617 Firmum
1429 1576 1547 1614 habere,
1565 1578 1598 1607 &
1620 1577 1761 1607 habitui-os
1783 1577 1916 1614 quicquid
1939 1587 1988 1624 per
2008 1578 2102 1608 dictos
2118 1578 2339 1616 Procuratores,

1277 1614 1311 1644 &
1336 1613 1471 1644 Nuncios
1491 1615 1617 1651 nostros,
1635 1615 1681 1644 vel
1702 1614 1777 1644 Tres
1789 1624 1909 1654 eorum,
1925 1615 2066 1653 (aestum,
2085 1617 2211 1656 Actum,
2229 1619 2262 1648 ὃς
2286 1616 2339 1646 Fa-

1276 1652 1374 1689 tftum,
1400 1652 1444 1682 seu
1465 1654 1549 1684 etiam
1573 1652 1760 1683 Procuratum
1775 1676 1786 1691 ,
1811 1652 1892 1684 fuerit
1911 1654 1939 1683 in
1962 1655 2107 1692 praemisiis
2124 1678 2133 1694 ,
2157 1655 2190 1687 &
2211 1654 2342 1694 quolibet

1275 1691 1494 1728 praemissorum.
2329 1699 2331 1701 ’

1314 1728 1347 1758 In
1364 1739 1501 1767 quorum,
1519 1730 1580 1761 &c.

1352 1767 1421 1798 Dat.
1439 1768 1514 1807 apud
1526 1768 1632 1799 Villam
1644 1767 1681 1798 de
1692 1767 1801 1798 Sansto
1811 1767 1943 1807 Johanne
1952 1792 1962 1807 ,
1978 1768 2055 1800 sexto
2069 1769 2114 1800 die
2122 1769 2197 1808 Julii.

1376 1901 1426 1932 De
1445 1898 1586 1942 Post-state
1607 1898 1651 1932 ad
1663 1898 1859 1933 transfundam
1875 1912 1944 1932 cum
1966 1898 2080 1932 David
2094 1899 2130 1932 de
2146 1903 2248 1935 Bruis.

1350 1985 1493 2025 Niversis,
1509 1986 1569 2017 &c.
2329 2006 2334 2010 .
2362 1991 2430 2030 Am,
2450 1991 2492 2028 DQ

1391 2026 1537 2057 Noveritis
1557 2023 1638 2063 quod
1660 2024 1746 2062 Nos,
1764 2021 1825 2059 ὡς.
1842 2030 1875 2053 nt
1890 2023 1976 2063 sitpra
1996 2022 2077 2064 usque
2098 2021 2155 2063 ibi,
2170 2022 2246 2063 Juris
2260 2022 2345 2062 Civi-
2389 2047 2401 2067 1
2428 2019 2492 2076 3⁷6·⁰

1277 2063 1310 2094 lis
1327 2062 1510 2099 Proferroris,
1528 2062 1566 2097 ὠ·
1580 2070 1646 2093 tunc
1653 2063 1850 2104 fic‚s1nceram
1863 2062 1997 2093 fiduciam
2011 2064 2187 2102 optuienteS‚
2315 2085 2319 2088 -
2335 2082 2340 2086 ι
2361 2048 2477 2105 A723100.

1318 2101 1411 2142 Ipsos,
1429 2103 1462 2134 ὃς
1483 2102 1557 2133 Tres
1577 2112 1697 2140 eorum,
1715 2101 1829 2132 nostros
1846 2102 1965 2133 facimus
1980 2102 2013 2133 &
2026 2101 2190 2133 ordinamus
2203 2100 2343 2139 Procurae
2361 2121 2387 2143 E.
2408 2100 2435 2152 '3

1280 2147 1354 2172 tores
1367 2143 1524 2181 legitimos,
1542 2142 1575 2172 &
1588 2141 1725 2172 Nuncios
1733 2140 1880 2178 speciales,
2362 2154 2417 2182 Ihm

1320 2179 1429 2212 Dantes
1449 2180 1554 2211 eisdem
1570 2202 1580 2218 ,
1604 2181 1637 2210 ὃς
1662 2179 1770 2210 Tribus
1789 2187 1890 2210 eorum
1906 2203 1917 2219 ,
1941 2179 2061 2211 Plenam
2086 2179 2258 2210 potestatem
2272 2204 2282 2217 ,
2309 2180 2343 2216 ὃς
2420 2177 2425 2182 “

1283 2217 1452 2250 Mandatum
1472 2219 1491 2239 ²*
1514 2218 1647 2256 speciale,
1665 2217 1822 2248 Tractandi
1841 2228 1894 2256 pro
1917 2217 2033 2256 Nobis,
2049 2219 2083 2249 ὃς
2098 2218 2197 2248 nostro
2209 2219 2344 2255 nomine,
2365 2231 2380 2247 ,ιι
2399 2232 2452 2258 ΝΒ.

1282 2267 1351 2287 curn
1368 2257 1465 2289 David
1478 2257 1515 2288 de
1529 2257 1615 2296 Brus,
1632 2257 1666 2288 &
1681 2256 1730 2287 De
1751 2257 1858 2287 utandis
1872 2257 1908 2286 ab
1922 2267 1960 2287 eo
1997 2257 2033 2287 de
2048 2257 2186 2296 Treugis,
2199 2257 2233 2288 &
2250 2256 2347 2291 Guer-
2368 2278 2435 2306 705,

1285 2306 1323 2326 rae
1336 2295 1522 2335 Sufferentia,
1539 2306 1572 2327 ac
1588 2297 1671 2327 etiam
1686 2295 1722 2326 de
1756 2305 1806 2326 ace
1822 2296 1855 2326 &
1868 2295 1942 2325 finali
1956 2280 2141 2333 Concordia,

1323 2333 1400 2366 Inter
1414 2335 1499 2373 Nos,
1517 2335 1551 2366 &
1563 2334 1663 2365 Nobis
1675 2333 1877 2372 Adhaerentes,
1894 2343 1929 2364 ex
1945 2343 2021 2371 parte
2035 2333 2107 2372 una,
2126 2336 2159 2365 ὃς
2176 2333 2270 2371 Ipsum
2286 2333 2347 2364 Da-

1285 2373 1351 2412 vid,
1369 2375 1402 2406 &
1423 2374 1474 2404 sibi
1494 2373 1693 2410 Adhaerentes,
1711 2382 1745 2403 ex
1763 2372 1835 2410 alia,
1852 2373 1933 2410 super
1955 2374 2092 2403 omnibus
2106 2372 2350 2410 Diss'ensionibus,

1288 2412 1466 2451 Demandis,
1485 2413 1518 2444 &
1533 2411 1668 2450 Debatis,
1683 2412 1750 2442 hinc
1765 2411 1833 2441 inde
1845 2411 1978 2449 subortis,
1996 2410 2139 2449 ineundis,

1325 2450 1365 2481 Et
1382 2452 1452 2489 hiis,
1471 2461 1536 2489 quae
1557 2451 1594 2482 sic
1614 2450 1748 2481 Tmffiffla
1769 2450 1989 2518 fuerint,(prout
2004 2449 2038 2479 ad
2052 2449 2207 2480 Honorem
2222 2449 2351 2479 nostrum

1287 2490 1322 2559 {f
1345 2489 1549 2559 Congmoidum
1569 2489 1701 2529 expedire
1721 2488 1843 2520 viderint
1856 2511 1867 2527 ,
1923 2487 2097 2519 onsentiendi
2112 2511 2122 2527 ,
2145 2490 2179 2519 &
2199 2488 2278 2526 super
2300 2489 2353 2518 hiis

1320 2539 1412 2560 oncor
1433 2539 1466 2558 an
1488 2539 1512 2566 ι,

1290 2605 1299 2637 l
1333 2567 1378 2635 ἒς
1402 2576 1592 2605 quaecumque
1606 2588 1616 2606 ,
1641 2565 1680 2596 sic
1705 2564 1891 2596 Concordata
1908 2590 1918 2603 ,
1940 2574 2122 2604 quacumque
2142 2564 2274 2596 firmitate
2293 2564 2353 2596 val·

1301 2615 1334 2636 an
1357 2617 1364 2636 ι

1329 2631 1477 2675 Et⁷omnia
1489 2638 1538 2674 alia
1551 2643 1584 2674 δέ
1601 2643 1704 2680 singula
1717 2642 1854 2680 faciendi,
1873 2653 1938 2680 quae
1958 2642 1987 2672 in
2010 2641 2155 2679 praemiffis
2174 2642 2207 2672 &
2228 2642 2304 2671 circa
2322 2644 2354 2672 ea

1292 2683 1441 2751 neclessaria
1461 2683 1562 2713 fuerint
1581 2681 1626 2713 vel
1645 2691 1805 2720 oportuna,
1822 2682 1906 2712 etiam
1926 2681 1945 2711 si
1965 2680 2137 2712 Mandatum
2162 2681 2271 2719 exigant
2292 2680 2356 2718 spe*

1292 2733 1334 2753 cia
1345 2733 1361 2752 e
1371 2735 1375 2740 ·

1330 2746 1530 2790 Promittentes
1552 2759 1638 2796 Nos,
1657 2769 1710 2797 pro
1731 2758 1847 2795 Nobis,
1865 2758 1898 2788 ὃς
1920 2757 2088 2787 l-laeredibus
2109 2755 2226 2794 nostris,
2244 2756 2354 2786 Ratum

1294 2799 1329 2830 ὃς
1348 2799 1473 2829 Gratum
1496 2799 1638 2828 habituros
1658 2796 1793 2835 quicquid
1810 2806 1858 2833 per
1869 2796 1958 2826 dictos
1976 2795 2191 2833 Procuratores,
2209 2797 2241 2824 &
2263 2794 2355 2824 Nun-

1295 2839 1356 2868 cios
1372 2837 1502 2875 nostrOS,
1520 2837 1565 2867 vel
1578 2835 1652 2866 Tres
1672 2845 1787 2872 eorum,
1805 2835 1990 2871 Tractatum,
2009 2832 2201 2870 Consensum,
2221 2833 2356 2863 Concor-

1295 2877 1391 2906 datum
1402 2899 1411 2914 ,
1428 2875 1587 2914 Vallatum,
1603 2876 1635 2906 δε
1652 2874 1768 2904 Factum
1778 2897 1786 2912 ,
1800 2874 1883 2904 suerit
1897 2874 1926 2903 in
1942 2871 2084 2911 pizemiliis
2099 2874 2131 2902 &
2146 2872 2273 2911 quolibet
2282 2880 2357 2909 prae-2

1294 2914 1457 2945 missorum,

1330 2952 1365 2982 ln
1380 2961 1520 2989 quorum,
1538 2952 1598 2981 &c.

1372 2990 1440 3020 Dat.
1459 2989 1532 3028 apud
1548 2989 1651 3022 Villam
1665 2989 1701 3019 de
1716 2988 1825 3019 SanCm
1835 2987 1983 3028 Johanne,
1999 2987 2076 3018 sexto
2088 2987 2135 3018 die
2147 2987 2222 3026 julii.

1468 3117 1526 3147 Pro
1546 3115 1675 3146 Nunciis
1693 3111 1738 3145 ad
1754 3116 1863 3160 Regem
1879 3115 2009 3146 Francia:
2027 3109 2186 3152 destinatis.

1364 3200 1422 3231 EX
1437 3199 1639 3236 Thesaurario,
1657 3198 1689 3229 δε
1703 3197 1873 3228 Camerariis
1886 3197 1953 3235 suis,
1972 3196 2120 3238 Salutem..
2378 3185 2450 3215 Alm-
2464 3183 2506 3217 D:

1402 3238 1483 3269 Cum
1506 3239 1649 3268 mittamus
1673 3237 1809 3275 quosdam
1834 3237 1997 3273 Solempnes
2020 3234 2155 3264 Nune-ios
2183 3232 2296 3262 nostros
2324 3232 2357 3262 ad
2396 3225 2482 3273 ’1336-

1300 3286 1387 3316 partes
1402 3277 1544 3314 Franciae,
1563 3287 1615 3316 pro
1632 3276 1797 3314 quibusdam
1812 3275 1902 3305 arduis
1924 3274 2059 3311 Negotiis
2081 3272 2199 3310 nostris,
2215 3282 2266 3301 nos
2288 3282 2360 3301 con-
2379 3274 2429 3289 -Ἤ-
2450 3274 2491 3290 ¹0·

1299 3317 1485 3354 timentibus,
1503 3316 1572 3346 inibi
1583 3313 1778 3352 expediendis,
2185 3350 2190 3354 .
2340 3349 2345 3353 ¹
2377 3306 2407 3346 E,
2431 3311 2454 3353 3j

1339 3341 1431 3386 Vobis
1446 3353 1610 3385 mandamus
1626 3353 1704 3391 quod
1718 3352 1821 3382 eisdem
1837 3350 1961 3380 Nunciis
1986 3349 2134 3379 Ducentas
2156 3348 2253 3378 Libras
2277 3357 2361 3389 parti-
2379 3340 2491 3367 Liberat.
2507 3380 2510 3383 v

1300 3394 1442 3432 culariter‚
1461 3393 1540 3431 super
1562 3392 1694 3431 Expensis
1715 3392 1783 3427 suis,
1803 3391 1830 3419 in
1852 3389 1955 3419 Itinere
1975 3388 2149 3426 hujusmodi,
2169 3387 2362 3429 desslieiauio
2383 3389 2425 3405 ¹0·
2441 3382 2511 3414 233,-

1300 3432 1416 3470 nostro,
1436 3432 1544 3461 liberari
1557 3432 1675 3469 faciatis,
1693 3438 1778 3468 prout
1788 3429 1865 3467 juxta
1879 3427 2069 3458 Discretiones
2088 3425 2189 3455 vestras
2203 3429 2266 3454 tore
2282 3424 2361 3455 vidc-
2378 3427 2414 3445 m·
2435 3425 2464 3451 5·

1300 3473 1358 3502 ritis
1374 3470 1543 3501 faciendum.
2127 3503 2131 3507 Ι

1338 3509 1429 3540 Teste
1443 3507 1527 3546 Rege
1540 3507 1614 3546 apud
1629 3505 1733 3539 Villam
1745 3504 1781 3536 de
1796 3504 1903 3536 Sanito
1913 3502 2186 3543 Johanne,decimo
2200 3510 2301 3539 quarto
2315 3501 2362 3532 die

1297 3547 1374 3588 Julii.
2067 3581 2072 3586 .

1997 3581 2051 3608 Per
2062 3577 2143 3618 zpfimz
2155 3580 2259 3615 Regem.

1348 3714 1443 3758 Super
1462 3708 1574 3744 Literis
1594 3712 1679 3756 Regis
1696 3709 1827 3741 Francia
1844 3703 1887 3737 ad
1900 3706 2008 3750 Regem
2025 3707 2056 3736 in
2072 3706 2172 3736 Scoria
2188 3701 2317 3736 diress’z‘is.

1369 3795 1427 3826 EX
1442 3793 1688 3834 vicecomitibus,
1709 3789 1835 3828 Ballivis,
1850 3787 2006 3834 Ministris‚
2023 3788 2058 3818 &
2070 3787 2204 3818 omnibus
2220 3787 2365 3818 Fidelibus
2380 3804 2456 3834 Am·
2473 3795 2504 3833 D

1386 3835 1455 3872 suis,
1474 3833 1532 3863 tam
1552 3831 1623 3862 infra
1646 3830 1820 3867 Libertates,
1839 3837 1925 3866 quam
1939 3837 2031 3864 exrra,
2049 3825 2083 3855 ad
2097 3836 2185 3865 quos,
2203 3826 2263 3857 ὅτε.
2283 3826 2363 3857 Salu-
2404 3843 2488 3881 1335¹
2505 3826 2514 3835 ⁶

1305 3880 1441 3948 tergam,
1466 3908 1598 3940 Dilectus
1619 3906 1718 3945 nobis,
1738 3905 1906 3936 Lambertus
1928 3903 1954 3934 le
1974 3902 2067 3943 Ulynt
2086 3902 2123 3932 de
2144 3902 2250 3934 SanOto
2273 3903 2366 3934 Ome·
2382 3885 2501 3954 {iore-10.-

1305 3959 1406 4025 roQi
1420 3995 1488 4017 cum
1504 3984 1670 4023 quibusdam
1687 3983 1804 4020 Literis,
1817 3980 1970 4025 Magnifici
1986 3980 2140 4024 Prrinc-ipiS,
2155 3979 2282 4021 Domini
2298 3980 2366 4009 Phi-
2380 3961 2447 4030 {3²3
2454 3958 2516 4030 ἐξ.

1307 4026 1392 4064 lippi,
1411 4024 1499 4061 Regis
1522 4023 1648 4054 Franciae
1666 4020 1797 4059 Illustris,
1814 4020 1896 4050 nobis
1916 4019 2044 4057 directis,
2063 4019 2132 4049 infra
2154 4019 2293 4057 Regnum
2312 4026 2365 4046 no·
2381 4043 2416 4061 m·
2438 4041 2482 4068 Η,

1300 4064 1400 4098 strum
1412 4064 1471 4100 jam
1486 4063 1563 4093 venit
1571 4084 1581 4100 ,

1350 4101 1396 4132 Ad
1413 4101 1480 4131 Nos
1493 4102 1524 4131 in
1535 4100 1680 4137 Scotiam,
1697 4107 1765 4128 cum
1780 4095 1883 4128 eisdem
1900 4090 2018 4134 Literis',
2033 4095 2065 4130 sit
2079 4103 2228 4133 venturus,
2246 4101 2275 4125 ut
2288 4102 2370 4124 acce-

1312 4141 1422 4180 pimus,
1789 4173 1820 4204 T
1840 4182 1855 4211 3
2307 4168 2374 4199 Sus-
