2562 4279
145 212 226 250 204

0 285 65 315 lnn.
80 284 121 315 D.
141 287 211 316 cnm
226 282 295 321 ipsos
309 281 386 316 super
399 278 456 308 hoc
469 275 616 305 fecerimus
629 271 811 312 praemuniri,
826 269 859 299 &
877 277 931 298 nos
944 268 983 297 eis
997 274 1066 311 tunc
1080 273 1199 303 promp-

11 323 96 361 1346.
141 333 201 355 turn
220 320 374 351 [hisacium
389 327 441 354 pro
454 315 496 351 se,
515 314 617 350 Equis,
634 312 666 342 S<
683 311 779 339 Rebus
795 312 846 338 iuis
860 307 962 336 habere
976 305 1122 340 faciemus.

0 364 54 390 ido.
76 373 101 399 3.
177 359 265 391 Teste
279 355 408 388 Custode
425 354 536 390 Anglice
549 351 620 389 apud
640 348 840 389 Wyndesooe,
857 346 940 376 tertio
955 343 1001 374 die
1016 341 1153 382 Augusti.

180 433 346 466 Confinzili:
358 432 456 463 Brevia
469 429 624 467 diriguntur
635 424 745 464 singulis
759 420 987 454 vicecomitibus
1000 418 1132 458 Angliae,
1151 416 1201 447 sub

143 476 244 507 eidem
259 471 330 503 data.

187 601 236 631 De
256 594 432 629 Protefiione
446 602 502 637 pro
529 584 704 621 Annibalclo
722 584 757 617 de
775 587 923 624 Ceccano,
951 584 987 618 0²·
1006 576 1152 624 Stephano

469 636 592 672 Alberti
609 663 619 678 ,
647 630 871 668 Cardinalebas.

0 721 114 754 wll-1)
144 728 279 788 REX,
298 727 418 759 Dileffis
440 726 473 756 δε
493 721 634 753 Fidelibus
655 720 707 750 suis
723 743 732 756 ,
750 715 973 748 Constabulariis
986 737 996 752 ,
1014 710 1202 756 Marescassis,

8 763 83 802 1345
221 767 395 800 Senescallis,
415 762 588 801 Praepofitis‚
608 758 784 799 Capitaneis‚
803 755 929 792 Ballivis,
948 751 1053 797 &Ue-alus
1071 750 1123 780 suis
1139 749 1202 779 Μι-

0 806 37 828 t..
58 812 101 827 20·
143 807 249 845 nistris,
266 809 299 837 ὃς
321 805 442 835 Subditis
464 799 706 839 quibuscumque,
724 796 760 826 ad
772 803 896 834 quorum
910 799 1041 822 notitlam
1057 787 1203 828 praesentes

0 845 14 868 ῖ-
38 850 63 876 3·
144 847 249 876 Lirem:
262 845 420 883 perverint,
439 841 570 872 Salutem.
742 874 747 879 .

0 884 44 905 ω·
82 914 86 919 ,
181 884 278 923 Cum,
297 880 477 912 Venerabiles
501 877 615 914 Patres,
634 875 670 906 A.
694 872 850 915 Episcopus
870 866 1102 911 Tusculanensis,
1120 865 1154 896 &
1170 864 1201 894 S.

0 920 100 948 7³²&
141 924 231 954 Tituli
245 922 416 953 Suniiorum
428 917 565 958 Jobannis
579 917 613 946 &
635 913 729 950 Pauli,
748 911 888 955 presbiter
923 905 1103 950 Cardinales,
1118 903 1201 941 Apo-

142 962 249 993 stolicae
264 961 342 991 Sedis
354 958 468 989 Nuncii
478 979 486 994 ‚
505 954 538 984 ad
553 953 621 984 Nos
634 950 707 990 apud
719 950 875 981 Civitatem
889 932 1096 977 [exoniensem
1108 941 1202 981 perso-

0 998 121 1021 ⁷‘²³²²⁶·²0·
143 1001 239 1032 naliter
253 998 434 1034 accedentes,
452 995 534 1025 nobis
550 990 764 1030 supplicaverint
779 998 828 1032 ut,

0 1036 15 1057 3·
36 1041 60 1069 3·
83 1041 119 1058 ‘'²'‘
181 1040 262 1070 Cum
276 1038 325 1076 ipsi
338 1037 372 1067 ad
387 1035 512 1066 nostram
526 1030 700 1069 praesentiam
714 1033 862 1068 venerint,
876 1024 912 1068 de
932 1023 1007 1053 Pace
1020 1022 1054 1052 &
1067 1020 1202 1051 Concor-

7 1079 30 1099 ¹·
138 1078 184 1109 disi
200 1077 358 1114 tractaturi,
376 1076 408 1105 ὃς
424 1072 566 1112 Negotia,
584 1069 663 1107 super
677 1067 778 1106 quibus
791 1065 866 1096 missi
879 1066 941 1094 lunt
951 1072 967 1092 a
981 1060 1054 1092 Sede
1069 1057 1200 1097 Aposto-

140 1117 209 1152 lici.
228 1115 393 1153 exposituri,
685 1145 689 1150 ⁵
705 1145 710 1150 μ
745 1144 750 1149 .

176 1155 321 1186 Vellemus
333 1154 388 1189 eis,
407 1151 485 1189 super
500 1148 549 1179 suo
563 1147 597 1177 &
612 1144 804 1176 Familiarium
818 1142 934 1173 suorum
954 1139 1052 1170 securo
1076 1135 1199 1168 Condu-

140 1195 205 1231 ἂυ,
223 1193 328 1223 nostras
343 1192 448 1221 Literas
464 1185 622 1219 concedere
638 1182 783 1227 speciales,
942 1220 946 1224 ι
982 1218 987 1223 1

179 1233 261 1267 No:q
279 1230 451 1261 attendentes
464 1226 545 1264 quod
561 1222 722 1254 Reverendi
744 1220 839 1250 Patres
861 1218 989 1259 praedte'lei
1002 1223 1135 1258 magnam
1150 1213 1199 1243 ha-

137 1272 207 1302 bent
231 1270 428 1300 Devotionem
450 1275 533 1303 atque
554 1262 686 1293 Sanctam
709 1270 762 1298 pro
786 1256 967 1289 reformanda
987 1255 1062 1298 Pace
1077 1261 1198 1297 rationa-

138 1311 185 1339 bili
209 1310 348 1345 laborare,
366 1306 466 1342 vobis,
485 1306 518 1335 &
542 1299 669 1332 vestrum
692 1297 819 1337 singulis,
836 1297 878 1327 ob
894 1296 1098 1326 Reverentiam
1111 1291 1198 1334 didiae

137 1349 216 1379 Sedis
238 1345 414 1384 Apostolicae
427 1368 436 1382 .,
455 1344 487 1374 &
508 1340 694 1372 Personarum
715 1337 824 1367 suarum
843 1333 1055 1375 Venerabilium
1068 1354 1078 1369 ,
1096 1340 1199 1368 praeci-

136 1389 228 1425 pimus
243 1387 276 1417 &
292 1383 456 1415 mandamus
470 1382 596 1419 quatinus
611 1387 663 1407 nec
677 1376 738 1413 ipsis
753 1374 966 1405 Venerabilibus
980 1370 1124 1414 Patribus,
1143 1378 1197 1412 nec

133 1426 258 1464 ipsorum
274 1422 480 1458 Familiaribus,
497 1420 541 1449 seu
555 1418 690 1454 cuiquam
703 1412 945 1451 corumdem,aut
959 1410 1058 1440 Rebus
1073 1408 1124 1438 suis
1134 1417 1199 1445 qu1-

136 1465 312 1500 buscumquc
328 1460 462 1496 inferatis,
480 1458 524 1488 seu
538 1456 631 1486 inferri
648 1451 1025 1491 permittatis‚Dampnum‚
1043 1445 1104 1482 &a
1115 1452 1197 1485 prout

136 1508 167 1533 in
182 1506 204 1531 C
204 1499 362 1542 oifimilibus
375 1499 406 1527 de
419 1497 557 1527 Conduc'iu
575 1496 689 1524 Literis.
907 1529 912 1534 ·
1066 1525 1071 1530 ι

174 1541 241 1571 Dat.
261 1538 333 1576 apud
357 1537 512 1567 Civitatem
532 1530 740 1564 Lexoniensem
755 1553 766 1568 ‚
782 1530 866 1560 tertio
878 1528 932 1571 <die
953 1524 1090 1566 Augusti,
1110 1522 1197 1554 Anno

136 1579 259 1610 Domini
276 1576 447 1613 Millelimo,
461 1571 698 1609 Trecentesimo,
717 1567 941 1608 Qadragelrmo
957 1566 1054 1597 SeXto.

361 1702 408 1732 De
428 1697 531 1745 Officio
554 1695 762 1742 Mirescalct'ae
780 1691 968 1726 excercenda.

0 1793 60 1823 lnn.
74 1791 116 1821 D.
135 1788 266 1848 REX,
285 1786 405 1818 Dilee‘tis
425 1785 457 1816 ἃ
477 1782 616 1813 Fidelibus
640 1781 709 1818 (υἷε,
726 1780 856 1810 Thomae
870 1777 906 1808 de
923 1776 1110 1812 Hankeston,
1130 1775 1198 1806 Ro-

5 1831 92 1871 1346.
210 1829 291 1858 berto
306 1824 421 1862 Houel,
441 1822 601 1854 Willielmo
613 1820 650 1852 de
664 1819 802 1859 Catcsby,
824 1820 857 1849 &c
882 1815 1042 1856 Augustino
1063 1814 1198 1854 W'alcys‚

0 1875 34 1899 (11.
51 1881 97 1897 20.
136 1866 269 1897 Salutem.

0 1915 14 1937 :.
37 1918 62 1945 3.
174 1906 271 1936 Sciatis
286 1902 383 1942 quod,

176 1943 257 1975 Cum
278 1953 344 1980 nos,
364 1950 416 1981 pro
437 1938 529 1971 arduis
549 1937 706 1975 Negotiis,
723 1928 791 1966 Nos
806 1933 840 1966 &
856 1933 966 1964 Statum
981 1932 1078 1971 Regni
1091 1930 1198 1970 nostri,

137 1992 169 2012 ac
181 1983 370 2013 Salvationem
387 1979 498 2017 Jurium
520 1977 650 2008 Coronae
671 1973 793 2012 nostrae,
811 1973 1005 2012 tangentibus,
1024 1973 1053 2001 in
1075 1971 1200 2008 partibus

138 2021 340 2052 Transmarinis
349 2019 401 2058 ,de
417 2016 552 2048 consensu
566 2014 755 2046 Praelatorum
769 2022 802 2043 ac
814 2011 984 2051 Magnatum
990 2011 1089 2050 Regni
1097 2008 1199 2048 nostri,

131 2061 193 2099 jam
214 2059 334 2090 Moram
357 2058 492 2088 faciamus
505 2054 684 2085 Personalem
693 2077 703 2090 ,
719 2053 753 2083 δε
766 2051 989 2082 ordinaverimus
1001 2051 1034 2081 ὃς
1048 2049 1200 2080 fecerimus

134 2098 304 2129 Leonellum
321 2097 425 2127 Filium
440 2094 570 2125 nostrum
587 2091 760 2123 cariffimum
780 2089 943 2120 Custodem
956 2088 1087 2126 Angliae,

173 2137 211 2168 Et
225 2147 292 2175 nos,
309 2134 465 2174 plurimum
480 2132 641 2163 affectantes
657 2130 737 2169 quod
755 2129 879 2159 Feloniae
892 2129 925 2159 ὃς
938 2125 1197 2165 Transgreffiones,

131 2176 206 2208 infra
219 2176 335 2215 Virgam
351 2173 474 2211 Hospitii
489 2170 614 2211 praediffi
629 2167 766 2200 Custodis
782 2166 941 2205 (videlicet,
959 2176 1009 2204 per
1025 2165 1197 2196 Duodecim

133 2215 244 2246 Leucas
263 2215 294 2245 in
316 2213 437 2244 circuitu
457 2210 577 2249 ejusdem
599 2207 735 2246 Hospitii)
762 2214 946 2245 perpetratae,
963 2215 996 2236 ac
1014 2205 1034 2235 fi
1048 2204 1114 2244 ipsae
1126 2203 1196 2235 infra

134 2253 253 2293 Virgam
267 2251 391 2290 Hospitii
405 2249 510 2288 nostri,
527 2249 547 2279 fi
567 2258 620 2279 nos
644 2245 791 2286 praesentes
814 2245 951 2284 essemus,
969 2244 1052 2276 faetae
1066 2242 1196 2281 fuiffent,

133 2293 279 2324 audiantur
295 2292 329 2323 &
344 2290 549 2325 terminentur,

170 2330 379 2371 Affignavimus
401 2328 461 2360 Vos
477 2351 486 2364 ‚
500 2327 575 2357 Tres
588 2350 597 2363 ,
615 2326 648 2356 &
670 2324 754 2355 Duos
774 2322 904 2354 vestrum
917 2348 926 2361 ,
945 2322 980 2353 ad
1001 2320 1198 2360 Inquifitiones

135 2369 220 2408 inde,
238 2370 295 2400 una
305 2377 373 2399 cum
392 2365 560 2397 Marescallis
571 2364 694 2403 Hospitii
706 2361 833 2401 praediCti
849 2361 983 2392 Custodis
1015 2360 1197 2397 faciendum,

133 2409 168 2440 &
183 2410 218 2439 ad
234 2407 360 2439 Felonias
375 2406 408 2437 ὃ(
422 2402 662 2444 Transgreffiones
676 2402 748 2440 illas,
766 2400 847 2431 simul
861 2411 931 2431 cum
945 2384 1048 2431 eisdem
1058 2423 1067 2438 ,
1083 2399 1199 2429 audien-

133 2446 206 2477 dum
231 2448 264 2477 &
287 2443 498 2476 terminandum
513 2465 522 2481 ,
542 2440 802 2479 Perpetratoresque
824 2439 991 2470 earumdem
1014 2438 1197 2469 Feloniarum

136 2486 170 2516 &
193 2483 456 2524 Transgrcffionum
480 2480 673 2512 castioandum
695 2479 727 2510 &
748 2477 923 2516 puniendum
944 2479 973 2508 in
996 2476 1092 2507 forma
1107 2500 1117 2516 ,
1141 2476 1199 2514 qui.

135 2523 303 2554 Senescallus
318 2523 349 2553 ἃ
367 2519 526 2552 Marescaui
540 2505 662 2557 Hospitii
676 2517 765 2548 nostri
778 2517 903 2548 facerent
916 2517 935 2547 fi
958 2516 1106 2555 praesentes
1126 2515 1198 2546 esse-

142 2571 222 2591 mus·

175 2586 294 2630 Et⁷ideo
311 2599 392 2629 vobis
408 2597 572 2627 mandamus
588 2595 667 2634 quod
683 2594 822 2634 praemisia
835 2594 935 2624 omnia
946 2593 980 2624 &
1001 2593 1122 2633 fingula,
1141 2594 1198 2624 unii

137 2648 204 2669 cum
221 2637 360 2675 praedietis
377 2635 546 2666 Marescallis
556 2659 566 2672 ,
583 2634 688 2664 faciatis
702 2635 735 2664 &
749 2633 877 2670 expleatis
891 2634 920 2662 in
935 2632 1030 2663 forma
1053 2632 1196 2670 praedicia.

183 2676 382 2707 mandavimus
405 2676 482 2705 enim
502 2673 643 2711 praedietis
671 2671 839 2702 Marescallis
853 2695 863 2709 ,
894 2681 1009 2701 necnon
1032 2671 1198 2701 Vicecomi-

139 2716 228 2753 tibus,
248 2716 279 2746 ὃς
294 2714 429 2745 omnibus
445 2713 502 2742 aliis
517 2711 625 2742 Ballivis
642 2711 674 2741 &
691 2710 831 2740 fidelibus
844 2709 959 2746 nostris,
977 2710 1037 2738 tam
1060 2709 1132 2739 infra
1147 2709 1197 2739 Li-

139 2755 275 2791 bertates,
288 2753 375 2790 quum
391 2762 466 2782 extra
476 2774 485 2789 ,
499 2750 578 2788 quod
593 2749 700 2788 Vobis,
714 2749 840 2786 Tribus,
853 2748 898 2777 vel
913 2747 1036 2777 Duobus
1052 2746 1197 2786 vestrum,

139 2793 168 2821 in
191 2791 332 2829 pnemiffis
354 2790 485 2821 faciendis
507 2792 539 2820 &
561 2787 701 2825 explendis
715 2810 724 2825 ,
743 2795 854 2823 pareant
875 2787 908 2817 &
927 2784 1072 2815 intendant
1085 2809 1094 2823 ,
1113 2795 1197 2823 prout

140 2830 220 2868 Vos,
239 2831 327 2867 Tres,
345 2829 390 2859 vel
405 2828 476 2859 Duo
491 2826 619 2858 vestium
635 2827 690 2864 eis,
709 2826 755 2856 vel
769 2826 851 2856 alicui
866 2834 985 2862 eorum,
1003 2824 1070 2854 scire
1093 2823 1197 2855 faciatis

140 2878 174 2899 ex
187 2878 263 2905 parte
278 2867 384 2898 nostri.

179 2907 212 2937 In
233 2907 325 2944 cujus,
342 2907 402 2936 Sec.
423 2905 508 2943 usque
527 2904 563 2934 ad
583 2904 703 2943 primam
722 2902 740 2921 θ’
761 2902 950 2932 Dominicam
969 2900 1199 2939 Qadragefimae

142 2947 276 2985 proximo
291 2945 414 2975 futuram
428 2944 585 2980 duraturas,
601 2942 650 2971 nili
666 2942 779 2971 interim
792 2942 821 2970 in
838 2940 970 2980 Angliam
985 2939 1138 2969 redeamus.

180 2983 270 3034 Teste
291 2982 421 3014 Custode
442 2982 580 3020 praedie'to
595 2980 669 3018 apud
681 2979 875 3018 wyndesore,
893 2978 1068 3009 duodecimo
1081 2978 1127 3009 die
1140 2978 1201 3010 Au-

143 3026 223 3064 gum.

0 1953 43 1975 het.
63 1956 110 1975 20.

0 1991 120 2023 .'.3.p.2.

0 2034 19 2054 ν.
34 2024 95 2053 6.d.

0 2928 11 2944 ⁸
22 2930 124 2964 V.524.

870 3058 922 3085 Per
943 3054 1096 3085 Concilium.

146 3139 234 3200 ET
255 3137 423 3167 Mandatum
437 3135 478 3167 est
493 3134 660 3166 Marescailis
675 3132 797 3170 Hospitii
814 3132 943 3169 praedisti
960 3132 1201 3172 Custodi;;‚quod

225 3177 369 3214 prefatos,
384 3176 551 3211 Thomam,
569 3173 733 3203 Robertum
751 3194 760 3209 ,
777 3171 970 3202 Willielmum
987 3194 997 3208 ,
1015 3172 1048 3202 ὃς
1070 3171 1203 3209 Augusti-

146 3225 231 3252 num,
249 3216 339 3253 Tres,
357 3214 402 3244 vel
425 3213 508 3243 Duos
530 3221 648 3248 eorum,
666 3211 700 3240 ad
723 3211 863 3248 praemiffa
881 3211 979 3240 omnia
991 3210 1025 3240 ὃς
1042 3209 1148 3248 singula
1162 3210 1203 3240 fa-

147 3253 281 3285 ciendum
297 3254 328 3283 &
344 3251 532 3290 explendum,
546 3251 576 3280 in
589 3250 689 3280 Socios
703 3251 859 3279 admittant.

182 3291 274 3323 Teste
286 3299 316 3322 ut
329 3290 415 3329 supra.

869 3327 924 3355 Per
943 3324 1095 3355 Concilium.

151 3407 239 3469 ET
258 3406 426 3438 Mandatum
440 3406 481 3436 est
496 3404 738 3441 Vicecomidbus,
757 3403 791 3433 δε
811 3402 946 3433 omnibus
966 3402 1023 3432 aliis
1040 3401 1151 3432 Ballivis
1171 3401 1205 3432 &

231 3446 374 3477 Fidelibus
397 3445 484 3483 Regis
500 3467 509 3482 ,
526 3444 585 3474 tam
608 3444 679 3473 infra
699 3442 853 3472 Libertates
868 3464 877 3480 ,
895 3442 982 3478 quam
1006 3449 1081 3470 erttra
1097 3463 1106 3475 .,
1125 3439 1205 3477 quod

150 3484 271 3524 eisdem,
288 3485 434 3521 Thomae,
454 3483 586 3513 Roberto
601 3506 611 3519 ,
629 3480 791 3511 Willielmo
803 3502 813 3516 ,
832 3481 865 3510 δε
886 3478 1063 3518 Augustino,
1079 3478 1204 3516 Tribus,

151 3522 197 3553 vel
211 3523 334 3553 Duobus
346 3531 465 3560 eorum,
482 3522 510 3551 in
526 3519 670 3559 praemiffis
684 3518 817 3550 faciendis
834 3519 867 3548 ὃς
887 3517 1074 3555 exequendis,
1092 3516 1206 3547 Consu-

151 3561 255 3599 lentes,
275 3561 461 3597 Auxiliantes,
479 3560 531 3589 sint
546 3561 578 3590 &
594 3557 792 3593 intendentes,
811 3557 941 3593 quotiens
964 3554 1035 3594 Ipsi,
1052 3555 1144 3594 Tres,
1161 3555 1207 3587 vel

154 3598 225 3628 Duo
237 3609 337 3630 eorum
350 3600 388 3629 eis
403 3598 472 3628 scire
482 3598 583 3628 facient
596 3606 630 3627 ex
644 3605 719 3634 parte
733 3595 829 3635 Regis.

190 3636 279 3668 Teste
294 3647 325 3668 ut
338 3637 423 3675 supra·
877 3673 931 3701 Per
949 3669 1094 3700 Concilium

196 3813 246 3845 De
260 3813 369 3853 Scotis,
392 3812 541 3858 Angliam
559 3822 621 3844 tota
638 3814 844 3845 Armatorum
856 3814 985 3857 potentia
1002 3809 1175 3854 invafhris,

503 3861 625 3892 virilius
650 3858 855 3905 oppugnandis.

12 3856 144 3888 Ann.D.

33 3897 118 3935 1346.

12 3939 130 3998 {12sz
164 3941 297 4000 REX,
315 3940 418 3986 dilecto
431 3944 464 3986 βε
479 3943 566 3973 Fideli
579 3943 628 3973 suo
635 3948 649 3980 ,¹
659 3943 809 3974 Nicholao
821 3942 856 3972 de
868 3942 1036 3980 Cantilupo,
1056 3942 1190 3973 Salutem.

29 3994 44 4018 q·
67 3992 91 4008 a·
268 3981 345 4019 Quia
362 3979 459 4017 Scotr,
492 3981 604 4011 Inimici
622 3982 732 4019 nostri,
766 3981 909 4011 Marchias
924 3981 1024 4018 Regni
1041 3980 1130 4011 nostri
1149 3982 1212 4011 An-

15 4016 81 4037 scot.
102 4020 145 4040 20·
161 4020 225 4062 gliae
242 4020 300 4057 jam
323 4019 450 4054 noviter,
468 4020 548 4048 nobis
568 4020 597 4048 in
616 4020 737 4056 partibus
757 4019 979 4057 Transmarinis,
994 4020 1073 4056 super
1088 4018 1212 4056 Expedi-

15 4052 46 4090 Γῇ·
67 4058 90 4085 3·
110 4059 146 4079 ⁷⁷¹·
161 4067 239 4086 tione
256 4056 374 4087 Guermz
393 4056 498 4085 nostrae
519 4056 661 4095 Franciae,
679 4057 874 4095 existentibm,
889 4057 1014 4095 ingressi,
1032 4057 1212 4094 Homicidia,

15 4090 42 4113 ⁶⁴·
162 4095 395 4134 Depraedationes
408 4118 418 4133 ,
437 4093 589 4132 Incendia,
608 4096 641 4125 &
661 4096 711 4126 alia
732 4095 866 4126 Facinora
885 4096 1092 4134 quamplurima
1112 4104 1211 4133 perpe-

603 176 1404 228 CONVENTIONES,

1459 172 1852 218 LITERAE‚

1242 269 1362 300 trantes,
1380 261 1415 292 ad
1429 260 1553 291 Terram
1567 259 1673 290 Scotize
1687 258 1749 288 sunt
1763 255 1865 287 reversi
1874 278 1884 295 ,
1901 255 1934 287 &
1946 262 2038 286 totam
2052 254 2241 288 Armatorum
2249 254 2310 287 Po-
2325 253 2401 285 Ann.
2416 255 2459 290 D.

1241 302 1471 338 tentiam,quam
1487 298 1705 336 poterunt,tam
1720 298 1749 326 in
1762 294 1971 332 Infulis‚quam
1985 295 2015 324 in
2030 294 2088 324 aliis
2100 294 2223 332 partibus
2236 294 2310 325 Sco·
2345 295 2430 334 1346.

1242 339 1309 377 tiae,
1328 340 1464 378 colligere
1484 339 1517 369 &
1537 336 1657 367 adunare
1675 336 1820 372 nituntur,
1839 333 1874 364 ad
1891 332 2003 363 dietum
2024 331 2164 369 Regnum
2177 331 2309 364 nostrum
2326 333 2390 362 Edv.
2412 344 2438 370 3.

1242 378 1344 408 iterato
1366 376 1557 408 invadendum
1566 375 1627 413 ,'&
1648 373 1720 404 mala
1740 372 1899 402 consimilia
1912 395 1922 410 ,
1942 371 1988 402 vel
2007 372 2129 410 maj0ra‚
2145 379 2310 410 perpetran-

1241 415 1312 447 dum
1321 439 1331 453 ,
1348 416 1399 445 nisi
1413 425 1514 446 eorum
1530 413 1649 444 Malitiae
1661 411 1768 442 virilius
1782 411 1934 448 obvietur,

1280 453 1349 484 Nos
1363 453 1551 485 Advertentes
1566 451 1647 490 quod
1660 461 1712 481 vos
1722 473 1732 488 ,
1749 451 1783 481 δε
1796 458 1898 479 omnes
1910 449 1956 478 alii
1970 447 2006 478 de
2022 447 2102 479 dieto
2115 447 2222 488 Regno
2231 470 2243 487 ,
2254 459 2308 488 pro

1241 492 1402 524 Salvatione
1416 493 1450 523 ὃς
1465 491 1640 522 Defenfione
1654 489 1776 528 ejusdem
1792 488 1906 527 Regni,
1925 487 1959 518 &
1974 486 2130 527 Ligoentiae
2144 486 2245 519 vestrae
2258 488 2308 519 de-

1242 531 1322 569 bito,
1338 539 1481 570 exponere
1492 530 1631 559 tenemini
1643 538 1696 558 vos
1708 528 1741 559 &
1760 525 1869 565 vestra,

1280 569 1390 607 Vobis,
1406 568 1457 599 sub
1470 566 1659 598 Forisfiretura
1671 567 1803 597 omnium
1816 575 1883 603 quae
1896 564 1980 595 nobis
1993 563 2155 596 forisfacere
2173 566 2312 604 poteritis,

1242 607 1423 645 mandamus,
1441 606 1595 637 distrifflus
1607 605 1783 644 injungentes
1816 602 1897 642 quod
1905 626 1915 641 ‚

1281 645 1472 676 Consideratis
1484 643 1619 674 Periculis
1631 644 1660 672 in
1676 643 1775 681 quibus
1787 627 1858 673 Nos
1872 642 1906 673 ὃς
1919 640 2029 672 Fideles
2051 640 2157 680 nostri,
2175 643 2258 673 nobis
2277 644 2307 674 in

1241 685 1365 723 partibus
1377 682 1583 715 Transmarinis
1594 680 1819 719 affistentes‚pro
1833 680 1993 712 Salvatione
2006 681 2041 712 &
2056 679 2232 712 Defenfione
2238 681 2309 713 dicti

1242 724 1356 763 Regni,
1371 723 1431 762 jam
1452 722 1546 753 sumus
1567 719 1719 758 implicati,
1737 729 1771 750 ac
1794 719 1935 758 Dampnis
1947 720 1981 751 ὃς
1996 717 2149 757 Periculis,
2169 729 2235 757 quae
2254 730 2309 751 no-

1243 762 1285 792 bis
1307 762 1341 793 &
1364 762 1417 792 toti
1438 760 1546 800 Regno
1567 758 1666 789 nostro
1682 758 1814 796 Angliae,
1831 767 1867 788 ex
1878 757 2040 796 hujusmodi
2053 757 2194 788 Hostium
2204 756 2309 790 Incur-

1243 800 1336 838 fibus,
1354 802 1385 831 in
1399 799 1496 830 nostra
1507 797 1647 836 absentia,
1663 797 1702 828 sic
1718 804 1894 834 evenerunt,
1911 797 1945 828 &
1959 797 2073 829 evenire
2089 804 2240 836 poterunt,
2257 797 2308 828 nist

1243 838 1354 870 Malitia
1367 838 1528 877 hujusmodi
1545 835 1686 867 Hostium
1699 845 1748 873 per
1763 834 1844 873 Vos,
1863 834 1897 865 δε
1911 834 1979 865 alios
2001 835 2110 866 Fideles
2131 835 2262 875 nostros,
2279 838 2311 866 in

1243 877 1350 913 Anglii
1367 877 1513 908 existentes
1521 900 1530 914 ,
1549 875 1729 912 refraenetur,

1279 915 1358 947 Cum
1375 915 1572 955 Qadraginta
1584 913 1764 944 Hominibus
1777 911 1812 942 ad
1827 910 1974 950 Arma‚&
1990 921 2059 942 cum
2075 914 2311 952 competentinu-

1242 964 1326 986 mero
1346 955 1560 991 Sagittariorum
1577 975 1587 991 ,
1607 953 1684 990 quta
1703 950 1924 982 ordinationem
1938 973 1949 988 ,
1967 949 2150 982 Dilectorum
2171 953 2204 983 ὃς
2224 952 2309 983 Fide-

1240 993 1315 1025 lium
1330 990 1695 1030 nostrorum,Venerabilis
1708 989 1811 1027 Patris,
1829 988 1983 1019 Willielmi
1998 989 2213 1029 Archicpiscopi
2226 990 2308 1021 Ebo-

1241 1043 1323 1072 rum,
1344 1033 1462 1071 Angliae
1483 1031 1632 1068 Primatis,
1649 1028 1772 1060 Hernici
1791 1028 1828 1058 de
1849 1027 1958 1066 Percy,
1975 1028 2010 1058 ὃς
2030 1027 2176 1066 Radulphi
2188 1029 2224 1060 de
2238 1029 2307 1060 Ne-

1241 1071 1292 1102 vill
1315 1072 1401 1109 (quos
1422 1071 1458 1102 ad
1479 1069 1654 1101 arraiandum
1674 1077 1776 1099 omnes
1793 1067 1938 1097 Homines
1959 1065 2139 1097 defensabiles
2153 1077 2207 1105 pro
2228 1067 2306 1100 dieta

1241 1109 1355 1141 Guerra
1375 1110 1485 1141 Scotiae
1503 1107 1723 1146 affignavimus)
1747 1105 1816 1136 inde
1832 1105 1952 1142 factam,
1971 1115 2024 1135 vos
2038 1106 2156 1144 paretis,
2175 1106 2210 1136 ita
2245 1109 2307 1140 uod

1239 1150 1367 1187 prompti
1391 1149 1445 1179 fitis
1467 1148 1500 1179 &
1521 1148 1608 1185 parati
1631 1145 1665 1176 ad
1708 1142 1927 1176 roficiscendum
1946 1153 2016 1174 cum
2035 1143 2141 1174 eisdem
2163 1143 2234 1175 Fide
2245 1146 2307 1177 ibus

1239 1187 1340 1218 nostris
1355 1212 1365 1226 ,
1391 1195 1491 1218 contra
1511 1186 1604 1217 dictos
1627 1184 1681 1215 Ho
1707 1194 1735 1215 es
1757 1183 1870 1214 nostros
1883 1205 1894 1222 ‚
1923 1183 2056 1221 quotiem
2078 1182 2236 1221 periculum
2258 1183 2308 1214 ali-

1239 1226 1337 1264 quod,
1355 1235 1390 1257 ex
1403 1226 1547 1256 dieiorum
1561 1223 1701 1255 Hostium
1718 1221 1917 1262 Aggreffibus,
1936 1222 2068 1260 imineat,
2085 1222 2120 1253 &
2142 1231 2192 1260 per
2217 1222 2308 1262 ipsos,

1239 1264 1512 1305 Archiepiscopum‚
1530 1263 1712 1301 Henricum,
1730 1262 1764 1294 &
1779 1260 2038 1298 Radulphum,vel
2050 1269 2153 1291 eorum
2167 1261 2306 1300 aliquem,

1237 1303 1316 1341 super
1333 1305 1390 1335 hoc
1406 1313 1440 1334 ex
1455 1312 1533 1342 parte
1546 1301 1642 1334 nostri.
1656 1301 1760 1334 fueritis
1773 1300 1953 1338 praetnuniti,
1968 1308 2150 1338 quacumque
2162 1299 2307 1331 Libertate

1239 1342 1285 1373 seu
1307 1339 1392 1373 Privil
1412 1344 1476 1379 vio,
1495 1342 1578 1372 vobis
1596 1350 1647 1378 per
1665 1350 1718 1371 nos
1741 1337 1877 1370 concessa
1890 1361 1901 1377 ,
1918 1347 1979 1368 non
2000 1336 2158 1376 obstante,
2175 1338 2209 1369 δε
2231 1338 2307 1378 hoc,

1237 1382 1288 1412 sub
1303 1352 1482 1412 forisfakura
1496 1378 1650 1418 praedicta,
1670 1378 1986 1420 nullatenus-omittatis.

1276 1420 1365 1451 Teste
1380 1419 1537 1457 Leonello,
1556 1418 1630 1448 Filio
1644 1417 1734 1448 Reois
1748 1417 1912 1455 minimo,
1929 1413 2062 1447 Custode
2087 1414 2214 1455 Angliae,
2231 1414 2308 1454 apud

1238 1458 1367 1489 Wcstm.
1385 1458 1522 1490 vicesimo
1536 1457 1581 1488 die
1595 1443 1726 1497 Augusti.

1663 1535 1717 1564 Per
1735 1532 1818 1574 ipfiam
1837 1532 1973 1573 Custodem
1987 1529 2026 1568 ὀ·
2042 1531 2198 1562 Concilium.

1459 1666 1509 1697 De
1525 1661 1661 1696 Malitia
1671 1658 1881 1707 praedifz‘orum
1897 1657 2096 1705 refraenanda.

1241 1748 1356 1805 REX
1378 1748 1503 1794 Maipri,
1518 1746 1646 1793 eamve,
1664 1747 1698 1778 ες
1711 1745 1814 1776 Probis
1829 1745 2023 1784 Hominibus,
2040 1754 2074 1777 ac
2086 1744 2141 1776 toti
2156 1743 2306 1776 eommu—
2325 1715 2462 1796 AJQP·

1315 1797 1392 1818 nitan
1407 1788 1537 1818 C1vitat1s
1549 1787 1603 1818 sune
1615 1785 1768 1826 Eborurn,
1787 1784 1920 1816 Salutem.
2327 1800 2370 1824 An
2398 1807 2432 1824 ΖΟ

1279 1827 1357 1866 Qia
1370 1826 1468 1871 Scoti,
1486 1825 1547 1860 &c.
1560 1825 1682 1864 utsupra
1695 1824 1775 1864 usque
1788 1823 1826 1854 ibi
1841 1824 2022 1862 refraenetur,
2039 1819 2079 1858 ῤ’
2093 1828 2157 1852 tunc
2164 1820 2221 1862 sac,
2241 1820 2307 1853 Du·
2328 1839 2359 1863 E.
2373 1819 2408 1873 ⁸3·
2437 1818 2444 1826 “

1240 1873 1339 1896 centos
1354 1865 1498 1896 Homines
1511 1864 1662 1902 Armatos,
2329 1874 2434 1903 Ibidem.

1277 1905 1296 1923 *
1316 1903 1362 1934 Ad
1387 1914 1459 1942 quos
1481 1913 1547 1942 per,
1565 1902 1697 1933 Dilectos
1717 1901 1751 1932 &
1769 1900 1879 1932 Fideles
1892 1900 2004 1932 nostros
2038 1898 2242 1931 Venerabilem
2256 1898 2347 1944 Pa„
2358 1916 2466 1949 V-525.

1240 1923 2311 2016 utici&flrssmrscfficeerffarffibrsssin{esurire

1241 2019 1312 2051 dum
1327 2030 1430 2051 omnes
1441 1990 1779 2051 Homings'defensabiles
1794 2017 1865 2049 ultra
1878 2017 2022 2048 Trentam
2069 2025 2090 2047 o
2105 2015 2183 2047 dicta
2198 2013 2314 2048 Guerrfi

1241 2059 1347 2091 Scotiae
1362 2058 1570 2099 affignavimus)
1588 2055 1689 2089 Asseffi
1704 2055 1787 2094 estis,

1275 2098 1360 2137 Juxta
1383 2097 1609 2129 Ordinationem
1631 2095 1698 2126 inde
1712 2105 1762 2134 per
1777 2093 1850 2134 ipsos
1866 2094 1976 2126 Fideles
1991 2093 2106 2125 nostros
2120 2092 2224 2125 factam
2234 2116 2244 2132 ,
2259 2093 2312 2124 be-

1240 2138 1278 2167 ne
1301 2139 1334 2169 δε
1354 2136 1525 2168 sufficienter
1543 2136 1631 2175 parari
1647 2159 1657 2174 ,
1681 2135 1789 2164 arraiari
1804 2158 1815 2172 ,
1837 2134 1870 2165 &
1889 2134 1993 2165 muniri
2010 2133 2138 2171 faciatis,
2171 2133 2208 2163 ita
2230 2132 2312 2170 quod

1240 2177 1368 2220 prompti
1389 2176 1442 2207 fint
1462 2177 1497 2207 &
1517 2176 1604 2215 parati
1623 2175 1658 2204 ad
1679 2172 1918 2212 proficiscendum
1940 2182 2008 2204 cum
2029 2171 2151 2211 praefatis
2163 2195 2173 2211 ,
2192 2170 2313 2202 Archie-
2365 2195 2367 2197 .

1239 2215 1358 2253 piscopo
1372 2238 1382 2254 ,
1400 2214 1532 2246 Henrico
1547 2239 1558 2253 ‚
1575 2214 1609 2246 δε
1631 2211 1788 2250 Radulpho
1803 2236 1814 2250 ,
1832 2212 1867 2243 &
1887 2221 1990 2243 eorum
2012 2211 2140 2250 quolibet
2155 2233 2165 2249 ‚
2180 2211 2312 2248 quotiens

1239 2254 1399 2293 periculum
1420 2253 1551 2292 aliquod,
1568 2262 1604 2283 ex
1625 2251 1770 2282 dictorum
1790 2249 1930 2281 Hostium
1952 2248 2134 2290 Aggreffibus
2148 2273 2158 2287 ,
2175 2249 2313 2288 iminoet,

1239 2293 1274 2324 ὅ(
1289 2303 1339 2331 per
1361 2292 1470 2332 dictos,
1489 2290 1765 2330 Archiepiscopum‚
1782 2288 1964 2328 Henricum,
1985 2291 2019 2322 &
2039 2287 2245 2326 Radulphum,
2263 2287 2311 2320 seu

1239 2341 1342 2362 eorum
1355 2332 1494 2370 aliquem,
1513 2331 1592 2371 super
1605 2330 1664 2361 hoc
1680 2329 1786 2361 fueritis
1801 2329 1980 2367 praemuniti,
2001 2327 2041 2360 Et
2054 2327 2131 2367 hoc,
2148 2325 2200 2357 sub
2214 2326 2312 2365 Foris-⁷

1239 2370 1349 2401 factura
1363 2370 1518 2409 praediostfi,
1533 2370 1688 2400 nullatcnus
1702 2367 1850 2398 omittatis.
2345 2398 2349 2400 .

1241 2408 1366 2478 ATessite
1387 2408 1518 2441 Custode
1537 2407 1676 2448 praedicto
1689 2405 1765 2445 apud
1779 2404 2089 2445 Westmonasterium,
2104 2403 2243 2438 vicesimo
2263 2402 2312 2439 die

1271 2457 1326 2487 ugu
1353 2458 1371 2478 i.

1667 2525 1720 2554 Per
1739 2522 1821 2564 ipsum
1837 2504 1974 2564 Custodem
1988 2520 2028 2558 (ᾤ’
2051 2520 2205 2552 Concilium.

1239 2651 1288 2682 De
1305 2646 1526 2692 Constabnlario
1544 2652 1582 2687 (ῤ’
1599 2647 1788 2693 Marefiallo
1804 2646 1968 2678 Exercitus
1979 2668 1990 2683 ,
2014 2640 2119 2686 verfits
2147 2643 2258 2687 Regem
2277 2641 2311 2672 in

1451 2697 1540 2731 Flota
1556 2698 1701 2730 Navium
1713 2693 1881 2741 profec‘luri
1890 2716 1900 2732 ‚
1927 2687 2101 2732 constitutis.

1238 2780 1376 2850 REX
1394 2779 1546 2811 Univerfis
1563 2779 1597 2810 &
1615 2776 1728 2818 singulis
1748 2775 1907 2806 Admirallis
1920 2798 1930 2814 ,
1956 2775 1990 2805 &
2010 2784 2115 2805 eorum
2136 2774 2219 2805 Loca
2241 2773 2307 2806 Te·
2327 2777 2457 2810 Ann,D,

1323 2820 1471 2857 nentibus,
1490 2817 1667 2848 Hominibus
1682 2815 1717 2846 ad
1731 2814 1820 2845 Arma
1853 2813 2033 2850 Hobelariis‚
2051 2813 2220 2853 SagittariiS,
2239 2812 2307 2844 Do-
2348 2820 2434 2858 1346,

1240 2859 1338 2895 minis,
1356 2857 1521 2895 Magistris,
1538 2854 1764 2887 Constabulariis
1778 2854 1812 2884 &
1827 2838 1988 2897 Marinariis
1995 2851 2145 2891 Navium,
2163 2852 2198 2882 &
2210 2854 2307 2883 omni·
2325 2860 2377 2885 An.
2393 2868 2441 2888 20.

1239 2898 1292 2927 bus
1305 2897 1378 2934 aliis,
1396 2897 1425 2925 in
1440 2896 1565 2934 praesenti
1582 2894 1664 2925 Flora
1678 2891 1775 2923 nostra
1787 2891 1940 2930 Navium,
1957 2890 2050 2923 versus
2062 2889 2150 2929 Nos,
2168 2890 2203 2921 ad
2216 2900 2306 2930 partes
2323 2899 2356 2923 ε.
2376 2905 2402 2933 3.

1240 2935 1449 2966 Transmarinas
1483 2933 1646 2970 rofecturis,
1661 2932 1796 2964 Salutem.
2320 2938 2463 2966 Franmo:

1277 2973 1375 3004 Sciatis
1387 2976 1447 3012 quo
1482 2972 1566 3011 Nos,
2326 2977 2356 3001 Ε.
2373 2983 2398 3010 3.
2412 2980 2438 3011 p.

1281 3013 1331 3043 De
1352 3012 1495 3043 Fidelitate
1516 3012 1550 3043 &
1571 3008 1837 3048 Circumspeffione
1856 3005 1995 3046 provida,
2013 3006 2198 3038 Dilestorum
2210 3007 2245 3039 &
2261 3007 2309 3039 Fi-
2331 3021 2456 3049 2.m.19.

1242 3051 1349 3120 dleliurn
1363 3050 1526 3120 nostffirum
1536 3074 1545 3089 ,
1561 3049 1713 3080 Willielrni
1727 3047 1854 3086 Fraunk,
1873 3047 1906 3078 &
1920 3045 2051 3078 Thomae
2064 3046 2100 3076 de
2118 3045 2308 3087 Haukeston,

1243 3101 1262 3128 p
1275 3100 1353 3120 emus
1368 3099 1424 3119 COD
1466 3098 1559 3126 entes,

1293 3128 1504 3159 Constituit-nus
1526 3127 1615 3166 ipsum
1636 3125 1831 3156 Willielmum
1853 3122 2102 3154 Constabularium
2116 3146 2126 3161 ,
2156 3123 2191 3154 &
2209 3123 2310 3162 praefa-

1245 3176 1309 3198 turn
1323 3167 1476 3197 Thomam
1490 3164 1708 3204 Marescallutn,
1727 3165 1812 3195 totius
1827 3161 1976 3193 Exercitus
1997 3160 2104 3200 nostri,
2119 3162 2150 3192 in
2172 3162 2308 3201 praedicta

1245 3205 1328 3237 Flotzi.
1341 3205 1377 3236 ad
1392 3205 1478 3244 Nos,
1499 3213 1530 3236 ut
1544 3204 1739 3243 praemittitur,
1756 3201 1933 3240 profedhri,

1282 3245 1390 3275 Dantes
1409 3244 1512 3274 eisdem
1526 3267 1536 3282 ‚
1561 3242 1724 3273 Willielmo
1741 3241 1776 3272 &
1793 3240 1923 3270 Thomae
1935 3263 1946 3276 ‚
1963 3238 2076 3277 plenam
2092 3262 2103 3278 ‚
2121 3246 2222 3270 tenore
2236 3249 2310 3278 prae-

1245 3283 1366 3314 sentium
1378 3307 1388 3321 ,
1419 3282 1592 3314 potestatem
1617 3279 1773 3317 castigandi
1789 3279 1824 3310 δε
1841 3277 1977 3316 puniendi
1994 3287 2096 3309 omnes
2113 3277 2147 3308 &
2164 3277 2287 3318 fingulos
2299 3303 2310 3319 ‚

1245 3323 1282 3352 de
1298 3321 1379 3352 Flotit
1396 3321 1547 3359 praedicta,
1565 3329 1639 3358 quos
1657 3317 1875 3355 Inobedientes,
1891 3316 2073 3355 Contrarios‚
2093 3315 2312 3357 Delinquentes,

1246 3361 1292 3391 seu
1308 3360 1443 3391 Rebelles
1454 3360 1604 3398 contigerit
1618 3357 1756 3394 inveniri,
1775 3357 1880 3387 eodem
1894 3356 1985 3386 modo
1996 3365 2056 3394 quo
2077 3354 2311 3387 Constabularius

1247 3400 1280 3430 ὅ(
1297 3398 1476 3467 Mafescallus
1489 3394 1656 3429 Excercitiis
1671 3394 1762 3426 nostri
1775 3396 1806 3426 in
1819 3393 1963 3434 praesentia
1977 3393 2075 3425 nostra
2087 3393 2222 3425 haetenus
2235 3394 2312 3432 faces

1246 3448 1276 3467 re
1291 3447 1348 3468 con
1361 3445 1511 3468 ueverunt·

1285 3476 1322 3507 Et
1341 3475 1408 3506 ideo
1427 3461 1528 3514 vobis’‚
1545 3475 1580 3507 &
1600 3474 1717 3506 cuilibet
1727 3471 1873 3511 vestrum,
1890 3471 2007 3503 firmiter
2021 3470 2214 3512 injungendo,
2230 3474 2314 3502 man-5

1248 3514 1346 3545 damus
1360 3514 1443 3552 quod
1456 3514 1578 3553 eisdem,
1594 3513 1758 3544 Willielmo
1771 3512 1805 3542 &
1820 3511 1967 3549 Thomae,
1984 3511 2016 3541 in
2038 3508 2183 3548 praemiffis
2203 3508 2312 3541 facien-

1248 3553 1291 3583 dis
1302 3578 1312 3591 ,
1330 3552 1511 3584 excercendis
1524 3577 1534 3591 ,
1552 3551 1695 3592 explendis
1708 3575 1718 3589 ,
1736 3551 1769 3582 &
1790 3549 1959 3588 exequendis
1970 3571 1981 3587 ,
1998 3548 2180 3580 Intendentes
2199 3548 2254 3579 fitis
2275 3549 2312 3579 &

1248 3592 1441 3630 Obedientes,
1459 3593 1588 3630 quotiens
1603 3592 1636 3622 ὃ(
1651 3597 1736 3628 prout
1748 3588 1849 3626 iidem,
1866 3588 2039 3618 Willielmus
2051 3588 2085 3618 &
2108 3587 2257 3625 Thomas,
2274 3587 2311 3619 &

1249 3640 1349 3661 eorum
1363 3630 1449 3669 alter,
1467 3631 1564 3668 vobis,
1581 3630 1615 3660 &
1629 3627 1758 3660 vestrum
1772 3627 1904 3665 cuilibet,
1923 3627 1992 3657 scire
2010 3625 2151 3664 fecerint,
2167 3625 2214 3658 vel
2234 3625 2312 3661 fecer

1250 3670 1305 3736 ritl,
1323 3669 1356 3699 &
1370 3669 1504 3712 badi-enus
1519 3670 1550 3699 in
1561 3668 1625 3699 casu
1639 3666 1780 3699 consimili
1792 3666 1852 3696 heri
1865 3664 2020 3697 consuevit.

1251 3708 1530 3815 ωέἓῗὶιέἶόυῇζῗέε
1552 3744 1666 3784 Angliae
1684 3743 1759 3783 apud
1780 3741 2069 3774 westmonasterium
2075 3763 2086 3780 ,
2102 3740 2239 3774 vicesimo
2252 3740 2310 3779 pri-¹

1284 3794 1304 3815 o
1342 3794 1369 3814 ie
1416 3794 1476 3821 ugu
1513 3806 1520 3814 .

1374 3862 1426 3891 Per
1445 3861 1525 3900 ipfimz
1542 3863 1656 3899 Regem,
1673 3871 1705 3891 ac
1721 3859 1823 3891 diam
1841 3858 1978 3899 Custodem
1996 3857 2035 3894 όν
2053 3853 2202 3888 Caruilium.

2232 4127 2317 4164 super

2511 327 2515 344 l
