2562 4279
37 202 120 234 Ann.
133 202 175 234 D.
187 203 258 233 lium
275 202 308 234 &
318 199 459 240 expeditio

65 243 147 281 1338.

36 282 105 309 zdv.
126 290 153 319 3.

22 1750 89 1782 ὒν.
111 1761 153 1788 ¹4-

19 2589 99 2621 ⁴Ann.
113 2587 154 2619 D.

47 2628 132 2668 1338.

20 2671 73 2697 An.
93 2677 135 2694 12.

17 2715 146 2774 Abit-tan.

22 2791 66 2811 12.
85 2787 116 2810 E.
127 2791 152 2819 3.

18 2828 44 2858 p.
68 2830 90 2849 ι.

17 2869 55 2889 n.
76 2868 121 2897 ²3·

32 3672 109 3704 Ann.
126 3669 166 3701 D.

58 3709 143 3749 1338.

33 3753 87 3777 An.
109 3758 150 3775 ιι.

33 3791 56 3815 Ε
86 3796 98 3823 3

664 100 1241 151 CONVENTIO

473 196 652 238 negotiorum
666 194 830 225 nostrorum
844 192 1050 231 praedictorum
1060 196 1192 229 poterunt
1203 188 1253 220 ali-

186 242 300 281 qualiter
314 239 462 278 impediri,
481 237 514 267 &
529 246 577 266 eos
593 233 716 264 Prisonis
728 231 830 262 nostris
841 231 1027 269 comittendi,
1042 231 1071 260 in
1084 229 1188 260 eisdem
1201 227 1251 258 de·

186 280 293 311 tinendi
307 278 448 318 quousque
459 274 533 306 aliud
548 273 584 303 de
597 271 698 302 eisdem
711 271 871 301 duxerimus
883 269 1124 301 demandandum.

225 317 424 348 Mandavimus
441 315 517 344 enim
537 311 648 350 singulis
668 309 896 340 Vicecomitibus
915 308 1115 339 Comitatuum
1134 315 1250 349 eorum-

182 356 250 387 dem
288 354 366 393 quod
388 363 441 391 pro
463 351 569 387 Bladis,
588 348 768 385 vietualibus,
785 347 898 387 Doliis,
916 350 950 379 ὅ(
969 347 1029 378 aliis
1043 345 1144 377 Rebus
1156 344 1250 382 huius-

186 379 282 432 modi’,
300 403 363 431 quae
380 389 453 422 infra
474 390 588 421 Ballivas
608 387 665 418 suas
686 386 904 424 particulariter,
929 387 959 416 in
978 385 1074 416 forma
1095 382 1248 428 praedi&5·‚

184 443 235 471 per
255 442 322 470 vos,
342 431 375 461 &
395 428 570 467 deputandos
590 435 606 456 a
628 426 727 463 vobis,
744 425 801 456 erni
821 425 855 456 &
870 423 1014 464 provideri
1029 430 1180 465 contigerit
1213 430 1247 451 ac

185 481 238 511 pro
258 469 390 507 Cariagiis
410 468 444 498 ὃς
462 466 612 497 Βυᾶἰοῃε
624 463 812 502 eorumdem,
829 473 944 494 necnon
956 472 1010 503 pro
1023 462 1166 493 locatione
1213 470 1248 489 o-

182 518 297 540 morum
305 531 314 546 ,
328 517 381 545 pro
397 505 572 536 victualibus
584 504 618 534 δε
631 503 688 535 aliis
700 502 800 533 Rebus
811 502 968 540 praediffis,
982 510 1052 532 cum
1067 499 1174 539 provisa
1186 499 1247 542 fue-

182 549 256 591 rint,
271 547 348 614 salv?
361 543 570 613 ρυίὶᾳὲίεηᾴξ,
585 541 785 612 deSICDeinarlixis,
803 542 840 571 de
854 540 981 609 ExiAEibus
996 539 1109 608 Ball-ivae
1125 538 1245 606 sussfitilr}

177 586 314 655 ‹¹12aessss
332 592 507 660 cudiitiegverite:1
509 591 651 665 Ἇᾳὲἶέῃυε
667 587 1157 664 fiendiiiqiilliosusfficfflznplgtdlriisnlty?
1162 614 1246 646 Solu-

179 664 288 695 tionem
308 669 520 698 competentem
541 659 609 697 illis,
625 659 728 697 quibus
746 656 908 696 hujusmodi
927 656 1028 688 solutio
1038 654 1166 686 facienda
1181 652 1244 684 fue-

178 702 214 732 rit
246 711 295 739 per
308 699 522 730 Testimonium
536 697 675 735 vestrum,
689 696 748 727 fieri
762 695 876 727 faciant.

214 724 270 778 fit,
287 738 306 769 si
322 738 439 770 Denarii
453 737 492 768 'illi
505 736 539 768 ad
553 736 734 768 Solutionem
746 733 906 773 hujusmodi
917 732 1077 765 faciendam
1089 741 1151 763 non
1164 728 1242 761 suffi-

175 786 304 847 ωῗξιῗηε
323 815 409 847 iidem
429 815 643 852 Vicecomites,
687 813 789 859 quibet„
825 811 973 856 videlicet,
997 811 1070 841 inter
1093 808 1186 854 ipsum
1207 807 1241 838 &

177 854 322 886 Homines
347 855 384 886 de
402 854 505 886 Balliva
522 854 584 893 sua,
606 853 645 897 de
665 823 860 896 qlitstualibuS,
883 850 991 894 Dolus,
1013 849 1047 880 &
1065 848 1123 879 alus
1142 846 1242 877 Rebus

174 893 333 932 praediecis,
350 903 415 934 quae
428 904 444 924 a
457 893 586 933 quolibet
603 891 727 929 ipsorum
746 900 805 920 emi
826 897 996 926 contigerit,
1011 889 1045 920 &
1062 895 1163 918 eorum
1176 895 1241 930 pre-

175 934 232 970 tio,
251 933 284 964 &
298 933 380 963 etiarn
394 934 466 963 inter
479 942 530 962 vos
543 932 576 963 &
591 931 710 969 singulos
724 928 917 960 Vicecomites
929 927 1096 971 praedictos,
1109 925 1145 956 de
1158 924 1240 955 distis

176 971 336 1009 hujusmodi
359 971 550 1009 Vidiualibus,
570 969 662 1000 Doliis
696 969 729 999 &
751 968 808 998 aliis
824 967 942 1005 Rebus,
958 966 996 996 fic
1010 975 1043 997 ca
1063 974 1112 1003 tis,
1129 963 1239 1007 &sor-

175 1019 223 1040 ma
239 1010 387 1040 locationis
408 1009 577 1040 Domorum
599 991 798 1047 praedictarum
813 1029 824 1045 ,
849 1015 882 1037 ac
902 1004 1045 1049 Solutioni
1067 1014 1097 1035 us
1108 1001 1239 1049 ‘similiter

174 1057 224 1087 per
237 1048 310 1086 ipsos
322 1048 388 1079 inde
403 1048 494 1086 factis,
514 1047 677 1078 Indenturas
692 1044 784 1076 modo
798 1055 869 1076 com
890 1053 975 1074 etenti
988 1043 1048 1073 fieri
1060 1043 1182 1080 faciant,

211 1085 266 1118 Per
280 1097 346 1127 quas
361 1088 419 1117 tam
432 1086 533 1117 eisdem
547 1085 792 1122 vicecomitibus,
809 1085 838 1114 in
904 1084 1007 1121 mpotis
1020 1083 1088 1121 suis,
1102 1081 1138 1112 de
1151 1080 1238 1124 Sum-

173 1127 229 1156 mis
251 1136 317 1164 quas
334 1125 483 1164 solverint,
502 1125 627 1156 debitam
652 1123 868 1161 allooetiouem,
886 1123 972 1162 quam
994 1121 1077 1152 dietis
1099 1119 1239 1164 Homini-

174 1166 242 1204 bus,
261 1174 313 1202 pro
334 1163 524 1203 Vidlualibus,
549 1163 663 1201 Doliis,
682 1163 716 1193 ὅτ.
736 1162 793 1193 aliis
811 1161 913 1193 Rebus
933 1159 1088 1199 praediCtis,
1113 1158 1238 1190 Solutio-

173 1213 241 1234 nem
255 1204 356 1234 habere
367 1203 502 1233 faciemus
520 1212 526 1232 :

212 1241 249 1272 Et
275 1241 353 1282 quod
382 1240 469 1272 iidem
490 1241 687 1273 vicecomites
707 1239 785 1270 diem
807 1239 960 1277 Solutionis
979 1237 1113 1268 Pecuniae
1133 1237 1237 1276 (quam

172 1280 293 1319 praefatis
314 1279 491 1310 Hominibus
511 1279 616 1310 solvere
633 1288 694 1309 non
717 1277 841 1316 poffint)
859 1277 963 1307 eisdem
984 1275 1159 1319 Hominibus
1172 1274 1238 1304 affi-

171 1328 282 1358 gnent,
300 1319 448 1357 videlicet,
465 1319 496 1349 in
518 1318 604 1349 Festo
623 1316 719 1348 Sancti
736 1316 812 1347 Petri
825 1316 860 1346 ad
876 1314 1000 1346 Vincula
1012 1322 1148 1353 proximo
1160 1312 1237 1344 futu-

172 1367 223 1396 to,
243 1359 273 1387 in
295 1356 421 1389 Civitate
440 1357 537 1388 nostra
561 1356 739 1391 Londoniae3
759 1355 808 1386 ubi
826 1356 864 1385 eis
878 1362 964 1392 tunc,
979 1354 1056 1392 quta
1068 1351 1233 1383 Indenturas

171 1395 337 1435 praedic'tas,
352 1407 419 1435 quas
440 1405 537 1427 coram
553 1395 619 1431 illis,
636 1393 671 1424 ad
687 1393 774 1424 diebus
787 1393 948 1424 Solutiones
960 1392 1067 1423 ibidem
1080 1389 1236 1427 faciendas,

171 1441 222 1473 per
242 1444 294 1466 nos
313 1435 493 1473 deputandis,
508 1433 631 1464 exhiberi
652 1431 800 1471 volumus,
826 1431 909 1470 illud,
935 1430 1014 1471 quod
1034 1429 1149 1469 singulis
1168 1428 1235 1460 inde

172 1473 308 1512 debetur,
326 1474 394 1505 solvi
407 1473 542 1504 faciemus
561 1482 568 1502 ε

212 1512 358 1552 Qodque
371 1511 481 1550 praefati
495 1511 688 1542 Vicecomites
699 1509 796 1549 vobiS,
815 1509 849 1541 δε
863 1507 1039 1548 Deputandis
1051 1517 1068 1538 a
1083 1506 1182 1551 vobis,
1202 1507 1234 1538 in

172 1551 334 1589 praemissis,
351 1550 485 1581 omnibus
503 1550 538 1581 &
553 1550 679 1589 singulis,
697 1549 731 1580 &
746 1548 923 1580 Executione
938 1546 1107 1578 eorumdem
1143 1555 1236 1577 inten-

171 1589 269 1620 dentes
288 1590 356 1629 sint,
374 1589 549 1620 consulentes
569 1589 603 1621 &
617 1588 796 1626 auxiliantes,
813 1587 959 1627 quotiens,
980 1586 1012 1617 &
1033 1595 1106 1625 quan
1127 1595 1166 1623 o,
1183 1593 1233 1629 per

172 1637 237 1665 vos,
256 1629 301 1660 seu
323 1638 339 1658 a
360 1628 444 1659 vobis
464 1626 668 1666 Deputandos‚
685 1636 719 1657 ex
732 1635 812 1665 parte
825 1625 923 1657 nostra
937 1625 1043 1656 fuerint
1055 1631 1235 1667 praernumn,

209 1667 247 1698 Et
266 1666 347 1705 quod
366 1666 454 1697 iidem
479 1665 673 1696 Vicecomites
694 1664 772 1702 illos,
798 1674 870 1702 quos
893 1672 1007 1703 propter
1027 1661 1232 1693 Rebellionem

171 1705 246 1736 fliam
267 1706 302 1737 &
315 1705 459 1736 Malitiam
472 1704 633 1743 hujusmodi
647 1703 844 1742 arestaveritis,
859 1714 875 1734 a
887 1704 970 1734 vobis
984 1702 1120 1739 recipiant
1156 1701 1190 1732 &
1204 1701 1236 1732 in

172 1744 296 1775 Prisonis
315 1742 416 1774 nostris
433 1742 511 1774 salvo
530 1742 664 1774 custodiri
680 1742 699 1762 *
715 1742 837 1781 faciant,
857 1741 1002 1782 quousque
1021 1739 1097 1771 aliud
1115 1724 1152 1771 de
1172 1739 1235 1780 ipfis

170 1782 329 1814 duxerimus
342 1781 577 1813 demandandum.

207 1821 243 1853 In
256 1823 349 1861 cujus,
366 1821 428 1852 &c.

190 118 212 159 8

209 1897 299 1931 Teste
312 1898 394 1938 Rege
407 1896 481 1939 apud
495 1897 614 1930 Turrim
628 1895 765 1928 London.
778 1895 884 1928 oetavo
899 1895 945 1927 die
960 1894 1067 1926 Martii.

836 1975 890 2004 Per
903 1971 986 2013 ipfitm
997 1974 1102 2011 Regem.

173 2055 229 2119 Ε
239 2066 268 2095 Τ
281 2063 318 2095 M
327 2074 344 2096 E
356 2071 382 2095 M
392 2074 413 2096 o
424 2073 447 2096 R
457 2074 476 2096 Α
487 2071 512 2094 N
520 2070 572 2095 Du
580 2069 608 2093 Μ
620 2060 696 2104 quad
706 2060 876 2092 Mandatum
895 2059 933 2101 est
938 2058 1052 2101 fingulis
1066 2061 1236 2090 Vicecomiti-

217 2104 225 2117 ‘
251 2103 299 2133 bur
319 2104 449 2133 difflorum
469 2107 668 2140 Comitatuum,
694 2101 834 2138 Eborum,
857 2098 1083 2137 Notinghamiae,
1101 2097 1140 2132 ά
1158 2100 1234 2127 Der-

172 2141 241 2180 bise,
259 2141 334 2182 qubd
352 2145 433 2172 Diem
453 2141 595 2172 Solutionis
617 2143 758 2179 Pumice,
793 2151 858 2169 uam
873 2138 1032 2168 Hominibus
1046 2136 1233 2176 Ballivaeficae

163 2179 272 2220 salvere
287 2192 338 2211 non
350 2189 383 2219 po
405 2187 473 2219 unt,
490 2187 521 2210 ut
530 2183 727 2219 praemittitur,
744 2150 840 2247 ejdem
854 2177 1013 2208 Hominibus
1028 2176 1175 2217 affignent,
1186 2178 1233 2206 vi-

170 2219 279 2257 delicet,
297 2223 326 2249 in
340 2222 376 2249 Fe
399 2231 412 2249 o
428 2220 521 2249 Sanfli
534 2218 662 2248 petriad
672 2221 754 2247 vinca
766 2229 800 2255 a,
813 2216 936 2256 proxime)
942 2214 1059 2255 futuro,
1073 2215 1148 2254 apud
1158 2214 1234 2245 Ebo-

168 2269 246 2325 gaem,
263 2258 309 2338 ustbi
327 2261 386 2289 Rex
406 2262 462 2298 eis,
471 2258 562 2298 juxta
573 2256 737 2287 Indenturas
744 2255 829 2296 fixas,
839 2254 1033 2297 fiilvifaciet,
1047 2254 1119 2297 ficut
1130 2254 1233 2294 pradi-

198 2308 241 2327 um
259 2308 273 2326 e
298 2320 304 2327 .

207 2372 297 2406 Teste
312 2374 441 2417 utsupra.

326 2501 375 2534 De
392 2500 593 2535 Providentiis
603 2511 658 2548 pro
677 2499 754 2534 dina
770 2500 904 2549 Paffizgio
916 2498 1079 2546 finiendis.

174 2585 218 2636 R
231 2585 314 2625 EX,
332 2585 452 2618 DHecto
471 2586 588 2618 Clerico
609 2586 658 2618 suo
693 2586 835 2632 Stephano
847 2586 873 2619 le
886 2587 1008 2626 Blount,
1024 2586 1159 2619 Salutem.

274 2625 368 2665 Quia,
406 2636 438 2656 ro
459 2624 633 2657 Defensione
650 2609 745 2665 Regni
763 2625 868 2665 nostri,
885 2624 946 2662 &a
967 2633 998 2656 ut
1005 2624 1090 2666 ficpra
1103 2625 1181 2668 usque
1195 2625 1234 2657 ibi

172 2664 362 2710 confidentes,
375 2635 413 2700 g*
424 2671 489 2694 tunc
501 2664 547 2704 fic,
823 2703 829 2709 ·
997 2703 1003 2709 ·

211 2703 420 2743 Affignavnnus
432 2713 484 2734 vos
499 2703 534 2734 ad
548 2703 685 2734 Sexcenta
697 2703 845 2742 Qarteria
859 2702 1020 2741 Frumenti,

211 2742 284 2774 Duo
306 2742 388 2773 Milia
409 2743 442 2773 &
455 2741 591 2773 Ducenta
606 2742 755 2778 Quarteria
776 2741 884 2781 Brasei,

209 2781 406 2821 septingentos
421 2781 454 2812 &
466 2780 611 2819 Sexaginta
626 2779 766 2818 Bacones,
785 2780 830 2811 vel
842 2779 969 2820 Porcos,

208 2819 343 2851 Ducenta
355 2820 388 2850 ὃς
405 2819 518 2850 Decem
535 2819 663 2850 Carcasia
677 2819 801 2858 Bovina,
816 2819 862 2849 vel
874 2818 978 2857 Boves,

209 2860 343 2899 Qatuor
357 2857 439 2889 Milia
452 2857 600 2888 Cassarum
615 2856 800 2896 Multonum,
817 2857 862 2889 vel
876 2856 1040 2896 Maitona,

207 2897 361 2929 sexdecim
374 2895 440 2927 lasta
454 2896 563 2935 Alecis,

207 2936 346 2976 Qiinque
359 2934 442 2966 Milia
456 2935 489 2966 &
503 2934 652 2965 Sexcentas
666 2933 759 2965 Petras
773 2933 853 2966 Casei

206 2975 407 3019 Qadraginta·
416 2974 450 3004 &
466 2973 521 3018 Ser
533 2972 615 3018 Milia
627 2974 660 3004 &
676 2973 840 3012 Qiingenta
853 2958 889 3004 de
903 2972 1063 3013 Stockfish,

204 3013 244 3045 ht
264 3013 457 3053 Qadraginta
476 3011 560 3042 Milia
582 3011 665 3042 Ferra
684 3011 847 3051 Equorum,
865 3022 935 3044 cum
956 3010 1054 3043 Clavis
1071 3010 1105 3043 ad
1126 3011 1228 3044 eadem

168 3052 251 3085 Fcrra
266 3051 488 3090 pertinentibus,

205 3090 243 3121 Et
255 3099 298 3121 tot
308 3101 395 3121 vacua
410 3089 513 3128 Dolia,
524 3091 553 3120 in
568 3089 670 3129 quibus
680 3087 791 3119 dietum
805 3087 993 3120 Frumentum
1005 3088 1051 3121 vel
1064 3088 1147 3121 Flora
1160 3088 1227 3120 inde

168 3140 198 3164 re
219 3137 335 3165 onetur,
357 3135 428 3167 quot
439 3127 474 3158 ad
487 3128 545 3159 hoc
559 3126 705 3158 neceffaria
717 3126 821 3158 fuerint

200 3139 238 3198 lin
258 3167 381 3197 Civitate
400 3165 497 3196 nosti-a
514 3165 693 3202 Londoniae,
707 3166 740 3195 &
761 3166 789 3195 in
811 3150 1002 3196 domitatibus
1014 3165 1144 3206 Kantiae,
1161 3166 1230 3197 Sur·-

166 3205 384 3273 riae,sSuffe>3i32
392 3204 661 3273 'fsqthmgqtonicsst’
672 3203 776 3272 Wiltlels
785 3226 794 3239 ‚
807 3202 1230 3273 laegoniaeWComubiaewSo-

168 3251 828 3321 ‘3332321012122&sasenates..5252
842 3252 1228 3321 {iffaelffzffi’ffissss

170 3319 231 3355 &a
240 3327 321 3360 prout
330 3321 432 3360 fiepra,
449 3322 562 3349 mutatis
575 3326 749 3359 competenter
762 3319 908 3350 mutandis.

205 3396 293 3429 Teste
308 3397 392 3439 Rege
405 3396 477 3438 apud
490 3396 610 3428 Turrim
625 3395 759 3427 London.
773 3396 878 3428 oeavo
891 3395 936 3427 die
952 3395 1061 3428 Martii.

803 3454 857 3483 Per
871 3450 954 3492 ipficm
966 3455 1072 3491 Regem.

219 3582 277 3612 Pro
300 3578 436 3625 Philzppa
460 3581 594 3626 Regina,
619 3576 665 3611 ad
679 3585 782 3625 partes
799 3577 986 3610 Alemanniae
1001 3575 1185 3622 profestum.

243 3663 504 3732 {ffidoelg'enerabili
525 3665 555 3694 in
574 3662 695 3694 Christo
706 3662 799 3700 Patri,
816 3661 858 3692 H.
872 3660 1063 3694 Lincolniensi
1076 3659 1238 3701 Episcopo,

217 3737 296 3776 Quia
314 3740 445 3770 volumus
464 3740 544 3776 quod
564 3749 649 3771 certae
669 3740 856 3778 providentiae
875 3738 958 3777 fiant,
979 3739 1009 3769 in
1028 3738 1151 3776 partibus
1171 3737 1239 3769 Ale-

182 3777 319 3814 manniae,
335 3777 370 3806 ad
390 3787 461 3815 opus
473 3777 613 3818 Philippae
626 3778 749 3818 Reginae
764 3777 891 3817 Angliae,
907 3777 1056 3808 Consortis
1071 3775 1174 3806 nostrae
1190 3786 1239 3808 ca-

32 3807 171 3861 claujn,
182 3812 296 3843 riffimae
305 3835 315 3851 ,
332 3823 427 3845 contra
447 3815 602 3847 adventum
623 3816 704 3847 suum
715 3816 751 3847 ad
766 3823 855 3856 partes
866 3816 937 3855 illas,
954 3817 1028 3854 juxta
1039 3815 1164 3846 formam
1178 3815 1238 3846 Ce-

35 3868 65 3891 Ε.
84 3872 108 3898 3·

32 3907 59 3939 p.
83 3910 107 3929 1.

35 3948 74 3967 m.
94 3947 136 3974 ¹7·

182 3850 273 3887 dulae,
290 3861 375 3894 quam
389 3854 469 3883 vobis
482 3856 636 3892 mittimus,
653 3854 834 3893 praesentibus
848 3853 1042 3891 interclusam,

219 3887 309 3919 Vobis
323 3890 484 3920 mandamus
497 3892 593 3930 quod,
611 3893 732 3924 Dilecto
747 3891 865 3923 Clerico
878 3891 993 3932 nostro,
1011 3889 1241 3960 ffiadgigrgvilc’ssg:

1009 3968 1058 4001 elis
1070 3965 1174 4006 nostri,
1186 3965 1240 4006 Jo-

181 3928 211 3958 lo
228 3926 264 3957 de
284 3925 391 3959 Monte
412 3928 544 3968 Florum,
560 3940 594 3960 ex
613 3940 690 3969 parte
704 3929 816 3967 nostra,
834 3931 839 3936 “
859 3930 910 3967 jun
930 3932 979 3961 atis

180 3968 229 3996 tias
243 3965 315 4003 illas,
357 3975 387 3994 er
399 3965 490 3996 visum
501 3967 534 3996 ὃς
550 3967 762 4008 testimonium,
780 3968 890 3999 Dileeti
956 3968 989 4001 F'

177 4004 277 4038 hannis
289 4003 325 4036 de
376 4011 444 4036 onte
457 4003 579 4036 Gomeri
587 4028 597 4044 ,
614 4006 674 4038 fieri
683 4007 766 4040 Faciat
779 4006 910 4048 indilate3

1272 96 1934 152 NE84L1TERAE,

1327 183 1434 216 Custus
1453 193 1564 225 autem,
1583 196 1656 225 quos
1670 187 1746 218 circa
1759 185 1898 227 praemiffa
1912 183 2084 225 apposuerit,
2101 185 2153 219 fibi
2163 186 2194 219 in
2206 186 2360 229 Compoto
2378 183 2511 218 Ano-D.

1287 223 1337 254 suo
1350 224 1464 256 allocari
1481 224 1625 256 faciemus.

1325 300 1414 332 Teste
1426 301 1510 342 Rege
1522 300 1597 342 apud
1610 301 1731 333 Turrim
1746 300 1882 332 London.
1897 300 2014 333 decimo
2029 299 2076 332 die
2089 299 2197 333 Martii.

1944 380 1999 408 Per
2010 375 2093 416 ipsicm
2107 380 2212 417 Regem.

1285 503 1335 535 De
1353 501 1538 546 Sufferentia
1552 526 1564 543 ‚
1592 508 1670 538 inita
1681 508 1766 599 ἴτην
1781 506 1890 551 Regem
1905 502 2025 550 Angliae
2039 505 2076 542 ὠ·
2094 504 2353 552 Confhnguineum

1703 566 1777 587 uum
1802 555 1946 586 Francia.

1282 636 1336 692 R

2395 234 2409 255 1

2414 225 2481 265 338.

2374 265 2443 294 zav.
2463 273 2490 302 3.

1344 635 1429 674 Ex,
1443 635 1567 681 Diiesto
1587 638 1621 670 &
1644 637 1733 669 Fiden
1752 637 1818 677 suo,
1833 638 1993 669 Wiiiieimo
2014 638 2050 669 de
2067 636 2212 679 Cimon,
2236 639 2350 672 Comiti
2367 634 2445 668 Ann.
2461 637 2505 673 D.

1354 675 1603 715 Huntmgdoniae,
1620 676 1841 708 Constabulario
1862 676 1956 708 Castri
1976 676 2016 708 sui
2035 676 2214 717 Dovorriae,
2233 679 2267 710 δε
2287 679 2351 711 Cu·
2388 676 2475 718 1338.

1280 711 1357 744 stodi
1379 714 1517 754 Qinque
1538 714 1681 746 Portuum
1698 715 1833 756 suorum,
1849 716 1895 748 vel
1915 716 1974 756 ejus
1997 715 2252 756 Locum-tenenti,
2269 717 2349 750 Salu-
2364 717 2418 743 An.
2435 725 2478 746 12-

1279 760 1347 782 tem.

1316 790 1398 822 Csim
1411 801 1481 835 nos,

2363 757 2395 782 Ε.

2364 792 2413 820 Cla

2414 763 2504 830 tis-212:

1316 829 1362 860 Ad
1383 829 1508 874 Domini
1522 830 1635 862 Summi
1647 830 1794 862 Pontificis
1808 831 1842 863 &
1856 831 1936 863 Sedis
1949 832 2124 872 Apostolicae
2140 834 2345 874 reverentiam,
2362 833 2396 858 Ε·
2413 839 2440 868 3·

1278 867 1311 898 8(
1334 868 1367 899 ad
1381 869 1489 899 solitam
1503 869 1678 909 instantiam,
1697 870 1904 901 venerabilium
1915 870 2051 911 Parrum,
2068 872 2288 912 Dominorum,
2307 872 2341 904 P.
2360 874 2388 906 i>-
2407 878 2430 898 ¹·
2444 879 2482 897 '⁷'-

1275 906 1366 937 Tituli
1380 907 1493 938 Sancta:
1505 907 1634 939 Praxedis

1668 909 1688 928 *
1697 907 1905 947 Proebitem&
1918 909 1950 939 Β.
1965 909 2077 941 Sanciae
2094 910 2198 942 Mariae
2212 912 2241 942 in
2254 912 2345 952 Aqui·
2363 907 2408 934 28-
2427 909 2454 937 d.

1276 955 1310 975 ro
1330 945 1474 985 Diaconi,
1492 946 1605 978 Sanctae
1628 932 1775 978 fiomanae
1796 946 1933 978 Ecclefiae
1954 946 2167 989 Cardinaliurn,
2184 950 2218 981 ad
2240 961 2293 982 nos
2313 952 2344 982 in
2364 944 2433 976 *Ἣ
2455 955 2499 982 ¹5·

1276 983 1411 1023 Angliam
1437 995 1486 1023 per
1514 986 1605 1024 ipsum
1625 986 1793 1017 Dominum
1819 985 1975 1018 Summum
1997 986 2171 1020 Pontificem
2191 989 2351 1022 destinato-

1275 1032 1339 1053 rum

1290 1100 1295 1105 ¹
1313 1047 1546 1094 Cdncefferimus
1558 1063 1726 1103 quod,citra
1738 1063 1815 1094 diem
1826 1062 1994 1094 Nativitatis
2008 1062 2107 1095 Sanffi
2117 1064 2257 1104 Johannis
2272 1067 2346 1107 Bap-

1275 1099 1365 1145 tistae,
1384 1103 1517 1140 proximo
1531 1102 1632 1133 futurae
1641 1126 1652 1142 ,
1666 1101 1740 1134 nulla
1753 1101 1801 1133 fiat
1814 1101 1943 1140 Invasio,
1960 1111 2016 1133 nec
2029 1101 2215 1144 Dampnum,
2233 1115 2280 1138 aut
2296 1106 2349 1138 In-

1270 1141 1426 1184 juria,'vel
1447 1149 1614 1181 gravamen,
1630 1142 1658 1173 in
1679 1140 1809 1172 Personis
1823 1140 1869 1172 vel
1882 1140 1998 1180 Rebus,
2013 1139 2233 1182 Consanguineo
2246 1145 2350 1177 nostro

1275 1177 1419 1216 Franciae,
1437 1189 1530 1218 neque
1545 1180 1596 1212 suis
1610 1180 1750 1218 Subditis,
1768 1189 1824 1210 nec
1842 1179 1947 1218 Locis,
1965 1189 2020 1211 nec
2033 1178 2150 1219 Terris,
2168 1190 2223 1213 nec
2239 1183 2348 1215 Genti-

1276 1216 1330 1261 bus
1350 1217 1446 1257 Regni
1459 1218 1605 1258 Franciae,
1622 1229 1672 1258 pei·
1685 1219 1807 1250 Terram
1820 1218 1866 1249 vel
1879 1227 1929 1256 per
1944 1217 2045 1256 Mare,
2061 1228 2077 1248 a
2090 1219 2192 1259 nobis,
2209 1222 2254 1252 vel
2271 1223 2347 1254 Sub-

1275 1255 1339 1324 {11¹th
1349 1256 1473 1326 ἒὲξὶτὲε,
1488 1268 1543 1289 nec
1564 1258 1601 1288 ab
1621 1259 1694 1298 aliis,
1710 1258 1829 1290 nomine
1849 1255 1966 1297 nostro,
1989 1256 2035 1288 seu
2055 1257 2212 1298 mandato,
2229 1258 2345 1293 Malum

1332 1305 1348 1324 u
1402 1305 1430 1325 in
1444 1304 1557 1326 eratur:

1319 1372 1324 1377 ,
1343 1342 1360 1363 c
1381 1335 1480 1373 etiarn,
1497 1345 1551 1373 pro
1565 1334 1684 1374 Nobis,
1702 1336 1737 1368 &
1751 1333 1895 1366 Gentibus
1907 1333 2027 1374 nostris,
2045 1334 2197 1374 praefatum
2214 1335 2347 1369 Consan-

1274 1380 1413 1416 gumeum
1437 1373 1589 1412 nostrum,
1614 1374 1650 1405 &
1667 1375 1729 1405 suos
1750 1374 1903 1413 SubditOS,
1925 1373 2024 1413 Loca,
2040 1374 2162 1414 Terras,
2181 1376 2215 1407 &
2235 1374 2348 1408 Gentes

1274 1410 1515 1455 praediCti-Regni
1530 1412 1553 1443 F
1555 1413 1676 1450 ranciae,
1693 1414 1911 1444 securaverimus
1925 1421 1975 1452 per
1989 1421 2101 1452 tempus
2115 1413 2325 1454 supradietum;

1312 1448 1529 1489 promittentes,
1553 1451 1632 1483 bona
1652 1451 1724 1491 fide,
1750 1451 1911 1490 hujusmodi
1929 1450 2126 1483 Ceffationem
2147 1453 2180 1484 &
2202 1452 2347 1485 Securita-

1273 1495 1334 1519 tem
1356 1488 1462 1533 servare
1481 1490 1515 1521 &
1537 1489 1630 1521 facere
1642 1491 1801 1529 observari,
1818 1501 1853 1522 ac
1865 1489 1961 1528 quod,
1979 1489 2000 1521 fi
2013 1500 2061 1528 per
2072 1491 2176 1530 aliquas
2192 1490 2344 1532 Personas,

1274 1525 1418 1558 Dominio
1438 1528 1485 1559 seu
1506 1527 1642 1560 Potestati
1662 1528 1768 1560 nostrae
1785 1529 1917 1568 subjeetas
1929 1551 1939 1566 ,
1964 1528 2125 1566 huiusmodi
2147 1529 2343 1563 cessationem

1273 1564 1320 1596 seu
1341 1565 1526 1598 Securitatem
1548 1567 1768 1607 quomodolibet
1786 1568 1900 1607 infringi
1920 1567 1964 1598 vel
1978 1567 2077 1599 violari
2097 1570 2254 1607 contigerit
2305 1572 2342 1602 δε

1273 1603 1339 1648 hoc¹
1353 1615 1386 1636 ac
1408 1605 1645 1650 nostri-notitiam
1663 1607 1838 1646 pervenerit,
1860 1607 1999 1637 faciemus
2018 1605 2079 1637 fieri
2098 1605 2178 1638 Dam
2220 1617 2236 1639 a
2256 1592 2345 1640 Raffis

1273 1642 1399 1675 debitam
1429 1644 1654 1675 Restitutionem
1675 1645 1720 1676 seu
1743 1645 1973 1677 satisfactionem
1995 1645 2031 1676 de
2053 1644 2140 1676 Bonis
2198 1646 2253 1678 elin
2275 1657 2346 1679 uen-

1273 1682 1361 1721 tium,
1380 1690 1513 1722 quatenus
1533 1683 1690 1723 sufficient,
1709 1684 1743 1714 &
1765 1684 1800 1715 ad
1818 1694 1870 1715 nos
1890 1684 2056 1724 pertinebit,
2074 1685 2108 1716 &
2123 1693 2225 1718 eontra
2291 1686 2347 1718 lin-

1271 1729 1388 1759 quentes
1405 1721 1587 1761 hujusmodi,
1618 1722 1772 1753 secundum
1792 1722 1817 1752 L
1854 1732 1901 1753 em
1924 1723 1959 1754 &
1978 1722 2224 1756 Consuetudinem
2247 1724 2347 1765 Regni

1273 1759 1363 1790 nostri
1372 1783 1382 1799 ,
1399 1770 1433 1791 ac
1447 1762 1531 1792 etiam
1547 1769 1645 1792 contra
1664 1761 1822 1793 Violatores
1866 1759 2007 1792 effationis
2019 1762 2053 1793 &
2066 1761 2228 1794 Securitatis
2242 1763 2349 1802 praedi·

1272 1796 1384 1843 &arum
1395 1800 1579 1838 procedemus
1591 1808 1675 1840 prout
1689 1800 1791 1839 justitia
1801 1799 1925 1832 suadebit
1933 1823 1942 1839 ,
1961 1799 2127 1832 Ceffatione
2140 1802 2175 1834 &
2189 1800 2345 1836 securitate

1273 1837 1417 1876 praedietis
1429 1838 1632 1870 nichilominus
1649 1839 1679 1869 in
1695 1839 1743 1870 suo
1755 1840 1859 1870 robore
1875 1838 2010 1870 duraturis
2026 1849 2032 1869 :

1298 1874 1398 1920 *Salvis
1421 1876 1532 1916 semper
1544 1877 1860 1917 Confoederationibus,
1877 1878 1913 1910 &
1926 1878 2073 1916 alligantiis
2106 1889 2139 1910 ac
2154 1877 2341 1912 conventio-

1273 1914 1357 1959 nibus
1376 1916 1612 1957 quibuscumque,
1650 1927 1679 1947 er
1699 1917 1769 1948 Nos
1790 1926 1859 1948 cum
1880 1917 1992 1947 Amicis
2006 1917 2041 1948 &
2060 1901 2273 1950 donflnderatis
2285 1929 2341 1950 no-

1274 1952 1335 1984 stris
1355 1957 1430 1992 prius
1450 1956 1541 1994 initis,
1556 1966 1571 1987 a
1583 1957 1631 1995 qui
1656 1966 1685 1986 us
1697 1956 1727 1986 in
1744 1963 1821 1994 parte
1831 1955 1878 1986 vel
1891 1956 1922 1986 in
1935 1962 2014 1994 tot0,
2032 1965 2082 1995 per
2095 1957 2245 1994 praedietas
2255 1956 2342 1988 Con·

1273 1991 1412 2025 ceffionae
1431 1993 1539 2025 nostras
1552 2017 1562 2032 ,
1587 1995 1717 2026 recedere
1736 1995 1869 2025 nolumus
1883 2016 1894 2032 ‚
1919 1993 1988 2024 ficut
2009 2003 2063 2024 nec
2084 1995 2232 2033 possumus
2246 2018 2261 2034 ,s
2280 1996 2341 2026 ullo

1273 2030 1380 2070 modo,
1397 2032 1435 2064 set
1455 2033 1494 2063 eis
1512 2034 1643 2064 volumus
1664 2033 1781 2065 firmiter
1803 2033 1957 2070 inhaerere,
1973 2040 2060 2070 prout
2082 2034 2114 2063 in
2126 2032 2226 2064 Literis
2239 2032 2343 2064 nostris

1273 2068 1458 2115 Patentibus‚
1472 2072 1541 2103 inde
1555 2072 1712 2111 confeecis,
1728 2071 1836 2113 plenius
1849 2071 2028 2103 continetur:

1311 2108 1404 2140 V0b1s
1424 2110 1588 2142 mandamus
1601 2111 1678 2151 quod
1688 2134 1698 2150 ,
1712 2120 1762 2149 per
1777 2110 1889 2141 diCtum
1903 2118 2034 2148 tempuS,
2051 2119 2113 2140 non
2128 2111 2250 2150 faciatis,
2267 2114 2345 2151 nec,

1271 2156 1409 2187 quantum
1432 2150 1462 2180 in
1486 2150 1571 2181 vobis
1595 2150 1655 2189 est,
1680 2150 1846 2188 permittatis
1868 2148 1942 2187 fieri,
1967 2149 1998 2179 in
2015 2147 2110 2180 Terra
2131 2149 2175 2180 vel
2196 2150 2226 2180 in
2247 2148 2346 2190 Mari,

1269 2186 1390 2257 praefato
1409 2186 1629 2228 Consanguineo
1649 2188 1768 2227 nostro,
1785 2189 1842 2219 sive
1862 2187 1987 2218 Subditis
2007 2185 2076 2226 suiS,
2094 2197 2149 2219 nec
2169 2187 2260 2226 locis,
2284 2199 2341 2220 nec

1302 2227 1368 2257 erris
1380 2249 1392 2266 ‚
1421 2237 1475 2258 nec
1496 2227 1640 2258 Gentibus
1663 2227 1759 2266 Regni
1779 2227 1907 2258 Franciae
1921 2249 1931 2266 ,
1957 2227 1988 2256 in
2009 2224 2137 2257 Personis
2155 2226 2200 2258 vel
2224 2226 2342 2266 Rebus,

1270 2264 1463 2306 Dampnum,
1482 2264 1634 2306 Iniuriam,
1650 2266 1695 2297 vel
1710 2266 1873 2297 Gravamen
1883 2289 1892 2304 ,

1309 2303 1346 2335 Et
1366 2305 1450 2335 etiam
1469 2305 1500 2335 in
1522 2304 1625 2343 Locis,
1644 2305 1673 2335 in
1696 2304 1800 2336 Balliva
1815 2303 1924 2343 vestra,
1941 2304 1992 2334 ubi

1272 2353 1350 2384 parte
1367 2342 1463 2374 nostra
1477 2343 1582 2376 faciatis
1595 2344 1710 2382 publice
1724 2344 1886 2384 prohiberi,
1904 2345 1942 2373 ne
1957 2343 2018 2383 quis
2052 2353 2068 2374 e
2083 2343 2208 2375 Subditis
2220 2343 2347 2383 nostris,

1271 2382 1321 2413 sub
1336 2381 1423 2421 poenfi
1435 2384 1567 2413 omnium
1582 2393 1646 2421 quae
1660 2383 1744 2414 nobis
1759 2382 1918 2413 forisfacere
1931 2383 2052 2422 poterit,
2070 2384 2225 2422 quicquam
2239 2391 2342 2414 contra

1271 2421 1380 2452 nostras
1392 2421 1540 2461 praedictas
1555 2421 1721 2453 Cessationis
1734 2421 1950 2453 concessionem
1964 2421 1997 2452 δε
2013 2420 2175 2452 Securitan‘s
2208 2420 2342 2451 raestatio-

1271 2470 1340 2491 nem
1358 2460 1441 2491 faciat
1459 2461 1493 2491 ali
1514 2461 1626 2500 ualiter,
1645 2460 1691 2493 vel
1709 2468 1875 2499 attemptet,
1892 2461 1929 2490 ita
1951 2467 2049 2490 tamen
2062 2458 2144 2497 quod
2155 2459 2183 2489 di
2215 2468 2245 2489 us
2257 2458 2341 2489 Con-

1270 2499 1433 2539 sanguineus
1447 2471 1543 2530 noffer
1557 2499 1732 2539 consimiles,
1750 2498 1948 2530 Ceffationem
1963 2498 1998 2530 ὅσ
2013 2497 2216 2535 Securitatem,
2234 2495 2341 2528 Nobis

1271 2538 1305 2568 &
1324 2537 1425 2568 nostris
1445 2537 1569 2570 Subditis
1590 2537 1730 2569 concedat
1750 2546 1832 2577 atque
1851 2536 1982 2575 praestet,
1999 2536 2034 2566 &
2055 2534 2133 2579 quod
2152 2534 2290 2566 Mandata
2302 2536 2338 2567 δε

1271 2575 1481 2608 Prohibitiones
1498 2577 1657 2608 conlimiles
1674 2576 1816 2613 Personis‚
1833 2576 1867 2606 &
1888 2575 1918 2606 in
1943 2574 2028 2612 locis,
2045 2573 2096 2603 ubi
2110 2573 2253 2612 expediet,
2271 2573 2336 2606 fieri

1271 2616 1379 2654 faciat,
1403 2615 1437 2646 &
1458 2615 1537 2655 quod
1558 2614 1572 2645 1
1593 2616 1636 2654 se,
1655 2616 1689 2645 &
1707 2614 1745 2645 sui
1764 2613 1892 2651 Subditi,
1909 2611 1955 2643 vel
1976 2611 2036 2649 alii,
2058 2611 2108 2642 suo
2129 2613 2266 2651 nomine,
2289 2612 2338 2644 seu

1272 2653 1430 2692 Mandat0,
1450 2654 1550 2692 nobis,
1566 2625 1610 2684 {gu
1629 2653 1729 2683 nostris
1749 2651 1890 2690 Subditis,
1906 2652 1938 2682 in
1958 2649 2077 2681 Ducam
2097 2649 2197 2682 nostro
2215 2650 2339 2690 Aquita-

1272 2693 1346 2730 niae,
1363 2692 1397 2722 δε
1417 2690 1473 2721 aliis
1492 2691 1590 2722 Terris
1610 2691 1644 2721 &
1662 2691 1732 2722 locis
1751 2689 1868 2727 nostris,
1886 2699 1936 2728 per
1955 2688 2078 2733 Terram
2098 2689 2144 2719 vel
2156 2698 2216 2758 ger
2236 2688 2342 2730 Mare,

1272 2730 1379 2760 nullam
1398 2728 1575 2760 Invafionem
1621 2739 1676 2760 nec
1696 2729 1811 2760 Malum
1830 2729 1865 2759 ali
1886 2727 1944 2758 uod
1965 2727 2068 2758 faciant
2089 2734 2137 2757 aut
2190 2737 2342 2768 ravamen;

1271 2768 1421 2813 quodque,
1443 2768 1463 2798 si
1484 2768 1560 2800 idem
1579 2752 1808 2807 Conssnguineus
1826 2777 1865 2798 no
1892 2777 1937 2805 er,
1959 2765 2114 2805 postquam
2131 2765 2167 2796 ad
2189 2766 2247 2797 e'us
2265 2767 2343 2798 noti-

1272 2815 1342 2838 tiam
1363 2806 1502 2846 praemissa
1524 2808 1719 2846 pervenerint,
1738 2807 1896 2838 consimiles
1931 2803 2129 2836 Cessationem
2150 2804 2185 2836 &
2219 2806 2342 2837 ecurim-

1271 2854 1348 2884 tem,
1364 2856 1415 2884 pro
1435 2853 1512 2884 parte
1529 2846 1577 2877 sua
1597 2845 1755 2877 concedere
1776 2845 1811 2876 δε
1826 2828 1957 2884 praeffare
1971 2844 2110 2882 renuerit,
2129 2842 2235 2874 nostra:
2246 2844 2340 2875 inten-

1270 2886 1353 2915 tionis
1369 2883 1462 2915 existit
1501 2885 1558 2916 uod
1571 2893 1674 2916 extunc
1689 2884 1884 2916 Cessationem
1897 2884 1931 2915 &
1947 2882 2150 2920 Securitatem,
2167 2881 2338 2921 praedictas,

1270 2933 1286 2954 a
1300 2923 1381 2954 nobis
1394 2933 1487 2954 conce
1550 2924 1583 2956 &
1597 2923 1746 2964 praestitas,
1762 2923 1868 2955 servare
1881 2921 2004 2953 minime
2017 2929 2171 2953 teneamur.

1307 2998 1398 3032 Teste
1411 3000 1494 3041 Rege
1503 3000 1578 3041 apud
1590 3000 1900 3040 westmonasterium,
1918 2999 2036 3032 decimo
2049 2998 2096 3029 die
2109 2996 2220 3029 Martii.

1956 3078 2011 3107 Per
2022 3074 2104 3114 ipsum
2118 3075 2227 3113 Regem:

1373 3155 1485 3188 Eodem
1507 3156 1598 3189 modo
1620 3155 1787 3189 mandatum
1805 3154 1847 3187 est
1866 3153 1975 3185 Ballivis
1985 3150 2156 3191 subscriptis,
2173 3152 2233 3183 viz.
2295 3189 2301 3192 ,

2061 2304 2136 2335 edire
2152 2303 2289 2344 videritis,
2306 2312 2344 2336 ex

1306 3232 1432 3264 Ballivir
1445 3237 1473 3263 V
1474 3233 1530 3264 ilIae
1545 3237 1658 3271 Magnae
1672 3231 1876 3272 Jernemuthae.

1307 3271 1431 3302 Ballivis
1444 3275 1472 3301 V
1472 3272 1528 3302 illae
1540 3273 1572 3302 de
1585 3273 1686 3302 Sancto
1698 3270 1819 3311 Botuffl).

1384 3416 1435 3449 De
1453 3413 1637 3460 Sufflrentia
1646 3411 1788 3461 praedib'la
1805 3416 1837 3446 in
1856 3411 2000 3458 Wifionia
2017 3408 2214 3459 observanda.

1275 3504 1333 3559 R
1353 3539 1403 3568 suo
1415 3539 1564 3570 Vasconiae
1600 3538 1734 3570 Salutem.
2285 3570 2291 3575 ι

1311 3576 1395 3608 Cum
1416 3587 1486 3618 nos,
1501 3578 1536 3609 ad
1556 3561 1683 3608 fiomini
1704 3576 1816 3607 Summi
1838 3574 1987 3607 Pontificis
2005 3575 2039 3607 δε
2060 3572 2139 3605 Sedis
2160 3568 2336 3609 Apostolicae

1340 3497 1425 3538 EX,
1444 3500 1563 3532 Dilee'to
1583 3499 1618 3531 &
1639 3498 1729 3530 Fideli
1748 3498 1814 3538 suo,
1831 3498 1952 3530 Olivero
1972 3497 2010 3529 de
2021 3497 2160 3538 Ingham,
2177 3491 2335 3527 Senescallo
2351 3498 2428 3531 Anu,
2441 3500 2486 3532 D,-

2381 3548 2414 3577 13

2354 3582 2407 3606 An.
2426 3588 2469 3607 12.

2419 3540 2466 3579 38.

1275 3615 1459 3685 }gverentiam
1474 3640 1484 3656 ‚
1507 3618 1542 3685 Ιὸξ
1561 3616 1601 3685 'ald—
1618 3615 1759 3684 stlrlicsitarrgt
1773 3608 2336 3683 inlibndffi'ss'effiqmbffigcmsspgffnuffl}
2352 3620 2382 3645 Ε.
2401 3627 2427 3654 3.

1279 3664 1573 3733 Μῖῐγῗξῖῐξωὲἆυὶῶ,
1590 3662 1735 3731 1513160311,
1752 3661 2029 3734 ἑξηὲἱξεᾙᾶαξεξιῖ
2044 3659 2184 3719 ιὲἲέἒῖεῡκ
2200 3671 2338 3727 Cardina-
2352 3655 2432 3730 {as}
2444 3663 2487 3683 η’

1276 3733 1366 3769 lium,
1380 3732 1415 3763 ad
1434 3743 1486 3763 nos
1498 3732 1529 3762 in
1545 3731 1696 3771 Angliam,
1710 3739 1761 3770 per
1774 3730 1863 3771 ipsum
1877 3728 2041 3759 Dominum
2053 3726 2206 3758 Summum
2218 3721 2338 3753 Pontifi-
2353 3740 2391 3760 m,
2410 3731 2453 3760 ¹6,

1277 3780 1342 3801 cem
1353 3770 1556 3803 destinatorum
1586 3768 1806 3800 concefferimus
1818 3767 1989 3807 quod,citra
1999 3765 2076 3796 diem
2092 3761 2256 3794 Nativitatis
2270 3760 2340 3792 San-

1278 3809 1320 3839 &i
1326 3808 1343 3846 J
1345 3809 1462 3840 ohannis
1472 3792 1604 3853 Baptiffae
1615 3808 1749 3846 proximo
1762 3807 1882 3844 futurae,
1899 3804 1974 3836 nulla
1988 3803 2036 3834 fiat
2049 3801 2173 3838 invafio,
2189 3808 2244 3830 nec
2257 3798 2340 3830 dam-

1277 3857 1387 3885 pnum,
1403 3856 1451 3878 aut
1470 3848 1584 3885 injuria,
1609 3846 1655 3877 vel
1674 3855 1843 3886 gravamen,
1858 3845 1887 3874 in
1907 3843 1928 3863 *
1942 3841 2064 3882 personis
2083 3838 2130 3871 vel
2150 3838 2233 3868 rebus
2255 3836 2342 3869 Con-
2357 3850 2426 3881 *v.
2447 3849 2494 3891 ¹⁶⁸.

1278 3885 1322 3916 san
1364 3887 1369 3892 “
1393 3895 1428 3916 eo
1444 3885 1544 3917 nostro
1554 3884 1681 3916 Franciae
1715 3882 1776 3919 ἀοι.
1789 3889 1870 3922 prout
1876 3881 1962 3926 fiapra
1974 3879 2053 3923 usqae
2066 3875 2122 3906 haec
2136 3875 2241 3913 verba,-
2258 3879 2322 3921 vjz.

1341 3933 1352 3954 t
1374 3925 1474 3962 etiam,
1493 3933 1527 3954 ex
1551 3932 1628 3963 parte
1641 3907 1752 3960 nostra,
1770 3920 1897 3952 Subditis
1908 3918 2010 3949 nostris
2025 3925 2056 3946 in
2071 3914 2187 3963 Ducatu
2199 3914 2342 3960 praedieto

1277 3962 1381 3993 faciatis
1402 3963 1516 4000 publice
1535 3962 1698 4001 prohiberi,
1714 3969 1753 3991 ne
1762 3960 1824 4000 quis
1836 3966 1953 3995 eorum,
1969 3954 2020 3985 sub
2034 3963 2122 3993 poena
2134 3963 2267 3998 omnium
2278 3962 2344 4022 tzur?

1279 4000 1361 4032 nobis
1373 4000 1535 4034 forisfacere
1547 3999 1829 4043 poterit,quiequam
1843 4003 1943 4029 contra
1952 3991 2059 4026 nostras
2071 3991 2234 4032 praedictas,
2242 3990 2345 4064 {eom}
