2562 4279
710 145 819 186 ET
905 143 1173 185 ACTA

0 234 57 266 im.
68 228 110 262 D·
121 235 166 266 seu
180 234 419 274 Requifitionibus
430 234 547 266 aliorum
561 255 572 272 ,
597 232 683 272 quarn
704 230 806 261 nostris
817 253 827 268 ‚
851 229 1002 268 obediatis,
1019 229 1064 259 seu
1079 227 1181 268 quovis

0 277 92 326 7132¹·
125 274 214 305 modo
225 275 349 315 pareatis.

0 309 48 340 dv.
67 317 94 335 2.

159 349 248 381 Teste
261 350 346 389 Rege
366 348 440 388 apud
452 347 496 379 W
496 344 738 378 estmonasterium
753 368 763 384 ‚
787 343 964 375 duodecimo
983 343 1029 374 die
1042 342 1181 373 Novem-

122 389 186 420 bris.

754 454 807 481 Per
821 450 902 490 ipstm
916 453 1020 488 Regem.

258 533 367 564 Eodem
383 531 472 563 modo
486 530 646 561 mandatum
662 527 702 558 est
716 527 888 566 subscriptis3
903 527 1049 565 videlicet,

162 610 305 640 Edmundo
317 611 414 639 comiti
425 605 580 644 Arundell,
706 606 841 634 Mauricio
855 604 887 633 de
900 603 1055 643 Berkdeye,

165 648 292 688 Johanm‘
313 647 344 676 de
372 644 512 677 Warennd
535 647 631 674 Comiti
703 642 831 680 Johanm·
846 643 877 671 de
892 641 1049 681 PVylyngton
1058 664 1067 679 ,

229 688 343 723 SurrIae,
707 680 836 719 Johanm'
848 682 879 710 de
894 680 970 710 Bello
983 685 1078 719 Campo
1086 701 1097 717 ,

106 720 115 731 ²
163 724 272 754 Thomae
294 725 392 752 Comiti
413 719 566 758 Norfl'blciae
590 718 629 755 ό·
707 721 750 748 W
749 718 854 749 illielmo
867 721 965 759 lilarcy
974 742 983 756 ,

17 764 72 792 111.
232 761 392 800 Marescallo
406 759 532 797 Angliae,
708 757 727 777 *³
742 757 870 787 Auchero
882 757 948 787 Filio
963 760 1076 787 Henrici
1084 779 1093 794 ,

0 811 35 828 ὀι
166 799 278 830 Thomae
292 801 325 830 de
338 802 419 836 Veer,
706 795 836 833 Johanni
849 799 994 835 Enggyne,

164 837 293 876 Johanni
305 838 337 867 de
346 841 482 874 Segrave,
709 836 752 863 W
751 833 857 864 iliielmo
873 836 905 864 de
917 833 1084 873 Grandifino
1093 854 1104 871 ‚

163 875 291 914 Johanm·
302 876 334 905 de
347 873 482 912 stloubray
490 896 501 912 ,
708 871 830 902 Gilberto
847 872 938 902 Peiche
944 896 954 911 ,

165 914 308 944 Edmundo
319 915 487 952 Deyncourt,
709 910 815 940 Falconi
827 910 895 941 Pilio
912 913 1034 950 Warhzi,

163 955 200 983 N
201 951 300 983 icholao
314 951 346 980 a'e
357 954 475 987 Segrave
484 973 494 988 ,
706 948 840 979 Richardo
853 950 884 979 de
900 949 998 979 Plaicz
1006 972 1017 988 ,

164 989 292 1030 Johanm‘
305 989 337 1019 de
350 993 420 1028 Grey
428 1011 438 1027 ‚
706 990 814 1024 Hugoni
828 990 954 1028 Ponyntz
962 1011 972 1026 ,

165 1031 264 1065 Rogero
277 1028 309 1057 de
322 1026 447 1065 clifford,
706 1026 833 1064 Johanni
848 1027 879 1056 de
895 1026 1004 1065 Thorp‚

165 1067 279 1097 Roberto
294 1066 325 1096 de
341 1069 439 1095 Monte
453 1065 542 1104 Alto,
709 1064 823 1094 Roherto
837 1066 869 1095 de
883 1064 972 1094 Morle
988 1076 1018 1103 e,

165 1107 280 1134 Henrico
294 1104 326 1134 de
341 1103 417 1134 Bello
429 1107 525 1135 Monte
534 1127 544 1143 ‚
710 1102 858 1133 Willielmo
873 1104 904 1133 de
921 1105 962 1132 Et
985 1102 1113 1141 yngham,

165 1142 305 1182 Radulpho
319 1144 351 1172 de
365 1146 419 1172 Gre
429 1142 506 1183 stok,
710 1141 821 1171 Thomae
837 1141 1020 1179 Lercedekne,

161 1181 292 1222 Johanni
304 1180 394 1220 Giffar
440 1181 472 1211 de
486 1184 637 1222 Brymmes-
710 1182 791 1211 Petro
807 1179 922 1218 corbet,

224 1219 303 1261 feld,
713 1217 840 1256 Johanm'
851 1218 883 1247 de
897 1221 1088 1257 Buttecourte‚

165 1261 250 1289 Petro
263 1258 294 1288 de
310 1257 390 1288 Malo
402 1261 497 1298 Lacu,
517 1270 523 1277 ·
711 1255 840 1294 Johanm·
853 1257 885 1286 de
901 1255 1063 1295 Crumwell,

167 1299 284 1327 Henrico
299 1298 330 1326 de
344 1300 424 1337 Percy
434 1320 444 1334 ,
710 1294 850 1333 Radulpho
863 1295 895 1324 de
909 1298 932 1324 C
931 1306 1061 1333 ammoys,

167 1336 283 1365 Roberto
298 1335 464 1375 Conestable,
711 1333 817 1363 Thomae
830 1334 862 1362 de
874 1333 1013 1363 Furmval
1023 1333 1138 1371 Juniori
1145 1353 1156 1370 ,

171 1374 293 1405 Waltero
308 1375 339 1404 de
354 1377 434 1413 Teye,
712 1370 853 1410 Radulpho
867 1372 898 1401 de
913 1375 1011 1401 Monte
1019 1372 1172 1409 Hermerii,

169 1412 282 1443 Thomae
295 1413 325 1442 de
341 1410 492 1442 Furnivall
503 1412 622 1448 Seniori‚
713 1413 824 1447 Hugoni
838 1411 869 1440 de
888 1414 1063 1451 Courleneye,

169 1451 297 1490 Johanni
310 1453 472 1490 Marmyoun
483 1473 492 1489 ,
713 1448 835 1487 Philippo
849 1449 880 1478 de
895 1448 1085 1487 Columbariis,

169 1489 297 1528 Johanni
311 1488 404 1519 Peiche
412 1513 422 1528 ,
716 1489 749 1517 H
749 1491 832 1517 enrico
843 1490 907 1527 Tyes
915 1510 926 1527 ,

172 1530 288 1558 Hernico
303 1526 376 1566 Huse‘·
384 1551 394 1566 ‚
714 1526 829 1557 Roberto
841 1527 872 1555 de
884 1524 986 1564 Scales,

171 1569 271 1603 Rogero
285 1567 316 1596 de
330 1569 461 1604 Bavent,
718 1563 864 1594 Willielmo
880 1565 911 1593 de
924 1564 1024 1594 §ando
1038 1565 1157 1601 Mauro,

172 1604 299 1644 Gaffrido
314 1605 346 1635 de
360 1608 429 1644 Say,
717 1602 850 1633 Richardo
867 1601 987 1642 Waleyr,

175 1642 322 1674 Willielmo
338 1643 370 1672 de
382 1645 530 1679 ferrariis,
719 1643 761 1671 W
760 1640 866 1670 illielmo
886 1641 917 1670 de
939 1638 1056 1670 Botiller
1073 1638 1104 1668 de
1128 1637 1192 1667 W-

175 1684 214 1712 L.
230 1681 402 1721 Dunolmenfl
416 1679 535 1718 Epistopo
543 1701 554 1716 ,
787 1685 898 1719 ryvgton
907 1702 917 1718 ,

174 1719 303 1758 Johanni
314 1721 346 1751 de
359 1723 462 1758 somery
471 1741 481 1756 ‚
719 1717 835 1748 Roberto
860 1718 891 1746 de
912 1714 1096 1757 Umframvill
1107 1738 1118 1754 ,
1144 1717 1193 1744 Co-

174 1758 314 1797 Radulpho
326 1756 420 1796 Baffi’t
431 1757 463 1786 de
475 1758 619 1793 Drayton‚
787 1758 850 1785 miti
863 1755 894 1785 de
910 1759 1037 1794 Anegos,

180 1796 327 1828 Willielmo
343 1795 368 1826 le
382 1793 497 1825 Botiller
510 1793 542 1823 de
557 1793 645 1822 VVem-
718 1793 846 1833 Johanni
859 1795 892 1824 de
906 1793 1075 1834 Cla-seiyng‚
1108 1829 1134 1857 E

180 1846 327 1905 Wiliineeir’no
342 1872 372 1903 la
391 1871 509 1913 Zousche
529 1870 561 1901 de
582 1871 646 1899 Ha-
719 1833 887 1910 1.ὴοῖἶηῖ
913 1832 1026 1863 Multon
1051 1834 1083 1861 de
1133 1837 1179 1866 ger

245 1911 420 1953 ryngworth,
725 1910 868 1949 Ranalpho
881 1910 912 1940 de
926 1912 1018 1940 Dacre
1026 1933 1037 1950 ,

177 1950 299 1990 Philippo
314 1951 345 1980 de
357 1953 460 1991 Kyme,
725 1952 850 1979 Antonio
866 1949 897 1978 de
912 1952 1004 1989 Lucy,

136 2002 138 2005 ’
180 1991 224 2020 W
223 1988 330 2020 illielmo
347 1989 379 2018 de
391 1991 489 2028 Kyme,
727 1987 856 2027 Johanni
870 1988 902 2017 de
917 1989 1110 2025 Haverington
1118 2010 1129 2026 ‚

181 2027 311 2067 Johanni
325 2027 358 2057 de
372 2027 510 2064 Mohoun,
727 2025 859 2056 Michaeli
874 2027 904 2056 de
920 2028 1131 2064 Haverington,

182 2065 323 2105 Radulpho
337 2066 368 2094 de
382 2068 498 2103 Gurges,
731 2066 855 2094 Andreae
870 2065 901 2094 de
915 2063 1021 2094 Harcla

181 2105 289 2134 Thomae
302 2102 438 2144 Bardolf,
730 2102 870 2141 Ranulpho
881 2103 915 2136 de
930 2087 1045 2142 Nevill',

183 2145 283 2180 Rogero
296 2144 430 2179 Damerr,
729 2144 845 2171 Henrico
859 2140 927 2170 Filio
941 2143 1077 2180 Hugom'r,

185 2184 294 2218 Hugrmi
308 2179 431 2210 Daua'ele
443 2178 573 2218 Juniori,
733 2179 867 2210 Nicholao
880 2180 913 2209 de
930 2179 1047 2219 fllenill,

183 2221 291 2256 Hugoni
304 2217 427 2249 Daudele
442 2220 541 2248 Seniori
550 2239 560 2254 ‚
732 2219 914 2249 Marmaduco
928 2219 959 2248 de
972 2221 1090 2257 Tweng,

186 2260 285 2296 Rogero
299 2258 330 2287 de
339 2260 450 2287 Mortuo
460 2257 541 2286 Mari
553 2254 583 2284 a'e
592 2253 656 2294 Μ’)-
736 2259 779 2287 W
777 2255 882 2286 illielmo
897 2256 921 2286 le
933 2260 1081 2297 Latymer,

247 2306 356 2335 gemor,
731 2295 845 2326 Thomae
866 2295 968 2334 mike,

186 2337 286 2373 Rogero
317 2335 349 2365 de
374 2336 486 2364 Mortuo
516 2333 596 2362 Mari
624 2329 656 2361 de
729 2333 859 2374 Johanm‘
869 2333 1065 2371 Faucumberge
1072 2357 1084 2373 ,

255 2372 339 2403 Chtrk
346 2396 357 2412 ,
733 2371 862 2412 Johanni
874 2372 906 2402 de
921 2371 1060 2402 Cherleton
1068 2395 1080 2411 ,

187 2413 231 2443 W
230 2410 335 2441 illielmo
348 2411 380 2441 de
395 2413 448 2440 ΒΜ
462 2407 599 2440 Hamelak
607 2430 617 2446 ‚
733 2409 840 2441 Falconi
854 2409 878 2440 le
891 2414 1024 2448 Straunge
1032 2433 1042 2450 >

187 2452 232 2480 W
229 2449 335 2479 illielmo
350 2449 416 2479 Filio
430 2447 589 2488 Willielmi‚
735 2448 882 2480 Willielmo
903 2448 933 2479 la
960 2448 1067 2480 Zouche
1089 2448 1122 2479 de
1144 2450 1205 2478 Ax-

185 2487 303 2519 Roberto
315 2489 347 2518 de
363 2490 493 2526 Pirpount
501 2510 512 2526 ,
794 2486 886 2527 fhely,

185 2526 320 2557 Richardo
333 2527 365 2556 de
379 2529 467 2566 Grey,
735 2529 845 2563 Hugoni
859 2528 891 2556 de
905 2525 1024 2565 Nevill,

188 2567 233 2596 W
233 2564 340 2595 illielmo
354 2565 386 2594 de
400 2564 550 2604 Brewosb,
737 2565 867 2604 Johanni
892 2564 923 2594 de
950 2566 1048 2595 Sanc't'o
1073 2564 1209 2603 Johanne

188 2603 305 2634 Roberto
319 2603 387 2633 Filio
402 2602 534 2641 Walteri,
805 2604 837 2633 de
853 2602 976 2643 Bassng,

187 2642 303 2673 Roberto
318 2642 350 2672 de
366 2640 494 2681 Haland,
733 2642 864 2682 Johanni
879 2642 910 2671 de
922 2643 1021 2672 Saudo
1033 2641 1165 2681 Johanne
1179 2641 1211 2672 de

191 2683 328 2711 Mauricio
340 2680 363 2710 le
376 2683 471 2719 Brun,
805 2680 950 2719 Lagham,

191 2719 309 2749 Roberto
323 2719 354 2748 de
369 2717 480 2757 Insida,
496 2737 501 2742 ·
740 2719 870 2759 Johanni
885 2720 916 2749 de
929 2717 1093 2759 Hastynger,

191 2757 319 2796 Johanm·
333 2757 364 2786 de
377 2757 475 2787 Sanei‘o
490 2757 619 2788 Amando
630 2779 640 2795 ,
747 2760 790 2788 W
788 2757 895 2789 illielmo
908 2757 1023 2787 Touchet

196 2795 324 2833 Johanm'
341 2796 374 2825 de
389 2795 482 2834 Sudle,
688 2814 691 2817 Δ
746 2797 850 2827 David
863 2799 960 2826 Comiti
973 2781 1117 2835 Atssoliass

197 2835 313 2862 Henrico
327 2833 357 2862 de
374 2833 540 2873 Cobbeham,
747 2834 882 2876 Stephano
891 2835 924 2865 de
939 2839 1068 2873 Segrave.

199 2870 332 2911 Magistro
345 2871 411 2911 Resb
423 2881 456 2912 ap
470 2871 587 2912 Howel,

509 2998 558 3030 De
571 3006 645 3042 pace
664 2997 876 3043 conservanda.

23 3095 94 3129 Am·
106 3094 148 3126 D·
167 3083 225 3138 R
233 3081 258 3113 E
266 3081 539 3151 {xVicecvomitibus
556 3081 718 3148 Lolndoniae
731 3083 853 3114 salutern.

25 3144 132 3202 23²3:
168 3121 1225 3205 &122aefiattd²itgri÷iitaiffluisrtzttcfittitiiadazi

26 3216 51 3242 Ε,
64 3222 90 3241 2·
105 3183 121 3209 5
167 3207 278 3228 vamina
293 3183 396 3229 divers}
408 3221 419 3237 ,
460 3208 489 3228 er
501 3198 622 3228 diversos
639 3197 837 3229 Malefaecores
852 3222 862 3238 ,
884 3200 917 3230 &
937 3198 1017 3230 Pacis
1033 3199 1137 3229 nostra:
1157 3198 1226 3229 Per-

27 3250 107 3287 31aufi
113 3259 122 3277 ι
128 3258 156 3284 5,
169 3236 339 3275 turbatores,
355 3235 438 3275 Popu
449 3247 468 3266 0
482 3236 580 3266 nostro
593 3237 625 3268 in,
633 3236 742 3267 diversis
757 3236 949 3268 Comitatibus
962 3237 1059 3277 Regni
1074 3237 1161 3268 nostri
1176 3238 1226 3268 ha-

28 3292 54 3315 g·
67 3298 92 3316 ,η
146 3297 147 3300 ¹
171 3275 269 3305 &enus
280 3274 341 3305 sunt
352 3275 423 3305 illata
427 3297 438 3314 ,
457 3284 506 3314 per
516 3284 578 3313 quae
587 3274 710 3313 Populus
721 3274 816 3306 noster
829 3277 999 3316 terrebatur,
1016 3277 1049 3307 &
1059 3276 1116 3307 Pax
1130 3276 1225 3306 nostra

29 3335 60 3355 ,λ
73 3335 118 3363 ,5.-
127 3327 153 3355 d,
169 3313 369 3349 infringebatur
382 3312 542 3343 manifeste:

205 3350 244 3381 Et
259 3361 327 3390 nOS,
343 3351 380 3381 de
394 3349 525 3381 Consilio
537 3350 705 3390 Comitum,
723 3351 886 3391 Baron‘um‚
904 3353 938 3384 &
954 3353 1074 3383 aliorum
1088 3352 1226 3383 Fidelium

168 3389 350 3428 nostrorum,
364 3390 439 3428 juxta
451 3399 502 3419 nos
516 3389 691 3420 existentium
727 3391 949 3422 ordinaverimus
961 3391 995 3421 ad
1008 3391 1122 3422 diversas
1137 3401 1224 3430 partes

169 3429 264 3468 Regni
277 3427 364 3458 nostri
378 3427 498 3463 dirigere
514 3427 631 3458 Gressus
649 3438 688 3458 no
715 3439 759 3459 ros
773 3451 783 3467 ,
809 3429 989 3466 adjustitiam
1011 3431 1044 3461 ἃ
1067 3430 1224 3460 remedium

169 3467 250 3504 super
265 3465 409 3507 praemissis
425 3464 565 3505 facienda,
581 3467 615 3496 &
626 3466 660 3496 ad
674 3467 734 3497 illos
744 3489 754 3506 ,
779 3477 850 3505 quos
865 3467 893 3497 su
914 3478 944 3497 er
958 3468 1116 3505 hujusmodi
1131 3470 1227 3508 culpa-

168 3506 238 3536 biles
253 3505 370 3536 inveniri
384 3504 534 3542 contigerit
543 3526 553 3542 ,
568 3513 650 3540 prout
662 3504 762 3543 decet,
778 3506 881 3544 punien
902 3516 948 3536 os:

172 3581 193 3613 d
208 3543 294 3583 Nos,
310 3544 347 3574 ne
362 3542 466 3573 sinistra
477 3542 594 3580 inspicio
606 3551 641 3572 ex
655 3543 709 3574 hac
724 3544 804 3575 causa
817 3544 950 3576 habeatur
962 3567 973 3584 ,
993 3545 1116 3576 volentes
1131 3546 1230 3583 provi-

193 3592 239 3613 ere

208 3604 300 3651 deis
313 3620 509 3661 praecipimus,
526 3617 641 3649 firmiter
653 3620 846 3660 injungentes,
865 3621 942 3660 quod
957 3621 1067 3660 statim,
1084 3621 1146 3652 vifis
1158 3631 1231 3661 prae-

174 3658 310 3697 sentibus,
325 3668 359 3689 ex
372 3667 448 3698 parte
460 3656 553 3688 nostra
572 3667 622 3696 per
642 3665 730 3689 totam
745 3659 877 3696 Ballivam
892 3659 1033 3698 vestram,
1050 3662 1078 3690 iri
1095 3660 1163 3690 locis
1180 3661 1230 3690 ubi

175 3697 297 3728 videritis
310 3697 456 3737 expedire,
474 3697 586 3735 publice
602 3696 768 3736 proclamari
782 3698 885 3729 faciatis
897 3721 907 3737 ,
931 3698 1007 3738 quod
1027 3709 1078 3728 nos
1091 3709 1151 3729 non
1164 3709 1232 3730 cau-

177 3734 207 3766 sa
220 3735 356 3774 Guerrae,
371 3735 417 3765 seu
430 3735 613 3766 Turbationis
627 3735 656 3764 in
671 3734 776 3773 Regno
789 3736 886 3767 nostro
900 3736 1070 3776 movendae,
1087 3738 1126 3768 set
1139 3737 1173 3768 ad
1186 3738 1233 3776 ju—

177 3773 278 3804 ffitiam
294 3775 327 3804 &
343 3774 499 3804 remedium
511 3774 588 3811 super
602 3772 758 3811 hujusmodi
772 3775 897 3806 facienda
908 3799 919 3813 ‚
942 3773 1186 3806 &QMalefaetoroe
1200 3777 1236 3806 il-

177 3811 221 3880 }ps
233 3812 407 3852 puniendos,
425 3821 510 3850 prout
527 3813 623 3851 decet,
642 3821 690 3851 per
712 3821 800 3852 partes
817 3812 873 3844 illas
891 3814 1035 3854 dirigimus
1049 3812 1166 3844 Greffus
1180 3825 1235 3845 no-

205 3859 266 3887 ros:,
1085 3857 1088 3861 “

219 3887 376 3931 Inliibendo
390 3889 515 3920 districie
556 3898 591 3919 ex
610 3896 687 3929 parte
705 3887 801 3919 nostra
814 3911 824 3928 ,
846 3898 882 3920 ne
896 3890 958 3932 quis
970 3912 981 3928 ,
1005 3889 1054 3919 sub
1065 3889 1237 3922 forisfacstura

182 3933 331 3965 omnium,
347 3937 411 3966 quae
423 3928 506 3958 nobis
519 3912 678 3957 sorisfacere
690 3927 807 3965 poterit,
823 3929 851 3957 in
868 3927 1009 3958 laeiionem
1024 3926 1103 3959 Pacis
1117 3929 1219 3960 nostra:
1229 3953 1239 3968 ,

183 3970 231 3992 aut
242 3970 377 3994 terrorem
389 3988 399 4003 ‚
422 3965 468 3996 seu
482 3967 711 3997 commotionem
729 3964 831 4003 Populi
845 3965 942 4004 Regni
964 3966 1070 4005 nostri,
1086 3969 1237 4006 quicquam

185 4003 346 4037 attemptare
356 4002 500 4040 praesumat
517 4014 635 4044 quoquo
653 4004 761 4042 mod03
779 4004 817 4033 set
835 4005 911 4042 quod
930 4005 1062 4043 quilibet,
1081 4006 1240 4043 cujuscum-

187 4048 245 4078 que
258 4038 348 4069 Status
359 4041 473 4080 existat,
490 4052 543 4083 pro
555 4043 765 4075 conservatione
779 4042 858 4075 Pacis
874 4041 979 4074 nostrae
993 4066 1005 4083 ,
1027 4053 1061 4075 ac
1073 4045 1243 4086 tranquilita-

227 4079 298 4107 Tom.
317 4080 358 4108 Π.
376 4081 409 4109 Ρ.
426 4082 467 4111 ΙΙ.

1256 141 1721 186 PUBLICA.
2227 155 2279 196 ²7

1222 233 1268 264 te,
1287 225 1320 255 &
1335 227 1425 269 quiete
1440 227 1537 266 Regni
1554 229 1587 259 &
1602 228 1705 267 Populi
1722 228 1941 268 praedictorum,
1958 237 2077 259 omnem
2091 227 2281 268 diligentiam,
2295 225 2373 258 Ann.
2385 224 2428 257 D,

1225 274 1310 307 quam
1326 273 1444 302 poterit,
1457 275 1595 305 apponat,
1612 268 1646 298 &
1666 268 1773 299 easdem
1791 268 1897 300 Pacem
1917 269 1950 300 δί
1968 267 2204 307 Tranquilitatem
2224 278 2278 308 pro
2317 274 2389 306 132¹

1225 303 1330 332 Viribus
1343 310 1520 332 manuteneat
1534 305 1567 333 ὅ(
1582 306 1737 336 conservet.

1262 340 1286 369 F
1287 341 1379 383 aciatis
1392 339 1498 376 insuper
1511 362 1521 383 Ι,
1547 351 1580 371 ex
1594 351 1670 380 parte
1683 344 1775 375 nostra
1789 369 1799 384 ‚
1824 355 1873 382 per
1887 352 1976 376 totam
1994 344 2128 375 Pillivam
2142 343 2263 374 vestram
2272 367 2283 383 ,

1225 378 1339 421 publice
1353 378 1517 420 proclamati
1540 380 1576 408 ne
1597 382 1678 420 quis,
1701 383 1842 419 cujuscum
1865 394 1898 414 ue
1919 382 2013 414 Status
2034 385 2077 413 seu
2102 381 2285 413 Conditionis

1225 415 1336 460 existat,
1354 417 1407 460 iub¹
1416 418 1492 455 gravi
1512 416 1687 459 forisfactura
1701 420 1812 459 nostra,
1860 422 1984 460 Qualia,
2002 421 2097 460 Bona,
2115 421 2160 451 seu
2175 420 2283 451 Catalla

1224 454 1336 492 alicujus
1348 464 1438 498 capiat
1472 454 1515 484 vel
1529 459 1664 494 asportet,
1681 459 1782 496 absque
1796 460 1932 490 solutione
1945 460 2037 490 debita
2052 461 2117 489 inde
2128 459 2268 490 facienda:

1266 491 1303 522 Et
1318 502 1416 536 praemi
1442 503 1480 536 a,
1507 493 1575 524 sicut
1590 505 1638 525 vos
1654 496 1817 534 indempnes
1836 499 1997 530 conservare
2016 499 2156 529 volueritis
2170 521 2180 537 ,
2205 497 2284 528 nullo

1226 532 1316 561 modo
1329 539 1471 560 omittatis.

2299 311 2365 334 Ειιυ.
2383 314 2410 331 2·

1226 606 1448 676 veffisssffss,Rege
1462 607 1535 647 apud
1556 608 1844 641 &Vestmonasterium
1858 635 1868 650 ‚
1894 611 2011 643 decimo
2025 614 2126 653 quinto
2145 612 2192 644 ck
2211 612 2282 642 No-

1977 720 2030 748 Per
2044 720 2124 759 ipfitm
2141 723 2246 758 Regem.

1264 790 1377 822 Eodem
1392 790 1482 822 modo
1498 791 1661 822 mandatum
1674 792 1715 823 est
1729 793 1836 834 singulis
1843 794 2070 826 vicecomitibus
2084 807 2130 834 per
2146 796 2287 835 Angliam.

1411 913 1439 940 ’Χῖ
1463 917 1512 949 De
1531 915 1684 966 arestanq'o
1707 916 1907 951 Publicasorcs
1926 921 2105 952 Rumornm.
2306 928 2322 941 ⁴¹
2340 924 2394 952 111.

2308 973 2374 998 902.

1231 1000 1360 1057 REX
1378 999 1485 1039 Majori
1500 1001 1532 1032 &
1546 1000 1774 1032 Vicecomitibus
1789 1003 1967 1042 Londoniae,
1986 1004 2107 1035 salutem.
2311 1009 2386 1039 Anti.
2398 1005 2442 1037 D,

1329 1039 1375 1069 Ad
1397 1038 1526 1069 nostrum
1542 1040 1602 1078 jam
1623 1042 1749 1077 pervenit
1769 1042 1893 1072 auditum
1909 1065 1919 1081 ,
1946 1043 2023 1080 quod
2045 1042 2159 1081 quidam
2180 1042 2289 1074 Subditi
2340 1055 2425 1086 1321.

1228 1076 1334 1116 nostri,
1351 1077 1406 1107 suae
1428 1077 1579 1108 Fidelitatis
1600 1079 1633 1109 ὅ(
1655 1078 1810 1118 Ligeantiae
1825 1081 1994 1111 inmemores
2007 1104 2018 1120 ,
2044 1091 2132 1118 nuper
2149 1081 2242 1120 plura,
2262 1084 2290 1112 in
2306 1090 2356 1113 An.
2380 1093 2423 1120 15.

1229 1115 1334 1154 nostri,
1353 1116 1386 1145 ὃ(
1400 1115 1492 1146 Status
1507 1115 1595 1147 nostri
1608 1117 1729 1147 dedecus
1742 1118 1775 1148 &
1787 1119 1990 1158 obprobrium,
2007 1120 2193 1157 fabricarunt,
2210 1121 2241 1150 ἃ
2257 1131 2288 1150 ea
2307 1129 2335 1150 E.
2362 1133 2387 1150 2.

1228 1162 1278 1190 per
1298 1153 1453 1194 Scripturas
1472 1155 1588 1185 diversas
1603 1156 1631 1185 in
1648 1154 1754 1194 Regno
1775 1156 1874 1186 nostro
1894 1157 2025 1188 miserunt
2043 1159 2232 1196 publicanda,
2254 1168 2287 1189 ex
2307 1161 2443 1197 Claus.15.

1228 1193 1347 1230 quibus,
1365 1193 1384 1223 si
1401 1193 1601 1232 tolerare-ntur,
1620 1203 1679 1223 non
1693 1194 1784 1224 solum
1799 1195 1836 1224 de
1849 1196 1930 1224 nobis
1944 1196 2015 1235 apud
2031 1198 2134 1232 aliquos
2148 1220 2158 1235 ,
2183 1198 2221 1226 iei
2237 1207 2287 1227 ve-
2306 1204 2335 1227 E.
2354 1209 2380 1226 2.
2406 1207 2444 1225 m-

1229 1231 1339 1260 ritatem
1355 1233 1531 1271 ignorantes,
1547 1233 1580 1263 &
1594 1232 1679 1270 alios,
1694 1233 1797 1263 honori
1814 1234 1909 1271 Regio
1922 1233 2062 1263 den-ahere:
2076 1244 2133 1264 ‘ion
2149 1244 2290 1274 verentes,
2308 1247 2354 1275 25.
2369 1237 2394 1265 d.

1231 1269 1419 1308 Scandalum,
1437 1271 1535 1300 verum
1554 1271 1637 1301 etiarn
1653 1270 1794 1302 Turbatio
1815 1271 1895 1302 Pacis
1913 1273 1946 1303 δε
1966 1271 2069 1310 Populi
2090 1273 2176 1302 nostri
2196 1276 2291 1313 <quod

1231 1307 1311 1344 absit)
1327 1308 1439 1347 poffent
1453 1308 1566 1339 forsitan
1579 1309 1700 1340 evenire.

1271 1345 1340 1376 Nos
1352 1370 1362 1385 ,
1385 1347 1512 1377 volentes
1526 1347 1682 1385 hujusmodi
1704 1348 1782 1378 malis
1801 1349 1933 1386 obviare,
1952 1349 1985 1379 &
2002 1348 2143 1379 Autrorec
2155 1349 2187 1379 ὃ(
2202 1349 2298 1381 Publi·

1233 1394 1340 1416 catores
1354 1385 1560 1422 praemifforum
1573 1387 1689 1425 punire,
1705 1396 1789 1425 prout
1803 1387 1882 1418 decet
1891 1410 1902 1426 ,

1271 1423 1361 1453 Vobis
1374 1425 1554 1463 praecipimus
1569 1448 1579 1464 ,
1603 1424 1719 1455 firmiter
1736 1426 1930 1465 injungentes,
1947 1425 2025 1456 cuod
2046 1435 2146 1456 omnes
2159 1427 2191 1456 &
2210 1426 2300 1465 singu-

1234 1461 1296 1500 los,
1316 1472 1387 1499 quos
1403 1463 1474 1492 infra
1488 1463 1621 1494 Ballivam
1636 1463 1756 1493 vestram
1772 1465 1932 1494 inveneritis
1946 1453 2035 1504 alliqua
2048 1488 2056 1501 ,
2084 1475 2148 1501 quae
2162 1466 2192 1494 in
2213 1465 2301 1495 nostri

1235 1499 1355 1531 dedecus
1369 1501 1414 1530 vel
1427 1501 1613 1538 obprobrium
1626 1501 1725 1532 cedere
1737 1512 1887 1541 poterunt,
1901 1503 2070 1541 deferentes,
2083 1504 2129 1532 seu
2142 1512 2191 1541 per
2206 1504 2302 1541 Scrip-

1237 1546 1346 1578 turam,
1365 1539 1409 1569 vel
1428 1540 1484 1569 alio
1501 1540 1593 1570 modo
1613 1539 1785 1578 publicantes
1800 1565 1810 1580 ‚
1834 1542 1890 1572 sine
1903 1541 2037 1572 dilatione
2056 1541 2147 1579 aliqua
2163 1542 2304 1581 arestetis,

1237 1578 1270 1607 &
1283 1587 1346 1616 eos,
1366 1578 1419 1607 una
1436 1587 1503 1607 cum
1518 1578 1595 1608 causa
1609 1578 1789 1609 Arestationis
1803 1580 1972 1609 eorumdem
1981 1602 1992 1619 ‚
2006 1579 2041 1610 ad
2062 1589 2114 1610 nos
2126 1579 2203 1611 salvo
2216 1581 2248 1612 &
2262 1581 2303 1611 se-

1237 1616 1305 1646 cure
1322 1617 1451 1654 mittatis,
1469 1617 1541 1653 juxta
1552 1626 1653 1646 eorum
1667 1617 1800 1647 demerita
1814 1618 1984 1657 puniendos:

1277 1653 1314 1684 Et
1329 1655 1387 1685 hoc
1396 1677 1406 1692 ,
1421 1655 1491 1684 sicut
1504 1665 1554 1686 vos
1568 1656 1601 1687 δε
1621 1654 1713 1686 vestra
1732 1656 1899 1694 indempnes
1913 1656 2021 1687 servare
2034 1657 2193 1697 volueritis,
2211 1657 2307 1689 modis

1240 1692 1373 1724 omnibus
1385 1693 1499 1724 faciatis.

1277 1769 1366 1801 Teste
1380 1770 1463 1810 Rege
1475 1770 1549 1809 apud
1564 1769 1784 1812 Rumfordiam,
1800 1772 1916 1804 decimo
1930 1772 2037 1804 ottavo
2057 1772 2103 1803 die
2120 1771 2306 1804 Novembris.

1890 1852 1945 1878 Per
1958 1848 2040 1889 isasusn
2054 1852 2159 1887 Regem.

1244 1924 1395 2005 grEOdem
1419 1924 1511 1956 modo
1535 1925 1700 1957 mandatum
1725 1925 1766 1957 est
1788 1926 1898 1965 singulis
1922 1925 2151 1958 Vicecomitibus
2173 1936 2224 1966 per
2246 1926 2310 1957 An-

1273 1975 1337 1995 lam.

1351 2089 1401 2120 De
1421 2087 1591 2131 Condufin,
1614 2099 1670 2135 pro
1690 2087 1896 2122 Servientibus
1914 2089 2061 2133 Comitiffie
2078 2088 2114 2122 de
2134 2088 2216 2139 Fyfe.

1249 2172 1379 2227 REX
1397 2174 1533 2205 omnibus
1553 2173 1664 2205 Ballivis
1684 2175 1717 2205 &
1733 2173 1859 2205 fidelibus
1875 2175 1927 2206 suis
1941 2197 1952 2214 ,
1974 2176 2033 2206 tam
2049 2175 2119 2206 infra
2136 2173 2310 2211 Libertate,
2328 2176 2403 2208 Arm.
2421 2175 2461 2206 D,

1316 2213 1401 2252 quam
1414 2221 1506 2251 extra,
1525 2213 1559 2243 ad
1573 2223 1660 2253 quos,
1679 2214 1738 2244 &e
1755 2213 1877 2244 salutem.
2353 2225 2438 2257 1321.

1284 2248 1382 2289 Cum,
1399 2251 1500 2281 dilecta
1522 2251 1627 2289 Neptis
1648 2252 1742 2282 nostra
1757 2275 1767 2290 ‚
1792 2251 1883 2282 Maria
1899 2250 2051 2283 Comitissa
2071 2251 2108 2282 de
2129 2251 2199 2291 Fyfe
2212 2274 2223 2290 ,
2247 2260 2313 2290 quae
2333 2259 2384 2283 An.
2405 2265 2414 2282 i
2421 2264 2449 2290 5.

1246 2297 1372 2328 moratur
1386 2290 1413 2319 in
1430 2289 1543 2328 Scotia,
1565 2291 1657 2320 mittat
1674 2289 1839 2321 Robertum
1858 2290 1993 2330 Romayn
2009 2313 2019 2329 ,
2045 2291 2078 2321 ὃς
2093 2290 2226 2329 quosdam
2247 2291 2315 2320 alios
2334 2299 2363 2322 Ε.
2387 2302 2414 2321 2.

1247 2326 1404 2357 Servientes
1416 2327 1476 2357 suos
1488 2328 1524 2358 de
1537 2328 1652 2367 Scotia,
1671 2329 1756 2367 usque
1767 2328 1924 2360 Civitatem
1941 2329 2068 2359 nostram
2084 2328 2261 2367 Londoniae,
2278 2328 2315 2360 ad
2335 2337 2390 2360 Par.
2409 2341 2418 2359 i
2423 2340 2454 2367 5.

1249 2363 1379 2404 Panum,
1394 2365 1521 2404 jocalia,
1539 2367 1572 2397 ὅ(
1589 2367 1638 2397 alia
1653 2390 1662 2405 ,
1689 2377 1754 2405 quae
1774 2377 1827 2406 pro
1843 2365 1965 2397 Camers
1985 2368 2067 2407 ipsius
2088 2367 2248 2398 Comitiffae
2264 2377 2316 2397 ne·
2334 2376 2364 2399 Ε.
2388 2380 2414 2400 2.

1249 2405 1364 2472 cessarciia
1377 2404 1516 2473 egistunt,
1534 2405 1568 2435 ad
1584 2415 1655 2443 opus
1674 2405 1796 2444 ejusdem
1811 2404 1975 2437 Comitiffae
1989 2428 2000 2444 ,
2023 2405 2131 2436 ibidem
2150 2405 2271 2437 emenda
2284 2406 2318 2437 δί
2335 2417 2361 2448 p.
2381 2419 2405 2437 1.

1270 2453 1333 2473 rom
1353 2452 1387 2472 en
1409 2453 1438 2473 a:
2339 2459 2374 2478 m.
2414 2468 2420 2475 ‚

1249 2454 1268 2481 p
1290 2481 1382 2512 Vobis
1398 2481 1560 2512 mandamus
1576 2481 1654 2519 quod
1675 2482 1767 2513 eidem
1783 2482 1919 2513 Roberto
1935 2505 1945 2521 ‚
1972 2490 2020 2513 aut
2041 2482 2231 2514 Servientibus
2250 2491 2322 2523 prae-
2391 2457 2407 2483 9

1253 2520 1335 2551 dic‘tis
1348 2543 1358 2559 ,
1382 2521 1409 2550 in
1425 2520 1521 2550 eundo
1540 2520 1632 2550 versus
1653 2519 1807 2551 Civitatem
1825 2521 1988 2561 praeditftam
2004 2544 2014 2560 ,
2039 2521 2145 2552 ibidem
2167 2521 2325 2560 morando,

1253 2561 1287 2590 &
1299 2558 1399 2589 exinde
1412 2560 1496 2598 usque
1513 2559 1639 2589 Scotiam
1658 2559 1803 2590 redeundo
1818 2583 1828 2598 ,
1854 2570 1913 2590 non
1937 2560 2074 2599 inseratis,
2094 2562 2140 2591 seu
2153 2583 2164 2600 ,
2183 2568 2323 2598 qnantum

1256 2599 1285 2628 in
1302 2599 1385 2628 vobis
1399 2597 1456 2636 est,
1474 2598 1510 2628 ab
1523 2598 1580 2628 aliis
1594 2599 1689 2628 inferri
1705 2599 1869 2638 permittatis
1883 2600 2029 2637 injuriam,
2044 2599 2325 2637 molestiam,damp-

1257 2646 1344 2675 num,
1363 2637 1599 2674 impedimentum
1613 2636 1727 2674 aliquod
1741 2637 1786 2668 seu
1803 2647 1975 2676 gravamen,
1992 2638 2042 2675 ὃς,
2061 2638 2081 2668 fi
2104 2638 2172 2675 quid
2187 2639 2225 2667 eis
2244 2636 2328 2667 foris-

1258 2675 1366 2705 factum
1386 2677 1484 2713 fuerit,
1503 2675 1531 2706 id
1545 2676 1600 2713 eis,
1618 2675 1674 2705 sine
1689 2675 1822 2706 dilatione
1857 2676 1961 2706 faciatis
1977 2676 2145 2712 emendari„

1297 2712 1331 2743 In
1345 2714 1440 2753 cujus,
1459 2715 1519 2745 &c.
1536 2713 1618 2753 usque
1633 2714 1667 2744 ad
1686 2714 1803 2745 Festum
1821 2699 1934 2745 Paschae
1953 2716 2090 2753 proximo
2105 2715 2232 2746 futurum
2246 2714 2328 2745 dura-

1261 2760 1348 2783 turas:
1877 2772 1882 2776 ·

1301 2790 1419 2821 Proviso
1433 2791 1510 2831 quod
1525 2791 1602 2822 idern
1610 2790 1773 2830 Robertus,
1791 2799 1838 2822 aut
1851 2790 2008 2821 Servientes
2022 2791 2166 2830 praedidti,
2185 2790 2280 2831 Equos
2293 2790 2329 2821 ad

1264 2830 1367 2867 Arma,
1385 2829 1430 2860 seu
1452 2830 1611 2861 Armaturas
1630 2830 1732 2867 aliquas
1752 2829 1837 2867 usque
1852 2829 2017 2869 praedietam
2036 2831 2156 2861 Terram
2171 2830 2277 2862 Scotiae
2290 2830 2331 2860 se-

1265 2878 1333 2899 cum
1346 2878 1406 2898 non
1419 2868 1538 2907 ducant,
1557 2868 1603 2899 seu
1616 2867 1685 2899 duci
1702 2869 1803 2899 faciant
1818 2869 1918 2907 quovis
1932 2867 2032 2898 modo.

1303 2944 1393 2976 Teste
1409 2945 1491 2986 Rege
1504 2944 1578 2985 apud
1592 2944 1724 2984 Illeford,
1742 2945 1878 2977 vicesimo
1893 2946 1996 2985 quinto
2010 2945 2055 2977 die
2067 2946 2255 2978 Novembris.

1305 3024 1359 3052 Per
1370 3021 1452 3062 ipfitm
1463 3025 1558 3062 Regem
1565 3047 1576 3063 ,
1593 3025 1740 3053 nunciante
1750 3022 1866 3053 Ricardo
1878 3023 1910 3054 de
1923 3025 1960 3053 A
1951 3034 2102 3065 yremynne.

1555 3150 1604 3181 De
1620 3146 1707 3195 Jure
1724 3151 1815 3197 Regio
1833 3146 2058 3182 manutenendo.

1271 3236 1319 3298 P
1329 3235 1388 3268 ΑΡ
1398 3235 1439 3266 AE
1458 3233 1524 3265 Rex
1537 3233 1640 3266 devota
1654 3234 1759 3273 pedum
1773 3235 1866 3266 oscula
1877 3235 2034 3264 beatorum.

1357 3275 1465 3305 Vestrae
1478 3274 1638 3304 Saiie‘iitatis
1655 3274 1774 3314 Apices,
1793 3275 1890 3311 nobis,
1913 3271 2135 3315 ,101Venerabili
2148 3270 2246 3315 Patre,
2266 3269 2332 3300 Do·
2375 3287 2460 3318 1321,

1273 3315 1355 3344 mino
1367 3312 1513 3344 Galhardo
1527 3336 1536 3350 ,
1560 3312 1619 3342 Dei
1637 3313 1724 3350 gratia
1737 3336 1746 3350 ‚
1771 3311 1882 3341 Sanetae
1904 3283 2002 3341 lliuciae
2024 3311 2052 3340 in
2073 3310 2174 3341 Scilice
2196 3311 2331 3352 Diacono
2351 3321 2403 3344 An.
2423 3325 2466 3352 ¹5·

1273 3352 1432 3392 Cardinali,
1451 3361 1540 3390 nuper
1553 3351 1693 3390 dire6ios,
1710 3359 1866 3381 reverenter
1879 3359 1911 3380 ac
1926 3350 1992 3379 laeto
2004 3349 2082 3379 vultu
2101 3350 2271 3387 recepimus,
2289 3357 2333 3377 in·
2351 3359 2380 3382 E.
2402 3365 2417 3382 2

1271 3399 1312 3421 ter
1328 3400 1427 3422 caetera
1440 3391 1615 3421 continentes
1629 3389 1704 3429 quod
1720 3413 1729 3428 ‚
1755 3399 1822 3419 cum
1838 3387 1914 3418 idem
1928 3387 2083 3418 Cardinalis
2098 3386 2281 3416 Praebendam
2297 3385 2333 3415 de
2351 3398 2421 3422 Rom.
2442 3401 2484 3428 ¹5—

1274 3429 1384 3460 Milton
1400 3431 1477 3467 (quae
1489 3428 1654 3468 aliquando,
1670 3437 1799 3468 tanquam
1813 3426 1944 3464 Capella,
1960 3427 2098 3465 pertinens
2112 3433 2169 3454 erat
2181 3423 2215 3468 ad
2230 3424 2332 3455 Eccle-
2352 3437 2382 3460 Ε,
2405 3442 2431 3461 2,

1273 3469 1339 3499 siam
1361 3467 1572 3498 Praebendalem
1598 3467 1634 3497 de
1655 3466 1681 3496 A
1702 3467 1810 3504 lesbury
1825 3489 1835 3504 ,
1858 3466 1887 3495 in
1911 3463 2035 3494 Ecclesia
2060 3463 2251 3506 Lincolnienli
2268 3486 2278 3501 ‚
2299 3463 2333 3493 &
2351 3480 2387 3499 m,
2405 3480 2449 3499 η,

1273 3506 1456 3545 postmodum
1471 3506 1651 3543 auctoritate,
1700 3506 1759 3535 licis
1773 3503 1971 3545 recordationis
1980 3525 1989 3540 ,
1999 3501 2135 3531 Nicholai
2144 3500 2229 3539 Papae
2238 3501 2334 3540 Qar-

1274 3548 1312 3583 ti‚
1332 3545 1542 3575 Praedecefforis
1557 3543 1659 3581 vestri,
1677 3544 1713 3573 ab
1729 3543 1824 3572 eadem
1840 3542 1925 3572 divisa
1938 3563 1947 3578 ,
1971 3549 2105 3584 ¹tanquam
2125 3538 2281 3583 Praebenda
2293 3539 2334 3569 se-

1274 3584 1386 3623 parata)
1403 3592 1433 3614 ut
1447 3583 1483 3613 sic
1495 3583 1645 3622 separatam
1662 3582 1696 3612 &
1713 3581 1826 3611 divisam
1839 3580 1988 3619 optinuerit
2003 3588 2017 3607 a
2030 3587 2087 3616 jam
2103 3577 2169 3622 ‘³¹⁰2
2255 3616 2260 3622 ¹

1314 3621 1436 3660 Nosque
1450 3621 1555 3651 dietam
1576 3619 1763 3650 Praebendam
1784 3619 1820 3649 de
1840 3617 2008 3656 Aylesbury,
2027 3626 2094 3647 cum
2112 3626 2143 3646 ea
2162 3624 2335 3659 integritate,

1274 3671 1360 3701 quam
1373 3660 1472 3690 habuit
1484 3669 1548 3690 ante
1556 3658 1733 3688 Divifionem
1748 3656 1910 3696 prxdiCcam
1919 3678 1928 3693 ,
1945 3663 2078 3693 tanquam
2092 3665 2177 3685 unam
2188 3677 2197 3691 ,
2214 3655 2247 3686 &
2282 3658 2337 3686 uaii

1277 3708 1421 3738 nunquam
1433 3697 1518 3728 divisa
1529 3696 1639 3734 fuisset,
1657 3696 1857 3725 contulerimus
1874 3694 1932 3731 jam
1952 3692 1988 3723 de
2009 3702 2089 3723 novo
2104 3716 2113 3731 ,
2140 3692 2249 3723 dictam
2284 3693 2336 3724 ivi-

1277 3738 1384 3767 sionem
1397 3737 1437 3766 ob
1452 3737 1637 3766 reverentiam
1657 3733 1778 3765 vestram
1799 3731 1936 3772 impedire
1956 3731 2001 3763 vel
2021 3731 2172 3771 infringere
2183 3732 2338 3763 nuliatenus

1277 3776 1504 3850 labssrledngtissaque
1518 3819 1585 3841 curn
1604 3809 1775 3841 Reverentia
1796 3808 1888 3839 vestra
1902 3808 2070 3846 loquamur,
2088 3818 2149 3839 non
2169 3809 2300 3846 miretur,
2316 3808 2336 3838 si
2356 3809 2372 3824 ⁸⁸
2394 3808 2448 3835 ΙΙΙ.
2498 3825 2499 3828 ,

1279 3851 1386 3891 placet,
1402 3850 1491 3880 vestra
1507 3848 1652 3879 Beatitudo
1665 3871 1676 3886 ,
1701 3848 1782 3878 Pater
1795 3847 1899 3878 Sanete
1913 3869 1923 3885 ,
1946 3847 1967 3876 sl
1986 3846 2177 3879 Praebendarn
2191 3847 2227 3878 de
2243 3847 2339 3886 Ayies-
2356 3855 2424 3882 903.

1280 3893 1367 3928 bury,
1385 3890 1413 3918 in
1427 3887 1553 3918 Eccleiifi
1568 3887 1759 3917 Lincolniensi
1807 3895 1875 3916 cum
1898 3895 1929 3915 ea
1943 3886 2102 3923 integritate
2147 3885 2203 3925 qua
2216 3886 2339 3917 conferri

1279 3928 1364 3966 solet,
1382 3927 1488 3957 dileeto
1502 3925 1618 3968 Clerico
1631 3924 1747 3963 nostro,
1766 3908 1904 3964 Magistro
1918 3923 2052 3955 Roberto
2065 3924 2103 3955 de
2116 3909 2223 3956 baldok
2236 3933 2341 3955 contu-

1282 3968 1396 3998 lerimus
1410 3965 1504 4004 Regio
1515 3974 1578 4002 jure
1590 3963 1699 3994 nostro.
2286 3999 2290 4004 ι
2325 3996 2337 4006 Λ

1322 4004 1423 4035 Delata
1436 4012 1559 4040 namque
1571 4003 1681 4032 auribus
1695 4001 1793 4032 nostris
1806 4000 1955 4032 Divisione
1972 4001 2089 4040 quadam
2098 4025 2108 4041 ,
2126 4000 2201 4033 faeta
2214 4000 2250 4030 de
2262 3997 2340 4041 dieta

1283 4041 1458 4080 Praebendi,
1473 4042 1635 4074 auctoritate
1647 4040 1740 4080 Regia
1755 4063 1765 4079 ,
1789 4050 1852 4109 qtbae
1872 4040 1900 4070 in
1917 4050 1947 4071 ea
1961 4049 2038 4078 parte
2052 4042 2213 4082 requiritur,
2230 4044 2342 4106 penirtgs-

1863 4088 1882 4109 2
2270 4084 2289 4114 p
2339 4108 2341 4110 ,

2351 3238 2427 3270 Ann.
2441 3237 2484 3269 D.·
