2562 4279
8 257 85 288 Arm.
95 256 134 287 D.

6 304 120 361 2:3²5·

2 927 70 958 Ann
94 927 134 959 D.

0 975 112 1034 23²3:

0 1048 23 1072 E
54 1053 68 1071 2

0 1066 87 1119 Csauj‘.
94 1092 103 1109 r
112 1104 119 1109 .

0 1167 34 1186 m.
52 1159 135 1195 32.d.

0 3008 128 3044 ‘1V.92.

705 172 812 213 ET
900 167 1164 211 ACTA

152 259 266 288 ottreier
279 281 288 296 ,
307 268 342 288 ne
359 257 540 296 respoundre·,
558 258 590 289 &
606 256 700 288 nostre
712 256 838 295 Meliage
848 280 857 295 ,
873 257 921 297 qui
937 254 1019 286 estoit
1037 263 1073 284 en
1086 252 1113 283 sa
1126 260 1209 281 com-

153 297 270 340 paigne,
288 295 325 326 Li
338 297 379 327 dit
393 298 465 327 Rois
478 307 513 327 ne
527 297 609 326 veleit
624 306 705 333 veer,
726 295 879 332 n’escuter;
1103 329 1108 334 ,

192 334 266 365 hinz
283 336 313 365 ni
330 344 375 366 eut
387 344 446 366 tant
461 346 473 365 r
508 335 556 365 ard
569 345 584 364 a
598 343 657 364 noz
672 333 763 364 offrez
778 334 810 363 &
824 331 978 370 Requestes
998 327 1160 364 avantdites,
1173 335 1209 356 ne

153 382 167 402 a
183 373 220 403 les
236 373 395 405 Alliaunces
407 375 440 404 ὃ(
456 374 481 403 Α
515 373 614 410 nitees,
633 374 680 410 qui
696 371 758 402 sont
773 380 851 402 entre
863 380 950 407 nous,
966 368 1102 409 pendante
1113 366 1155 409 sur
1171 364 1208 394 les

151 411 222 442 dites
238 412 332 442 choses
347 413 410 442 tiele
423 412 574 442 Parlaunce
588 410 642 448 (de
659 411 682 440 la
698 411 778 448 quele
790 419 861 439 nous
873 407 977 438 fiasmes
990 413 1064 442 tant,
1083 414 1145 434 auxi
1157 411 1209 432 co—

151 459 199 480 me
214 460 286 486 nQus
299 451 415 481 semblat
427 460 462 489 qe
474 460 545 480 nous
559 449 704 487 devioms,
723 458 794 478 nous
809 458 844 477 ne
863 445 990 489 meismes
1005 445 1084 474 force
1099 452 1133 472 en
1146 440 1208 470 nos-

152 497 193 518 tre
207 489 263 519 dite
280 489 420 524 Duchee)
438 490 463 519 le
477 488 517 518 dit
539 487 600 518 Roi
619 487 653 517 ad
674 495 781 517 enveez
796 508 806 524 ,
827 495 863 515 en
889 483 1004 526 meisme
1022 483 1046 513 la
1070 479 1211 517 Dudaee,

150 535 231 565 grant
242 527 365 565 efforce,
378 528 417 558 &
429 537 446 566 y
460 526 493 557 ad
508 535 655 564 occupez,
674 525 715 555 sur
730 533 817 558 nouS,
826 522 937 559 Citees,
953 519 1209 565 Villes2Chasteux,

151 566 185 596 &
200 566 302 596 Terres
317 566 436 604 plusurs⁷
454 565 503 602 &‚
523 564 558 594 de
574 565 633 594 'our
646 574 681 593 en
694 571 786 599 autre,
803 562 840 590 s’a
854 560 933 591 force
945 570 961 590 a
974 568 1007 590 ce
1020 560 1105 595 faire,

191 603 242 634 Par
253 606 316 644 quei
332 604 357 633 le
370 604 411 634 dit
425 603 486 633 Roi
501 602 538 633 de
579 611 682 632 raunce
697 611 732 630 ne
746 607 813 637 poet
821 598 960 629 susmettre
974 608 989 627 a
1004 607 1075 628 nous
1088 596 1209 640 elefanto,

154 642 294 673 desicome
307 651 377 672 touz
389 643 460 679 jours
476 641 602 679 fuismes,
619 640 724 677 sumeS,
744 640 776 670 &
789 637 906 668 serroms
919 636 1013 675 prestz
1025 647 1041 667 a
1059 636 1128 666 faire
1142 646 1158 666 a
1171 635 1209 673 li,

154 690 226 719 quan
247 691 301 722 que
317 680 381 711 faire
395 679 536 710 deuroms.

177 804 237 839 Ad
251 808 359 852 Regem
376 805 555 851 Αᾼνιιζωιιίιε,
574 812 629 847 pro
662 799 793 844 Subfidio
821 803 991 834 Hominum
1019 798 1064 832 ad
1087 799 1191 833 Arma

472 859 574 883 contra
600 852 709 896 Regem
733 852 876 883 Franciae.

153 938 365 1000 MAgnifico
380 936 476 968 Princi
499 937 522 974 i,
540 935 676 966 Domino
685 934 815 974 Jacobo,
835 935 891 966 Dei
908 935 995 972 gratia
1009 957 1018 973 ,
1043 934 1212 978 Aragoniae,

249 977 403 1014 valentiae,
421 975 469 1006 Sar
491 976 572 1012 iniae,
591 975 624 1006 &
640 973 785 1005 Corsichae
802 974 878 1013 Regi
894 973 996 1004 Illustri
1012 984 1018 1003 :
1040 971 1211 1010 Comitique

152 1015 367 1052 Barchinoniae3
381 1023 414 1044 ac
430 1014 544 1045 Sandtae
559 1013 703 1044 Romanae
718 1012 851 1043 Ecclesiae
866 1012 1033 1051 Vexillario,
1052 1011 1212 1048 Admirat03

152 1055 186 1086 &
198 1054 353 1092 capitaneo
367 1052 519 1091 Generali,
538 1051 758 1090 Consanguineo
772 1051 821 1082 suo
842 1052 984 1082 carissimo
999 1074 1009 1089 ,
1041 1049 1212 1091 Edwardus,

151 1093 278 1161 εῄυῑάειέζ
285 1090 385 1159 gfrzlatifi,
402 1092 462 1123 &c.
482 1091 626 1129 Salutem,
645 1091 678 1122 &
692 1090 848 1130 successus,
866 1092 972 1129 semper
983 1089 1018 1119 ad
1032 1096 1114 1126 vota,
1133 1090 1211 1127 prol-

172 1140 232 1162 eros
304 1140 319 1159 e
330 1140 394 1160 ices.

151 1142 170 1172 p
190 1169 327 1207 Qanto,
343 1168 407 1199 Rex
419 1168 534 1207 inclite,
552 1169 653 1199 interni
671 1168 773 1198 amoris
795 1166 902 1197 foedera
915 1189 925 1205 ,
949 1167 1020 1195 inter
1039 1164 1158 1208 vestram
1177 1164 1210 1194 &

150 1207 276 1238 nostram
291 1206 406 1239 Domos
421 1207 541 1248 Regias,
560 1216 593 1237 ex
607 1207 764 1245 propinqua
778 1205 827 1235 Co
847 1205 967 1235 nationis
990 1203 1211 1240 neceffitudlne,

147 1255 163 1275 a
179 1246 268 1284 longis
283 1248 359 1276 retro
375 1246 549 1283 temporibus
568 1244 720 1276 recolimus
733 1245 809 1283 vigui
835 1253 866 1282 e,
881 1253 933 1281 eo,
951 1242 987 1273 de
999 1241 1100 1272 vestrae
1123 1241 1210 1272 Celsi-

145 1283 248 1315 tudinis
260 1284 469 1324 benivolentia,
486 1284 605 1322 pleniori
618 1283 726 1314 fiducia*
734 1283 942 1326 supportarunt,
958 1280 1039 1325 quod
1046 1303 1056 1319 ,
1065 1290 1126 1326 *pro
1139 1290 1211 1310 con—

145 1322 279 1353 servando
295 1322 392 1354 nostro
407 1323 516 1354 honore
528 1323 643 1360 Regio,
661 1322 694 1352 &
709 1320 925 1352 Adversantium
939 1320 1021 1349 nobis
1032 1329 1136 1358 injuriis
1143 1328 1211 1359 pro-

146 1361 300 1400 pulsandis,
319 1362 400 1392 nobis
416 1362 577 1402 propensius
598 1361 691 1393 velitis
712 1359 831 1392 affistere
844 1382 855 1398 ‚
872 1360 906 1391 &
926 1359 955 1388 in
975 1358 1210 1398 oportunitatibus

143 1399 299 1431 fiducialius
313 1410 399 1440 opem
414 1400 494 1431 ferre.

182 1437 265 1470 Cum
280 1439 370 1478 itaque
386 1437 533 1468 Dominus
550 1437 690 1475 Karolus,
710 1436 839 1467 Franciae
855 1436 888 1467 δε
902 1434 1044 1479 Navarrae
1056 1434 1137 1472 Rex,
1160 1474 1165 1479 .

180 1476 230 1507 De
243 1478 320 1515 cujus
332 1476 488 1515 Amicitia,
506 1477 547 1507 ob
561 1475 726 1514 multiplicia
743 1474 1002 1513 Consanguinitatis
1022 1474 1055 1504 ὃς
1076 1473 1210 1504 Affinita-

145 1515 182 1545 tis
199 1515 328 1554 vincula,
346 1517 417 1546 inter
432 1526 484 1546 nos
501 1516 534 1546 δε
549 1515 638 1555 ipsum
652 1513 798 1545 existentia
813 1537 823 1552 ,
847 1523 880 1543 ac
903 1512 1012 1556 Pacum
1031 1513 1064 1544 ὃς
1088 1511 1210 1556 diversa-

144 1563 210 1598 turn
226 1553 430 1598 A'lligationum
444 1554 601 1591 firmitates,
619 1554 691 1584 inter
705 1562 757 1583 nos
778 1553 811 1583 ὃς
832 1551 913 1590 ipsius
933 1550 1022 1590 Regis
1042 1550 1210 1589 Progenito-

145 1602 189 1623 res
203 1600 333 1623 initarum

143 1630 258 1669 plenam
271 1615 472 1662 confidentiam
486 1631 678 1669 habebamus,
697 1629 771 1660 nulla
790 1628 978 1658 Diffidatione
998 1627 1138 1665 praemissa
1149 1650 1158 1666 ,
1178 1637 1209 1658 ut

143 1670 313 1701 consuetum
328 1669 369 1700 est
383 1669 451 1708 fieri,
1162 1705 1167 1710 ,

181 1707 330 1739 Ducatum
352 1708 482 1740 nostrum
506 1707 672 1746 praedietum
687 1729 697 1745 ,
723 1706 756 1737 &
773 1705 835 1736 alias
854 1704 956 1735 Terras
982 1703 1087 1735 nostras
1100 1727 1109 1742 ,
1129 1704 1211 1734 misso

167 1746 243 1778 randi
260 1746 429 1786 Excercitu,
452 1746 488 1777 de
508 1745 622 1776 Guerrfi
642 1745 739 1783 satagat
760 1753 898 1780 occupare
913 1766 923 1782 ,
948 1752 999 1773 nos
1011 1765 1021 1781 ,
1046 1744 1079 1774 &
1099 1742 1210 1775 nostros

170 1786 280 1817 ubditos
293 1785 401 1816 ibidem
435 1784 608 1824 rosequendo
623 1783 759 1813 hostiliter
775 1783 808 1813 &
821 1781 981 1821 gravando,
1000 1791 1060 1812 non
1079 1781 1210 1820 Causam,

144 1825 183 1856 set
196 1824 387 1856 Occasionem
402 1795 498 1854 fipctam
514 1822 653 1853 assumens
667 1831 701 1851 ex
714 1819 826 1851 defectu
853 1819 993 1859 Homagii
1016 1843 1026 1858 ,
1050 1820 1127 1860 quod
1143 1820 1210 1858 sibi,

145 1864 181 1893 ad
198 1863 383 1903 Qindenam
397 1861 470 1892 Festi
484 1860 647 1892 Nativitatis
661 1859 901 1898 Sanc'tijohannis
916 1858 1047 1896 Baptistte
1067 1861 1210 1898 praeteriti,

148 1911 166 1932 a
180 1903 262 1932 nobis
272 1901 410 1942 praestari‚
432 1908 463 1931 ut
476 1899 582 1938 assen‘t,
601 1898 754 1936 debuisset,

182 1940 367 1981 Quamquam
380 1941 459 1980 super
473 1939 548 1977 hoc,
566 1939 596 1968 in
611 1937 693 1969 dieto
707 1937 841 1975 Ducatu,
858 1945 889 1966 ut
911 1935 1130 1979 Antecefforum
1146 1935 1209 1966 suo-

144 1988 210 2009 rum
224 1980 399 2018 temporibus
417 1978 520 2009 solebat
531 1978 609 2016 fieri,
627 1977 672 2008 seu
684 1975 760 2014 alibi,
779 1985 840 2006 non
853 1975 1053 2014 fuissemus,ex
1069 1984 1146 2016 parte
1153 1974 1209 2014 sua,

145 2017 183 2047 ali
205 2018 298 2048 ualiter
311 2018 406 2049 debite
421 2017 598 2056 praemuniti:
868 2052 885 2055 ἡ

212 2057 434 2087 tnichilominus
447 2058 529 2087 nobis
542 2054 694 2094 Acceffus,
711 2052 745 2086 ad
758 2053 848 2093 ipsum
862 2054 994 2095 Regem,
1020 2055 1055 2086 ad
1077 2055 1155 2086 diem
1174 2054 1207 2086 il-

144 2092 225 2130 lum,
242 2102 315 2125 tutus
329 2105 389 2126 non
403 2096 508 2134 patuit,
525 2105 562 2125 eo
576 2094 656 2133 qued
670 2094 748 2124 idem
762 2095 828 2124 Rex
842 2095 979 2131 grandem
1003 2093 1183 2124 Excercitum
1198 2117 1209 2132 ,

144 2132 179 2162 ad
196 2131 390 2169 Equitandum
404 2141 503 2163 contra
518 2143 570 2164 nos
584 2133 621 2163 de
635 2131 764 2170 Guerrfi,
781 2139 851 2163 tunc
865 2132 965 2163 fecerat
980 2142 1036 2162 con
1057 2133 1142 2172 regari
1150 2155 1161 2172 ,
1173 2133 1208 2163 ad

144 2179 198 2200 nos
210 2170 243 2201 &
257 2170 390 2201 Subditos
403 2171 514 2202 nostros
529 2172 558 2201 in
571 2170 688 2201 Ducatu
702 2170 859 2209 praedieto,
876 2180 1022 2210 expugnati
1045 2181 1103 2201 um.

184 2207 223 2238 Et
238 2209 304 2240 licet
316 2220 383 2248 nos,
400 2219 437 2240 eo
451 2217 585 2248 praetextu
594 2233 603 2246 ‚
622 2209 657 2240 ad
671 2208 753 2246 ipfius
767 2208 855 2248 Regis
865 2209 1038 2250 praesentiam
1052 2210 1143 2249 plures
1165 2209 1208 2240 so·

145 2245 273 2286 lempnes
287 2247 424 2279 Nuncios
434 2248 678 2279 destinaverimus:
698 2247 866 2287 requirendo
885 2247 1026 2278 humiliter
1049 2257 1079 2279 ut
1097 2248 1208 2279 dietum

144 2282 331 2316 Excercitum
345 2286 426 2317 suum
442 2296 575 2318 revocare
589 2286 761 2325 dignaretur:
781 2282 940 2316 offerendo
957 2296 1008 2316 nos
1020 2295 1138 2326 paratos
1152 2287 1209 2317 esse

146 2324 181 2354 ad
198 2323 372 2355 subeundum
384 2325 531 2364 Judicium
546 2324 661 2355 Parium
678 2323 776 2354 Curiae
791 2324 860 2362 suae,
881 2324 900 2354 fi
914 2334 997 2363 quam
1019 2325 1096 2355 idem
1116 2325 1181 2355 Rex
1196 2349 1206 2364 ,

145 2363 255 2392 ratione
268 2362 399 2394 Ducatsis
410 2363 555 2401 praedicti,
573 2371 673 2393 contra
684 2372 738 2394 nos
753 2361 867 2393 haberet
884 2362 1103 2401 Qiaestionem:
1122 2365 1209 2401 &pe-

143 2401 234 2430 tendo
250 2402 348 2440 quod,
366 2410 501 2433 revocato
513 2402 594 2433 dic‘to
609 2401 778 2440 Excercitu,
798 2401 880 2431 nobis
894 2411 990 2432 certos
1011 2401 1088 2432 diem
1109 2403 1143 2432 ὃς
1166 2403 1210 2432 lo-

143 2447 233 2477 cum,
249 2440 351 2477 quibus
364 2440 398 2470 ad
411 2441 502 2479 ipsum
514 2440 647 2472 accedere
659 2439 820 2478 possemus,
837 2439 871 2470 ad
889 2439 1052 2470 faciendum
1069 2441 1095 2470 ei
1110 2440 1208 2471 Deve-

142 2477 183 2508 ria
214 2487 278 2517 quae
293 2477 342 2508 fibi
354 2477 390 2509 de
401 2478 472 2517 Jure
487 2479 578 2511 facere
592 2478 774 2516 deberemus,
790 2477 948 2517 assignaret:
967 2479 1000 2510 &
1013 2501 1023 2515 ,
1041 2478 1120 2519 super
1135 2479 1210 2518 hoc,

143 2500 250 2547 eisdem
266 2516 366 2547 nostris
384 2517 509 2548 Nunciis
523 2517 634 2556 plenam
650 2518 684 2548 &
698 2515 872 2555 expreffam,
889 2526 937 2556 per
958 2517 1066 2548 nostras
1087 2517 1210 2556 Literas,

146 2553 306 2585 dederimus
321 2554 509 2595 Potestatem3
527 2556 590 2587 alias
604 2557 689 2587 etiarn
702 2556 760 2586 vias
775 2555 997 2595 exquisiverimus
1021 2555 1210 2595 Concordiae,

149 2602 219 2632 quas
232 2593 412 2632 praesentibus
425 2594 544 2625 inserere
554 2594 674 2634 longum
686 2593 770 2624 foret.

184 2630 317 2663 Praefatus
333 2639 426 2663 tamen
441 2633 507 2664 Rex
520 2643 581 2664 non
594 2633 686 2664 solum
701 2633 807 2670 priores
827 2630 965 2664 Nuncios
984 2632 1110 2671 nostros,
1132 2633 1211 2672 super

145 2670 310 2709 praemiffis,
327 2671 421 2702 audire
435 2673 542 2711 renuit,
557 2671 595 2703 set
609 2670 810 2709 posterioribus
828 2671 971 2702 accessum
994 2671 1028 2702 ad
1049 2672 1139 2712 ipsum
1161 2673 1210 2703 ha·

145 2710 214 2739 bere
228 2719 288 2739 non
304 2710 442 2749 permisit,
459 2720 513 2742 nec
529 2711 638 2741 curavit
653 2709 732 2741 Pacis
745 2708 874 2741 assentire
888 2708 1087 2750 Tractatibus,
1103 2710 1211 2742 setBel—

144 2746 239 2814 lorlgm
255 2747 432 2817 Turbinigius
446 2758 594 2780 rancorem
608 2749 647 2779 sui
661 2749 748 2780 animi
763 2748 907 2789 praeelegit
918 2749 1077 2789 adimplere.

210 2795 244 2815 ro
264 2794 305 2816 ter
338 2796 377 2817 uo

182 2796 267 2861 Ipfitis
282 2796 370 2863 Rggis
382 2809 517 2856 d'uritiam
529 2826 562 2856 &
577 2825 796 2857 malivolentiam
811 2825 1036 2866 contemplantes
1051 2848 1062 2865 ,
1079 2826 1114 2858 δε
1129 2827 1209 2865 qued

147 2871 200 2892 nos
215 2870 314 2892 contra
328 2863 420 2900 ipsum
434 2863 535 2901 injuste
554 2873 614 2894 non
638 2865 772 2903 egimusl‚
791 2864 829 2895 set
850 2863 907 2902 ipse
927 2866 1021 2904 potius
1041 2874 1141 2896 contra
1158 2876 1211 2897 nos

146 2900 203 2969 {git
222 2901 382 2931 voluntarie
396 2923 406 2939 ,
424 2911 477 2932 nos
497 2902 531 2932 &
551 2901 661 2932 nostros
685 2902 818 2933 Subditos
840 2901 1035 2942 impugnando
1061 2904 1148 2934 taliter
1173 2905 1211 2934 de

183 2938 261 2983 uerra
275 2941 309 3008 {c
325 2939 492 2978 gravando,
509 2940 542 2971 δε
564 2940 643 2980 quod
665 2940 735 2971 nihil
754 2938 918 2980 proficimus
936 2942 1012 2973 viam
1033 2940 1210 2974 Concordiae

145 2986 181 3008 ex
203 2987 281 3008 uiren
301 2987 322 3008 0

214 3016 232 3046 d
253 3016 272 3036 ²*
287 3001 468 3047 resistendum
482 3016 561 3057 ipsius
573 3015 799 3055 Potentiae,cum
814 3016 872 3048 Dei
889 3017 1037 3057 adjutorio,
1050 3020 1210 3051 curavimus

145 3064 200 3085 nos
213 3064 321 3095 parare,
340 3055 513 3087 Amicorum
525 3054 692 3086 nostrorum
713 3055 747 3086 ad
768 3056 826 3087 hoc
849 3056 986 3096 Suffragia
1008 3056 1099 3088 sedule
1118 3059 1209 3097 requi-

146 3103 246 3124 rentes.

183 3133 384 3171 Qiamobrem
400 3133 624 3174 Magnificentiae
636 3132 735 3164 vestrae
748 3140 812 3165 toto
832 3132 925 3165 cordis
946 3133 1081 3165 defiderio
1096 3134 1206 3175 'suppli-

144 3180 260 3209 camus,
276 3180 427 3211 quatenus,
451 3181 558 3203 attento
577 3172 691 3203 solerter
712 3172 828 3211 qualiter
850 3173 978 3210 praefatus
1000 3173 1039 3203 R.
1064 3173 1151 3212 Nos,
1172 3175 1206 3205 &

144 3208 272 3247 nostros,
289 3210 417 3247 injuriose
431 3211 614 3251 persequitur,
628 3212 679 3250 &,
697 3212 800 3242 timore
815 3210 873 3242 Dei
886 3211 1061 3251 postposito,
1077 3212 1207 3243 nostrum

145 3247 357 3279 Patrimonium
374 3248 427 3279 suis
439 3249 533 3288 satagit
547 3250 637 3280 usibus
649 3259 815 3290 aggregare,
832 3249 898 3281 zelo
912 3251 1000 3281 velitis
1014 3250 1154 3289 Justitiae,
1171 3262 1204 3283 ac

147 3286 405 3324 Consanguinitatis
420 3288 453 3318 δε
475 3288 588 3319 Amoris
608 3287 737 3328 Optentu
752 3311 762 3326 ,
784 3288 820 3318 de
841 3287 1018 3319 Hominibus
1037 3289 1072 3319 ad
1095 3290 1182 3321 Arma
1195 3314 1205 3330 ‚

147 3323 308 3364 Equitibus‚
326 3325 360 3355 &
375 3324 517 3356 Peditibus
550 3327 601 3356 tale
616 3327 697 3357 nobis
713 3327 856 3357 Auxilium
871 3327 963 3358 facere
976 3329 1009 3359 δε
1024 3328 1205 3369 Succursum,

146 3363 243 3403 quod,
262 3363 356 3394 vestro
372 3363 512 3394 mediante
523 3348 661 3394 ’Praefidio
675 3387 685 3402 ,
702 3365 783 3403 ipsius
802 3365 893 3402 Regis
911 3365 1074 3397 refraenetur
1094 3367 1196 3398 Avidi-

146 3410 202 3440 tas,
221 3402 254 3433 &
270 3402 380 3441 Elati0‚
405 3402 533 3432 Auetore
556 3402 692 3433 Domino
704 3426 714 3440 ,
733 3404 911 3440 reprimatur:
936 3403 976 3434 Et
997 3404 1074 3442 quod
1094 3416 1162 3445 nos,
1182 3407 1202 3437 si

146 3441 229 3470 vobis
241 3440 325 3470 Casus
339 3440 489 3471 consimilis
501 3441 632 3471 offeratur
641 3463 652 3479 ,
670 3441 769 3479 vobis,
786 3440 862 3481 grata
873 3442 1061 3473 viciffitudine
1070 3467 1079 3482 ,
1087 3444 1121 3475 ad
1133 3455 1205 3475 con-

145 3479 235 3523 simile
254 3479 418 3510 Praelidium
435 3477 547 3517 astringi
569 3479 719 3510 debeamus
738 3479 772 3510 δε
792 3479 897 3510 merite
919 3482 1094 3518 temporibus
1119 3493 1205 3521 opor-

143 3524 225 3548 tunis.

184 3555 222 3586 Et
232 3556 314 3595 quid,
333 3555 422 3586 nostri
434 3554 692 3594 contemplatione,
709 3556 739 3585 in
754 3555 806 3586 hac
820 3564 896 3595 parte
909 3556 1000 3588 vestra
1013 3557 1206 3598 Magnificen-

144 3595 183 3662 t1i2a
195 3595 352 3639 decreverit
371 3594 551 3632 faciendum,
577 3593 662 3623 nobis
681 3594 830 3625 rescribere
848 3595 938 3626 velitis
960 3605 1010 3635 per
1028 3597 1204 3635 praesentium

170 3641 328 3663 ortitorem.

181 3670 250 3702 Dat.
269 3671 342 3710 apud
355 3670 560 3708 Porcestriam,
576 3669 717 3701 tricefimo
732 3671 778 3702 die
794 3671 975 3710 Septembris.

207 3747 356 3778 Onfimiles
374 3749 478 3779 Literae
491 3749 644 3788 diriguntur
658 3747 898 3779 Excellentiffimo
918 3747 1047 3787 Principi
1068 3748 1203 3781 Domino

222 3786 258 3818 A.
279 3786 338 3817 Dei
352 3787 455 3826 gratia,
473 3787 620 3824 Castellae,
640 3786 795 3825 Legionis,
812 3786 926 3825 Toleti,
945 3787 1067 3826 Siciliae,
1085 3787 1200 3819 Cordu-

145 3824 219 3862 biae,
238 3825 379 3864 Murciae,
393 3825 545 3856 Gehennae
579 3835 660 3864 atque
682 3825 820 3864 Algarbiae
846 3825 920 3864 Regi
942 3825 1056 3866 illustri,
1074 3826 1202 3859 Consan-

144 3864 248 3900 guineo
259 3864 360 3896 nostro
371 3864 532 3905 kariffimo,
548 3850 718 3902 demdm,
734 3862 855 3901 ejusdem
868 3863 967 3904 gratie,
982 3865 1044 3896 δίε,

159 4090 231 4121 'tom
254 4090 289 4119 1‘
323 4090 342 4106 Ὀ
372 4091 415 4119 Π,

370 1594 404 1624 &
420 1593 500 1623 variis
517 1592 687 1630 Juramentis
700 1600 732 1621 ac
749 1590 806 1620 aliis
825 1590 1017 1620 securitatibus
1037 1589 1210 1625 vallatarum,
1237 1613 1240 1615 Α

1248 164 1724 215 PUBLICA.
2235 180 2305 223 113

1505 297 1510 298 .
2289 296 2296 298 ξ
2315 254 2391 286 Ann.
2403 252 2447 300 vD.

1605 299 1616 300 ‘⁷
1660 300 1666 301 ff
2336 302 2423 334 1324.

1244 338 1303 368 I’ro
1321 339 1396 383 Rege
1413 337 1448 370 a'e
1473 339 1607 373 Subditis
1628 346 1712 388 Regis
1730 343 1773 375 ad
1781 354 1881 388 partes
1899 346 2057 391 Aragoniae
2072 369 2080 381 ‚
2102 353 2157 388 pro
2176 340 2213 376 V
2210 341 2306 374 illua-¹
2317 334 2386 361 Edv.
2404 342 2435 367 ²*

1436 385 1512 419 libas
1529 387 1638 422 ibidem
1655 391 1843 437 quaeritandis
1858 419 1868 435 ‚
1891 389 2120 425 declinantibus.

1247 469 1398 523 REX,
1425 471 1527 502 Nobili
1546 472 1618 503 Viro
1633 497 1642 512 ,
1669 474 1802 515 Domino
1822 476 1947 515 Johanni
1970 477 2093 515 Infanti,
2112 473 2247 507 Domino
2264 472 2301 505 de
2318 483 2368 509 An·
2390 473 2433 506 183

1268 545 1272 549 .
1325 508 1445 552 Byscay,
1460 509 1681 550 Consanguineo
1693 513 1743 544 su'o
1758 516 1902 546 cariffimo
1916 539 1926 554 ,
1949 516 2072 547 Salutem
2097 539 2106 553 ,
2133 516 2165 546 ὃς
2188 516 2302 545 sincerae
2314 527 2342 549 E.
2361 527 2388 547 2.

1243 544 1403 577 dileetionis
1414 547 1558 579 affeetum.

1284 584 1404 624 Qanto
1417 587 1519 616 interni
1533 588 1649 619 Amoris
1663 589 1798 628 Foedera,
1816 592 1887 620 inter
1902 589 2022 622 nostram
2044 591 2078 622 ὃς
2097 590 2219 622 vestram
2241 590 2306 621 Do·

1248 630 1326 661 mos,
1346 634 1380 655 eit
1395 626 1562 662 propinquae
1579 626 1767 666 Cognationis
1788 629 1985 659 necessitudine
2001 653 2010 668 ‚
2033 629 2094 664 &aa
2123 637 2155 659 ut
2170 628 2255 668 fitpra
2274 632 2304 658 in

1247 661 1350 691 Litera'*
1365 663 1469 692 direc‘M
1483 666 1548 700 Regi
1563 667 1713 702 Aragoniae
1727 665 1805 705 usque
1820 666 1858 695 ibi
1874 689 1884 705 ,
1902 667 1934 697 &
1951 670 2053 698 meriti>
2081 669 2256 706 temporibus
2270 674 2304 697 0-

1247 702 1382 738 portunis,
1399 708 1463 730 tunc
1466 701 1506 741 fic
1515 725 1525 741 ‚

1287 738 1455 782 Affedtuose
1472 741 1590 770 vestram
1603 741 1780 778 deprecantes
1794 740 1974 781 Amicitiam,
1990 744 2119 782 quatinus
2133 768 2142 782 ‚
2161 745 2217 781 jura
2234 741 2304 774 San-

1249 778 1339 814 guinis
1354 778 1539 817 attendentes,
1558 780 1592 810 &
1612 780 1727 810 Amoris
1742 781 1888 810 vinculum
1903 803 1912 818 ,
1930 783 2007 820 quod
2028 782 2210 813 indesinenter
2224 782 2306 821 geffi-

1251 824 1314 847 mus
1329 817 1362 847 ὃς
1375 818 1496 856 gerimus
1510 818 1545 848 ad
1561 828 1611 848 vos
1632 819 1666 849 &
1684 828 1804 848 omnem
1825 817 1951 849 Gentem
1970 819 2108 857 vestram,
2124 820 2235 851 dietum
2254 831 2305 851 ne-

1248 855 1362 889 gotium
1378 855 1508 886 nostrum
1524 857 1604 887 cordi
1616 856 1716 887 habere
1733 857 1822 886 velitis
1840 866 1894 895 pro
1913 857 2040 887 Subsidio
2063 858 2305 897 nobis'faciendo3

1248 893 1311 930 quia
1325 896 1526 933 proponimus,
1545 894 1632 930 Duce
1646 894 1800 933 Domino,
1818 902 1906 932 partes
1920 895 2008 925 nostri
2023 894 2168 934 Ducatfm,
2193 899 2221 926 in
2244 907 2305 927 ma-

1248 940 1287 973 nu
1300 933 1426 970 potenti,
1445 934 1474 962 in
1489 934 1638 973 proximo,
1656 933 1763 963 visitare
1776 943 1828 973 pro
1842 932 2000 968 hujusmodi
2015 933 2160 971 Nequitiis
2181 936 2213 964 ὃς
2228 935 2303 972 Iniu-

1248 969 1309 1007 riis,
1334 970 1428 1001 vestris
1449 972 1482 1001 <Sc
1500 972 1622 1002 aliorum
1642 971 1842 1001 Proximorum
1866 972 1898 1002 ὅ(
1920 972 2092 1002 Amicorum
2122 971 2249 1002 Consiliis
2270 975 2304 1004 &

1249 1007 1383 1048 Auxssiis,
1402 1010 1590 1047 propulsandis
1604 1013 1612 1044 (
1628 1009 1662 1040 ad
1678 1010 1754 1048 quod
1769 1019 1819 1039 vos
1833 1018 1927 1048 parare
1942 1010 2047 1047 velitis,
2065 1018 2095 1040 ut
2119 1009 2304 1048 confidimus,

1248 1046 1282 1076 &
1296 1057 1315 1076 ο
1336 1051 1443 1084 tamus)
1462 1048 1591 1087 nostros,
1608 1048 1643 1078 ad
1658 1047 1759 1078 vestras
1771 1048 1875 1078 Terras
1889 1049 1922 1078 &
1939 1047 2046 1086 Partes,
2064 1057 2117 1087 pro
2130 1046 2304 1078 Victualibus

1247 1084 1282 1114 &
1297 1095 1311 1115 a
1323 1085 1354 1115 iis
1369 1086 1540 1116 Necessariis
1558 1086 1737 1126 providendis
1750 1086 1933 1124 declinantes,
1949 1087 2071 1126 benigne
2084 1109 2093 1124 ,
2112 1085 2130 1116 fi
2151 1087 2256 1124 placet,
2274 1087 2307 1117 &c

1248 1123 1297 1153 sub
1310 1122 1408 1154 securo
1422 1123 1516 1155 vestro
1530 1124 1689 1155 Conductu
1705 1126 1884 1164 recipienteS,
1903 1126 1936 1155 &
1949 1126 2025 1155 salvo
2037 1125 2176 1164 negotiari
2193 1126 2308 1164 permit-

1250 1170 1346 1192 tentes.

1287 1200 1396 1231 Vestrae
1409 1200 1518 1239 insuper
1531 1210 1617 1241 gratae
1632 1201 1778 1232 dilectioni
1793 1200 1914 1231 corditer
1931 1202 2106 1240 regratiamur
2121 1200 2157 1230 de
2176 1199 2309 1232 benivole

1248 1239 1283 1270 δε
1298 1239 1375 1277 grata
1389 1242 1552 1279 receptione
1566 1240 1601 1270 N
1603 1242 1754 1270 unciorum
1769 1238 1950 1278 nostrorum,
1970 1240 2004 1270 ad
2019 1249 2069 1269 vos
2084 1249 2172 1276 nuper
2193 1241 2307 1270 venien-

1248 1279 1317 1308 tium
1326 1301 1336 1317 ,
1352 1279 1399 1318 qui
1414 1279 1543 1309 nondum
1557 1278 1591 1309 ad
1608 1289 1661 1309 nos
1675 1279 1834 1317 redierunt,
1850 1278 1888 1308 set
1901 1278 2021 1309 vestram
2042 1278 2238 1317 gratitudinem
2256 1278 2309 1308 suis

1249 1316 1349 1347 Literis
1363 1317 1540 1348 nunciarunt.
2249 1349 2251 1352 .

1287 1355 1368 1394 Qiid
1383 1364 1475 1385 autern
1486 1380 1494 1394 ,
1513 1356 1601 1386 nostri
1615 1355 1856 1394 contemplatione
1872 1379 1880 1394 ,
1900 1357 1929 1386 in
1951 1355 2007 1386 hac
2029 1362 2111 1397 parte¹
2127 1353 2226 1397 *vestra
2243 1353 2310 1384 Ma·-

1248 1395 1413 1430 gnisicentia
1426 1395 1580 1426 decreverit
1596 1395 1772 1433 faciendum,
1789 1396 1871 1425 nobis
1884 1395 2033 1425 rescribere
2058 1393 2147 1424 velitis
2168 1402 2216 1432 per
2241 1401 2314 1432 prae-

1246 1433 1365 1462 sentium
1382 1432 1563 1463 Portitorem.

1286 1471 1354 1502 Dat.
1374 1471 1446 1509 apud
1462 1471 1669 1511 Por-cestriam,
1686 1472 1826 1503 tricesimo
1841 1472 1887 1503 die
1901 1471 2082 1510 Septembris.

1248 1547 1406 1608 EOdem
1419 1548 1649 1595 modofcribirur
1665 1548 1798 1593 Domino
1813 1548 1980 1595 Fernando,
1997 1547 2070 1595 lfilio
2093 1547 2129 1578 de
2151 1544 2305 1614 {Dandifigo

1248 1587 1362 1663 insupge
1372 1586 1471 1664 ἓξὲξ
1489 1587 1709 1627 Consanguiueo
1721 1588 1828 1627 Regis,
1844 1596 1960 1626 excepta
1973 1588 2019 1619 illa
2035 1586 2165 1618 clausula
2181 1607 2191 1623 ,
2209 1593 2245 1616 ve
2271 1593 2310 1614 rae

1248 1701 1377 1763 ITem,
1395 1702 1502 1733 Nobili
1517 1702 1654 1743 Mulieri,
1671 1699 1810 1734 Dominae
1825 1701 1928 1734 Mariae
1941 1725 1951 1742 ‚
1974 1700 2087 1734 Turrici
2101 1726 2111 1741 ,
2130 1698 2310 1745 Excellentis-

1298 1741 1357 1771 fimi
1373 1741 1528 1780 Principis,
1547 1742 1670 1773 Domini
1688 1743 1723 1773 A.
1743 1741 1890 1781 Castellae,
1911 1742 2046 1781 Legionis
2062 1764 2072 1778 ,
2095 1741 2193 1772 Toleti
2210 1764 2219 1779 ,
2238 1740 2311 1771 Sibi-

1248 1780 1310 1818 liae,
1330 1779 1506 1818 Cordubiae,
1524 1779 1668 1820 Murciae,
1688 1781 1840 1812 Gehennae
1875 1789 1956 1820 atque
1973 1780 2116 1819 Algarbiae
2136 1779 2225 1819 Regis
2244 1778 2310 1809 Illu-

1248 1817 1327 1856 stris,
1346 1817 1556 1857 Consanguinei
1570 1819 1658 1859 Regis
1671 1819 1820 1858 carissimi,
1839 1804 1978 1850 Dominae
1991 1819 2026 1850 de
2042 1818 2160 1857 Biscaye.

1284 1857 1372 1887 Teste
1386 1856 1468 1897 Rege
1483 1866 1512 1888 ut
1527 1858 1614 1895 supra.

2350 556 2414 587 ibid.

1246 1988 1295 2020 De
1324 1984 1497 2021 Trac‘iando
1527 1997 1595 2020 cum
1625 1984 1859 2032 quibufiumque
1877 1985 1968 2031 fhper
1994 1984 2255 2032 Confoederationis
2277 1987 2314 2023 όν

1620 2037 1773 2070 Amicitiae
1796 2037 1834 2068 V
1832 2034 1942 2068 incula.

1249 2123 1305 2178 R
1316 2123 1341 2155 Ε
1352 2118 1384 2154 X'
1397 2123 1546 2162 omnibus,
1561 2118 1595 2154 ad
1607 2133 1693 2162 quos,
1713 2121 1774 2155 &c.
1792 2117 1925 2153 Salutem.
2178 2160 2184 2166 ι
2325 2134 2403 2167 ΑΜ..
2417 2135 2457 2167 Β,

1344 2163 1390 2193 Ad
1403 2163 1579 2193 tractandum
1593 2172 1662 2192 cum
1676 2161 1905 2202 quibuscumque
1920 2158 2078 2191 Nobilibus
2090 2160 2124 2192 &
2140 2155 2197 2191 aliis
2212 2158 2311 2191 Perso-
2350 2184 2434 2214 1324.

1246 2199 1288 2229 nis
1302 2202 1312 2235 (
1322 2201 1521 2240 cujuscumque
1535 2200 1647 2239 Regni,
1665 2200 1711 2231 seu
1725 2200 1844 2236 Terrae,
1862 2197 1976 2238 Status,
1992 2199 2158 2238 Dignitatis,
2176 2199 2221 2230 vel
2229 2198 2313 2230 Con-
2328 2219 2371 2243 An
2400 2214 2443 2242 13·

1246 2236 1360 2269 ditionis
1371 2239 1505 2276 existant)
1525 2250 1559 2270 ac
1579 2242 1597 2258 ²¹³
1619 2238 1883 2269 Communitatibus
1897 2260 1907 2276 ,
1931 2238 1965 2269 δέ
1986 2237 2225 2269 Universitatibus
2246 2239 2310 2277 qui-
2329 2258 2361 2281 E.
2374 2237 2394 2281 ‘2

1247 2276 1424 2316 buscumque
1434 2277 1470 2308 de
1486 2276 1746 2308 Confoederationis
1767 2278 1801 2308 &
1823 2276 1971 2307 Amicitiae
1991 2276 2107 2306 vinculo
2129 2275 2259 2316 speciali,
2276 2275 2310 2308 δε
2329 2296 2379 2320 Pat
2399 2275 2433 2319 {8

1245 2314 1281 2344 ad
1295 2316 1404 2346 easdem
1420 2316 1709 2347 Confcederationem'
1727 2315 1760 2347 &
1781 2315 1947 2346 Amicitiam
1961 2338 1971 2353 ,
1990 2315 2063 2345 inter
2082 2324 2135 2345 nos
2160 2315 2195 2346 &
2214 2315 2287 2353 ipsos
2301 2339 2311 2354 ‚
2330 2336 2352 2359 E
2383 2314 2388 2319 '
2436 2313 2444 2320 ‘

1246 2353 1468 2398 ineundem,·&
1482 2354 1671 2393 firmandum,
1688 2353 1903 2398 assecurandum
1917 2353 1951 2384 &
1978 2352 2174 2384 roborandum
2190 2373 2200 2392 ,
2222 2353 2315 2385 modis
2327 2352 2361 2408 P'
2378 2342 2406 2398 ¹²]

1246 2391 1280 2421 &
1294 2393 1361 2431 viis,
1380 2394 1483 2431 quibus
1498 2394 1628 2431 expedire
1641 2393 1792 2430 videbitur,
1940 2425 1943 2426 ⁷
2255 2426 2259 2429 Δ
2329 2419 2355 2437 m
2386 2419 2395 2436 Χ
2400 2418 2417 2443 9

1284 2429 1406 2462 DileClis
1420 2431 1454 2462 &
1470 2431 1596 2462 fidelibus
1610 2431 1730 2470 nostris,
1747 2429 1906 2461 Venerabili
1921 2428 2180 2468 Patri,Alexandro
2193 2428 2313 2462 Archie‘-
2332 2450 2346 2464 0
2357 2431 2396 2476 iv
2415 2431 2467 2484 §.²3³

1246 2469 1364 2508 piscopo
1378 2469 1575 2506 Dublinienfi,
1594 2470 1752 2501 Edmundo
1764 2468 1875 2499 Comiti
1890 2467 2020 2506 Kantiae‚
2038 2468 2128 2498 Fratri
2145 2467 2244 2499 nostro
2265 2479 2317 2501 ca-
2403 2469 2409 2476 ’

1248 2507 1374 2546 riffimo,
1396 2508 1551 2549 Radulpho
1565 2508 1654 2539 Basset
1668 2508 1704 2538 de
1727 2507 1787 2537 Dra
1808 2516 1860 2537 ton
1876 2529 1886 2544 ,
1911 2505 2068 2537 senescallo
2091 2506 2191 2537 nostro
2210 2506 2316 2539 Vasco-

1245 2547 1319 2584 niae,
1337 2547 1371 2578 &c
1390 2547 1530 2587 Magistro
1542 2547 1704 2577 Willielmo
1717 2546 1752 2576 de
1764 2546 1784 2576 N
1810 2545 1908 2583 eston,
1926 2544 2077 2575 Canonico
2091 2544 2264 2584 Lincolniae,
2278 2547 2313 2578 δε

1248 2583 1360 2623 Legum
1375 2584 1518 2625 Dodtori,
1536 2587 1639 2624 tribus,
1655 2587 1688 2616 ὃ(
1703 2585 1814 2614 duobus
1826 2593 1926 2614 eorum
1937 2605 1947 2622 ,
1962 2584 2074 2621 plenam
2086 2583 2184 2614 damus
2199 2585 2314 2616 &con-

1248 2625 1390 2663 cedimus,
1409 2633 1507 2655 tenore
1521 2624 1717 2663 praesentium,
1737 2622 1925 2660 Potestatem3

1287 2661 1399 2700 Rarum
1413 2664 1537 2694 habituri
1552 2665 1585 2695 ὃ(
1602 2662 1715 2692 firmum
1731 2660 1882 2699 quicquid,
1898 2667 1948 2704 per
1961 2660 2110 2699 praedidtos
2124 2684 2134 2699 ,
2160 2657 2311 2701 Arc'hiepi-

1248 2701 1383 2741 scopum,
1402 2701 1569 2740 Comitem,
1587 2699 1788 2737 Senescallum,
1806 2701 1839 2731 ὃς
1852 2696 2059 2737 Willielmum,
2076 2707 2145 2737 tres,
2167 2699 2213 2729 vel
2239 2699 2312 2730 duos

1248 2750 1365 2778 eorum,
1384 2741 1535 2771 tractatum
1545 2764 1555 2779 ⁷
1572 2750 1605 2771 ac
1619 2740 1725 2770 factum
1739 2739 1820 2768 fuerit
1835 2739 1862 2782 in
1873 2736 2038 2807 Eraemissis3
2056 2738 2108 2775 &,
2125 2737 2201 2781 adea
2215 2739 2311 2782 omnia

1249 2778 1366 2809 fideliter
1381 2779 1608 2817 observandum,
1626 2788 1695 2816 nos,
1714 2778 1747 2808 ὃ(
1762 2786 1859 2806 omnia
1897 2785 1951 2806 ona
1966 2775 2061 2805 nostra
2074 2775 2224 2814 specialiter
2236 2777 2313 2808 obli·-

1248 2825 1363 2858 gamus3
1378 2819 1412 2849 δε
1426 2818 1566 2856 praemiffa
1579 2817 1731 2854 omnibus,
1747 2823 1870 2853 quorum
1884 2813 1998 2845 interest
2011 2835 2021 2852 ‚
2040 2820 2088 2845 aut
2110 2814 2238 2846 interesse
2259 2824 2311 2853 po«

1247 2858 1327 2894 terit,
1345 2856 1544 2887 innotescimus
1554 2865 1603 2896 per
1617 2854 1773 2895 praesentes.

1286 2894 1319 2925 Iu
1336 2895 1429 2932 cujus,
1454 2896 1514 2925 &c.

1323 2932 1393 2963 Dat.
1408 2932 1481 2973 apud
1497 2930 1705 2970 Porcestriam,
1721 2930 1816 2971 primo
1833 2930 1878 2961 die
1893 2928 2041 2962 Odiobris.

1880 3008 1933 3038 Per
1946 3007 2029 3047 ipfiaem
2040 3009 2145 3047 Regem.

1246 3087 1455 3150 COnfirniles
1470 3088 1575 3120 Literae
1589 3086 1659 3118 fiunt
1673 3085 1791 3124 praefatis
1803 3109 1813 3125 ,
1841 3084 2066 3125 Archiepiscopo
2077 3107 2086 3122 ,
2113 3083 2237 3122 Comiti,
2254 3081 2303 3114 Se-

1325 3128 1460 3166 nescallo,
1476 3128 1509 3158 &
1522 3126 1700 3164 Willielmo,
1715 3126 1803 3156 tribus
1817 3148 1826 3163 ,
1844 3125 1890 3155 vel
1912 3124 2023 3155 duobus
2045 3131 2179 3166 eoru-m,
2191 3122 2225 3152 de
2247 3129 2303 3153 tra·

1244 3165 1349 3197 <stando
1360 3166 1397 3197 de
1409 3164 1669 3196 Confoederationis
1683 3166 1716 3195 &
1738 3164 1884 3194 Amicitiae
1906 3162 2023 3193 vinculo
2044 3161 2151 3204 speciali
2172 3161 2306 3191 ineunda<

1242 3214 1318 3244 rum,
1331 3206 1392 3236 διε.
1406 3213 1476 3234 cum
1488 3203 1664 3244 Reymundo
1676 3201 1790 3233 Arnaldi
1802 3201 1838 3231 de
1851 3201 1949 3232 Cauda
1966 3198 2225 3242 RasQGuillielmo
2240 3198 2305 3228 Do-

1243 3245 1325 3274 mino
1333 3244 1369 3274 de
1384 3243 1522 3273 Andomo
1544 3266 1553 3281 ‚
1571 3241 1745 3282 Reymundo
1759 3240 1919 3271 Guillielmi
1942 3238 2074 3283 Domino
2093 3237 2130 3268 de
2149 3235 2307 3275 Gezer-est,

1241 3283 1275 3314 &
1291 3282 1434 3313 Bernardo
1451 3281 1487 3311 de
1501 3281 1618 3312 Bearnio
1633 3281 1669 3312 de
1683 3279 1798 3319 Laspes,
1817 3278 1850 3310 ὃς
1862 3285 1963 3308 eorum
1976 3275 2103 3316 quolibet
2115 3276 2177 3306 &c.

1280 3320 1348 3352 Dat.
1369 3329 1400 3352 ut
1414 3320 1500 3359 supra.
1963 3356 1967 3361 .

1891 3354 1945 3383 Per
1957 3351 2038 3393 ipfitm
2051 3352 2153 3390 Regem.

1242 3492 1290 3525 De
1306 3493 1512 3525 Matrimonia
1527 3494 1605 3524 inter
1621 3490 1736 3523 Filium
1757 3490 1841 3534 Regis
1858 3489 1894 3525 ὠ·
1926 3487 2039 3520 Filiam
2065 3485 2151 3529 Regis
2177 3483 2300 3526 Arago-

1626 3542 1677 3571 niae
1699 3534 1906 3570 contrahendo.

1241 3626 1295 3682 R
1304 3625 1329 3657 E
1338 3624 1692 3701 &eoffilgiiigtseaiingbciii
1707 3620 2013 3696 {ecceffgiiiiielgeiiione
2027 3652 2161 3692 provida,
2179 3652 2301 3683 dileeto-
2318 3635 2450 3716 A1n3n24D

1239 3711 1306 3734 rum
1323 3703 1356 3734 &
1376 3703 1500 3733 fidelium
1516 3701 1696 3737 nostrorum,
1712 3697 1884 3741 Venerabilis
1905 3694 2008 3737 Patri3‚
2024 3691 2174 3736 Alexandri
2197 3691 2300 3735 Archi·
2312 3717 2367 3743 Aa·
2389 3715 2432 3743 ¹8-

1238 3742 1362 3787 episcopi
1375 3740 1574 3783 Dublinensis,
1591 3736 1735 3768 Edmundi
1747 3735 1868 3765 Comitis
1883 3730 2293 3800 Kapuuaei’nlbrsitrrilsffgisggng‘
2315 3757 2345 3781 E.
2366 3764 2391 3781 Ζ.

1238 3772 2124 3856 affifflssgffl‘liiltffsisiz&aare&stafiacum
2139 3806 2173 3837 ὃς
2185 3791 2299 3846 Legna}
2317 3795 2374 3820 Pat-
2387 3792 2431 3821 ιθ,

1239 3856 1378 3888 Βοᾶοῑίς
1386 3878 1396 3894 ,
1414 3855 1534 3892 plenarie
1549 3851 1736 3888 confidentes,

1278 3894 1326 3925 Ad
1344 3892 1560 3935 Tractandum,
1578 3899 1631 3929 pro
1645 3889 1741 3926 nobis,
1986 3923 1991 3928 ι
2124 3923 2130 3928 ·
2254 3923 2259 3928 ι

1240 3943 1278 3965 co
1293 3932 1427 3970 Principe
1465 3930 1599 3960 Domino
1610 3927 1740 3966 jacobo,
1759 3926 1841 3961 Rege
1856 3925 2018 3963 Arragomae
2031 3921 2146 3960 illustri,
2163 3922 2209 3953 vel
2222 3923 2293 3961 suis,

1239 3973 1319 4011 super
1333 3969 1447 4015 Copula
1461 3966 1631 4012 Conjugali,
1651 3966 1722 4009 inter
1733 3962 1909 4009 Edwardum
1923 3986 1933 4006 ².
1956 3960 2059 3991 Filium
2079 3960 2209 3991 nostrum
2229 3959 2294 4016 Pii?

1241 4017 1436 4086 m‘figtessssiueTJ
1445 4006 1607 4085 ξιῗέἳᾷἷέ
1616 3999 2046 4111 Ρέξῶἇῗσὲῗῗέεὲῖἓ“ἕέἓὲῗιῗ
2052 3998 2296 4105 8ἷῖῐέἓὲῗὲἒὲ

2200 4084 2252 4110 mo

2315 3834 2346 3858 E.
2367 3841 2393 3857 2.

1756 3887 1790 3918 &
1803 3884 1901 3916 nostro
1915 3884 2049 3920 nomine,
2066 3892 2134 3914 cum
2157 3883 2295 3923 Magnifi«
2312 3874 2350 3935 ζῇ.
2361 3878 2396 3941 ’ᾧ
2403 3927 2406 3933 γ
