2562 4279
0 237 49 260 nn.
64 227 109 260 D.

0 276 80 308 1324.

0 308 37 336 ἰν.
57 317 86 337 2.

0 665 45 685 nn.
58 652 101 684 D.

10 702 75 732 324.

1 743 8 759 l
42 742 69 758 1¹⁷

19 780 44 798 2.

4 816 24 836 r.
40 817 80 843 ¹7·

19 857 44 875 2.

9 895 35 913 2.

0 933 46 960 .5.

1 1399 102 1436 IV.63.

0 1530 45 1551 nn.
59 1521 101 1552 D.

0 1569 76 1600 :324.

0 1610 21 1627 s.
41 1609 84 1635 17.

0 1686 8 1703 e
21 1679 80 1705 Au-

132 154 212 184 102

110 244 113 245 ⁷
167 224 290 257 Waltero
304 222 337 253 de
351 217 540 256 anhwica,
553 211 776 254 Northwicenst,
793 210 903 242 Barone
916 211 987 242 dim
997 202 1194 245 Scaccarii,&

164 263 296 296 Arnaldo
310 258 432 297 Calculi,
448 252 639 292 Xantom'enfis
650 251 776 293 Diocefis.

159 342 295 374 'restibus
308 337 343 369 ad
356 333 496 377 praemiffa
511 332 620 365 vocatis
634 329 788 372 specialiter
799 329 835 362 &
845 328 956 370 rogatis.

162 418 201 450 Et
216 427 269 456 ego
280 415 425 455 johannes
440 410 535 442 Natus
550 408 676 448 Alfredi‚
694 409 755 440 &c.

318 552 368 585 De
389 547 542 582 condutta
556 558 612 595 pro
629 544 788 580 Edwardo
804 543 840 577 a'e
858 542 994 576 Balliolo.

124 637 255 695 REX
275 636 410 668 omnibus
430 633 542 666 Ballivis
562 634 595 666 &
620 632 760 664 Fidelibus
780 630 849 669 suiS,
871 628 907 661 ad
929 637 1000 667 quos
1016 650 1026 666 ,
1044 625 1105 658 &c.
1125 623 1195 655 salu-

157 687 393 755 Ciitrssff'dileetus
407 712 441 744 &
456 711 543 743 fidelis
556 709 652 742 noster
660 734 672 750 ,
688 708 844 741 Edwardus
856 708 893 739 de
905 704 1022 737 Balliolo
1030 727 1040 743 ,
1058 703 1094 734 de
1106 701 1193 742 parti-

58 752 82 766 ‘'
121 754 173 784 bus
189 752 396 791 transmarinis,
412 752 448 782 ad
461 761 533 790 nos,
548 751 585 782 de
598 749 734 781 mandato
749 748 868 786 nost'ro,
883 748 914 778 iri
927 742 1029 783 Anglii
1044 743 1074 773 sit
1089 748 1193 773 vetitu-

120 803 164 824 rus
183 804 190 825 ε

161 832 253 865 Vobis
274 830 440 864 mandamus
455 852 466 868 ,
488 828 569 869 quod
588 828 682 859 eidem
703 821 862 862 Edwardo,
887 829 934 854 aut
956 819 1136 866 {dominibus
1157 816 1195 862 de

122 871 240 904 Familia
261 871 326 911 sua,
349 871 380 902 in
400 868 546 906 Personis,
563 866 669 912 Equis,
683 863 845 902 Hernesiis,
859 869 909 893 aut
928 857 1106 904 aliis-Rebus.
1124 856 1194 894 suis,

119 912 150 941 in
170 910 314 943 veniendo
334 908 426 940 versus
445 917 513 945 nos,
529 917 588 936 non
603 905 743 943 inferatis,
760 903 822 940 seu,
839 908 976 940 quantum
991 908 1022 927 in
1037 896 1120 928 vobis
1133 893 1194 938 eft,

119 951 179 981 aliis
193 950 289 981 inferri
303 947 469 990 permittatis
484 944 637 984 Injuriam,
656 942 839 979 Molestiam,
858 938 1048 976 Dampnum,
1067 929 1193 974 Impedi-

119 996 252 1021 mentum
270 987 400 1028 aliquod,
418 985 464 1016 seu
487 992 658 1024 gravamen;
677 983 715 1013 set
741 982 778 1012 eis
792 980 884 1020 potius
896 977 1004 1008 salvum
1018 976 1052 1006 &
1063 974 1193 1016 securum

120 1026 317 1060 Conductum
337 1026 440 1056 habere
465 1022 585 1061 faciatis,
603 1031 675 1053 cum
695 1031 743 1059 per
769 1021 777 1049 i
800 1019 862 1050 sum
879 1013 1066 1061 Edwardum‚
1079 1012 1130 1057 χει
1143 1011 1193 1042 ali-

118 1068 209 1104 quem
230 1066 267 1097 de
288 1065 356 1103 suis,
372 1065 452 1104 super
465 1061 540 1101 hoc,
558 1069 592 1092 ex
608 1067 685 1099 parte
696 1058 808 1095 nostra,
827 1057 932 1088 fueritis
946 1059 1135 1095 praemunm3
1174 1090 1182 1098 Β

156 1103 191 1135 In
213 1106 308 1144 cujus,
326 1103 386 1134 ὅτε.
408 1102 494 1142 usque
517 1100 553 1131 ad
576 1098 694 1130 Festum
709 1098 853 1128 Omnium
867 1093 1040 1126 Sanctorum
1054 1098 1191 1129 proximo

121 1143 250 1174 futurum
266 1143 417 1173 duraturas.

157 1181 247 1213 Teste
260 1180 344 1221 Rege
358 1179 433 1218 apud
447 1176 636 1216 Rotherfeld,
651 1174 775 1206 secundo
787 1173 834 1204 die
843 1171 922 1211 Julii.

773 1252 828 1280 Per
842 1247 923 1289 ipftem
937 1249 1043 1285 Regem.

167 1328 174 1332 s
1002 1314 1005 1317 i

122 1388 263 1430 *Rulla‚
287 1385 333 1419 ad
364 1388 475 1419 Pacem
501 1395 570 1416 cum
598 1384 675 1427 Rege
704 1381 854 1419 franciae,
877 1378 914 1415 ὠ
936 1372 982 1408 ad
999 1374 1193 1418 Homagium

447 1429 627 1478 faciendum
638 1456 648 1472 ‚
674 1426 854 1460 hortatoria.

157 1521 294 1554 ohanne:
314 1517 491 1558 Episcopus,
508 1516 600 1547 servus
613 1514 760 1545 servorum
777 1512 855 1550 Dei,
872 1509 1016 1542 cariffimo
1030 1509 1059 1537 'in
1076 1504 1194 1550 Christo

117 1524 147 1594 J
168 1562 243 1593 Filio
267 1557 428 1596 Edwardo,
443 1556 524 1594 Regi
539 1554 652 1595 Angliae
665 1551 782 1589 Illustri,
802 1550 928 1581 Salutem
943 1548 978 1580 &
991 1545 1192 1588 Apostolicam

121 1597 365 1632 Benedicttionem.
812 1628 818 1635 .
1006 1625 1012 1631 ι
1086 1624 1092 1629 1

159 1638 300 1677 Percepto
319 1635 429 1666 dudum
449 1631 528 1672 quod
548 1631 631 1662 Pacis
654 1628 791 1660 AEmulus
810 1635 869 1658 inte
890 1626 956 1662 Te,
974 1622 1014 1655 fili
1035 1621 1194 1658 carissime,

121 1687 155 1709 ac
175 1679 264 1714 inter,
283 1673 457 1706 carissimum
476 1672 505 1702 in
526 1669 646 1701 Christo
663 1668 768 1699 Filium
780 1666 911 1697 nostrum
926 1663 1086 1701 Carolum,
1105 1661 1195 1690 Fran-

122 1718 177 1747 ciae
198 1716 232 1747 ὅτ,
247 1713 389 1745 Navarrae
403 1710 520 1750 Regem
535 1707 677 1740 Illustrem
686 1730 695 1746 ,
713 1706 864 1749 occasione
878 1701 1074 1743 quorumdam
1087 1699 1194 1731 Exces-

120 1755 199 1786 suum
208 1778 218 1792 ,
236 1754 268 1784 in
278 1750 392 1783 Bastida
403 1749 499 1780 Saneci
515 1747 672 1779 Sacerdotis
686 1742 927 1781 commissorum,
941 1742 974 1772 ὅτ,
990 1737 1192 1784 Proceffuum‚

119 1795 232 1825 ratione
246 1789 415 1823 eorumdem
428 1786 601 1818 Exceffuum
609 1809 619 1824 ‚
638 1793 738 1815 contra
752 1782 905 1813 nonnullos
918 1790 982 1825 tuos
995 1777 1144 1823 Qfficmles
1157 1777 1192 1808 &

118 1832 273 1868 Subditos,
293 1839 343 1868 per
366 1827 485 1858 Curiam
504 1825 611 1863 praefati
627 1822 715 1861 Regis
729 1822 893 1859 factorum,
912 1819 1102 1850 Zizamorum
1114 1825 1193 1860 jece-

117 1873 160 1902 rat*
172 1870 278 1902 semina
294 1870 378 1906 (qirae
394 1864 529 1904 profecte>
545 1863 666 1894 vastitati
680 1861 776 1897 Bona,
794 1859 885 1900 Stragi
899 1857 1050 1902 Corpora,
1069 1857 1103 1888 &
1118 1855 1192 1886 Ani-

119 1914 179 1940 mas
194 1907 290 1947 (quod
305 1905 371 1937 effet
385 1903 506 1934 amarius
521 1901 747 1940 deplorandum)
765 1899 865 1943 Salutis
877 1896 1041 1936 dispendio,
1060 1894 1082 1925 fi
1096 1893 1193 1926 coale-

118 1948 225 1979 scerent
234 1969 244 1983 ,
257 1942 456 1984 exponebant)
475 1950 505 1972 ut
520 1941 571 1971 suo
584 1939 808 1980 praefocarentur
822 1947 851 1967 in
865 1946 930 1968 ortu
939 1960 949 1976 ,

156 1984 362 2017 Excellentiam
377 1980 503 2020 Regiam
518 1989 567 2017 per
579 1978 688 2009 nostras
701 1977 832 2007 duximus
847 1975 969 2006 Litteras
980 1971 1195 2016 exhortandam,

118 2031 151 2056 ut
170 2025 199 2055 in
242 2021 386 2058 raemiffis,
403 2019 497 2050 sedula
517 2016 741 2049 consideratione
755 2014 900 2051 deductis,
918 2014 952 2044 ad
966 2023 1016 2047 ea,
1033 2021 1098 2056 quae
1113 2010 1196 2042 Pacis

116 2064 197 2102 sunt,
245 2062 341 2101 egium
354 2058 513 2097 disponeret
527 2057 677 2094 animum,
695 2056 728 2087 &
742 2052 956 2085 Diffenfionum
971 2051 1132 2085 discrimina
1146 2049 1196 2080 de-

137 2102 246 2134 linaret.

118 2112 136 2135 c
157 2140 196 2172 Et
217 2140 280 2180 quia
293 2136 429 2170 Excessus
443 2135 598 2175 praediftos
614 2133 745 2173 Regalis,
765 2140 796 2164 ut
811 2136 1029 2170 acceperamus,
1047 2137 1108 2174 non
1122 2128 1196 2158 indi-

119 2180 180 2219 gne
202 2178 390 2210 detestabatur
406 2174 645 2213 Magnificentia,
663 2174 799 2213 cogitaret
819 2171 960 2209 sollicite,
976 2169 995 2200 si
1010 2167 1177 2207 expediebat

118 2228 174 2257 pro
194 2225 252 2249 tam
272 2215 400 2247 nefandis
419 2212 601 2251 Excessibus,
626 2213 707 2243 tantis
731 2211 862 2250 periculis
882 2211 910 2241 se
930 2217 1090 2247 exponere,
1115 2207 1149 2238 &
1182 2218 1192 2237 i

118 2256 194 2297 apud
217 2256 317 2287 Deum
337 2254 370 2286 &
391 2253 538 2283 Homines
555 2255 563 2286 (
574 2252 594 2282 si
613 2251 683 2289 illis,
704 2260 757 2288 pro
779 2249 895 2288 talibus,
913 2247 940 2278 se
952 2247 1118 2286 exponeret)
1141 2245 1190 2276 ha-

120 2296 180 2326 beri
199 2295 312 2326 deberet
327 2293 434 2323 merito
447 2291 591 2326 excusatam,
609 2290 674 2327 sed,
692 2290 713 2319 si
727 2289 790 2328 Juri
805 2288 871 2328 suo,
885 2297 935 2326 per
952 2285 1103 2317 Proceffus
1118 2293 1193 2324 prae-

120 2334 231 2372 dictos,
249 2342 349 2363 contra
371 2330 464 2361 dittos
476 2328 622 2359 Officiales
635 2329 747 2358 habitos
761 2327 807 2357 vel
820 2326 965 2357 habendos
1001 2325 1146 2355 extimaret
1160 2324 1190 2352 in

121 2372 216 2411 aliquo
231 2370 380 2409 derogari,
395 2368 508 2398 instaret
529 2368 608 2406 illos,
634 2376 684 2407 per
706 2365 810 2395 modos
832 2349 1006 2396 Amicabil'es
1025 2363 1059 2393 ὃς
1082 2363 1193 2400 licitos,

123 2411 270 2447 revocari,
285 2410 320 2439 ad
341 2406 418 2446 quod
438 2405 511 2446 apud
530 2405 645 2444 Regem
663 2404 835 2444 praedi&um
859 2403 989 2433 Franciae
1003 2402 1037 2433 &
1051 2400 1193 2432 Navarrae

124 2449 194 2488 (cui
209 2447 395 2484 scripserimus
407 2445 487 2482 super
501 2444 570 2480 hiis)
591 2453 643 2473 nos
657 2442 813 2472 obtulimus
828 2440 921 2471 sedule
935 2439 1086 2471 instituros.

162 2486 233 2517 Post
255 2486 319 2516 haec
342 2492 436 2515 autem
446 2506 456 2522 ,
475 2481 632 2513 multorum
652 2480 793 2520 fidedigna
806 2480 958 2517 relatione,
975 2478 1056 2518 quod
1069 2478 1103 2509 ad
1119 2488 1194 2517 prse-

120 2524 171 2556 fati
187 2526 277 2561 Regis
289 2523 464 2565 praesentiam
482 2530 546 2552 tuos
558 2520 684 2551 solennes
698 2519 851 2561 NunciOS,
868 2519 1016 2558 videlicet,
1036 2517 1194 2549 Venerabi-

121 2565 180 2594 Iem
198 2563 322 2594 Fratrem
340 2561 471 2592 nostrum
634 2558 886 2597 Archiepiicopum
905 2556 1193 2595 Diibliriiensem,&,

122 2603 263 2633 dilefmm
285 2601 404 2639 Filium,
422 2597 609 2629 Edinundum
632 2596 783 2627 Comitem
799 2596 928 2633 Οωπίιῖ,
950 2596 1075 2626 Fratrem
1091 2603 1172 2626 tuum
1184 2619 1194 2635 ‚

123 2641 233 2672 miseras
253 2641 319 2678 (qui
335 2649 405 2670 cum
420 2636 522 2668 eodem
538 2635 720 2666 amicabiliter
735 2635 813 2672 super
829 2634 972 2672 praemiffis
988 2636 1193 2669 convenerant)

123 2679 286 2717 iiitelledio3
304 2677 436 2709 exultavit
455 2685 508 2706 cor
524 2674 654 2705 nostrum
669 2676 700 2705 in
716 2673 863 2711 Domino,
879 2673 959 2703 Pacis
974 2673 1077 2704 Ac‘tori
1093 2674 1193 2710 gratias

123 2719 203 2758 super
217 2719 272 2749 hoc
289 2718 391 2747 merito
407 2715 563 2746 referentes.

161 2758 235 2788 Sane
257 2757 319 2794 qui-1
342 2755 539 2792 subsequenter
554 2775 564 2790 ,
596 2750 772 2791 displicenter
793 2750 879 2781 nimis
895 2772 905 2787 ,
930 2750 1090 2781 audivimus
1109 2749 1192 2788 quod

122 2796 230 2835 praefati
244 2797 284 2826 tui
298 2793 412 2825 Nuncii
427 2792 535 2822 nedum
549 2790 708 2820 recusabant
722 2799 782 2829 quae
802 2789 1002 2828 promiserant,
1021 2789 1193 2826 adimplete,

123 2837 216 2865 immo
239 2833 273 2864 ad
294 2831 479 2863 resistendum
501 2830 586 2872 Regi.
599 2828 716 2866 praefato
737 2827 863 2863 (nolenti
878 2827 989 2858 Arresta
1007 2827 1070 2866 sua,
1088 2827 1193 2867 prolata

123 2881 224 2905 contra
243 2871 394 2902 nonnullos
412 2879 476 2900 tuos
495 2867 642 2898 officiales
660 2867 693 2898 ὃς
709 2866 861 2904 SubdirQS,
878 2866 996 2904 exequi)
1016 2876 1085 2897 cum
1098 2875 1194 2897 armo-

127 2917 192 2944 rum
206 2910 330 2949 potentia
342 2909 369 2940 se
381 2910 514 2946 parabant
530 2917 537 2936 :

164 2950 248 2987 Nos,
267 2948 415 2989 dispendiis
431 2947 533 2983 variis,
554 2954 616 2985 quae
638 2954 673 2974 ex
697 2942 878 2974 Dissensione
899 2942 1061 2981 hujusmodi
1081 2943 1194 2981 possent

124 2989 215 3029 sequi,
241 2997 357 3019 necnon
378 2986 412 3017 ὃς
435 2984 660 3024 impedimentis,
684 2992 746 3020 quae
769 2992 801 3012 ex
823 2982 856 3012 ea
878 2982 1060 3012 transmarino
1081 2983 1194 3020 possent

126 3026 255 3096 gatiiiagio
277 3027 366 3066 ingeri
389 3023 440 3063 (ad
461 3023 539 3062 quod
553 3021 630 3053 affici
642 3022 741 3052 diceris
755 3021 906 3058 &renem
927 3022 957 3051 in
972 3019 1194 3052 consideratione

149 3075 163 3096 e
185 3067 253 3097 uffis

163 3089 269 3135 Adhuc,
289 3102 431 3142 Regalem
450 3099 658 3139 providentiam
681 3097 855 3128 exhortamur
871 3121 881 3136 ,
914 3096 952 3131 ὠ·
974 3107 1109 3135 rogamus
1127 3108 1194 3130 ean.

126 3142 212 3180 dem,
231 3142 323 3173 eidem
346 3140 548 3171 nichilominus
565 3138 631 3169 sano
652 3136 782 3167 Consilio
796 3136 954 3176 suadentes,
970 3137 1101 3176 quatinus
1118 3148 1193 3176 prae-

127 3179 215 3211 miffis
229 3181 375 3219 diligenter
387 3177 515 3210 attentis:

165 3218 296 3250 Necnon
316 3225 455 3256 quantum
475 3216 508 3248 fit
524 3214 712 3254 reputandum
726 3214 859 3244 indecens
872 3213 906 3244 &
919 3213 1071 3245 absurdum
1084 3214 1198 3246 Princi-

151 3266 177 3287 es

129 3267 150 3297 p
166 3280 263 3326 'fandi
281 3293 530 3334 Consanguinitate
541 3302 574 3324 ac
588 3290 738 3322 Affinitate
751 3290 938 3329 conjun&03,
955 3292 1004 3330 qui
1020 3290 1046 3321 se
1060 3291 1197 3323 deberent

128 3335 235 3365 mutuis
256 3333 356 3364 fulcire
372 3332 514 3371 praesidiis,
533 3342 566 3361 ac
579 3330 721 3361 favoribus
735 3330 906 3367 confovere,
923 3339 956 3359 ac
971 3329 1032 3367 illa,
1052 3339 1115 3369 quae
1127 3330 1198 3361 inter

130 3371 219 3411 ipsos,
238 3381 290 3410 pro
304 3379 469 3409 temporum
485 3369 656 3407 diversitate,
676 3370 847 3407 contingunt
863 3376 1022 3406 emergere,
1042 3375 1192 3406 quantum-

130 3420 255 3450 cumque
271 3411 365 3449 gtavia
379 3433 388 3448 ,
411 3417 676 3448 quantumcumque
695 3406 820 3437 difficilia
834 3429 843 3443 ‚
866 3405 1046 3437 Trattatibus
1066 3406 1197 3438 ordinare

132 3447 326 3487 Domesticis,
344 3449 377 3479 &
391 3446 602 3478 Coilationibus
617 3446 748 3483 expedire
760 3445 951 3476 Familiaribus
960 3467 971 3484 ,

169 3485 219 3517 Sic
233 3496 285 3523 pro
299 3488 424 3517 minimis
438 3486 487 3516 sibi
503 3485 627 3515 invicem
640 3485 773 3515 adversari
787 3495 793 3514 :

174 3525 331 3563 Qamque
351 3526 382 3555 sit
406 3527 435 3555 in
458 3522 582 3554 Vaffallo
596 3523 782 3563 periculosum
796 3523 830 3553 &
843 3521 1054 3561 reprehensibile
1069 3522 1196 3560 iudican-

133 3562 220 3601 dum,
233 3562 283 3593 suo
305 3562 447 3601 Superiori
470 3562 506 3593 sic
529 3562 632 3592 armata
654 3572 740 3592 manu
756 3561 876 3592 resistere
889 3561 968 3601 super
983 3561 1052 3599 hiis,
1069 3571 1133 3601 quae
1146 3571 1196 3602 per

134 3601 222 3639 ipsum
238 3600 417 3642 Superiorem
431 3601 491 3632 sunt
500 3601 666 3639 judicialiter
679 3601 804 3631 ordinata
817 3610 824 3629 z

158 3639 384 3681 ⁸Quantumque
404 3649 452 3671 tua
472 3648 602 3677 gravetur
620 3640 737 3679 opinio,
756 3639 774 3669 si
793 3639 863 3676 hiis,
881 3647 945 3676 quae
959 3638 1018 3668 talis
1031 3646 1094 3669 tuus
1107 3637 1197 3669 Nun·-

137 3684 213 3714 cius,
229 3679 372 3721 uidelicet,
392 3678 486 3709 Frater
506 3687 584 3716 tuus,
603 3678 767 3715 promiserat
788 3677 834 3707 tali
859 3677 966 3711 modO,
982 3677 1100 3707 obviare
1121 3685 1196 3707 tem-

140 3722 285 3781 ffiaveriffi
314 3717 420 3747 etiarnsi
444 3726 585 3756 proponas
625 3717 707 3754 uod,
739 3715 818 3752 super
838 3714 1004 3755 praemiffis,
1030 3715 1122 3745 eidem
1144 3724 1196 3746 tuo

181 3761 268 3781 uncio
290 3755 392 3796 nullam
413 3754 585 3785 concesseras
631 3754 779 3786 otestatem
794 3778 803 3791 ,
827 3755 896 3785 cum
916 3753 1087 3792 Credentia,
1106 3753 1195 3784 effuse

138 3795 268 3857 {gg-&Qus
290 3790 404 3823 Litteras
424 3795 448 3823 ei
468 3794 547 3832 data,
564 3793 676 3833 ejusque
697 3793 827 3825 conditio
840 3799 934 3833 arguat
949 3793 1125 3824 contrarium
1138 3793 1197 3824 satis

140 3863 263 3935 tar{fiam
273 3888 282 3903 ,
298 3865 452 3903 hujusmodi
470 3869 602 3900 onustam
616 3871 696 3901 tantis
709 3871 854 3909 periculis,
869 3871 953 3909 velit,
971 3871 1005 3902 &
1018 3869 1127 3900 studeat
1138 3868 1198 3900 evi-

162 3927 251 3987 353³
269 3941 306 3980 fi,
319 3952 375 3989 per
386 3944 499 3987 ¹⁴»aresta
518 3946 672 3984 praemissa,
690 3947 785 3977 credat
803 3940 1019 3986 Magnificentia
1037 3946 1131 3987 Regia
1147 3944 1200 3976 suis

141 3980 256 4019 Juribus
276 3981 472 4025 praejudicium
492 3987 615 4027 generari
626 4008 634 4022 ,
649 3989 708 4015 nori
721 3985 834 4016 Viribus
846 3985 890 4015 sed
900 3984 1034 4024 Juribus,
1051 3994 1112 4016 non
1126 3994 1198 4018 cun-

143 4019 280 4059 gressibus
295 4018 405 4051 Bellicis
419 4019 464 4050 sed
477 4031 528 4052 viis
540 4023 683 4063 pacificis,
693 4031 770 4056 tuam
778 4018 920 4061 justitiam
931 4024 1110 4063 prosequaris.

616 114 1440 169 coNvENTioNEs3
1492 109 1898 165 LITERAE,

1271 200 1311 233 Et
1327 201 1392 242 quia
1406 224 1416 241 ,
1441 199 1476 232 ad
1496 199 1691 232 Diflensionae
1709 195 2059 243 hujusmodisopiaidas3
2074 198 2153 230 main
2174 197 2209 232 δε
2226 197 2309 240 ipsius
2325 187 2457 229 Anno,

1234 240 1267 273 R
1305 241 1324 270 's
1344 240 1521 281 praesentiam
1538 238 1650 271 insimul
1661 237 1801 270 credimus
1814 237 1974 276 plurimum
1987 244 2175 274 oportunam,
2346 238 2433 269 1324·

1303 279 1479 317 elsitudiriem
1499 278 1626 319 Regiam
1645 277 1831 317 deprecamur
1852 284 1885 307 ut
1903 275 2048 314 addiem,
2066 276 2232 308 condiitam
2273 281 2276 285 '
2325 270 2392 299 Edv.
2412 279 2440 298 ²·

1235 319 1368 351 faciendo
1384 318 1564 357 Homagio,
1576 318 1596 348 si
1610 327 1673 347 non
1708 316 1838 354 raeteriit,
1856 315 1891 346 &
1903 314 1990 359 poffis
2003 315 2182 354 commode,
2200 285 2309 348 stu&
2359 315 2361 317 ’

1235 358 1383 395 interesse,
1401 357 1554 397 praesertim
1577 366 1648 388 cum
1661 355 1680 376 ²¹¹²
1723 365 1757 386 ex
1771 353 1901 393 praefatus
1915 353 1968 384 tibi
1980 353 2014 384 fit
2026 362 2135 391 paratus
2148 354 2314 388 concedere
2324 355 2456 391 ¹⁸¹⁵1V.64..‘

1236 398 1328 434 (sicut
1347 395 1495 433 fidedigna
1515 396 1650 426 relatione
1668 393 1867 432 percepimus)
1888 393 1990 423 litteras
2010 392 2047 423 de
2065 392 2164 423 securo
2184 391 2319 425 Condu-'

1234 436 1302 474 eiu,
1317 435 1424 474 quod,
1436 435 1456 466 fi
1475 436 1536 474 jam
1559 434 1635 465 dieta
1654 433 1711 464 dies
1728 431 1886 471 transterit,
1904 430 1940 462 ad
1957 430 2054 470 diem,
2073 431 2154 469 super
2166 431 2228 469 ipso
2239 430 2313 463 ΗΟ*

1234 473 1484 543 magiofffaciendo
1508 472 1736 510 condicendam,
1762 480 1823 502 non
1841 470 1973 509 omittas,
1991 478 2133 501 annuente
2153 468 2312 511 Domino,

1231 521 1322 544 intere
1347 521 1372 542 e.

1271 551 1355 590 Quid
1370 558 1465 582 autem
1477 551 1621 590 intendat,
1638 550 1719 589 super
1734 547 1897 588 praemiffis,
1915 547 2092 588 providentia
2104 547 2215 588 Regia,
2227 553 2315 579 curer?v

1234 600 1287 620 nos
1301 589 1414 621 indilate
1427 589 1544 621 reddere
1559 600 1609 629 per
1625 589 1683 621 suas
1698 589 1817 620 Litteras
1832 588 1979 625 certiore83
1999 596 2051 617 nos
2062 587 2143 618 enim
2157 586 2314 628 praefatum»

1233 628 1350 669 Regem
1364 652 1373 668 ,
1392 637 1441 667 per
1462 628 1570 659 nostras
1589 629 1653 659 alias
1673 629 1774 659 litteras
1790 651 1800 665 ,
1819 626 1951 657 duximus
1973 625 2200 664 exhortandum,
2219 633 2251 656 ut
2271 625 2320 656 ab.

1233 670 1399 699 executione
1414 666 1550 707 praedicta
1564 667 1750 707 supersedeat,
1765 667 1859 697 saltem
1872 664 2016 705 quousque
2027 674 2080 695 nos
2090 665 2174 704 super
2188 665 2242 696 hiis
2254 674 2308 705 po-

1233 707 1317 737 tueris
1330 706 1430 736 rddere
1443 706 1479 736 de
1490 713 1542 736 tuo
1555 706 1731 746 beneplacito
1746 706 1885 737 certiores.

1272 745 1421 784 Qiocirca
1437 768 1448 783 ,
1470 743 1509 774 fili
1532 744 1693 785 carissime,
1718 755 1754 774 ne
1775 743 1863 775 tardes
1876 766 1886 781 ,
1914 741 2095 782 quaesumuS,
2121 741 2189 781 quid
2212 743 2306 775 inten-

1229 783 1278 815 das
1297 785 1376 823 supcr
1396 784 1465 821 hiis,
1483 791 1535 813 nos
1557 783 1671 814 reddere
1706 784 1852 820 certiores,
1870 790 1902 813 ut
1924 782 1962 814 [ic
1986 780 2139 820 poffimus,
2158 781 2305 814 circaim-

1234 822 1402 860 pediendam
1420 821 1633 852 Diflensionem
1647 821 1830 860 hujusmodi,
1848 820 1926 858 quod
1939 819 2097 852 admodum
2110 819 2211 852 infidet
2221 822 2311 853 nobis

1233 862 1330 899 cordi,
1351 861 1428 900 quod
1444 859 1573 898 expedite
1588 859 1763 899 viderimus,
1779 859 1899 900 provide
1908 869 2068 900 procurare.
2266 886 2269 888 .

1271 899 1360 938 Nec,
1379 900 1525 938 propterea
1569 898 1629 930 uod
1651 899 1686 930 ad
1699 899 1792 936 diem,
1806 900 1867 937 jam
1886 898 2070 937 condietam,
2086 898 2132 929 vel
2146 897 2307 931 condicen-

1235 938 1318 977 dam,
1335 948 1388 978 pro
1410 937 1540 968 faciendo
1593 938 1711 978 omagio
1725 961 1735 976 ‚
1753 936 1915 975 disposueris
1934 934 2064 967 intereffe
2076 960 2087 976 ,
2104 937 2236 975 omittas,
2255 947 2307 976 pet

1234 976 1371 1008 Nuncios
1392 977 1427 1008 &¹
1452 976 1586 1014 Litteras,
1603 983 1680 1006 tuam
1690 975 1832 1015 Justitiam
1848 975 1960 1005 interim
1975 974 2108 1014 prosequi
2120 984 2172 1014 pet
2186 976 2244 1008 vias
2257 985 2307 1018 pa-

1234 1016 1343 1056 cificas,
1361 1016 1408 1048 vel
1418 1015 1541 1055 Justitiae
1554 1024 1610 1045 con
1631 1023 1758 1052 ruentes,
1773 1024 1807 1045 ac
1821 1013 1944 1044 Guerrae
1956 1014 2070 1045 initium
2083 1014 2231 1053 impedire.

1272 1054 1373 1094 Nam,
1389 1064 1423 1085 ex
1436 1064 1495 1094 quo
1511 1061 1592 1094 cepta
1621 1054 1691 1084 uerit
1707 1052 1804 1092 (quod
1816 1051 1863 1082 ille
1875 1053 2006 1090 dignetur
2019 1060 2162 1092 avertere,
2179 1054 2229 1092 qui
2245 1063 2307 1086 non

1232 1093 1274 1124 est
1297 1094 1378 1125 Deus
1401 1093 1605 1131 Diflensionis,
1626 1091 1672 1123 sed
1694 1090 1792 1128 Pacis)
1816 1090 1892 1130 sere,
1909 1098 1940 1122 ut
1961 1099 2113 1131 veremur,
2126 1092 2251 1124 recursus
2270 1092 2310 1125 ad

1233 1134 1291 1165 vias
1306 1132 1464 1173 hujusmodi
1477 1132 1634 1162 haberetur.

1270 1170 1339 1204 Dat.
1353 1173 1488 1204 Avinion.
1506 1172 1583 1202 sexto
1595 1167 1682 1201 Non.
1692 1167 1780 1208 Julii,
1794 1166 1982 1201 Pontificatfis
1997 1167 2086 1200 nostri
2099 1178 2176 1201 anno
2187 1169 2308 1204 οᾶεινοξ

1392 1266 1477 1299 Dors
1931 1225 2024 1267 Sigillo
2035 1227 2140 1267 avulso.

1271 1344 1408 1386 Cariffimo
1423 1349 1453 1375 in
1469 1343 1574 1385 Christo
1589 1343 1659 1376 Filio
1671 1343 1834 1384 Edwardo,
1853 1345 1920 1382 Regi
1935 1342 2052 1382 Angliae
2063 1341 2177 1384 Illistri.

1280 1474 1331 1506 De
1353 1470 1526 1506 Trafbando
1553 1482 1623 1504 cum
1641 1471 1720 1518 Rege
1742 1472 1875 1505 Franciae
1894 1469 1987 1518 fi¹per
2003 1480 2114 1504 mutua
2130 1471 2177 1505 Vi
2198 1481 2260 1505 one.

1238 1560 1296 1615 R
1307 1557 1372 1590 EX
1391 1557 1541 1601 omnibus,
1559 1556 1594 1588 ad
1608 1566 1680 1596 quos
1681 1580 1697 1605 2
1712 1557 1774 1588 &c.
1789 1555 1914 1588 salutem.
1954 1592 1956 1595 y
2323 1568 2390 1601 Am,
2414 1571 2447 1603 D

1353 1596 1402 1626 De
1422 1595 1554 1640 fidelitate
1576 1595 1695 1635 probata
1709 1596 1744 1626 &
1757 1594 2017 1636 circumspectione
2029 1594 2168 1635 provida,
2184 1594 2308 1627 dileeto-
2349 1617 2362 1639 1
2386 1594 2404 1640 ᾖ
2448 1592 2456 1602 ⁶

1234 1643 1298 1665 rum
1318 1634 1352 1667 &
1373 1634 1498 1665 fidehum
1513 1634 1697 1673 nostrorum,
1716 1633 1892 1665 Venerabilis
1907 1634 2168 1674 Patris,Johannis
2179 1633 2307 1666 Norwi-
2321 1617 2382 1676 An3
2405 1620 2436 1678 43¹

1234 1673 1322 1704 censis
1335 1673 1488 1718 Episcopi,
1507 1672 1630 1720 Henrici
1644 1671 1771 1703 Domini
1782 1671 1820 1703 de
1835 1671 1975 1712 Sulliaco,
1990 1674 2025 1705 ὃς
2041 1673 2175 1712 Iohannis
2189 1671 2226 1704 de
2238 1672 2307 1706 Sto·
2323 1690 2356 1714 E.
2366 1659 2406 1716 ’,Γ
2432 1671 2440 1678 “

1233 1721 1323 1782 Ποιῗεῖ
1330 1712 1635 1795 ,ἒὲἓὲᾝῆῃριὲἓιξιῗ
1649 1710 1972 1794 ᾒῖἓῖιςιὲἑέῬῐίῃείρε
1986 1773 1997 1789 ,
2020 1749 2156 1781 Domino
2177 1748 2309 1790 Karolo,
2322 1726 2438 1793 {fga

1234 1789 1364 1821 Franciae
1379 1791 1418 1834 ,δε
1437 1789 1578 1820 Navarrae
1600 1788 1684 1833 Rege
1702 1787 1823 1827 Illustri,
1845 1787 1943 1832 Fratre
1961 1787 2062 1819 nostro
2083 1785 2244 1829 carisfimo,
2259 1791 2307 1822 vel
2370 1812 2395 1830 1,

1234 1828 1400 1866 deputandis
1411 1828 1448 1859 ab
1460 1829 1538 1869 ipso,
1556 1828 1591 1859 de
1603 1828 1649 1859 die
1663 1829 1697 1859 &
1710 1827 1794 1866 loco,
1803 1826 1906 1865 quibus
1917 1826 2009 1858 dietus
2024 1826 2091 1858 Rex
2104 1828 2139 1859 &
2153 1827 2222 1860 Nos
2234 1810 2348 1871 con-f„
2391 1849 2408 1876 7

1236 1869 1333 1898 venire
1354 1867 1516 1906 poffumus,
1533 1868 1567 1899 &
1588 1874 1691 1898 mutuo
1711 1875 1764 1897 nos
1783 1865 1898 1904 videre3
1919 1875 2036 1897 necnon
2057 1864 2092 1897 ad
2113 1866 2191 1898 diem
2212 1866 2247 1898 &
2264 1867 2308 1898 lo-
2350 1863 2357 1871 '
2375 1850 2387 1879 3
2411 1862 2421 1871 “

1236 1916 1324 1952 cum,
1343 1916 1415 1945 quos
1431 1908 1459 1936 iri
1471 1906 1524 1936 hac
1537 1914 1613 1944 parte
1628 1905 1697 1936 hinc
1710 1905 1744 1936 ὃς
1758 1903 1824 1935 inde
1838 1904 2008 1936 concordari
2021 1904 2190 1946 contigerit,
2206 1904 2310 1938 nostro

1238 1946 1597 2028 noffiiaeng,igic{}p{gggm
1605 1967 1756 2027 'Militibus
1791 1982 1826 2013 δε
1846 1981 1960 2014 duobus
1979 1989 2099 2021 eorum,
2115 1980 2230 2021 plenam
2242 1986 2254 2022 3
2268 1987 2313 2014 te-*

1236 2032 1306 2053 nore
1326 2022 1525 2061 praesentium,
1542 2021 1730 2054 concedimus
1748 2004 1941 2059 130testatem3
1958 2029 2050 2051 ratum
2069 2019 2193 2052 habituri
2210 2021 2245 2053 δε
2265 2018 2312 2052 fir-

1237 2070 1320 2092 mum
1340 2060 1476 2102 quicquid
1498 2070 1548 2101 per
1562 2060 1690 2101 praefatos
1700 2082 1710 2097 ,
1729 2057 1902 2100 Episcopum
1920 2060 1955 2090 δε
1971 2058 2099 2097 Milites,
2115 2059 2162 2090 vel
2175 2058 2249 2090 duos
2261 2068 2313 2089 eo-

1236 2110 1299 2133 rum
1316 2100 1495 2145 amstamm
1507 2123 1517 2138 ,
1536 2098 1744 2132 concordatum
1759 2121 1768 2135 ‚
1784 2098 1818 2130 ὃς
1839 2105 2036 2138 acceptatum,
2051 2095 2152 2130 nostro
2172 2098 2315 2139 nomineg

1236 2141 1360 2171 fueritin
1375 2137 1529 2177 praemiffis.

1273 2178 1307 2210 In
1322 2179 1400 2216 cujus
1436 2178 1497 2209 δίε.

1305 2217 1398 2250 Teste
1409 2202 1495 2257 kege
1509 2214 1583 2255 apud
1596 2213 1787 2248 Porcestriam
1795 2237 1805 2253 ,
1820 2211 1928 2248 octavo
1941 2211 1987 2247 die
1997 2212 2078 2255 Julif:

1901 2293 1956 2322 Per
1968 2289 2052 2331 {plum
2064 2292 2174 2330 Regem:

1290 2423 1340 2455 De
1367 2418 1540 2455 Trastando
1559 2419 1652 2466 fhper
1679 2416 1906 2466 Diffl’nstonibus
1935 2419 2053 2452 ratione
2083 2413 2251 2459 Castri-de

1644 2471 1757 2502 Monte
1777 2467 1900 2514 Peffato.

1233 2553 1359 2611 REX
1378 2554 1511 2585 universis
1531 2555 1565 2585 &
1586 2554 1719 2592 singulis,
1735 2551 1883 2592 praesentes
1906 2550 2014 2581 Literas
2026 2548 2207 2588 inspecturis,
2225 2548 2308 2582 Salu-
2323 2559 2400 2591 Arm,
2413 2560 2455 2593 D·

1269 2601 1446 2662 Affegetzrsrjites
1464 2638 1585 2661 omnem·
1599 2632 1676 2668 pacis
1692 2629 1726 2661 δί
1741 2629 1840 2667 quietis
1854 2626 2089 2666 tranquilitatem,
2113 2628 2206 2667 inter,
2224 2628 2307 2659 caris—
2320 2607 2441 2668 Λὶῃξξ

1234 2668 1338 2700 fimum
1358 2670 1482 2700 Fratrem
1503 2669 1649 2707 nostrum,
1671 2668 1838 2698 Dominum
1858 2665 2018 2705 Karolum,
2038 2667 2097 2698 Dei
2121 2668 2224 2705 gratia,
2241 2666 2305 2698 Re⁶
2320 2681 2351 2704 E.
2370 2687 2397 2705 2,

1234 2709 1444 2783 5335?ss
1458 2704 1952 2777 ffiffissnais—Zielississiiffsssse&0ffiff’
1971 2705 2304 2776 ipsiuissffiefiiffii‘soem&
2318 2719 2379 2744 ¹²⁴²·
2392 2714 2437 2743 ¹⁸·

1235 2756 1500 2830 teriam,'q¹i³ianlisim
1522 2786 1551 2816 iri
1566 2766 1649 2816 nobis
1660 2784 1716 2823 est,
1734 2763 1787 2822 pso
1809 2753 1991 2814 u³1sari.emq
2273 2755 2303 2776 a*
2316 2758 2347 2831 ξ
2366 2764 2397 2820 ,ι

1271 2824 1381 2855 Audito
1403 2824 1484 2862 quod
1504 2824 1596 2854 dietus
1617 2824 1712 2854 Frater
1734 2834 1774 2854 no
1801 2832 1830 2852 er
1844 2821 2031 2852 Excercitum
2062 2821 2179 2853 randem
2212 2821 2306 2854 versus
2318 2840 2354 2860 m.
2387 2838 2413 2865 7,

1234 2863 1383 2908 Duc-atum
1405 2862 1536 2893 nostrum
1558 2863 1743 2906 praedistum,
1765 2861 1916 2893 occasione
1936 2829 2163 2892 Castriffislontis
2184 2845 2306 2900 Feflati,
2367 2837 2382 2868 3

1233 2913 1262 2932 in
1281 2902 1361 2933 disto
1382 2901 1498 2946 Ducatu
1518 2902 1619 2932 nostro
1638 2902 1746 2940 situati,
1769 2909 1942 2940 congregare
1962 2902 2116 2940 proponit,
2139 2900 2174 2931 &
2191 2900 2227 2931 ad
2246 2899 2305 2931 hoc

1234 2949 1427 2973 convocavit:

1272 2979 1318 3011 Ex
1340 2990 1399 3019 quo
1414 3003 1424 3017 ,
1449 2978 1469 3009 si
1508 2979 1625 3011 rocedat
1638 3002 1648 3018 ,
1671 2978 1748 3019 quod
1768 2977 1860 3017 absit,
1879 2977 1990 3008 Terror
2005 2976 2203 3016 Populorum,
2220 2972 2304 3007 Pacis

1234 3019 1423 3064 perturbatio,
1438 3027 1469 3048 m
1501 3027 1582 3058 taque
1597 3018 1734 3059 dampna,
1751 3017 1893 3055 scandala,
1906 3017 1940 3048 δε
1954 3014 2155 3053 incommoda,
2170 3022 2305 3053 poterunt

1234 3068 1509 3142 pfffilgslffy’olentes
1524 3096 1620 3128 omnis
1640 3094 1801 3140 Discordia}
1822 3092 1968 3139 scintillam
1986 3091 2100 3137 evitari,
2117 3090 2212 3137 &.¹²‘?
2233 3091 2305 3137 quid

1234 3134 1405 3166 dissensionis
1427 3137 1527 3173 nobis,
1541 3135 1649 3166 ratione
1667 3134 1800 3165 Dominii
1822 3131 1953 3162 Ducatus
1973 3130 2065 3161 nostri
2080 3130 2225 3170 praedieh,
2244 3141 2302 3162 im-

1236 3176 1327 3213 putari
1347 3173 1448 3214 poffit,
1468 3174 1514 3205 vel
1533 3174 1631 3205 ascribi
1651 3175 1681 3203 in
1702 3172 1755 3202 hac
1788 3178 1860 3208 arte,
1879 3178 2002 3200 omnem
2015 3170 2227 3209 obedientiam,
2241 3168 2304 3201 Re-

1237 3213 1407 3249 verentiam,
1426 3214 1460 3244 ὃ(
1480 3212 1621 3242 honorem
1638 3210 1755 3250 praefato
1793 3210 1855 3240 ratri
1868 3208 1983 3248 nostro,
2001 3216 2135 3248 tanquam
2149 3207 2303 3248 Domino,

1237 3252 1344 3282 ratione
1365 3256 1380 3268 ⁴*
1396 3250 1528 3281 Ducatus
1546 3248 1635 3280 nostri
1650 3249 1778 3292 praedii-*ti
1800 3247 1888 3282 isalva
1899 3247 2129 3279 exhaeredationis
2141 3247 2247 3279 nostrae
2259 3248 2303 3279 in-
2316 3247 2397 3277 *IV.
2405 3247 2454 3283 65.

1236 3289 1323 3327 juria)
1339 3289 1511 3319 intendimus
1526 3288 1632 3326 facere,
1650 3288 1683 3319 &
1697 3287 1826 3318 exhibere
1841 3287 1972 3317 volumus
1986 3296 2055 3318 cum
2071 3286 2185 3318 effectu

1275 3327 1324 3358 De
1345 3327 1474 3358 fidelitate
1488 3328 1596 3366 itaque,
1614 3326 1786 3357 dilectorum
1800 3326 1833 3357 &
1848 3325 1974 3356 fidelium
1987 3325 2170 3364 nostrorum,
2189 3331 2305 3356 venera-

1237 3366 1301 3396 bilis
1314 3365 1418 3404 Patris,
1433 3365 1570 3404 Johannis
1586 3365 1718 3406 Episcopi
1734 3363 1929 3395 Norwicenfis
1945 3374 1951 3394 :
1986 3363 2109 3395 Henrici
2129 3363 2254 3394 Domini
2266 3362 2304 3393 de

1238 3404 1379 3445 Sulliaco,
1391 3405 1528 3442 Johannis
1548 3404 1584 3435 de
1605 3405 1743 3442 Stonore,
1762 3403 1914 3441 Militum,
1931 3403 1983 3439 &,
2003 3402 2211 3442 Magistrorum
2246 3400 2289 3430 Ri

1236 3443 1311 3474 cardi
1334 3443 1370 3487 de
1392 3443 1501 3483 Eryum
1522 3442 1666 3487 Canonici
1687 3442 1819 3473 Eborum
1834 3464 1843 3480 ,
1871 3441 2011 3486 utriusque
2024 3441 2106 3485 Juris·
2121 3423 2304 3477 professoris,

1233 3481 1371 3520 Johannis
1392 3482 1428 3512 de
1450 3482 1608 3519 Shordich,
1627 3482 1739 3521 Legum
1761 3481 1922 3520 notioris,
1940 3481 1974 3512 &
1990 3479 2108 3510 Ricardi
2119 3477 2155 3508 de
2168 3475 2301 3509 Glouce-

1236 3520 1317 3558 stria,
1332 3520 1406 3560 Juris
1417 3522 1514 3560 periti,
1528 3519 1562 3551 ad
1579 3521 1697 3558 plenum
1713 3519 1906 3558 confidentes,

1272 3559 1319 3590 Ad
1341 3559 1517 3591 metandum
1530 3582 1540 3598 ,
1565 3560 1685 3590 nomine
1707 3558 1806 3590 nostro
1819 3581 1830 3598 ,
1848 3559 1882 3591 ὃ(
1900 3556 2032 3589 Ducati'is
2052 3553 2141 3585 nostri
2159 3552 2303 3594 praediffl,

1237 3608 1306 3629 cum
1332 3599 1451 3635 praefato
1472 3599 1566 3628 Fratre
1586 3597 1700 3635 nostr0,
1718 3598 1752 3629 &
1765 3598 1823 3628 aliis
1832 3620 1842 3636 ,
1856 3607 1906 3636 per
1918 3605 1984 3626 eum
1997 3593 2032 3624 ad
2045 3593 2104 3622 hoc
2116 3591 2301 3635 deputandis,

1235 3636 1263 3666 su
1285 3647 1313 3667 er
1336 3636 1482 3674 praemiffis
1497 3660 1507 3675 ,
1531 3646 1565 3667 ac
1587 3637 1721 3667 omnibus
1742 3637 1776 3667 &
1797 3636 1932 3673 singulis,
1956 3641 2020 3671 quae
2033 3652 2044 3669 ‚
2066 3639 2116 3668 per
2136 3629 2300 3668 hujusmodi

1236 3647 1417 3706 obedientiae
1429 3698 1443 3719 ,ι
1458 3675 1636 3706 Reverentiae
1651 3697 1660 3713 ,
1677 3676 1710 3707 δε
1729 3674 1875 3713 Honoris,
1892 3671 2115 3707 exhibitionem,
2132 3677 2235 3712 pacem
2252 3668 2300 3699 fir-

1236 3723 1313 3743 mare
1327 3736 1336 3751 ,
1355 3714 1387 3744 &
1403 3713 1564 3744 Discordiae
1579 3713 1766 3744 incommoda
1780 3711 1936 3754 propellere
1947 3716 2080 3748 poterunt
2093 3717 2100 3736 2
2117 3707 2152 3737 &
2171 3706 2224 3737 hus
2257 3714 2303 3738 uae

1236 3753 1427 3782 tractabuntur
1448 3751 1683 3783 consentiendum
1705 3754 1738 3784 ὃς
1759 3747 2010 3784 concordandum,
2033 3747 2068 3777 δε
2087 3744 2123 3775 ad
2145 3754 2178 3775 ea
2254 3755 2304 3776 an-

1235 3791 1306 3859 ἓμπι
1319 3813 1328 3829 ,
1346 3790 1517 3821 firmandum
1529 3814 1540 3829 ,
1557 3791 1591 3822 ὃς
1614 3790 1806 3822 roborandum
1825 3787 1935 3825 modis,
1953 3784 2057 3824 quibus
2077 3783 2201 3815 viderint
2217 3792 2302 3823 expe-

1257 3839 1296 3858 ΠΕ

1272 3852 1362 3905 Ip’sos,
1378 3876 1494 3907 omnes,
1510 3869 1651 3908 quinque,
1670 3875 1804 3906 quatuor,
1819 3866 1855 3896 δε
1874 3872 1927 3895 tres
1945 3870 2047 3893 eorum
2068 3862 2208 3899 (quorum
2227 3865 2302 3902 praed

1235 3905 1324 3936 fatum
1353 3905 1525 3945 Episcopum
1546 3916 1639 3940 unum
1659 3907 1716 3938 efle
1737 3903 1885 3940 volumus)
1910 3901 2020 3932 nostros
2041 3899 2244 3932 Procuratores
2265 3902 2302 3935 &

1236 3944 1374 3975 Nuncios
1393 3946 1520 3984 speciales
1538 3946 1675 3985 facimus,
1692 3945 1725 3976 &
1738 3942 1937 3975 constituimus
1950 3939 2169 3984 perpraesentes:

1274 3983 1383 4014 Dantes
1395 4007 1405 4023 ,
1423 3986 1542 4015 nomine
1565 3983 1662 4014 nostro
1677 4006 1687 4021 ,
1705 3984 1740 4013 δε
1760 3978 1892 4012 Ducatsis
1911 3978 2000 4009 nostri
2018 3977 2163 4016 praedicti,
2179 3977 2301 4016 eisdem3

1236 4022 1392 4062 omnibus,
1407 4024 1551 4063 quinque,
1565 4030 1702 4062 quatuor,
1719 4021 1755 4054 ὃς
1773 4019 1859 4052 tribus
1877 4026 1978 4050 eorum
1994 4016 2300 4094 (quorumEgirsaggaffl
