2562 4279
5 166 83 199 Rnn.
96 165 138 197 D.

8 2814 26 2832 ἦ
44 2815 97 2841 {KV-

9 2854 75 2888 576.

14 2956 90 2989 Ann.
103 2956 144 2987 D.

10 3004 125 3070 Ait-333

12 3082 147 3147 aa.

16 3154 44 3176 Ξ.
62 3158 85 3185 3·
102 3156 126 3186 p.

17 3197 42 3214 2.
59 3197 147 3223 m.17.

130 1991 137 1999 .
162 1965 311 2022 REX,
330 1942 454 1998 Ducere
471 1966 521 1997 fibi
544 1968 576 1998 in
599 1964 717 1999 Christo

168 96 183 123 1
195 96 246 122 CC)

155 167 190 198 de
206 166 409 205 Louthyglond
446 165 632 195 intelleximus
644 164 724 202 quod
742 163 887 194 Henricus
901 163 1044 195 Tristrem
1060 163 1096 194 de
1113 162 1217 194 Roke-

155 205 261 244 lound,
281 190 528 235 BallivusDimidii
550 202 701 233 Hundredi
724 202 852 239 praedieti
867 225 877 242 ,
901 203 934 233 δε
952 203 1126 243 Reginaldus
1140 201 1220 240 Rey-

154 244 235 282 nald,
255 243 486 273 Constabularius
510 241 591 272 Villae
613 241 649 271 de
665 241 873 282 ⁴Louwystoft,
892 242 926 273 &
941 242 1004 281 alii,
1021 241 1057 272 de
1072 241 1118 272 sua
1134 240 1218 272 Con-

152 283 339 313 foederatione
354 304 364 318 ,
387 282 419 311 in
441 279 588 310 Comitatu
604 279 768 318 Susiolciae,
786 279 909 311 diversos
923 280 1044 319 Scmos,
1063 290 1152 318 nuper
1166 289 1219 309 no-

155 322 196 352 bis
218 319 384 350 Contrarios
408 320 442 350 δε
464 318 598 348 Rebelles
613 341 622 355 ,
647 319 681 348 &
710 319 794 348 etiarn
814 318 882 349 alios
896 342 906 357 ,
938 327 995 350 tam
1018 318 1196 357 Alienigenas
1212 340 1222 355 ,

154 359 241 396 quam
255 357 417 396 Indigenas,
436 356 596 396 Argentum
612 358 640 385 in
656 355 779 387 Monetzi
790 380 799 395 ,
819 358 847 387 in
863 357 957 388 Mass-22
970 383 980 397 ,
1006 369 1039 388 ac
1055 358 1141 395 Vasa,
1158 357 1219 387 Au-

154 407 199 427 rea
220 398 253 428 &
277 396 420 433 Argentea
436 420 444 432 ,
469 405 545 425 exrra
567 395 615 425 Re
635 405 706 426 num
725 396 758 426 δε
780 395 955 427 Potestatem
974 396 1101 427 nostram
1115 396 1220 426 ducere

155 434 356 473 permiserunt,
375 434 514 472 capiendo
527 434 563 464 ab
579 435 603 464 ei
635 444 682 464 em
697 433 868 465 diversarum
889 436 1075 474 pecuniarum
1087 435 1219 465 Summas

154 483 208 511 pro
223 472 409 503 Permiffione
423 472 598 511 hujusmodi,
616 474 650 504 δε
666 483 709 503 eas
725 473 753 502 in
770 472 846 503 Usus
860 473 996 511 Proprios
1011 472 1219 510 convertendo,

156 514 184 541 in
202 510 307 541 Nostri
322 520 541 550 contemptum,
559 513 592 543 &
607 511 711 550 Populi
727 511 814 541 nostri
824 511 992 550 Dampnum
1008 512 1202 551 gravissimum
1211 533 1221 548 ,

156 551 190 580 ὅ(
211 558 312 580 contra
334 549 540 580 Inhibitionem
556 549 683 581 nostram
700 572 711 590 ,
734 559 785 589 per
806 550 930 588 iingulos
947 550 1108 582 Comitatus
1123 550 1221 589 Regni

152 587 244 656 nolstJri
258 588 336 626 super
349 589 408 619 hoc
423 588 542 619 factam:

230 636 263 657 os

190 651 283 708 Supei
297 663 445 706 praemiffis
460 665 589 697 volentes
603 665 714 704 plenius
730 667 892 705 certiorari,

190 702 404 741 Assignavimus
416 714 486 744 vos,
504 705 539 735 ad
553 704 754 743 inquirendum
763 728 771 743 ,

191 741 246 772 Per
261 743 479 775 Sacramentum
492 744 659 774 Proborum
674 744 708 775 ὃς
724 743 871 783 Legalium
885 743 1051 775 Hominum
1065 742 1101 774 de
1115 741 1221 773 Corni-

154 788 212 811 tatu
235 781 375 819 praedidio
391 805 402 821 ‚
428 783 487 812 tam
508 781 577 812 infra
601 782 758 814 Libertates
772 805 781 820 ,
799 783 886 821 quam
900 791 976 813 exrra
993 783 1055 820 (per
1071 792 1143 820 quos
1161 781 1218 811 Rei

153 819 263 859 Veritas
283 821 384 851 melius
405 819 469 851 sciri
492 822 608 861 poterit)
633 821 726 860 Qiod
751 820 911 861 Argentum
925 843 935 858 ,
958 821 987 850 in
1009 820 1151 857 Moneta,
1171 819 1217 849 seu

152 857 264 898 Massa,
282 859 328 890 vel
344 860 373 889 in
387 859 479 898 Vasis,
497 868 543 890 aut
558 859 615 890 aliis
627 859 738 896 modis,
754 859 900 897 praedieti,
919 859 1062 889 Hem-icus
1077 861 1111 890 ὃς
1127 859 1219 895 Regi-

150 897 249 927 naldus
264 921 275 935 ,
297 897 449 936 praedictos
470 898 574 929 Scotos
589 922 599 936 ,
624 906 671 928 aut
691 897 884 937 Alienigenas‚
903 898 948 928 vel
964 897 1112 936 Indigenas
1123 920 1132 935 ,
1150 896 1216 936 post

152 934 357 967 inhibitionem
374 936 540 975 praedieram
551 960 560 975 ,
574 945 650 967 exrra
664 935 740 966 idem
755 935 894 975 Regnum
907 938 937 966 in
953 935 1103 967 Comitatu
1117 935 1219 974 praedi-

151 974 204 1004 {to
219 975 322 1005 ducere
336 975 534 1014 permiserunt,
552 975 598 1005 seu
612 975 678 1005 duci
693 975 818 1005 fecerunt
836 985 841 1004 z
869 976 903 1006 &
919 975 1019 1013 (Quem
1029 997 1037 1013 ,
1055 975 1103 1006 vel
1117 975 1216 1012 Qos:

152 1013 188 1043 ἃ
209 1013 244 1043 ad
263 1014 365 1052 Qam
385 1013 535 1044 Summam
552 1024 558 1042 z
579 1015 612 1045 δε
628 1014 700 1052 Qo
714 1023 860 1051 tempore:
879 1015 912 1045 δε
928 1013 1072 1052 Qialiter:
1093 1014 1126 1044 &
1144 1014 1217 1052 Qo

152 1051 270 1090 mod03
294 1054 328 1083 &
351 1052 412 1090 Qi
434 1052 471 1082 de
492 1051 750 1083 Confoederatione
770 1052 817 1082 sua
831 1054 998 1090 exciterunt,
1016 1054 1049 1083 &
1067 1052 1217 1083 Affensum

151 1090 187 1120 δε
208 1089 370 1121 Consilium
388 1090 422 1121 ad
445 1091 502 1121 hoc
524 1091 720 1130 praebuerunt,
739 1091 773 1122 δε
787 1092 919 1130 qualiter,
937 1092 970 1123 &
985 1101 1044 1129 quo
1057 1090 1165 1129 mod03
1184 1091 1218 1122 &

152 1129 189 1159 de
202 1130 338 1165 omnibus
350 1130 406 1160 aliis
422 1129 572 1169 Articulis,
588 1129 729 1168 praemiss'a
744 1130 918 1169 tangentibus
927 1152 937 1168 ,

190 1165 306 1198 Plenius
322 1170 486 1200 veritatem:

190 1204 229 1237 Et
242 1205 310 1236 ideo
325 1207 408 1237 vobis
422 1204 594 1237 lN‘Ianrlamus
610 1205 691 1245 quod
710 1205 743 1236 ad
765 1215 858 1237 certos
873 1207 931 1237 dies
950 1206 984 1237 ὃ(
999 1206 1078 1245 loca,
1097 1216 1170 1245 quos
1184 1206 1219 1237 ad

151 1244 210 1274 hoc
233 1245 409 1282 provideritis
422 1270 433 1283 ,
459 1245 674 1284 Inquisitionem
698 1244 765 1274 inde
787 1245 908 1284 faciatis,
927 1246 961 1276 ὃ(
976 1244 1066 1284 Eam,
1083 1245 1218 1276 distinete

151 1283 187 1314 &
200 1285 297 1321 aperte
312 1283 438 1322 factam,
457 1285 540 1314 nobis
556 1285 584 1313 in
597 1282 770 1314 cancellaria
785 1283 882 1314 nostri
896 1306 906 1322 ,
924 1283 975 1314 sub
990 1284 1090 1323 Sigillis
1107 1283 1218 1323 vestris,

151 1322 188 1390 ξε
207 1321 309 1390 Sli3gillis
330 1332 432 1353 eorum
451 1333 500 1363 per
521 1333 593 1361 quos
613 1322 686 1353 faeta
699 1321 799 1360 fuerit,
817 1322 874 1352 fine
887 1322 1022 1353 dilatione
1036 1324 1167 1361 mittatis,
1185 1324 1218 1355 &

173 1369 211 1390 oc
252 1368 325 1391 reve.

193 1398 394 1430 Mandavimus
406 1401 482 1430 enim
497 1399 674 1430 vicecomiti
688 1400 788 1431 nostro
805 1399 971 1430 Comitatus
985 1399 1219 1439 praedidti,quod

152 1436 189 1468 ad
205 1445 299 1469 certos
319 1439 376 1468 dies
398 1439 432 1469 &
454 1438 516 1468 loca
532 1463 541 1476 ,
559 1448 631 1476 quos
644 1439 670 1468 ei
685 1439 754 1470 scire
770 1439 892 1477 facietis,
911 1440 1010 1470 venire
1021 1439 1107 1470 faciat
1120 1449 1220 1470 coram

154 1475 238 1506 vobis
258 1476 320 1507 Tot
342 1478 375 1508 sc
397 1476 482 1506 Tales
504 1476 617 1507 Probos
638 1478 671 1508 &
695 1477 812 1517 Legales
826 1478 971 1508 Homines
985 1477 1021 1508 de
1034 1477 1138 1509 Balliva
1154 1477 1220 1516 fua,

154 1515 214 1545 tam
237 1515 305 1546 infra
326 1515 484 1546 Libertates
496 1538 505 1553 ,
531 1517 617 1553 quam
640 1524 730 1557 extra,
749 1527 798 1555 per
818 1526 890 1555 quos
904 1516 961 1547 Rei
979 1515 1086 1548 Veritas
1103 1518 1132 1547 in
1147 1527 1221 1556 prae-

154 1552 243 1584 missis
253 1553 355 1585 melius
368 1553 429 1584 sciri
442 1555 544 1591 poterit
558 1556 591 1585 δε
607 1556 718 1593 inquiri.

231 1591 264 1621 ln
278 1593 374 1631 cuns,
391 1593 455 1623 &c.

186 1630 278 1700 'geste
330 1640 384 1670 ege
401 1631 476 1670 apud
497 1629 635 1672 Magnam
646 1631 834 1672 Jememmh,
858 1631 996 1663 vicesimo
1011 1631 1087 1664 sexto
1102 1631 1148 1663 die
1161 1632 1222 1663 Au-

174 1680 190 1700 u
216 1679 234 1699 1.

153 1678 172 1709 g
661 1712 715 1739 Per
729 1713 822 1740 Breve
836 1710 867 1740 de
880 1711 998 1740 Privato
1013 1709 1115 1748 sigillo.

202 1837 251 1870 De
273 1835 417 1868 Denariis
434 1861 444 1876 ‚
463 1845 518 1880 pro
539 1836 715 1882 Illaritagio
738 1835 909 1875 Alianorae,
934 1836 1049 1868 Sororis
1068 1837 1173 1882 Regis,

599 1882 781 1929 rccipi‘endis.

886 1966 992 1998 Abbati
1012 1968 1102 2000 beatae
1118 1967 1222 2000 Maria:

236 2004 384 2043 Eborum,
403 2005 537 2036 Salutem.

192 2040 289 2074 Sciatis
305 2043 385 2082 quod
403 2043 472 2074 Nos
487 2044 535 2082 (de
550 2043 696 2077 Fidelitate
709 2044 801 2077 vestra
821 2043 1007 2083 confidentes)
1022 2044 1221 2085 affignavimus

154 2089 207 2111 vos
221 2083 263 2125 ad,
271 2083 467 2120 recipiendum
479 2093 580 2114 omnes
593 2083 784 2116 Pecuniarum
797 2083 945 2123 Summas,
962 2084 1062 2115 Nobis
1075 2094 1126 2122 per
1134 2094 1221 2123 quos-

154 2118 220 2150 dam
241 2120 398 2160 episcopos
413 2146 422 2160 ,
450 2121 575 2153 Abbates
588 2146 598 2162 ,
623 2125 657 2155 δε
682 2123 794 2154 Priores
809 2146 818 2162 ,
837 2124 866 2153 in
880 2121 1100 2154 subventionem
1115 2123 1221 2162 Sump-

154 2166 235 2189 tuum
253 2162 337 2198 (quos
352 2170 404 2198 pro
420 2159 510 2192 Marit
527 2163 575 2192 oio
590 2161 750 2201 Alianorae,
767 2161 879 2192 Sororis
891 2160 1014 2201 nostrae,
1032 2161 1140 2193 Nobili
1155 2164 1221 2194 viro

307 2198 418 2230 Comiti
434 2199 470 2229 de
484 2199 533 2230 Ge
547 2211 576 2231 re
588 2200 718 2239 fecimus)
736 2200 900 2238 concessas,

193 2235 334 2275 Qorum
356 2238 474 2277 quidem
492 2236 701 2278 Episcoporum
716 2262 726 2278 ,
744 2239 909 2278 Abbatum,
925 2239 960 2271 &
975 2239 1130 2278 Priorum,
1148 2239 1221 2271 No-

156 2275 250 2318 mina,
268 2285 302 2306 ac
314 2276 464 2315 Summas,
483 2287 533 2315 per
549 2278 671 2319 singulos
685 2279 807 2316 ipsorum
830 2277 911 2308 nobis
932 2278 969 2309 [ις
985 2279 1150 2317 conceHas,
1167 2289 1222 2310 vo-

155 2314 196 2344 bis
211 2315 348 2345 mittimus
364 2338 373 2353 ,
391 2324 526 2346 contenta
546 2317 574 2346 in
590 2317 713 2354 quadam
735 2316 850 2355 cedula,
867 2316 916 2346 sub
932 2316 1039 2356 sigillo,
1057 2317 1222 2348 venerabilis

156 2354 238 2388 patris
253 2375 262 2390 ‚
286 2353 437 2383 willielmi
459 2354 675 2394 Archiepiscopi
697 2355 848 2393 Eborum,
866 2355 979 2394 Angliae
992 2355 1139 2394 primatis,
1159 2355 1222 2386 Cu-

157 2389 244 2419 stodis
258 2390 360 2430 Magni
374 2392 463 2430 Sigilli
478 2391 583 2431 nostri,

195 2427 233 2458 Et
245 2429 280 2459 ad
294 2429 435 2460 Denarios
448 2430 509 2460 illos
527 2431 561 2460 ad
573 2441 646 2468 opus
661 2431 791 2461 nostrum
807 2431 884 2461 salvo
898 2431 1034 2462 custodiri
1047 2431 1222 2471 faciendum,

195 2466 232 2496 Et
247 2466 312 2497 ideo
327 2467 410 2498 vobis
421 2468 584 2499 mandamus
601 2469 680 2506 quod
695 2469 835 2499 Denarios
851 2469 1002 2506 praedidtos
1015 2472 1169 2508 recipiatis,
1187 2473 1221 2503 δε

157 2514 207 2534 eos
220 2505 254 2535 ad
268 2515 341 2543 opus
353 2506 483 2537 nostrum
494 2507 572 2538 salvo
588 2507 722 2538 custodiri
737 2507 858 2546 faciatis,
877 2509 911 2539 ὃς
931 2510 1014 2539 nobis
1027 2509 1094 2539 inde
1111 2509 1224 2548 respon-

158 2542 245 2573 deatis
260 2553 344 2582 prout
357 2544 449 2575 decet.

233 2581 267 2612 In
281 2584 376 2621 cujus,
394 2584 455 2614 &c.

160 2619 292 2697 Aigiai.
308 2622 391 2662 Rege
411 2621 484 2661 apud
505 2621 642 2654 Sanitum
666 2622 852 2654 Edmundum
867 2646 878 2662 ,
903 2622 1039 2655 vicefimo
1054 2624 1161 2656 οᾶὶενο
1178 2625 1225 2657 die

162 2811 190 2837 *ἴ
210 2814 267 2846 Pro
286 2809 428 2844 Gentibus
445 2813 567 2845 Comitis
582 2811 730 2845 Flandriae
742 2837 751 2853 ,
769 2813 862 2860 fhper
870 2811 987 2857 Arqllis
1002 2812 1224 2858 Dearestandis,

515 2864 552 2898 (ῤ’
573 2859 664 2893 libero
679 2863 865 2908 Intercurfit.

166 2947 221 3003 R
234 2945 262 2977 E
272 2944 303 2976 X
329 2945 505 2977 Vicecomiti
521 2944 654 2977 Eborum
664 2970 673 2984 ,
688 2946 820 2978 Salutem.

262 2985 343 3016 Cum
360 2986 388 3015 in
404 2985 560 3024 Tractatu²

196 3020 274 3054 Inter
295 3023 430 3062 quosdam
450 3024 588 3055 Nuncios
609 3023 722 3054 nostros
741 3033 775 3054 ex
797 3032 872 3063 parte
892 3025 948 3057 una
964 3049 974 3064 ,
992 3025 1026 3057 ὃ(
1041 3025 1176 3057 Nuncios
1192 3025 1226 3058 ὃς

162 3058 364 3093 Procuratores
387 3061 509 3093 Nobilis
531 3063 583 3093 viri
750 3062 874 3094 Comitis
893 3064 916 3094 F
919 3064 1048 3103 landriae,
1068 3075 1102 3096 ac
1116 3064 1229 3096 Procu-

164 3108 268 3131 ratores
289 3102 322 3131 &
339 3100 528 3132 Conciliarios
542 3101 679 3132 Villarum
699 3100 737 3131 de
750 3101 889 3145 Brugges,
906 3103 1030 3142 d'Ypre,
1049 3104 1082 3135 &
1095 3104 1132 3135 de
1148 3103 1229 3135 Gan-

165 3136 257 3176 dano,
275 3148 308 3168 ex
321 3139 422 3178 altera,
441 3150 532 3180 nuper
549 3139 647 3170 habito
660 3139 739 3177 super
758 3140 932 3180 Discordiis,

203 3175 281 3206 Inter
299 3176 443 3208 Homines
462 3180 496 3210 δε
520 3178 696 3209 Mercatores
718 3179 755 3209 de
776 3179 880 3219 Regno
902 3179 1020 3218 nostro,
1037 3190 1070 3212 ac
1085 3180 1230 3212 Homines

164 3213 199 3244 &
213 3214 390 3245 Mercatores
402 3216 439 3246 de
451 3216 595 3248 Potestate
608 3216 678 3247 dicti
685 3215 826 3256 Comitis,
844 3220 946 3249 exortis
961 3219 1110 3250 occasione
1118 3219 1231 3258 Darnp-

168 3263 272 3285 norum
288 3254 322 3284 δε
339 3253 522 3294 Injuriarum,
541 3256 609 3286 hinc
626 3255 692 3286 inde
706 3256 862 3295 illatorum,

202 3291 399 3322 Amicabiliter
413 3292 536 3323 sedandis
550 3295 582 3324 &
596 3293 791 3332 pacificandis„

202 3330 261 3369 Sit,
279 3332 351 3362 inter
367 3340 483 3370 caetera,
501 3332 721 3364 Concordatum
735 3333 768 3363 &
780 3332 978 3373 Concessum,

203 3369 298 3408 Qod
311 3370 409 3400 omnia
423 3370 539 3409 Are-sta,
558 3371 630 3402 fasta
645 3373 673 3401 in
691 3371 797 3410 Regno
811 3371 910 3402 nostro
927 3371 1095 3411 Angliae,&
1111 3372 1139 3401 in
1149 3371 1232 3402 Flan-

165 3405 226 3438 dria
240 3430 249 3446 ,
273 3408 354 3446 super
376 3408 485 3439 Gentes
505 3409 609 3439 nostras
633 3411 667 3441 ὃς
689 3409 800 3441 Gentes
825 3410 907 3448 ipsius
924 3409 1066 3448 Comitis,
1084 3420 1116 3440 ac
1128 3420 1230 3440 eorum

167 3444 245 3475 Bona
260 3470 269 3483 ‚
294 3447 505 3484 dearestentur,
532 3449 566 3479 &
589 3448 776 3479 deliberentur
799 3449 879 3479 simul
894 3459 961 3479 cum
978 3448 1231 3486 Manucaptoribus

167 3484 355 3523 eorumdem,
376 3485 456 3523 quod
473 3486 508 3517 de
523 3496 629 3517 caetero
644 3487 804 3525 hujusmodi
822 3487 920 3518 Aresta
943 3488 1050 3519 cessent
1063 3489 1135 3517 inter
1149 3486 1233 3517 Gen-

169 3528 208 3551 tes
224 3521 317 3561 Regni
330 3524 364 3554 ὅτ.
378 3524 480 3554 Terrae
494 3525 713 3564 praedictorum,

208 3558 245 3590 Et
269 3562 348 3598 quod
371 3564 469 3592 omnia
489 3563 567 3593 Bona
582 3563 748 3594 Hominum
769 3565 802 3595 &
819 3563 1017 3595 Mercatorum
1034 3564 1070 3594 de
1085 3562 1232 3602 Flandria,

170 3606 235 3634 quie
258 3600 287 3642 in
310 3599 415 3638 Regno
439 3601 539 3632 nostro
559 3602 688 3642 Anghae,
718 3613 750 3632 ac
772 3604 869 3633 omnia
890 3602 968 3633 Bona
991 3603 1024 3632 &
1039 3602 1231 3632 Mercimonia

172 3634 336 3667 Hominum
358 3640 391 3668 ὃ(
412 3638 608 3671 Mercatorum
627 3641 791 3671 nostrorum
808 3665 816 3679 ,
841 3651 905 3679 quae
931 3643 959 3671 in
983 3640 1076 3671 Terra
1096 3640 1232 3670 Flandriae

174 3682 301 3716 poterunt
322 3677 465 3716 inveniri,
492 3678 583 3710 statim
602 3680 636 3710 &
658 3681 714 3710 fine
736 3680 901 3710 difficultate
914 3680 1120 3716 deliberentur,
1138 3679 1232 3709 habita

174 3719 247 3754 prius
258 3716 335 3750 iuper
352 3715 409 3745 hoc
424 3716 501 3747 bona
517 3718 551 3748 &
566 3718 714 3749 sufficienti
735 3717 941 3750 Informatione
956 3728 1081 3757 quorum
1095 3716 1175 3748 Bona
1188 3716 1233 3751 illa

174 3748 289 3788 fuerint,
306 3752 338 3782 ὃς
353 3753 387 3783 ad
401 3765 472 3792 quos
485 3756 604 3787 debeant
617 3758 773 3797 pertinere,

211 3786 249 3816 Et
269 3790 347 3824 quod
370 3801 470 3823 omnes
495 3793 671 3825 Mercatores
687 3820 696 3833 ,
721 3795 757 3826 de
776 3795 806 3826 R
844 3806 882 3827 no
905 3797 939 3828 δε
962 3794 1105 3826 Potestate
1118 3792 1232 3832 nostra,

173 3822 249 3868 salvo
265 3825 296 3870 ᾃ
309 3827 403 3872 secure
418 3832 446 3860 in
464 3831 638 3872 Flandriam,
657 3834 690 3864 &
702 3843 803 3864 omnes
859 3844 1016 3873 ercatores,
1033 3834 1070 3864 de
1087 3833 1232 3863 Dominio

174 3862 243 3892 didh
259 3862 382 3907 Comitis
394 3890 410 3910 ⁷.
420 3869 542 3900 fimiliter
558 3871 633 3902 salvo
645 3873 679 3903 &
693 3872 788 3903 secure
805 3874 834 3903 in
849 3873 1000 3912 Angliam,
1018 3882 1072 3911 pro
1086 3870 1186 3901 Rebus
1198 3872 1232 3902 &

178 3901 361 3931 Mercandisis
375 3904 424 3934 suis
439 3909 591 3939 vendendis
607 3912 640 3941 &
655 3911 799 3949 emendis,
816 3913 914 3942 venire
928 3911 1047 3950 possint,
1065 3911 1099 3942 &
1115 3909 1235 3940 Merces

175 3941 210 3969 ὅς
229 3937 306 3969 Bona
321 3939 484 3981 suaexinde,
503 3957 560 3983 quo
577 3949 735 3989 voluerint,
753 3949 859 3982 ducere
871 3951 976 3990 libere,
993 3950 1028 3982 &
1043 3947 1148 3988 absque
1161 3946 1234 3979 Are*

174 3978 236 4017 sto,
255 3978 377 4018 fraude,
394 3981 440 4011 vel
458 3982 540 4014 Malo
555 3985 684 4024 Ingenio.
1174 4016 1180 4020 ι

627 72 1435 125 coNVENT1oNEQ

1490 73 1883 120 LITERAE‚

1300 158 1387 198 Nos,
1405 159 1573 191 Tradiatum
1586 159 1772 198 praedictum,
1789 166 1927 197 quantum
1940 155 1976 187 ad
1988 156 2057 187 Nos
2072 158 2208 200 pertuter,
2225 159 2327 190 volen-
2344 154 2420 185 Arm.
2434 157 2476 188 D.

1263 205 1304 229 tes
1326 199 1493 237 observari,
1518 199 1569 229 tibi
1592 200 1773 237 praecipimus
1795 196 1874 235 quod
1897 196 1990 225 statim
2005 218 2015 233 ‚
2042 196 2108 226 vifis
2127 197 2326 237 praesentibus,
2364 203 2449 235 1333.

1262 237 1378 274 publice
1401 236 1568 274 proclamari
1586 237 1669 267 facias
1685 260 1695 276 ,
1718 238 1747 266 in
1763 237 1899 266 omnibus
1914 234 2056 265 Portubus
2069 257 2080 272 ,
2097 235 2126 264 in
2143 234 2246 268 Balliva
2260 236 2326 276 tua,
2340 236 2422 264 Edv:
2432 247 2458 273 3,

1263 283 1324 305 tam
1338 275 1409 305 infra
1424 275 1597 314 Libertates,
1615 277 1701 313 quam
1715 284 1790 305 eXtra
1801 298 1810 311 ,
2140 310 2146 316 .

1301 313 1393 352 Qod
1408 315 1505 344 omnia
1524 314 1624 344 Aresta
1637 314 1726 351 faeta,
1746 313 1825 350 super
1843 311 1953 342 Gentes
1968 310 2038 341 dieti
2054 309 2199 350 Comitis,
2216 311 2261 342 seu
2275 323 2328 344 eo-

1263 362 1327 382 rum
1341 351 1435 390 Bona,
1454 353 1511 383 fine
1525 353 1656 383 dilatione
1668 353 1712 383 seu
1725 350 1893 381 difficultate
1905 348 2110 387 dearestentur,
2129 350 2163 380 &
2179 351 2257 388 quod
2271 352 2327 390 illi,

1265 392 1313 428 qui
1334 390 1414 421 Bona
1432 391 1476 421 illa
1499 391 1626 422 detinent
1641 414 1651 429 ,
1675 390 1770 422 habita
1794 389 1993 419 informatione
2008 397 2136 426 quorum
2150 388 2272 427 fuerint,
2287 389 2328 421 Ea

1264 429 1313 459 Eis
1327 429 1474 460 restituent
1487 430 1615 460 indilate:

1301 467 1398 498 Facias
1413 469 1498 498 etiam
1512 469 1628 507 publice
1642 467 1827 506 proclamari,
2116 503 2121 509 ·
2146 503 2152 509 ⁶

1305 506 1397 544 Qod
1420 516 1521 537 omnes
1543 507 1689 538 Homines
1711 508 1744 537 δε
1768 505 1962 542 Mercatores‚
1979 503 2016 534 de
2028 503 2175 534 Dominio
2191 504 2226 536 δε
2239 503 2327 536 Pote—

1265 543 1334 574 state
1357 545 1427 575 dieti
1447 544 1572 576 Comitis
1589 569 1599 584 ,
1617 546 1693 577 salvo
1707 546 1740 575 ὃς
1755 544 1850 575 secure
1866 544 1937 573 infra
1951 543 2088 582 Regnum
2106 542 2138 573 δε
2155 542 2328 574 potestatem

1264 582 1390 614 nostram
1401 605 1411 621 2
1438 593 1507 614 cum
1528 584 1628 615 Rebus
1647 586 1681 615 «Sc
1703 584 1903 614 Mercimoniis
1925 582 1978 612 suis
1992 582 2151 624 nveniam,
2171 581 2327 614 &ibidem

1265 631 1378 659 emant,
1397 623 1431 652 &
1445 621 1586 659 vendant,
1604 624 1638 654 &
1654 623 1753 653 exinde
1768 632 1821 659 pro
1834 622 1981 652 voluntate
1999 619 2046 650 iusi
2057 620 2209 659 recedant,
2224 619 2328 652 faciet:-

1264 659 1304 690 do
1325 659 1550 691 Consuetudines
1564 660 1682 691 Debitas
1698 662 1731 692 &
1745 661 1867 691 Ufitatas
1878 661 1907 690 in
1921 659 2027 698 Regno
2042 658 2150 690 nostro.

1302 698 1393 729 Teste
1406 698 1490 738 Rege
1502 699 1577 737 apud
1590 699 1705 730 Eltham
1714 724 1724 738 ,
1742 700 1849 731 octavo
1861 699 1908 730 die
1920 698 2100 738 Septembris.

1769 778 1825 806 Per
1836 779 1929 806 Breve
1943 776 1975 806 de
1989 777 2109 804 Privato
2123 773 2224 812 Sigillo.

1302 850 1416 882 Eodem
1430 851 1522 883 modo
1534 852 1699 883 mandatum
1713 852 1754 883 est
1763 853 1872 893 singulis
1880 853 2109 885 Vicecomitibus
2125 862 2174 891 per
2182 851 2327 892 Angliam‚

1264 977 1313 1010 Dc
1343 975 1527 1021 intereffina'o
1554 977 1758 1010 Parliamento
1784 974 1939 1009 Edwardi
1970 977 2080 1010 Ballio!
2099 979 2187 1023 Regis
2205 980 2325 1019 Scotiae,

1337 1024 1430 1070 sirper
1448 1022 1696 1058 Conventionibus
1710 1036 1802 1072 nuper
1816 1024 1978 1071 prelocutis
1993 1028 2029 1064 ᾤ’
2047 1025 2242 1061 concordatis.

1336 1108 1422 1148 EX,
1441 1109 1563 1142 Dilectis
1584 1111 1617 1142 &
1639 1109 1784 1141 Fidelibus
1802 1109 1854 1141 suis
1866 1132 1876 1149 ,
1900 1109 2031 1154 Henrico
2041 1110 2075 1154 de
2091 1109 2199 1150 percy,
2218 1111 2328 1143 Radul-
2346 1100 2422 1134 Am]-
2433 1103 2474 1134 D·

1265 1186 1335 1216 Shar
1346 1148 1423 1218 13:011
1433 1149 1594 1220 deacljllegill
1609 1174 1619 1188 ,
1646 1148 1949 1228 {enegcallobgighspitg
1962 1148 2061 1218 lnpeffix
2075 1171 2087 1188 ,
2111 1149 2272 1182 Willielmo
2292 1151 2329 1182 de
2345 1151 2453 1217 A1n3373'

1336 1197 1438 1226 eu,
1564 1198 2060 1226 omaeeaumr,au.
2393 1203 2443 1210 -·

1302 1225 1403 1256 Sciatis
1437 1227 1495 1257 uod
2346 1223 2377 1247 E.
2397 1230 2422 1256 3·

1292 1262 1384 1303 ,Cum
1417 1236 1530 1296 flaedar’n
1545 1265 1764 1298 Conventiones
1778 1266 1850 1296 inter
1865 1264 1952 1303 Nos,
1971 1265 2022 1303 &‚
2042 1263 2328 1298 DominumEdwar-
2346 1262 2413 1286 5⁶⁰³·
2432 1268 2459 1294 7·

1263 1301 1334 1332 dum
1354 1303 1390 1333 de
1427 1304 1520 1335 alliolo
1537 1329 1546 1343 ,
1566 1305 1682 1343 Regem
1695 1305 1817 1342 ScotIae,
1835 1302 2085 1344 consanguineum
2100 1303 2232 1335 nostrum
2245 1307 2329 1336 caris·
2344 1300 2383 1326 E.
2400 1307 2427 1335 3·
2443 1306 2480 1327 ⁷⁰·

1265 1340 1384 1382 simum,
1404 1343 1569 1380 praelocutae
1584 1344 1688 1374 fuerint
1703 1344 1737 1374 δε
1758 1343 1959 1382 concordatae,
1978 1343 2048 1375 licut
2064 1353 2113 1382 per
2127 1343 2236 1375 Literas
2247 1345 2328 1384 ipsius
2345 1345 2370 1363 ²·

1265 1379 1354 1448 Κιίἓῖίε
1368 1380 1477 1419 plenius
1491 1391 1619 1421 apparet,

1341 1428 1373 1449 os

1302 1456 1357 1488 Eas
1374 1443 1519 1497 (tolentes,
1537 1468 1621 1498 prout
1634 1459 1731 1499 decet,
1750 1459 1867 1491 effectui
1881 1460 2051 1498 mancipari,
2068 1459 2102 1490 &
2117 1457 2212 1490 debita
2227 1459 2330 1490 Firmi-

1266 1504 1321 1539 tate
1344 1497 1439 1528 vallari
1453 1522 1463 1536 ,
1487 1508 1520 1529 ac
1541 1499 1577 1530 de
1596 1499 1698 1530 vestrae
1711 1498 1970 1540 circumspectionis
1984 1500 2018 1531 &
2030 1497 2176 1529 industriae
2191 1499 2330 1536 probitate

1265 1535 1417 1573 specialiter
1429 1537 1623 1577 confidentes,

1305 1573 1515 1614 Affignavimus
1534 1587 1587 1608 vos
1600 1601 1609 1615 ‚
1636 1577 1727 1616 Tres,
1746 1578 1780 1609 ὃς
1795 1575 1880 1607 Duos
1893 1576 2022 1607 vestrum
2033 1599 2043 1614 ‚
2063 1575 2097 1607 ad
2111 1574 2331 1607 interessendum

1267 1611 1459 1644 Parliamento
1473 1615 1554 1653 ipfius
1568 1616 1658 1655 Regis
1670 1615 1793 1655 Scotiae,
1808 1617 1885 1654 jam,
1904 1625 1934 1646 ut
1946 1618 2108 1653 accepimus
2123 1639 2133 1653 ‚
2148 1624 2332 1654 convocato,

1268 1653 1302 1684 &
1323 1652 1357 1682 ad
1378 1652 1641 1685 Confirmationem
1663 1654 1696 1685 &
1714 1655 1961 1693 Approbationem
1974 1653 2214 1685 Conventjonum
2229 1653 2332 1691 praedi-

1267 1691 1380 1722 «starum
1394 1693 1423 1721 in
1439 1691 1543 1722 eodem
1558 1692 1761 1731 Parliamento,
1781 1694 1922 1731 quantum
1933 1692 1968 1724 ad
1990 1693 2080 1731 ipsum
2097 1693 2211 1733 Regem
2226 1693 2332 1724 Scotiae

1268 1731 1407 1769 pertinet,
1427 1731 1582 1769 petendum
1606 1733 1638 1763 δε
1662 1731 1906 1771 prosequendum:
1925 1732 1959 1763 ὃς
1971 1742 2019 1770 ea,
2037 1742 2102 1770 quae
2117 1733 2200 1762 nobis
2212 1730 2330 1762 fieride-
2401 1760 2404 1764 .

1269 1769 1338 1800 bent
1359 1778 1410 1807 per
1432 1769 1652 1800 Conventiones
1671 1771 1689 1789 *²
1711 1771 1858 1808 praedietas
1873 1794 1883 1808 ,
1909 1770 2010 1800 nostro
2030 1771 2149 1801 nomine
2162 1795 2172 1809 ,
2195 1770 2334 1809 recipien-
2350 1778 2366 1794 ²*
2378 1779 2434 1807 lv,

1268 1807 1356 1850 dum,
1374 1817 1407 1838 ac
1425 1808 1540 1852 ulterius
1554 1807 1734 1853 faciendum,
1752 1809 1771 1840 fi
1788 1820 1852 1849 quae
1868 1819 1918 1848 per
1933 1809 2020 1847 Nos,
2039 1809 2084 1840 scu
2097 1819 2152 1847 pro
2166 1810 2267 1848 nobis,
2285 1809 2336 1841 fie-
2350 1825 2415 1853 577,

1268 1855 1292 1875 ri
1306 1845 1428 1877 debeant
1441 1857 1471 1876 1n
1481 1847 1642 1885 praemiffis:

1306 1884 1344 1915 Et
1365 1885 1431 1915 ideo
1449 1886 1532 1916 vobis
1554 1886 1719 1916 mandamus
1737 1885 1835 1924 quod,
1853 1886 1929 1917 circa
1941 1885 2082 1925 praemissa
2096 1886 2226 1918 facienda
2239 1887 2273 1918 &
2285 1895 2335 1919 ex-

1269 1922 1370 1991 pleInda
1378 1946 1388 1961 ,
1397 1924 1637 1994 ‚cum&diligentia
1651 1925 1808 1956 intendatis.

1323 1971 1341 1991 n
1357 1971 1392 1992 cu
1404 1971 1434 1992 us
1503 1973 1528 1994 c.

1305 1972 1400 2032 'resteJ
1406 1986 1490 2042 Ri'age
1504 2001 1579 2041 apud
1590 2002 1740 2034 waltham
1754 2001 1869 2033 8211&ae
1883 2000 1986 2032 Crucis
1995 2024 2005 2040 ‚
2023 2002 2119 2042 primo
2131 2000 2178 2031 die
2184 2001 2335 2034 otiosas.

1780 2081 1834 2109 Per
1847 2081 1941 2109 Breve
1958 2077 1990 2108 de
2002 2079 2122 2108 Privato
2137 2078 2236 2117 Sigillo-

1399 2201 1460 2235 Ad
1475 2205 1584 2251 Regem
1597 2206 1756 2251 Aragoniae
1770 2214 1826 2250 pro
1844 2200 1985 2237 Marcha
1996 2200 2205 2248 sttbducenda.

1268 2285 1486 2347 MAgnifico
1506 2287 1646 2326 principi,
1666 2288 1801 2319 Domino
1823 2288 1961 2326 Alfonso,
1981 2287 2039 2318 Dei
2055 2288 2141 2327 gratia
2176 2287 2252 2327 Regi
2267 2286 2340 2318 Araae
2353 2302 2421 2334 Arm
2440 2302 2473 2335 D

1310 2365 1314 2370 Ι
1363 2327 1476 2370 goniae,
1496 2326 1657 2365 Valenciae,
1676 2327 1812 2358 Sardiniae
1828 2351 1837 2365 ,
1855 2329 1889 2359 &
1910 2327 2039 2357 Corsicae
2053 2350 2062 2365 ,
2080 2336 2113 2357 ac
2136 2310 2250 2357 Comiti
2270 2326 2338 2370 Bar·
2374 2352 2387 2372 1
2413 2328 2447 2382 3⁰3
2473 2328 2479 2335 ⁴

1267 2364 1434 2402 chinoniae,
1459 2364 1679 2404 Consanguineo
1693 2367 1742 2396 suo
1758 2365 2098 2404 cariffimo‚Edwardus,
2117 2365 2218 2395 effidem
2236 2365 2334 2403 gratia,
2349 2353 2408 2409 An3
2451 2366 2458 2373 ¹

1267 2402 1334 2433 Rex
1350 2402 1477 2442 Angliae,
1496 2404 1643 2435 Dominus
1664 2404 1831 2444 Hiberniae,
1852 2406 1885 2436 δε
1906 2404 1977 2435 Dux
2000 2405 2176 2444 Aquitaniae,
2193 2402 2335 2441 Salutem,
2348 2423 2379 2446 E.
2395 2405 2401 2410 “
2420 2393 2449 2418 7'

1268 2442 1302 2472 δε
1316 2441 1458 2473 foelicibus
1471 2442 1580 2481 semper
1592 2443 1763 2474 succeffibus
1778 2443 1948 2474 habundare.
2346 2443 2434 2496 Clauj‘
2444 2468 2457 2478 2

1305 2479 1459 2511 Intelleffis
1473 2481 1699 2522 Magnificentiae
1714 2482 1817 2513 vestrae
1831 2483 1932 2520 literis,
2043 2518 2048 2524 ,
2349 2500 2378 2524 E.
2397 2507 2409 2517 .‚
2429 2479 2472 2534 'ff

1307 2519 1363 2549 Per
1382 2530 1466 2558 quas,
1484 2530 1538 2558 pro
1561 2521 1637 2551 Filiis
1657 2522 1690 2552 &
1711 2520 1883 2551 Haeredibus
1897 2519 2059 2556 Berengerii
2072 2517 2108 2548 de
2122 2518 2147 2548 la
2159 2517 2266 2555 Tone,
2281 2527 2333 2548 ve-
2353 2545 2367 2562 2
2393 2518 2422 2563 7³7¹·
2441 2537 2473 2564 ¹6

1269 2557 1317 2588 stri
1331 2558 1458 2596 Subditi,
1473 2569 1526 2589 nos
1540 2559 1661 2597 rogastis
1675 2568 1705 2589 ut
1719 2559 1798 2597 ipsis,
1816 2559 1862 2590 vel
1880 2567 1983 2589 eorum
2003 2556 2201 2594 Procuratori,
2220 2555 2257 2586 de
2278 2555 2337 2588 Bo·
2350 2558 2394 2602 dir
2422 2557 2428 2565 '
2474 2557 2484 2566 ⁹

1269 2597 1312 2626 nis
1325 2597 1359 2627 ὃς
1374 2596 1541 2635 Mercibus,
1559 2597 1594 2628 de
1609 2598 1710 2635 quibus
1725 2597 1817 2627 dietus
1830 2594 2032 2634 Berengerius‚
2051 2606 2102 2634 per
2117 2595 2254 2634 quosdam
2262 2594 2339 2626 Sub-
2398 2595 2404 2601 '

1269 2635 1344 2665 ditos
1364 2635 1478 2666 nostros
1490 2658 1500 2672 ‚
1525 2635 1753 2673 praetendebatur
1774 2634 1937 2665 Derobatus
1956 2633 2036 2671 supra
2060 2634 2145 2665 Mare
2160 2659 2170 2672 ,
2188 2635 2245 2664 una
2267 2643 2338 2665 cum

1272 2672 1415 2710 Dampnis
1436 2674 1470 2703 &
1492 2672 1643 2712 Interesse,
1662 2674 1690 2703 in
1705 2672 1796 2704 Curia
1810 2673 1899 2704 vestra
1915 2673 2011 2703 taxatis
2025 2673 2058 2703 &
2073 2673 2209 2711 decretis,
2228 2672 2340 2704 Satisfa-

1271 2712 1399 2742 ctionem
1415 2711 1474 2742 fieri
1489 2711 1665 2750 faceremus,
1683 2721 1736 2749 pro
1771 2721 1874 2742 uorum
1890 2712 2103 2750 recuperatione
2119 2711 2268 2743 Bonorum
2274 2722 2339 2750 ,re-

1271 2749 1401 2780 colendae
1417 2752 1584 2789 memoriae,
1599 2751 1743 2789 jacobus,
1795 2759 1829 2781 ex
1850 2751 2002 2789 Aragoniae
2038 2749 2120 2780 Pater
2135 2749 2243 2787 vester,
2261 2759 2341 2781 con-

1271 2788 1351 2819 ceffit
1364 2788 1445 2820 dieto
1459 2788 1626 2830 Berengerio
1639 2789 1798 2820 Licentiam
1818 2788 1989 2829 Pignorandi
2002 2773 2062 2819 Res
2077 2790 2111 2820 &
2133 2787 2213 2819 Bona
2232 2787 2341 2832 nostri,

1271 2828 1306 2858 &
1326 2827 1515 2859 Subditorum
1535 2828 1718 2867 nostrorum,
1736 2827 1821 2866 usque
1843 2827 1877 2859 ad
1891 2828 2058 2866 quantitates
2070 2827 2204 2858 Duarum
2219 2826 2341 2858 Milium

1270 2866 1404 2896 librarum
1420 2866 1688 2898 Barchinonensium
1698 2891 1708 2905 ,
1726 2866 1760 2896 ad
1777 2876 1842 2905 quas
1855 2866 1940 2897 diecae
1956 2865 2070 2897 Merces
2084 2865 2282 2896 ascendebant:
2305 2866 2341 2898 δε

1273 2903 1424 2936 Undecim
1446 2905 1564 2936 Milium
1580 2930 1589 2943 ,
1608 2905 1830 2937 Trescentarum
1844 2929 1854 2943 ,
1873 2906 1928 2936 Tri
1948 2906 2024 2943 inta,
2041 2904 2076 2936 &
2095 2903 2202 2935 Trium
2223 2903 2342 2934 Solido-

1274 2953 1338 2974 rum
1374 2945 1407 2975 &
1423 2944 1559 2984 Qatuor
1574 2944 1784 2983 Denariorum,
1801 2943 1886 2976 dictae
1938 2952 2048 2982 onetae‚
2066 2941 2339 2981 nominelntereffe3

1273 2983 1307 3014 &
1331 2967 1458 3014 Centum
1479 2983 1631 3014 Librarum
1656 2993 1709 3022 pro
1728 2983 1880 3023 Expenfis,
1898 2982 1978 3014 factis
1990 2981 2089 3014 eundo
2103 2980 2216 3012 diverfis
2230 2981 2341 3012 vicibus

1274 3021 1366 3053 versus
1383 3022 1516 3061 Angliam
1530 3032 1584 3060 pro
1600 3021 1746 3053 Remedio
1762 3020 1973 3060 consequendo.
2223 3058 2228 3063 ¹

1312 3059 1350 3091 Et
1363 3062 1446 3092 nobis
1459 3060 1630 3101 significastis
1648 3061 1782 3101 qualiter,
1800 3060 1889 3091 nostri
1909 3057 2170 3102 contemplatione,
2188 3056 2340 3089 Dilectum

1274 3099 1309 3132 &
1332 3099 1461 3131 Fidelem
1478 3100 1627 3140 nostrum,
1645 3100 1836 3131 Willielmum
1856 3098 1892 3129 de
1913 3097 2050 3141 Tvssenge
2073 3097 2134 3135 (qui
2148 3106 2197 3135 per
2213 3095 2338 3127 Terram

1273 3137 1398 3169 vestram
1417 3139 1541 3170 ducebat
1559 3139 1594 3169 ad
1613 3148 1668 3170 nos
1680 3163 1691 3177 ,
1721 3136 1874 3176 quemdam
1895 3135 2076 3172 Flagmosum
2089 3159 2098 3173 ,
2132 3135 2284 3166 Thomam
2301 3134 2338 3166 de

1274 3176 1429 3215 Gournay)
1451 3178 1485 3208 ad
1506 3177 1739 3208 Prosecutionem
1760 3175 1907 3205 <iustorum
1925 3173 2087 3204 Haeredum
2101 3172 2268 3212 arestatum,
2286 3183 2338 3204 oc-

1275 3216 1386 3246 casione
1399 3216 1610 3253 pignorationis
1623 3214 1783 3253 praedidtae,
1801 3213 1947 3244 deliberari
1962 3212 2065 3244 fecistis
2072 3214 2209 3253 gratiose,
2229 3211 2266 3243 de
2279 3221 2340 3252 quo

1277 3254 1380 3285 Grates
1393 3256 1477 3285 vobis
1491 3254 1636 3285 referimus
1648 3253 1776 3293 speciales
1788 3262 1794 3282 :

1313 3292 1383 3322 Nos
1397 3293 1496 3331 igitur,
1513 3291 1687 3322 attendentes
1699 3291 1848 3322 Amicitias
1863 3291 1897 3322 &
1912 3289 2133 3329 Benivolentias,
2151 3289 2252 3328 quibus
2266 3287 2340 3319 Pro-

1296 3332 1417 3361 enirores
1431 3330 1515 3361 vestri
1529 3330 1563 3361 &
1578 3329 1667 3360 nostri
1680 3330 1706 3361 se
1718 3330 1854 3360 haetenus
1867 3331 1970 3360 mutuo
1984 3337 2200 3367 praevenerunt,
2213 3336 2339 3366 quasno·

1303 3370 1338 3399 ris
1350 3370 1525 3407 temporibus
1540 3370 1671 3407 cupimus
1685 3368 1832 3408 adaugeri,
1849 3369 1883 3399 &
1898 3377 1945 3406 ut,
1962 3368 1997 3399 ad
2010 3367 2262 3398 Communionem
2283 3365 2338 3395 Pa-

1277 3406 1390 3438 cificam
1423 3417 1456 3438 ac
1470 3407 1649 3446 Utilitatem,
1667 3407 1828 3439 vestrorum
1844 3408 1878 3439 ὅ(
1891 3406 2058 3437 nostrorum
2073 3401 2338 3446 Subditorum,Pa-

1276 3447 1317 3476 cis
1337 3447 1371 3477 &
1393 3430 1567 3477 Dilectionis
1587 3447 1680 3486 vigeat
1700 3445 1879 3490 pulcritudo,
1896 3446 1976 3490 super
1996 3443 2160 3482 praemiffis,
2179 3451 2242 3486 quae
2254 3439 2340 3471 nobis

1277 3493 1365 3553 eprane
1376 3485 1505 3522 primitus
1525 3485 1665 3523 inaudita,
1682 3484 1928 3516 Deliberationem
1947 3483 2079 3515 diffusam
2102 3482 2251 3513 habuimus
2267 3488 2336 3511 cum

1306 3532 1396 3562 entis,

1313 3561 1352 3591 Et

1315 3586 1393 3639 (Qiia
1406 3600 1480 3631 dieta
1493 3600 1639 3638 Roberia,
1657 3606 1805 3638 ternpore,
1821 3599 1938 3631 celebris
1953 3597 2120 3641 memoriae,
2139 3593 2264 3625 Domini
2279 3592 2339 3623 Ed-

1276 3639 1363 3670 wardi
1377 3639 1467 3676 Regis
1479 3640 1611 3677 Angliae,
1629 3638 1775 3669 Genitoris
1790 3638 1898 3678 nostri,
1915 3635 2097 3678 praetenditur
2107 3640 2282 3678 perpetrata,

1313 3676 1450 3714 Idemque
1468 3678 1613 3708 Dominus
1626 3677 1707 3708 Pater
1723 3677 1836 3715 noster,
1854 3677 1889 3708 ad
1902 3683 2032 3715 rogatum
2044 3672 2114 3703 ἀιᾶι
2129 3671 2275 3715 Genitoris
2289 3680 2340 3701 ve·-

1278 3714 1342 3783 {irie
1360 3716 1440 3747 disto
1453 3715 1669 3754 Dampnificato
1682 3716 1806 3746 celerem
1819 3717 1853 3747 &
1868 3715 1981 3753 plenam
1992 3712 2086 3742 facere
2096 3709 2238 3749 justitiam
2256 3717 2341 3747 opus-⁴

1289 3762 1308 3783 it
1333 3764 1349 3784 e
1384 3764 1491 3786 aratum

1315 3765 1382 3830 [psci³
1394 3803 1489 3824 tamen
1499 3779 1693 3833 ²Berengerius
1715 3803 1774 3823 non
1797 3789 2012 3833 prosequebatur
2033 3786 2182 3824 negotium
2198 3786 2278 3830 suum
2299 3786 2345 3817 ula

1278 3832 1364 3899 terigs
1377 3856 1386 3868 ,
1404 3842 1457 3863 nec
1479 3832 1576 3870 aliquis
1595 3842 1649 3872 pro
1670 3831 1774 3863 eodem
1789 3855 1799 3870 ,
1818 3840 1872 3861 nec
1891 3827 1995 3867 aliquid
2015 3824 2165 3856 ostendere
2183 3825 2274 3857 volmt
2294 3826 2342 3857 seu

1300 3879 1332 3899 ro
1354 3880 1400 3901 are

1279 3879 1298 3907 p
1319 3894 1439 3940 videtin
1461 3909 1640 3948 Sapientibus
1661 3910 1696 3940 &
1709 3908 1826 3945 Peritis,
1846 3904 1927 3945 quod
1942 3902 2038 3948 causa,
2055 3901 2091 3933 de
2100 3901 2186 3948 Jure,
2204 3911 2265 3933 non
2278 3902 2345 3933 subae

1280 3945 1333 3977 fuit
1361 3947 1531 3986 Mai-eham,
1549 3948 1595 3979 seu
1615 3947 1817 3985 Reprifaliam,
1833 3946 1864 3975 in
1881 3942 1999 3980 nostris,
2017 3941 2063 3972 seu
2084 3940 2272 3974 Subditorum
2290 3949 2346 3971 noa

1281 3983 1423 4026 stratum,-
1440 3985 1526 4017 Bonis
1541 3984 1730 4019 concedendi.
2273 4010 2342 4047 Nm
