2562 4279
163 130 242 167 160

18 211 97 243 Arm.
114 209 234 241 D.Fcsti
250 207 359 241 Natalis
374 206 509 243 Domini,
524 205 583 242 jam
606 203 654 233 diu
675 200 713 231 est
733 200 883 241 prseteriti‚
899 200 934 230 ad
951 209 1002 230 vos
1018 199 1162 236 venirent,
1180 194 1227 227 vel

44 249 131 287 1318.
163 249 320 286 mitterent,
338 248 370 278 ὃς
387 244 465 284 quod
478 253 544 273 tunc
560 241 636 279 super
650 239 834 269 sitisfaetione
847 239 968 277 ipsorum
987 238 1016 268 in
1034 237 1088 268 hirc
1105 245 1179 275 parte
1192 243 1231 265 ta-

19 289 87 317 «Ἐάν.
108 297 135 315 ²·
162 287 225 318 liter
241 287 418 320 ordinaretis,
437 281 515 322 quod
533 281 598 310 inde
611 279 745 308 deberent
761 279 924 308 contentari.

200 324 288 364 Super
302 333 358 364 quo
369 322 466 358 vobis,
484 319 512 349 in
530 317 644 359 Regem
658 316 786 347 Franciae
800 317 833 347 ὅτ
849 316 988 347 Navarrae
996 322 1059 346 ante
1074 312 1161 356 distas
1168 310 1231 341 Oc-

163 366 238 396 tabas
252 369 406 396 coronam,
424 357 606 395 rescripsimus
622 355 954 393 supplicando,quatinus
968 353 1100 392 id,quod
1118 354 1156 382 sic
1167 360 1233 388 pio-

165 401 311 437 miseratis,
329 398 454 428 faceretis
470 397 498 426 in
510 395 592 424 dietis
608 394 728 424 Oetabis
742 392 924 424 effe&ualirer
939 392 1094 430 adimpleri.

201 439 313 476 Vosque
329 437 475 466 Attornato
487 433 630 463 dictorum
648 432 846 463 Mercatorum
866 431 1046 468 nostrorum,
1063 427 1233 470 praedieturn

164 478 329 515 Negotium
343 483 427 512 penes
443 483 495 503 vos
516 471 703 511 prosequenti,
723 471 789 501 inde
808 470 984 511 quamplures
1001 469 1059 499 dies
1079 464 1234 504 affignfistls

167 518 202 547 δί
223 512 389 553 praefixistiS,
408 513 445 541 set
459 511 529 541 dieti
542 509 715 540 Mei-catores
728 509 816 539 nostri
831 509 902 539 nihil
926 509 958 538 in
978 507 1031 538 hac
1046 514 1122 545 parte
1136 503 1235 534 conse-

166 555 215 593 qui
230 560 359 590 poterant
372 552 401 580 in
415 548 537 588 effectu,
554 548 622 580 sicut
635 558 687 579 nos
707 558 755 589 per
775 547 913 578 sufficiens
933 546 1128 577 testimonium
1148 542 1235 572 infor-

165 592 286 623 marunt.

204 629 257 668 Et,
275 629 341 659 licet
360 636 428 657 rinc
442 649 452 665 ,
469 625 546 664 super
563 626 608 657 tali
633 624 727 663 saeco,
745 624 816 655 infra
838 624 974 662 Regnum
991 621 1120 653 nostrum
1139 627 1237 659 perpe-

162 677 257 707 trato,
274 666 404 705 processu
418 665 561 703 praemiffo
576 664 641 695 inde
656 665 769 702 habito,
786 663 974 694 debuissemus
989 661 1070 692 dietis
1086 658 1236 689 Mercato-

167 708 244 737 ribus
256 706 355 736 nostris
368 704 404 734 de
418 703 518 734 festino
531 703 660 733 remedio
675 701 843 743 providisse,
1080 737 1085 741 .
1109 736 1115 741 θ

203 745 248 775 Ad
268 743 493 783 Requiiitionem
505 750 600 773 tamen
613 765 622 780 ,
641 743 766 772 virorum
774 740 974 777 discretorum,
993 734 1237 804 DomquJOhw-

164 784 206 814 nis
222 782 342 813 Roberd
366 781 482 819 Militis,
500 781 533 811 &
548 779 680 817 Magistri
691 780 826 818 johannis
845 778 947 818 Pastyn
962 777 1084 818 Clerici,
1137 782 1236 816 uncio-

167 832 231 852 rum
247 820 404 851 vestiorum
439 830 471 850 ex
487 819 539 849 alia
555 819 635 849 causa
649 827 717 848 tunc
734 819 762 848 in
785 817 878 847 nostra
900 817 1045 855 praesenti-2
1068 811 1236 843 constituto-

163 870 229 890 rum
240 883 248 898 ,
267 843 424 898 hujusmodi
440 857 564 889 remedio
579 867 633 895 pro
648 857 732 887 dietis
747 855 951 886 Mercatoribus
964 853 1076 890 nostris,
1094 860 1145 894 nos
1158 849 1235 886 super

167 899 224 929 hoc
241 899 380 936 oportune
395 898 428 928 δε
445 898 606 934 importune
620 895 804 933 pulsantibus,
822 893 955 924 faciendo
970 890 1182 929 supersedimus:
1199 926 1203 931 ⁵

205 936 240 967 Et
265 947 316 967 vos
338 936 526 976 requisivimus
547 935 675 972 precibus
694 934 810 971 iteratis,
828 941 876 970 ut,
895 930 1039 970 priemiilis
1060 927 1236 971 ponderatis,

166 975 287 1014 praefatis
302 974 509 1005 Mercatoribus
521 972 620 1002 nostris
634 972 669 1002 de
686 971 789 1009 Nave,
808 971 911 1008 tranis,
931 971 964 1001 ὃ(
979 969 1062 1000 Bonis
1077 965 1237 1005 prfedietis,

164 1015 289 1045 debitam
304 1013 520 1043 Restitutionem
534 1011 578 1040 seu
592 1009 836 1047 Satisfafflonem,
855 1019 888 1039 ac
902 1008 938 1039 de
954 1007 1095 1045 Dampnis
1108 1014 1171 1044 quae
1186 1013 1238 1033 oc-

172 1053 283 1083 casione
299 1051 435 1089 praenxissa
449 1049 669 1079 incurrerunt&
684 1048 1080 1086 sustinuerunt,competentes
1091 1041 1224 1075 emendas
1230 1064 1242 1080 ,

162 1091 265 1122 nostris
278 1091 421 1129 precibus,
436 1088 494 1118 sieri
510 1086 602 1118 facere
622 1088 759 1118 curaretis.
1203 1120 1208 1125 Ι

207 1130 286 1168 Qias
298 1129 410 1169 quidem
426 1136 522 1165 preces
534 1124 638 1156 nostras
651 1134 787 1162 gratanter
803 1123 948 1163 recepistis
958 1147 966 1162 ,
986 1124 1019 1154 &
1034 1123 1063 1152 in
1081 1120 1236 1163 praesentia,

165 1168 336 1199 dilectorum
357 1167 389 1196 δε
409 1165 533 1196 fidelium
554 1163 733 1202 nostrorum,
746 1163 881 1202 Johannis
900 1162 973 1193 Abel
994 1161 1113 1198 Militis,
1133 1160 1166 1190 &
1184 1158 1238 1188 Ri-

165 1206 242 1238 cardi
256 1206 291 1236 de
307 1204 410 1235 Burton
425 1203 550 1240 Clerici,
569 1202 756 1234 Nunciorum
774 1201 951 1240 nostrorum,
969 1200 1003 1231 ad
1016 1209 1067 1231 vos
1083 1208 1136 1237 pro
1151 1205 1239 1236 nego-

165 1246 212 1276 tiis
227 1244 325 1275 nostris
337 1242 502 1280 missorum,
521 1241 659 1283 praemissa
678 1241 769 1271 facere
784 1239 955 1277 promisistis.

202 1282 423 1320 Verumtamen,
442 1291 501 1312 nori
517 1279 658 1310 iubsecuta
676 1278 850 1310 Executione
871 1278 950 1316 inde,
967 1277 1037 1308 dieti
1062 1276 1238 1306 Mercator&

163 1321 255 1353 nostri
269 1321 303 1352 ad
321 1331 371 1351 nos
386 1320 543 1357 redierunt,
561 1328 630 1350 curn
651 1318 735 1349 omni
757 1316 886 1348 instantia
904 1317 1087 1356 supplicantes
1103 1315 1142 1346 eis
1156 1313 1236 1353 justi-

165 1362 236 1391 tiam
253 1359 311 1391 sieri
331 1361 360 1390 in
375 1359 527 1399 praemissis.

200 1398 337 1440 Nosque,
354 1399 465 1428 ulterius
477 1395 644 1435 supersedere
658 1406 717 1426 non
735 1395 876 1433 volentes,
895 1394 974 1426 Bona
992 1394 1025 1426 ὃς
1041 1393 1236 1424 Mercitnonia

162 1437 332 1469 Hominum
349 1437 381 1468 ὃ(
399 1437 595 1466 mercatorum
617 1435 652 1466 de
673 1434 802 1473 Regno,
820 1435 852 1465 &
873 1433 1012 1465 Potestate
1032 1432 1139 1471 vestra,
1163 1430 1235 1462 infra

163 1476 305 1514 Regnum
317 1476 463 1514 nostrum,
482 1474 674 1506 mandavimus
689 1473 814 1511 arestari,
832 1474 909 1512 cujus
931 1480 1084 1511 praetextu,
1103 1470 1235 1509 quaedam

164 1515 243 1547 Bona
256 1517 289 1546 &
306 1514 500 1545 Mercimonia
517 1513 715 1544 Mercatorum
730 1512 861 1542 Civitatis
876 1511 1071 1542 Ambianensis
1088 1509 1160 1540 infra
1174 1508 1234 1539 Re-

163 1563 257 1593 gnum
271 1553 397 1584 nostrum
411 1552 522 1583 arestata
534 1552 654 1582 fuerunt.

203 1593 353 1633 Cumque,
371 1602 429 1622 non
443 1590 483 1622 est
503 1591 568 1629 diu,
586 1600 636 1628 per
658 1589 758 1620 vestras
777 1588 879 1620 litteras
900 1588 982 1619 nobis
1004 1586 1236 1628 significaveritis,

163 1632 242 1672 quod
257 1631 343 1662 Cives
356 1632 388 1662 &
403 1630 574 1660 Mercator&
595 1627 811 1667 Ambianenses,
831 1637 951 1666 quorum
974 1627 1051 1657 Bona
1072 1627 1105 1657 &
1124 1624 1236 1655 Merci-

165 1672 262 1701 monia
279 1670 349 1700 infra
374 1669 512 1706 Regnum
526 1667 656 1699 nostrum
670 1667 817 1698 occasione
833 1665 972 1704 praemissa
985 1665 1098 1696 arestata
1110 1663 1238 1702 fuerunt,

163 1709 199 1740 ad
220 1719 270 1739 vos
283 1706 474 1746 accesserunt,
491 1707 555 1737 inde
570 1706 725 1737 remedium
739 1705 937 1743 supplicantes:

205 1747 351 1778 Contento
367 1747 395 1776 in
411 1746 495 1777 dicus
510 1746 613 1776 Literis
628 1744 738 1783 vestris,
757 1744 854 1788 quod,
870 1753 918 1781 per
932 1742 1110 1773 Officialium
1125 1742 1157 1772 &
1175 1739 1237 1770 Mi-

164 1785 317 1816 nistrorum
332 1785 490 1815 vestrorum
506 1784 709 1821 negligentiam
720 1806 728 1821 ,
748 1783 832 1813 dietis
845 1783 1054 1813 Mercatoribus
1069 1781 1170 1811 nostris
1178 1789 1237 1809 non

168 1826 222 1855 suit
241 1824 394 1855 Restitutio
408 1824 480 1854 facita
492 1823 584 1853 debita
600 1822 635 1852 de
649 1822 810 1861 praemissis:

201 1863 339 1902 Nosque,
356 1873 405 1900 per
418 1862 525 1892 easdem
539 1861 640 1891 vestras
655 1861 776 1899 LiteraS,
795 1861 958 1897 rogaveritis
979 1869 1047 1890 cum
1065 1857 1190 1896 affedhi,
1206 1864 1238 1887 ut

162 1913 178 1933 a
195 1901 392 1939 Contrapriliis
413 1900 573 1940 hujusmodi
594 1899 702 1938 desisti,
721 1899 753 1930 ὃς
774 1898 850 1929 Bona
872 1899 905 1930 &
930 1898 1123 1928 Mercimonia
1143 1896 1238 1926 dicto-

164 1951 228 1972 rum
244 1940 438 1970 Mercatotum
455 1938 696 1969 Ambianiensium
716 1937 789 1975 apud
812 1947 864 1967 nos
885 1937 919 1967 eti
939 1937 1088 1968 occasione
1107 1934 1238 1973 arestata,

167 1978 343 2014 dearrestari,
361 1979 393 2009 ὃς
408 1978 470 2015 ipsis
484 1977 594 2007 liberari
611 1977 701 2006 facere
715 1985 888 2006 curaremus:

203 2016 369 2047 Promisistis
389 2016 540 2056 siquidem,
559 2025 606 2053 per
627 2014 716 2045 dietas
732 2014 837 2044 Literas
849 2012 967 2051 vestras,
983 2013 1103 2052 praefatis
1120 2011 1238 2042 Merca-

161 2056 270 2086 toribus
282 2055 397 2094 nostris,
416 2055 512 2094 quod,
529 2054 607 2092 super
626 2052 844 2091 Dcpraedatione
866 2052 1020 2090 praedieta‚
1039 2052 1075 2082 sic
1095 2050 1238 2088 debitam,

162 2093 233 2126 infra
246 2094 348 2125 instans
362 2093 473 2124 festum
489 2093 632 2123 Omnium
648 2092 817 2122 Sanctorum
826 2115 836 2130 ,
853 2090 1068 2122 satisfactionem
1088 2089 1146 2121 fieri
1162 2088 1238 2120 face-

163 2135 243 2172 retis,
262 2133 341 2172 quod
356 2133 421 2163 inde
436 2132 603 2162 deberemus
617 2131 781 2161 contentari.

200 2172 238 2203 Et
253 2182 322 2210 nos,
339 2171 434 2202 vestris
447 2172 592 2209 precibus,
610 2180 670 2200 non
685 2169 742 2199 {ine
757 2170 835 2206 gravi
851 2168 979 2206 dampno
991 2167 1137 2198 dierorum
1153 2165 1237 2197 Mer-

160 2218 290 2242 'catorum
304 2210 481 2248 nostrorum,
497 2218 528 2239 ut
544 2217 638 2238 mutua
654 2206 837 2238 Communio
849 2206 1008 2237 vestrorum
1026 2207 1059 2236 &
1076 2205 1238 2237 nostrorum

165 2249 350 2280 Subditorum
363 2248 476 2279 uberius
492 2248 510 2266 ²*
524 2248 718 2284 continuetur,
736 2245 959 2276 condescendere
973 2245 1113 2283 volentes,
1129 2254 1234 2274 execu-

166 2288 238 2318 tioni
251 2287 370 2318 mandati
386 2285 490 2323 nostri,
509 2295 608 2315 contra
627 2283 801 2314 Mercatores
814 2284 849 2314 de
864 2283 996 2321 potestate
1009 2282 1104 2313 vestra
1118 2282 1236 2321 direffi,

167 2326 349 2364 supersederi,
365 2325 397 2356 ὅ(
421 2324 497 2354 Bona
517 2325 550 2354 &
571 2322 764 2353 Mercimonia
784 2322 929 2353 ditstorum
950 2321 1147 2359 Mercitorum
1166 2321 1239 2350 Am-

167 2364 370 2402 bianiensium,
387 2362 421 2394 eii
433 2362 580 2393 occasione
595 2360 669 2398 apud
685 2371 735 2391 nos
748 2360 889 2399 arrestata,
907 2359 1079 2397 dearrestari,
1103 2360 1136 2390 &
1155 2360 1192 2389 eis
1207 2358 1239 2389 li-

171 2404 259 2435 berari
273 2402 469 2433 mandavimus
482 2409 511 2431 ut
526 2399 654 2437 rogistis.

208 2442 358 2482 roirca
371 2440 551 2471 Serenitatem
567 2437 687 2468 vestram
702 2435 854 2467 affeffimose
868 2437 1035 2473 requirimus
1047 2437 1080 2467 &
1094 2445 1241 2475 rogamus,

168 2483 295 2522 quatinus
317 2479 435 2518 praefatis
461 2477 669 2508 Mercatoribus
692 2474 790 2505 nostris
804 2499 814 2514 ,
840 2475 885 2505 vcl
910 2475 1073 2505 Willielmo
1105 2475 1220 2516 Beddyk
1229 2498 1240 2514 ,

169 2519 332 2551 Willielmo
346 2518 380 2548 de
393 2516 517 2548 Merden
526 2539 535 2555 ,
552 2516 585 2546 &
598 2514 740 2553 Stephano
752 2514 788 2544 de
804 2514 826 2544 F
828 2513 928 2551 ussere,
945 2513 1070 2551 ipsorum
1092 2513 1239 2544 Mercato-

168 2568 231 2589 rum
247 2558 398 2588 Attornatis
417 2557 447 2586 in
464 2554 518 2585 hic
537 2562 628 2592 parte,
646 2553 691 2583 vel
710 2554 758 2583 uni
773 2552 896 2590 ipsorum
914 2553 1064 2582 Attornato
1076 2575 1086 2590 ,
1111 2552 1238 2583 debitam

168 2595 394 2628 Satisfaffionem
407 2595 437 2624 in
453 2591 614 2632 praemisfis,
634 2593 702 2622 citra
715 2591 826 2621 dictum
842 2590 955 2621 Festum
964 2590 1106 2621 Omnium
1116 2591 1238 2621 Samiko-

170 2645 252 2674 rum,
268 2633 368 2664 nostris
380 2634 522 2671 precibus,
540 2631 642 2662 curetis
658 2630 765 2668 facere,
783 2638 812 2660 ut
822 2629 976 2668 scripsistis,
994 2630 1027 2660 &
1040 2639 1092 2659 nos
1105 2629 1237 2668 supereo,

169 2674 247 2712 quod
265 2673 329 2703 inde
348 2672 457 2702 factum
476 2670 576 2708 fuerit,
593 2669 683 2700 saltim
698 2670 727 2699 in
742 2668 822 2699 dieto
846 2667 947 2706 Festo,
965 2678 1015 2706 per
1030 2667 1131 2698 vestras
1148 2668 1237 2698 Litte-

169 2722 210 2743 ras
224 2711 337 2742 reddere
353 2712 490 2741 certiores.

207 2751 237 2780 Si
254 2749 320 2788 quid
336 2751 414 2779 enim
428 2748 498 2778 dieti
513 2746 686 2777 Mercatores
708 2745 795 2776 nostri
810 2745 965 2783 receperint
987 2746 1016 2774 in
1032 2753 1140 2782 partem
1155 2745 1238 2776 Satis-

169 2788 300 2819 fadtionis
315 2786 542 2825 praemifforurn,
560 2785 590 2814 id
610 2786 647 2814 eis
662 2795 713 2823 pro
728 2792 802 2822 parte
822 2783 886 2821 ina,
904 2792 988 2822 prout
1011 2783 1120 2822 justum
1141 2783 1237 2823 fuerit,

171 2827 270 2859 cedere
285 2826 414 2857 volumus
430 2826 459 2853 in
474 2824 651 2854 solutionem.

207 2864 275 2896 Dat.
293 2864 365 2905 apud
386 2862 532 2902 Ciipston,
549 2861 664 2892 decimo
676 2861 722 2891 die
735 2860 917 2899 Septembris.

37 2245 53 2261 ⁸³
76 2245 131 2272 lii.

58 2292 123 2320 732·

453 3013 502 3046 De
525 3013 584 3055 Fpi
598 3020 662 3055 copo
686 3008 789 3041 Sans—li
811 3006 947 3042 Andr-ea.

25 3105 155 3139 Αῃῃ,Ῑ),
202 3099 335 3130 Oliannes
356 3096 524 3136 Episcopus,
542 3094 633 3126 servus
653 3093 795 3124 servorum
816 3093 890 3135 Dei,
908 3093 1050 3123 carissimo
1071 3094 1099 3123 in
1123 3092 1239 3125 Christo

44 3146 128 3185 1313,
220 3138 291 3168 Filio
306 3136 464 3175 edwardo,
482 3135 560 3172 Regi
581 3133 695 3172 Angliae
715 3132 831 3170 illustri,
855 3133 968 3162 salutem
991 3132 1023 3162 &
1040 3131 1240 3170 Apostolicam

23 3189 77 3213 Aa.
98 3194 139 3212 η,
170 3176 406 3207 benedic'tionem.

26 3227 56 3249 E.
78 3232 103 3250 2.
211 3214 264 3244 Pei·
280 3222 351 3251 tuas,
369 3212 406 3242 fili
422 3211 600 3249 charissime,
620 3210 737 3240 Litteras
751 3208 885 3238 intimasti
898 3231 906 3246 ,
925 3208 1056 3246 qualiter,
1075 3208 1241 3248 Gulielmo,

25 3263 66 3287 ῑχ
86 3262 157 3297 ofig,
173 3252 314 3291 Episcopo
330 3251 427 3281 Sancti
453 3249 573 3280 Andreae
593 3251 622 3278 in
647 3248 759 3286 scotia,
778 3246 876 3283 Regni
898 3246 1022 3285 Angli'ae,
1049 3247 1116 3276 licut
1132 3247 1239 3286 asseris,

172 3291 335 3328 Proditore,
353 3290 386 3319 ad
402 3297 565 3326 perpetuum
580 3286 733 3317 Carcerem
749 3285 959 3322 condempnato
969 3307 977 3322 ,
994 3284 1092 3314 fielicis
1111 3286 1239 3316 recorda-

169 3330 268 3367 tionis,
287 3328 437 3365 Clemens,
456 3326 529 3364 Papa
543 3326 683 3364 Quintus,
702 3323 892 3355 Praedeceffor
917 3322 1024 3360 noster,
1044 3333 1096 3360 pro
1119 3333 1187 3360 pace
1206 3325 1239 3355 ὃς

171 3368 312 3399 securitate
327 3366 396 3396 dieti
411 3366 523 3403 Regni,
542 3365 626 3394 fratri
640 3364 767 3393 Thomae
782 3363 817 3392 de
834 3361 971 3399 Riveriis,
989 3362 1105 3390 Ordinis
1113 3361 1238 3392 Fratrum

173 3406 346 3442 Minorum,
365 3404 565 3442 Episcopatum
581 3402 677 3432 δεηθῶ
693 3400 838 3442 e'indrese,⁴
858 3410 904 3437 per
920 3399 1095 3436 Apostolicas
1116 3399 1237 3438 Literas,

173 3453 205 3474 ut
220 3445 273 3474 tuis
283 3444 374 3473 verbis
389 3451 516 3481 utamur,
537 3440 657 3473 contulit
668 3440 701 3471 &¹
717 3440 868 3477 concessit,
886 3438 964 3476 quod
984 3439 1014 3467 in
1030 3437 1124 3468 nostrii
1137 3446 1240 3469 notum

174 3483 237 3512 fore
251 3481 337 3511 Curia
352 3481 473 3518 posuisti.

216 3520 266 3557 Et,
283 3520 349 3549 licet
365 3519 491 3556 praefatus
504 3517 672 3548 Guilielmus
687 3514 858 3554 Episcopus,
878 3514 1063 3553 postmodum
1085 3525 1100 3545 a
1116 3513 1240 3546 Carcere

174 3557 319 3595 liberatus,
337 3557 695 3595 praestiteiitjuramentum
711 3554 788 3592 quod
803 3563 905 3584 exrunc
919 3563 1017 3583 contra
1031 3561 1124 3590 tii-am,
1143 3554 1238 3591 tuique

174 3595 273 3632 Regni
288 3605 387 3633 pacem
401 3605 459 3625 non
475 3595 678 3625 machinaretur
692 3592 810 3630 aliquid,
829 3592 873 3621 vel
890 3591 1104 3630 quomodolibet
1122 3599 1239 3628 attemp-

174 3642 260 3671 taret,
276 3634 330 3670 ipse
342 3643 453 3672 tamen,
471 3642 500 3663 ut
515 3635 614 3671 ponis,
634 3633 723 3671 spreto
736 3630 894 3669 hujusmodi
905 3630 1086 3668 juramento,
1105 3628 1236 3659 Roberto

173 3672 211 3702 de
228 3671 291 3701 Brus
301 3693 310 3707 ‚
322 3671 395 3701 hosti
409 3680 476 3710 tuo,
494 3671 658 3701 inceffinter
674 3670 800 3707 adhiesit,
819 3669 852 3699 &
866 3677 987 3706 patenter
1001 3667 1141 3705 adhaeret,
1161 3677 1239 3705 quae-

172 3718 285 3748 cunque
298 3709 348 3738 tibi
362 3709 470 3739 adversa
488 3709 618 3747 perversis
631 3710 776 3739 conatibus
793 3707 948 3737 moliendo.

214 3746 332 3787 Propter
345 3746 419 3784 quod
432 3747 576 3777 instantius
597 3747 755 3785 supplicasti
770 3754 814 3782 ut,
833 3746 866 3776 &
889 3744 1090 3783 depositionem
1104 3743 1191 3782 illius,
1205 3754 1239 3775 ac

176 3785 248 3816 dicti
263 3784 360 3850 lifiatris
373 3784 498 3815 Thomae
514 3785 731 3817 Restitutionem
745 3784 779 3814 ad
796 3783 994 3824 Episcopatum
1007 3782 1148 3822 eundem,
1165 3782 1241 3812 ordi-

172 3834 236 3855 nare
250 3832 286 3852 ve
306 3831 391 3851 emus.

212 3861 304 3898 Sane,
322 3859 374 3888 Fili
383 3882 397 3902 >.
411 3860 490 3896 qued
505 3861 593 3892 didius
607 3861 798 3892 Praedecessor
810 3860 904 3891 noster
917 3860 1065 3898 praefatum
1088 3858 1241 3898 Episcopa-

171 3909 234 3932 tum
251 3899 299 3939 ipsi
316 3897 532 3940 Fratri'shomae
547 3900 710 3937 contulerit,
724 3899 828 3930 nullam
842 3899 967 3929 audimus
981 3898 1158 3929 assertionem
1172 3897 1239 3928 fide-

171 3939 290 3976 dignam
306 3936 335 3965 in
351 3934 455 3973 Curia,
468 3946 524 3978 ‚nec
539 3938 568 3966 in
577 3937 712 3974 Registris
724 3937 842 3974 nostris,
862 3938 1039 3974 quantumvis
1051 3936 1168 3966 sollicite
1176 3946 1238 3974 per-

171 3977 292 4015 quisitis,
310 3973 425 4004 Litteras
440 3973 540 4011 aliquas
554 3976 709 4005 invenimus
718 3998 727 4012 ,
744 3976 821 4012 super
834 3974 989 4011 hujusmodi
998 3973 1158 4004 Collatione
1165 3983 1239 4004 con-

167 4015 268 4054 fectae
285 4022 339 4045 nec
354 4020 430 4045 certe
443 4011 477 4043 ad
491 4011 701 4051 Collationem,
718 4013 763 4044 seu
775 4013 972 4045 Provisionem
994 4011 1155 4050 hujusmodi
1171 4022 1237 4051 pro-

592 107 1389 159 CONVENTIONES‚

1446 105 1836 153 LITERAE,

1273 191 1338 224 cedi
1352 192 1430 223 licite
1446 194 1553 231 potuit,
1569 192 1588 223 si
1603 199 1700 222 contra
1715 191 1886 229 praediiium
1900 189 2092 229 Episcopum,
2111 191 2241 228 processu
2254 191 2345 232 legiti-
2360 190 2435 221 Ann.
2449 191 2491 224 D;

1274 241 1344 270 mo,
1362 232 1391 261 in
1407 230 1506 261 talibus
1524 231 1676 268 consueto,
1693 230 1868 268 praeliabito,
1885 229 2026 261 Sententia
2048 239 2107 259 non
2126 229 2284 269 proceffit,
2309 231 2345 261 de
2385 230 2469 270 1318.

1275 270 1375 308 quibus
1390 279 1484 300 tamen
1500 269 1643 308 hucusque
1655 278 1715 298 non
1728 269 1823 306 liquet.
2365 270 2431 297 Edv.
2447 278 2474 297 ι.

1311 308 1454 348 Qamvis
1471 307 1581 347 itaque,
1600 307 1800 338 Amantiffirne
1813 305 1882 344 Fili,
1906 304 1940 335 ad
1955 314 2031 336 tuam
2046 306 2079 336 &
2100 305 2171 336 dieti
2189 305 2290 344 Regni
2307 309 2348 339 tui
2387 333 2389 335 .

1274 347 1491 384 tranquilitatem
1503 347 1664 377 afficiamur
1681 355 1714 375 ex
1728 346 1848 376 intimis:
1869 345 1997 382 quamvis
2017 354 2134 382 omnes,
2151 344 2228 375 illam
2248 347 2349 384 iniquis

1275 385 1392 427 Ausibiis
1406 386 1609 423 perturbantes,
1626 392 1760 425 quantum
1780 383 1852 421 juste
1868 383 1983 422 licebit,
2006 382 2131 422 persequi
2152 382 2349 423 disponamus,

1274 422 1309 453 ad
1323 424 1402 461 ipsius
1418 432 1513 454 tamen
1529 423 1663 461 Episcopi
1674 421 1891 464 Depositionem
1909 420 1957 455 (de
1971 422 2047 459 cujus
2062 421 2204 452 demeritis
2217 422 2348 453 nondum

1276 462 1374 500 nobis,
1392 472 1509 500 poenam
1523 463 1650 501 exigens,
1669 462 1790 492 innotuit
1803 460 1911 497 veritas)
1931 460 2102 498 procedere,
2119 459 2220 498 absque
2231 460 2349 498 justitiae

1276 499 1403 539 offensa,
1420 511 1479 531 non
1493 499 1655 539 possumus,
1673 510 1709 530 ne
1723 499 1881 530 inordinate
1894 498 1980 529 nimis
1992 499 2206 538 probationem,
2223 499 2268 529 vel
2282 498 2347 529 Co-

1278 539 1438 576 gnitionem
1455 540 1610 577 praevenire
1624 538 1771 569 Sententia
1783 538 1937 568 videamur.
2338 558 2345 563 ι

1314 576 1407 615 Ipsum
1430 579 1514 608 etiam
1534 576 1661 608 Fratrem
1682 577 1835 607 Thomam
1857 587 1916 607 non
1939 575 2076 606 debemus
2093 575 2127 605 ad
2148 575 2350 619 Episcopatum

1276 614 1434 683 restifiuere,
1460 625 1546 656 quem
1569 625 1636 646 eum
1660 615 1804 654 habuiffe,
1829 623 1875 646 aut
1898 615 2016 646 licenter
2030 614 2132 645 habere
2154 616 2273 653 potuisse
2290 625 2352 646 non

1278 663 1336 684 con
1363 664 1398 685 at.

1313 692 1341 722 Si
1355 694 1426 723 vero
1441 691 1604 730 processum
1618 691 1759 731 aliquem,
1775 692 1820 722 vel
1835 690 2013 730 Apostolicas
2031 691 2149 722 Litteras
2165 689 2277 723 forsitan
2299 692 2350 724 ha-

1277 731 1359 769 beas,
1377 741 1425 771 per
1441 741 1505 769 quae
1518 731 1575 767 ipsa
1589 739 1635 761 tua
1650 730 1824 768 Supplicatio
1832 731 1922 769 juvari
1935 730 2029 761 debite
2044 731 2148 769 valeat,
2166 731 2276 761 mittere
2295 742 2351 762 no-

1277 770 1319 799 bis
1340 769 1384 800 illa
1400 780 1457 799 non
1474 768 1603 807 differas,
1620 768 1732 799 sciturus
1743 769 1841 808 quod,
1858 769 1907 799 ubi
1929 769 1966 799 de
1982 769 2126 807 praediCtis
2149 769 2231 799 nobis
2251 769 2349 801 debito

1278 808 1368 837 modo
1383 807 1538 838 constiterit
1574 807 1636 845 vel,
1655 816 1684 837 ut
1705 807 1835 846 constet,
1860 809 1982 845 patebit,
1997 816 2027 838 ut
2046 807 2173 845 legitima
2191 806 2350 845 prosecutio

1274 845 1388 889 justitiae
1398 869 1407 884 ,
1426 847 1517 876 immo
1531 830 1669 876 E'xecutio
1683 854 1814 884 prompta
1828 855 1888 875 non
1902 845 2005 884 deerit,
2027 856 2089 883 quae
2103 854 2185 876 tuum
2201 848 2275 877 circa
2290 847 2350 878 hoc

1277 893 1406 914 animum
1423 893 1583 915 contentate
1594 884 1719 914 debebit.

1323 921 1391 952 Dat.
1411 922 1544 952 Aviniori.
1563 922 1678 953 decimo
1695 930 1792 960 quarto
1814 921 1952 954 Kalendas
1977 922 2117 954 octobris
2131 945 2142 962 ,
2168 921 2352 955 Pontificatsis

1278 960 1368 991 nostri
1379 971 1454 992 anno
1467 962 1558 992 tertiO.

1278 1036 1451 1117 Dgraii‘iffimo
1470 1081 1499 1107 in
1517 1075 1622 1117 Chrrsto
1640 1075 1727 1116 Filio,
1752 1054 1896 1107 Fidei-’ardo
1913 1079 1981 1114 Regi
2002 1075 2115 1113 Angliae
2138 1076 2253 1116 illustri,
2270 1077 2354 1117 ficper

1279 1117 1398 1153 Negotia
1417 1115 1590 1156 Episcopatiis
1607 1117 1703 1146 Sano‘li
1721 1116 1847 1146 Andreae
1865 1119 1896 1147 in
1911 1113 2056 1154 Scotid,&
2064 1113 2144 1155 statu
2159 1118 2267 1146 Fratris
2281 1117 2353 1147 Tho-

1278 1164 1328 1201 mas
1350 1154 1382 1184 de
1394 1157 1516 1195 Ryvers,
1534 1156 1567 1185 de
1581 1156 1684 1187 Ordine
1700 1157 1850 1186 Minorum.

1998 1231 2090 1272 sigillo
2106 1232 2210 1274 αυιιζῶ.

1405 1361 1425 1380 *
1443 1361 1501 1393 Pro
1529 1362 1636 1406 Rogero
1659 1357 1696 1392 de
1718 1357 1938 1406 Mrthbttrgh,
1963 1357 2228 1392 commendatoria.
2391 1371 2483 1401 *111-

2411 1420 2476 1448 733-

1470 1486 1474 1490 ·
2063 1481 2069 1485 ,
2374 1449 2449 1479 Arm.
2465 1448 2508 1482 D.

1295 1521 1300 1526 ι
1363 1482 1580 1515 Catholicorum
1598 1483 1735 1522 Regum,
1753 1495 1786 1515 ac
1802 1484 1968 1522 Principum
1983 1484 2208 1521 praeteritorum,
2226 1481 2353 1522 quiCle-
2394 1487 2478 1528 1318.

1278 1531 1353 1552 ricos
1366 1532 1400 1553 ac
1414 1523 1481 1553 alios
1495 1523 1650 1553 Familiares
1672 1522 1733 1553 suos
1756 1524 1907 1561 gratiarum
1928 1522 2092 1553 muneribus
2112 1521 2193 1552 ditari
2215 1522 2350 1559 procurfi-
2370 1530 2422 1554 An.
2443 1537 2486 1554 12.

1276 1568 1357 1604 runt,
1397 1560 1452 1592 esta
1468 1562 1545 1592 circa
1559 1561 1588 1591 id
1604 1560 1749 1592 laudabilia
1764 1561 1798 1593 ad
1812 1562 1979 1593 memoriam
1995 1560 2156 1591 reducentes
2170 1561 2200 1590 in
2214 1560 2352 1600 praesenti,
2374 1569 2404 1592 Ε.
2424 1574 2450 1592 2.

1277 1608 1355 1642 circa
1400 1600 1552 1631 lericorum
1567 1599 1731 1630 nostrorum
1745 1599 1877 1631 Honores
1897 1601 1931 1631 &
1954 1598 2124 1629 Commoda
2144 1608 2180 1629 eo
2202 1598 2354 1630 ferventius
2373 1607 2445 1631 Rom.
2471 1602 2506 1637 &-

1277 1637 1443 1681 insistimus,
1462 1649 1519 1678 quo
1531 1638 1656 1677 ipsorum
1672 1639 1796 1677 meritis,
1822 1640 1854 1670 &
1870 1639 1955 1676 gratis
1969 1637 2108 1676 obsequiis
2126 1637 2287 1676 propensius
2305 1647 2353 1669 ex-
2374 1646 2416 1670 Fr.
2436 1651 2481 1669 12.

1280 1684 1409 1708 citamur.
2270 1682 2277 1691 ·
2376 1685 2409 1708 Ε.
2427 1690 2457 1709 2.
2468 1689 2506 1709 m.

1316 1714 1398 1746 Cum
1419 1715 1512 1754 itaque
1528 1738 1538 1754 ,
1562 1715 1690 1753 providae
1712 1715 1885 1747 discretionis
1906 1715 1977 1754 Vir,
2005 1713 2144 1751 Magister
2169 1713 2302 1752 Rogerus
2318 1715 2354 1747 de
2381 1728 2425 1748 ιο.
2503 1716 2506 1718 ’

1277 1752 1488 1797 Northburgh,
1506 1753 1636 1785 Clericus
1649 1753 1745 1785 noster
1759 1755 1898 1792 specialis,
1917 1754 1992 1784 velut
2016 1754 2139 1791 probatae
2160 1752 2299 1785 fidelitatis
2313 1756 2348 1787 δε

1277 1792 1440 1830 industriae,
1466 1793 1621 1824 Virtutibus
1641 1793 1831 1831 multipliciter
1851 1793 2011 1830 insignitus,
2029 1802 2088 1831 quo
2108 1790 2242 1829 Majestas
2256 1793 2353 1831 Regia

1278 1831 1437 1862 commode
1461 1841 1556 1862 carere
1572 1833 1684 1870 nequit,
1704 1834 1782 1863 circa
1798 1832 1882 1862 Latus
1897 1830 2022 1862 nostrum
2034 1832 2139 1870 jugiter
2158 1829 2272 1862 resideat
2293 1833 2353 1863 iau-

1277 1869 1408 1913 dabiliter
1423 1870 1620 1909 obsequendo,
1639 1870 1783 1908 personam
1807 1870 1930 1909 ejusdem
1952 1869 2119 1901 Beatitudini
2135 1867 2235 1900 vestrae
2248 1869 2352 1909 specia-

1283 1908 1345 1939 liter
1360 1909 1489 1939 duximus
1503 1909 1812 1940 recommendandam:

1319 1946 1488 1978 Affeetuofis
1503 1948 1633 1986 precibus
1646 1947 1828 1986 supplicantes
1841 1949 1982 1987 quatinus,
1999 1948 2175 1980 consideratis
2187 1949 2352 1988 praemiffis,

1278 1985 1400 2017 eundern
1413 1985 1563 2017 Clericum
1577 1985 1721 2024 nostrum,
1738 1997 1772 2017 ac
1786 1997 1818 2017 ea
1834 1997 1896 2025 quae
1911 1987 1941 2016 in
1962 1985 2088 2016 Honoris
2108 1987 2147 2018 sui
2164 1996 2354 2025 augmentum

1278 2032 1389 2055 vertere
1409 2031 1554 2063 poterunt,
1570 2024 1721 2063 specialiter
1742 2025 1902 2063 dignemini
1923 2025 2024 2055 habere
2047 2027 2293 2056 recommendata·
2320 2035 2356 2057 ac

1281 2062 1423 2101 Magistro
1441 2062 1576 2094 Roberto
1591 2063 1628 2093 de
1648 2062 1821 2094 Luffenham
1837 2064 1867 2094 in
1885 2063 1937 2092 hiis
1952 2086 1962 2101 ,
1987 2073 2050 2101 quae
2076 2063 2222 2095 Saiiffltati
2238 2049 2356 2103 vesirae,

1281 2112 1333 2140 pro
1349 2111 1426 2140 parte
1442 2100 1550 2132 Clerici
1565 2100 1652 2132 nostri
1664 2101 1813 2141 praediCti,
1831 2102 1986 2140 exposuerit
2010 2102 2077 2134 vivi
2091 2113 2165 2135 vocc
2175 2125 2186 2142 ,
2202 2102 2290 2135 fidem
2310 2104 2355 2134 in·

1280 2141 1397 2172 dubiam
1411 2140 1552 2171 adhibere.

1318 2178 1492 2217 Conservet,
1512 2180 1574 2210 &a

1355 2217 1425 2248 Dat.
1443 2218 1515 2256 apud
1533 2217 1680 2257 Eborum,
1698 2218 1799 2257 quinto
1817 2218 1864 2249 die
1882 2217 2027 2249 octobris.

1277 1451 1322 1514 P
1333 1443 1360 1476 A
1369 1444 1393 1475 P
1402 1445 1445 1476 AE
1467 1444 1532 1475 Rex
1547 1445 1649 1476 devota
1666 1444 1772 1483 pedum
1787 1445 1880 1476 oscula
1887 1447 2041 1476 beatorum.

1358 2341 1417 2376 Ad
1437 2341 1640 2375 Bertrandum
1664 2340 1879 2385 Carhmdem,
1896 2353 1952 2388 pro
1975 2344 2087 2388 Rogero
2108 2341 2266 2377 antediblo.

1280 2432 1483 2498 VEnerabili
1496 2433 1526 2462 in
1543 2430 1661 2462 Christo
1674 2431 1767 2470 Patri,
1784 2431 1918 2462 DomIno
1930 2431 1961 2462 Β.
1970 2431 2027 2462 Dei
2041 2431 2149 2470 gratia,
2163 2430 2276 2462 Sanctae
2285 2430 2353 2462 Ma·
2375 2437 2449 2468 Αῃῃ,
2466 2437 2511 2470 D,

1358 2473 1407 2502 riae
1421 2473 1451 2502 in
1467 2471 1596 2510 Aquiro,
1614 2470 1750 2513 Diacono
1764 2469 1925 2508 Cardinali,
1941 2471 2037 2501 amico
2052 2470 2101 2501 suo
2114 2469 2273 2509 cariffimo,
2290 2469 2354 2500 Ed·
2395 2477 2483 2517 1318.

1280 2510 1409 2550 wardus,
1427 2511 1489 2542 &c.
1505 2510 1633 2548 salutem,
1649 2510 1682 2540 &
1695 2512 1809 2540 sincerae
1822 2509 1981 2540 dilectionis
1993 2507 2136 2539 aflectum.
2373 2519 2425 2544 An.
2444 2525 2488 2544 η,

1317 2548 1472 2579 Personam
1486 2548 1675 2586 laudabilem,
1692 2547 1822 2585 providae
1846 2547 2019 2577 discretionis
2038 2547 2116 2585 Viri,
2133 2546 2262 2587 Magistri
2283 2546 2348 2577 Ro-
2372 2559 2405 2582 E.
2426 2564 2452 2581 2.

1278 2588 1341 2625 geri
1356 2587 1392 2618 de
1406 2587 1542 2618 Northbu
1574 2586 1593 2616 h
1602 2609 1612 2625 ,
1627 2585 1734 2616 Clerici
1749 2585 1836 2616 nostri
1849 2585 1986 2624 speculis,
2002 2586 2078 2616 velut
2094 2586 2219 2624 probatae
2234 2585 2351 2616 fidelita-
2371 2596 2442 2619 Rom.
2452 2590 2488 2625 &-

1278 2627 1311 2656 tis
1325 2627 1359 2657 &
1376 2625 1518 2657 industriae
1562 2625 1692 2655 irtutibus
1706 2624 1849 2662 insigniti,
1866 2625 1942 2661 juxta
1957 2624 2039 2655 Latus
2057 2624 2184 2661 Regium
2205 2624 2349 2654 laudabili-
2372 2634 2469 2658 Fr.12.

1276 2672 1319 2694 ter
1337 2663 1518 2703 obsequendo
1533 2663 1670 2694 continue
1685 2662 1839 2701 residentis,
1857 2663 1889 2693 &
1906 2661 1988 2700 ipsius
2007 2662 2136 2701 Negotia
2149 2663 2230 2694 vobis
2244 2662 2349 2701 specia-
2369 2672 2399 2694 Ε.
2416 2678 2493 2697 2.m..

1276 2702 1341 2733 liter
1355 2702 1636 2733 recommendamus:
2375 2716 2418 2734 10.

1314 2739 1484 2772 Affeetuoiis
1498 2741 1627 2778 precibus
1643 2739 1840 2778 deprecantes,
1857 2739 1982 2778 quatinus
2000 2748 2067 2776 erga
2088 2738 2298 2770 Sm&iffimum
2318 2740 2352 2770 in*

1279 2779 1397 2810 Christo
1418 2780 1549 2817 Patrem,
1575 2777 1741 2808 Dominum
1762 2778 1787 2817 J.
1811 2778 1965 2808 Summum
1988 2776 2162 2808 Pontificem
2190 2780 2248 2815 (cui
2270 2778 2349 2816 super

1277 2818 1335 2849 hoc
1348 2817 1505 2854 scribimus)
1526 2827 1577 2855 pro
1589 2816 1670 2854 ipsius
1685 2815 1791 2847 Clerici
1804 2816 1890 2846 nostri
1906 2816 2024 2846 Honore
2037 2817 2071 2847 &
2085 2816 2276 2855 Commodo,
2291 2827 2352 2855 par-

1278 2866 1318 2888 tes
1341 2857 1441 2887 vestras
1457 2857 1621 2895 adjutrices,
1638 2853 1740 2884 nostris
1759 2856 1905 2893 precibus,
1920 2856 2098 2892 interponere
2116 2854 2217 2894 velitis,
2234 2856 2267 2886 &
2284 2855 2352 2886 Ma-

1279 2895 1370 2933 gistro
1384 2895 1515 2926 Robeito
1529 2894 1565 2924 de
1581 2891 1754 2924 Luffenham
1769 2894 1846 2932 super
1859 2894 1929 2931 hiis,
1946 2903 2011 2931 quae
2023 2895 2124 2932 vobis,
2141 2903 2194 2931 pro
2212 2902 2286 2931 parte
2304 2894 2348 2930 ip-

1278 2935 1331 3004 Lips
1356 2933 1463 2965 Clerici
1487 2932 1594 2971 nostri,
1620 2931 1773 2971 exposuerit
1795 2932 1860 2964 vivs
1888 2942 1961 2964 voce
1974 2954 1985 2971 ,
2007 2931 2094 2963 fidem
2119 2932 2260 2963 credulam
2279 2940 2350 2968 prae-

1316 2983 1354 3004 re.

1316 3011 1383 3043 Dat.
1398 3011 1472 3050 apud
1489 3010 1633 3050 Eborum,
1651 3009 1752 3049 quinto
1769 3008 1816 3039 die
1835 3008 1982 3040 Odtobris.

1405 3088 1520 3120 Eodem
1536 3087 1628 3119 modo
1645 3087 1811 3118 mandatum
1827 3085 1869 3116 est
1884 3084 2055 3124 subscriptis,
2070 3084 2218 3123 videlicet,

1318 3170 1433 3198 Domino
1451 3169 1484 3196 G.
1503 3165 1590 3196 {ntuli
1606 3164 1766 3195 Sanctorum
1785 3160 1943 3192 Marcellini
1957 3159 1996 3197 ῥ’
2011 3163 2089 3193 Petri
2106 3162 2261 3193 Presbitero
2279 3167 2348 3194 Car-

1385 3205 1473 3235 dinasi
1480 3227 1490 3243 ‚

1317 3276 1788 3355 sszazzsfessssazia,
2055 3278 2341 3388 pimeni-

1318 3361 1433 3389 Domino
1451 3359 1487 3386 L.
1506 3356 1614 3385 Sanci‘ae
1632 3358 1736 3385 Mariae
1754 3357 1784 3384 in
1802 3353 1855 3384 Via*
1873 3353 1972 3394 Lata',
2122 3336 2237 3368 mhbus-

1318 3437 1434 3464 Domino
1452 3435 1534 3462 Petro
1546 3432 1579 3462 de
1597 3434 1664 3470 Via,

1319 3476 1435 3503 Domino
1453 3474 1534 3501 Petro
1551 3472 1582 3501 de
1599 3470 1628 3499 la
1646 3469 1734 3510 Heufi’
1750 3472 1847 3499 Fratri
1867 3471 1968 3509 Papa,

2055 3435 2235 3545 }Militibus.

1318 3510 1450 3550 Magistro
1468 3512 1549 3539 Petro
1566 3508 1658 3539 Fabri.

1457 3657 1506 3689 De
1531 3654 1748 3689 Pardonatione
1764 3665 1819 3701 pro
1844 3657 1958 3688 Comite
1982 3649 2167 3694 Lancastriae,

1345 3739 1411 3770 EX
1434 3740 1567 3771 omnibus
1592 3739 1702 3771 Ballivis
1725 3740 1758 3772 &
1776 3739 1915 3770 Fidelibus
1936 3737 1988 3769 suis
2000 3759 2010 3775 ,
2035 3735 2069 3767 ad
2085 3746 2168 3776 quos,
2187 3737 2247 3769 &c.
2277 3739 2346 3771 salu-
2364 3747 2440 3779 Am,
2455 3747 2496 3782 D,-

1331 3818 1338 3825 ,
1362 3787 1431 3822 tem.
1475 3819 1482 3826 „
1548 3817 1554 3823 .
1707 3818 1712 3823 .
1789 3817 1794 3822 .
2393 3788 2477 3819 1218.

1319 3818 1417 3847 Sciatis
1431 3817 1510 3855 quod
1519 3840 1528 3855 ,
1546 3827 1575 3846 iri
1588 3816 1714 3854 praesenti
1722 3816 1911 3846 Parliamento
1923 3812 2038 3851 nostrO,
2056 3813 2128 3851 apud
2136 3813 2263 3846 Eborum
2275 3826 2347 3847 cori-
2364 3824 2425 3853 Aa?
2435 3835 2478 3853 η,

1281 3864 1402 3892 vocate,
1420 3855 1454 3886 de
1475 3855 1560 3895 gratis
1578 3854 1674 3885 nostrii
1687 3855 1815 3893 speciali,
1829 3852 2062 3896 consentientibus
2084 3851 2221 3892 Praelatis,
2242 3853 2347 3885 Proce-
2364 3867 2433 3892 ΒΑΗ

1281 3895 1376 3937 ribus,
1396 3894 1428 3924 &
1444 3893 1663 3937 Communitate.
1673 3893 1770 3937 Regni
1785 3891 1888 3929 nostri,
1906 3889 2013 3957 ibidenss
2032 3892 2227 3959 c0ri.{giileoggr‘fgtis³
2266 3893 2346 3938 mdc).⁸
2361 3905 2420 3929 Pa,-
2432 3910 2474 3928 η.
2495 3901 2500 3905 -

1280 3928 2047 4012 ffgggaq&gggtgmeffigagggghegepcgdgssiicgqidrp
2054 3951 2162 3997 iatione
2183 3940 2276 4000 §edicat
2285 3941 2350 4000 liiii-¹-
2361 3943 2392 4014 ξ
2397 3949 2433 4004 22:
2440 3983 2479 4004 ῃ,

1281 4008 1363 4047 strae,
1378 4008 1412 4040 ad
1426 4017 1477 4040 nos
1489 4009 1609 4046 pertinet
1625 4007 1662 4039 de
1676 4006 1853 4037 omnimodis
1873 4004 1991 4036 Feionus
2010 4004 2043 4037 δε
2059 4004 2351 4046 Transgreffionibus,
2367 4023 2411 4049 ¹7·

2299 4055 2348 4084 Ρθῐ
