2562 4279
732 151 843 193 ET
926 149 1195 192 ACTA

13 245 88 278 Ann.
103 242 144 273 D.
161 251 221 274 rent
239 243 413 274 Dominium
427 241 593 282 temporale,
612 240 630 269 si
647 239 732 269 iidem
746 238 868 268 Domini
883 236 1066 275 temporales,
1084 236 1114 264 iri
1127 234 1222 264 dimit-

35 291 116 321 1322.

14 323 79 351 Ἐάν.
99 329 123 348 2.

2 1485 14 1501 ·
33 1485 86 1513 ΠΙ.

3 1522 60 1558 ›58-

160 282 247 312 tendo
261 282 338 312 Bona
351 281 498 321 prtedi&a,
515 281 547 311 &
562 278 733 310 restituendo
750 277 794 306 illa
807 274 993 312 Magistro&
1008 273 1149 304 Fratribus
1163 272 1222 302 Or-

159 320 232 350 dinis
246 320 397 359 Hospitalis
409 320 545 357 ejusdem,
563 318 680 347 nomine
691 314 841 352 Hospitalis
854 314 952 351 ipsius,
969 311 1151 356 9bst²³c¹³.l¹lm
1171 319 1219 340 ex-

160 359 316 397 biberent,
336 358 369 390 &
390 359 459 388 infra
479 357 587 388 dicium
609 354 738 384 Mensem
759 354 795 382 ab
815 351 974 395 huiusmodi
996 350 1140 394 praem-istis
1161 359 1221 378 non

161 397 340 436 desisterent,
357 397 508 435 postquam
529 396 606 433 super
626 393 682 422 hoc
692 414 701 430 ,
716 399 745 421 ut
761 392 956 428 praerriittttur,
970 389 1090 428 requisiti
1110 387 1222 425 forent,

157 435 313 473 interdi&i3
576 470 581 475 .
776 467 781 472 ,
900 466 904 471 .
1069 465 1073 471 ι

200 474 351 505 Sententiis
362 472 421 511 ipso
435 472 510 503 frusto
524 471 662 508 subjacere
671 467 813 503 decrevrtg
829 477 845 496 a
859 465 958 509 quibus
972 464 1150 508 absolvition¹
1159 462 1221 502 pos-

157 514 235 551 sent,
253 513 346 543 donec
365 513 442 549 super
460 511 512 540 hiis
531 510 641 547 plenam
658 507 691 537 &
711 505 835 536 debitam
850 503 1076 535 SatisfaCttonem
1091 503 1220 533 exhibere

159 561 297 582 curarent.
944 581 948 586 ,
1053 580 1058 585 ,

198 588 236 619 Et
249 586 448 618 nichilominus
461 585 656 621 Occupatores
669 583 702 612 &
718 580 889 610 Detentores
902 579 1077 619 hujusmodi,
1094 577 1138 609 vel
1150 588 1220 616 prse-

161 626 260 658 stantes
277 625 397 663 eisdem,
415 634 445 655 ut
462 622 654 660 praemittitur,
673 619 807 649 auxilium
838 619 1003 656 consilium,
1017 618 1061 649 vel
1079 618 1220 654 favorem,

159 666 215 695 five
235 664 377 703 fingulares
398 662 543 696 Perffinae,
563 659 617 688 five
637 657 782 695 Capitula,
806 642 936 696 &ollegia
948 681 957 696 ,
983 658 1029 686 seu
1051 656 1219 686 Conventus

159 703 345 733 Ecclefiarum
366 702 400 731 &
422 698 681 734 Monasteriorurn,
699 706 732 725 ac
753 696 954 726 Universitates
969 694 1147 732 Civitatum,
1161 691 1220 723 Ca-

159 741 296 777 strorum,
315 740 483 775 Terrarum,
497 736 541 766 vel
557 736 675 765 aliorum
692 735 840 764 Locorum
854 733 1017 771 existerent,
1037 741 1138 773 praeter
1151 731 1219 776 Poe-

157 789 205 808 nas
221 779 405 818 praescriptas,
422 775 571 811 omnibus,
589 783 652 813 quae
668 784 682 803 a
698 772 833 803 Romana
847 796 856 811 ,
875 773 920 803 vel
936 774 993 804 aliis
1011 772 1138 802 Ecclesiis
1156 780 1218 809 qui-

156 817 316 854 buscunque
330 824 452 845 tenerent
467 815 494 843 in
509 812 643 849 feudum,
662 811 716 841 ell'e
733 812 867 850 privatos,
887 812 930 841 seu
947 813 1051 850 privata
1064 810 1124 848 ipso
1137 808 1217 839 suffito

154 854 300 892 decrevit3
328 854 364 883 ita
385 852 462 891 quod
485 851 519 881 ad
539 850 691 887 Ecclelias,
710 851 743 880 ad
759 860 824 887 quas
845 850 889 880 illa
903 850 1077 889 spectabant,
1096 856 1217 891 reverte-

153 902 250 924 rentur
271 892 356 922 libere
371 914 380 928 ,
400 891 433 921 &
454 891 511 920 fine
526 888 750 919 contradictione
766 887 951 926 quacunque,
968 889 1143 927 ipsarumque
1159 885 1216 930 hc-

151 931 296 962 cletiarum
309 929 434 967 Praelati,
453 929 508 958 {ive
524 927 663 958 Renores
672 951 682 966 ,
700 928 734 957 de
749 927 810 966 iplis
825 950 834 964 ,
854 937 905 964 pro
928 927 972 958 sua
988 927 1148 963 voluntate,
1161 924 1215 954 dis-

152 977 312 1008 ponerent,
330 968 398 998 sicut
420 967 529 998 utilitati
550 966 670 1006 ipsarum
693 965 882 996 Ecctei'iarum
904 966 1111 1004 cognoscerent
1131 973 1215 1001 expe-

149 1008 216 1038 dire.

186 1045 211 1075 E
221 1053 244 1075 τ
264 1054 285 1075 L
295 1054 332 1076 tc
342 1056 359 1077 ε
368 1054 391 1075 Τ
411 1054 434 1075 τ
444 1054 467 1075 u
482 1069 492 1084 ,
512 1043 736 1083 progenitorum
757 1053 873 1074 tuorum
888 1042 1038 1074 succedens
1050 1040 1212 1084 virtutibus,

145 1085 192 1123 qui
213 1083 346 1114 Ecclesiae
369 1084 514 1115 Romanae
529 1084 759 1113 Ordiiiatioiiibus
773 1084 805 1114 ὃς
821 1081 962 1112 Mandatis
979 1081 1083 1119 semper
1099 1077 1213 1109 humili·

146 1131 188 1152 ter
202 1132 366 1160 paruerunt,
385 1123 418 1153 ad
435 1123 640 1160 requisitionem
656 1121 778 1160 ipsorum
790 1144 800 1159 ,
819 1120 948 1159 Magistri
962 1120 996 1150 &
1009 1119 1155 1156 Fratrum,
1171 1117 1212 1162 sa-

147 1160 193 1191 Cta
211 1161 262 1191 tibi
277 1162 313 1192 de
328 1161 519 1192 Conceffione
538 1159 698 1198 hujusmodi
719 1161 752 1191 &
772 1160 830 1189 aliis
844 1158 989 1196 praemissis
1005 1156 1060 1187 fide
1074 1157 1211 1196 plenaria,

146 1201 243 1229 oninia
259 1199 371 1240 praefata
385 1199 464 1230 Bona
476 1200 546 1230 dicti
562 1198 707 1238 quondam
721 1198 839 1228 Ordinis
852 1196 986 1239 Templi,
1005 1197 1033 1225 in
1051 1195 1155 1238 Regno
1176 1196 1210 1226 &

148 1237 244 1268 Terris
261 1240 312 1269 tuis
326 1236 519 1275 consistentia,
538 1247 668 1277 tanquam
684 1237 803 1267 devotus
816 1235 952 1265 Ecclesiae
967 1233 1211 1280 filius,Magistr9

146 1276 180 1306 &
196 1277 334 1307 Fratribus
356 1288 388 1307 ac
409 1277 548 1317 Hospitali
567 1275 705 1314 praeditftis
727 1274 902 1304 Obeditione
919 1273 987 1310 pura
1000 1274 1033 1316 ὃς
1048 1274 1152 1310 libera,
1169 1272 1212 1319 di-

145 1315 276 1353 miiiffes,
294 1326 380 1353 eaque
394 1317 488 1346 omnia
507 1314 632 1352 expedita
653 1324 701 1352 per
720 1314 785 1343 alios
801 1313 897 1351 Regni
912 1313 953 1342 tui
964 1313 1066 1342 dimitti
1083 1310 1211 1341 mandas-

144 1353 206 1392 ses;
234 1354 475 1384 NONNULLI
503 1361 652 1383 TAMEN
680 1360 861 1382 coMtTias
876 1374 885 1389 ,
913 1360 931 1380 E
947 1359 969 1380 τ
997 1359 1209 1387 BARONES,

146 1400 345 1430 NOBILES,
364 1400 560 1428 MILITES,
576 1398 930 1421 UNIVERSITATES
952 1396 1210 1432 CIVJTATUM,

147 1441 189 1461 CA
201 1440 306 1461 sTno
319 1439 410 1461 RUM
424 1455 433 1470 ,
451 1432 484 1461 &
508 1431 605 1460 ALtt
634 1438 681 1459 LA
693 1438 748 1459 1ci
775 1429 808 1459 ὃ(
823 1452 832 1467 ,
856 1427 934 1466 quod
953 1427 1064 1467 gravnis
1083 1437 1209 1456 mentem

145 1469 272 1499 nostram
287 1470 441 1508 amaricat,
455 1468 571 1500 ΑΜΕ,
593 1469 610 1488 ‘⁴‘
627 1467 676 1498 Pa
689 1476 838 1498 RsoNAE
859 1474 1211 1510 EchnstfisTICAE,

145 1517 210 1545 quae
230 1508 256 1539 se
275 1507 409 1538 deberent
430 1518 483 1546 pro
507 1507 646 1537 Fratribus
667 1507 728 1545 ipsis
743 1515 858 1536 murum
873 1505 1053 1547 Defensionis
1062 1514 1187 1542 oponere
1201 1526 1210 1541 ,

144 1546 268 1586 praefatas
283 1546 435 1577 Sententias
450 1556 508 1576 non
522 1555 665 1581 verentes,
686 1545 720 1575 ad
735 1544 809 1574 dieta
822 1544 917 1582 Bona,
931 1543 1079 1587 foncella,
1095 1551 1125 1573 ut
1139 1552 1210 1586 prze-

144 1585 262 1624 dicitur,
281 1595 332 1622 pro
349 1585 409 1615 tam
428 1585 525 1616 salubri
549 1583 700 1623 Negotio,
718 1582 859 1625 Magistro
874 1583 907 1613 ὃς
928 1581 1068 1625 Fratribus
1089 1581 1210 1624 supradi-

145 1623 212 1662 ctis,
233 1623 412 1654 extendentes
425 1624 559 1661 rapaciter
573 1632 670 1652 manus
683 1622 755 1658 suas,
774 1631 820 1659 ea,
840 1624 908 1650 licut
920 1629 953 1649 ex
973 1624 1096 1665 iplorum
1113 1619 1210 1656 Magi-

144 1661 194 1693 stri
209 1663 242 1693 &
256 1662 384 1693 Fratrum
400 1662 536 1692 dolotolis
549 1660 741 1690 audiveramus
755 1659 900 1695 relatibus,
920 1666 1093 1698 occuparant
1113 1658 1210 1688 haite-

143 1710 196 1730 nus
218 1701 373 1738 violenter,
394 1701 427 1730 &
448 1700 611 1730 detinebant
633 1696 786 1728 violentius
799 1705 953 1736 occupata,
972 1697 1039 1727 sicut
1053 1696 1144 1727 adhuc
1160 1697 1209 1727 de-

141 1740 229 1769 tinere
242 1739 392 1769 noscuntur
402 1740 432 1768 in
452 1738 611 1768 animarum
632 1736 741 1765 suarum
756 1736 921 1774 pernitiem,
940 1745 1023 1775 grave
1037 1736 1114 1766 Dam
1136 1745 1207 1766 num

143 1776 295 1815 Hospitalis
306 1776 428 1815 ejusdem
437 1799 446 1814 ,
461 1785 494 1806 ac
508 1776 606 1805 Terrae
616 1774 715 1804 anetae
730 1775 875 1811 praecipue
888 1774 939 1807 (ad
955 1775 1033 1812 cujus
1047 1774 1107 1805 Sub
1121 1775 1208 1805 idium

143 1816 291 1854 deputata,
309 1823 340 1845 ut
355 1814 531 1852 praedicitur,
549 1813 610 1844 fore
625 1812 796 1850 noscuntur)
812 1822 871 1842 non
880 1812 1029 1843 modicum
1042 1813 1208 1843 Detrimen-

145 1862 227 1892 tum,
243 1853 384 1884 nonnullis
401 1853 626 1890 Executoribus,
645 1850 749 1881 eisdem
774 1850 912 1890 Magistro
931 1852 964 1881 ὃς
986 1851 1146 1891 Fratribus,
1163 1852 1208 1882 su·

143 1901 194 1933 per
207 1892 309 1922 eisdem
325 1891 409 1922 Bonis
423 1893 457 1922 ὃς
471 1891 621 1922 Sententiis
641 1889 814 1929 supradkstis,
834 1899 881 1929 per
896 1888 1132 1920 Ptaedecellorem
1154 1891 1207 1921 de-

167 1931 244 1961 utatis
258 1930 393 1962 eundem.
415 1931 465 1968 &,
482 1929 559 1970 quod
575 1929 694 1959 deterius
714 1928 754 1957 est
767 1951 777 1966 ,
796 1938 845 1966 pei·
860 1927 970 1958 eosdem
986 1928 1157 1968 Magistrum
1172 1930 1206 1961 &

172 1978 252 2000 ratres
272 1969 405 2008 requisitis
422 1969 597 2006 frequenter,
613 1968 642 1997 in
664 1967 788 2004 ipsorum
812 1967 986 1997 manifestam
1005 1968 1154 2006 injuriam,
1172 1969 1206 1999 ὅ(

145 2008 322 2076 ΑΡὶεὲ-ίὶοίίεεε
339 2007 418 2038 Sedis
438 2015 635 2047 contemptum
647 2028 657 2044 2
673 2005 828 2044 precedere
846 2015 906 2036 non
921 2006 1079 2038 curantibus
1091 2008 1119 2037 in
1135 2016 1207 2048 prae-

145 2055 187 2076 mi
212 2057 241 2077 is.

183 2084 303 2124 Propter
323 2087 415 2125 quod,
431 2086 500 2116 cum
519 2084 612 2116 nostra
634 2084 789 2122 interesset,
809 2084 877 2114 sicut
894 2084 927 2114 ὃς
940 2084 1071 2123 interest,
1089 2085 1118 2114 in
1134 2094 1207 2122 prae-

145 2123 226 2153 dietis
246 2124 427 2155 auxiliatrices
450 2135 548 2154 manus
571 2134 728 2163 apponere,
746 2123 845 2161 quibus
862 2123 1014 2160 specialiter
1034 2122 1107 2153 inest
1125 2124 1207 2162 ipsius

145 2160 247 2192 Terrae
258 2162 360 2193 sandi-ae
377 2173 444 2193 cura
462 2164 601 2201 praecipua
619 2163 715 2199 (cujus
734 2161 950 2200 oppressiones,
970 2161 1038 2191 Deo
1051 2161 1136 2200 teste,
1156 2172 1208 2191 nos

145 2202 312 2239 opprimunt
327 2224 336 2239 ,
354 2202 387 2232 &
402 2201 437 2232 ad
458 2202 716 2238 Recuperationem
731 2201 812 2239 ipsius
827 2201 940 2231 intentis
959 2200 1094 2230 desideriis
1111 2200 1209 2240 aspira-

147 2240 228 2277 mus)
248 2249 281 2269 ac
300 2239 334 2269 de
355 2240 424 2278 tali,
447 2239 526 2278 super
547 2239 788 2278 Occupationibus
810 2238 891 2277 ipsis,
919 2239 1042 2269 volentes
1065 2238 1208 2269 Remedio

145 2277 309 2316 subvenire,
329 2278 408 2315 quod
423 2278 483 2309 tam
498 2278 610 2308 salubris
624 2277 762 2316 Negotii,
777 2277 927 2314 videlicet,
946 2277 1047 2307 Terrae
1066 2277 1207 2314 praedicstae

146 2315 267 2345 Subsidii
281 2339 290 2353 ,
307 2318 448 2347 tolleretur
469 2316 615 2354 cujussibet
630 2316 708 2346 causa
727 2316 861 2355 praepedii
875 2338 884 2353 ,
902 2317 935 2346 δε
951 2315 1097 2345 concessio
1116 2316 1208 2346 dieto-

145 2363 210 2383 rum
226 2353 372 2384 Bonorum
382 2378 391 2393 ,
406 2355 479 2386 facita
494 2365 542 2395 per
556 2354 660 2385 Sed-em
675 2354 791 2384 eandem
807 2377 817 2392 ,
835 2353 964 2384 debiturn
984 2353 1126 2384 sortiretur
1139 2355 1208 2384 effe-

145 2391 246 2430 etum,
265 2394 299 2423 &
314 2392 510 2432 Occupatores
523 2392 683 2430 huiusmodi
701 2392 752 2423 suis
767 2393 866 2424 illicitis
883 2392 1071 2430 resipiscerent
1084 2393 1208 2432 actibus,

145 2429 270 2471 ipsosque
284 2431 440 2468 sequeretur
455 2431 544 2462 Poena
559 2431 699 2468 condigna
709 2454 719 2470 ,

182 2468 395 2500 Venerabilibus
418 2470 558 2500 Fratribus
578 2469 679 2500 nostris
796 2467 1001 2509 ¹Cantuarienfi
1015 2493 1024 2507 ,
1045 2470 1079 2501 ὃς
1100 2468 1209 2500 Ebora-

143 2507 218 2537 censi
233 2507 475 2547 Archiepiscopis,
495 2508 673 2546 ipsorumque
692 2507 894 2545 Suffraganeis,
912 2508 940 2538 in
955 2509 1059 2538 virtute
1072 2508 1209 2538 obedien-

144 2546 193 2576 tiae
207 2570 216 2583 ,
236 2546 270 2577 &
290 2545 340 2577 sub
359 2545 451 2577 Poena
466 2547 653 2583 Suspeniionis
676 2546 778 2584 (quam
800 2556 848 2576 eos
869 2547 902 2576 ὃς
923 2547 1077 2586 quemlibet
1093 2557 1209 2585 eorum,

142 2584 292 2624 postquam
314 2585 470 2622 hujusmodi
495 2585 664 2615 Mandatum
681 2585 809 2614 nostrum
834 2586 1000 2623 pervenillet
1023 2586 1056 2616 ad
1072 2596 1136 2623 eos,
1162 2586 1208 2616 in-

144 2632 255 2653 currere
277 2625 421 2654 voluimus
441 2624 501 2662 ipso
521 2624 613 2660 facto,
632 2623 651 2653 fi
672 2622 807 2653 mandatis
828 2623 1001 2662 Apostolicis
1020 2625 1050 2654 in
1064 2624 1116 2654 hac
1131 2633 1208 2662 parte

142 2662 314 2701 negligerent
333 2663 467 2698 obedire)
483 2672 532 2701 per
550 2662 665 2692 diversas
685 2661 815 2691 dedimus
832 2661 947 2692 Litteras
961 2663 989 2691 in
1006 2663 1158 2702 mandatis,
1175 2672 1208 2694 ut

142 2710 243 2730 omnes
257 2702 290 2731 &
304 2701 438 2740 singulos,
456 2701 486 2731 in
501 2711 602 2731 eorum
620 2699 789 2731 Civitatibus
802 2700 835 2730 ὃς
850 2700 1020 2731 Diocesibus
1031 2701 1209 2741 constitutos,

143 2739 344 2777 cujuscumque
371 2739 463 2770 Status
492 2740 537 2770 vel
559 2739 741 2770 Conditionis
763 2738 911 2769 existerent
925 2763 934 2778 ,
958 2750 1028 2779 quos
1048 2741 1209 2772 invenirent

100 2784 101 2787 ’
144 2776 224 2807 Bona
244 2777 393 2814 occupasse
407 2801 416 2816 ,
442 2778 487 2807 vel
506 2786 644 2815 occupata
672 2785 767 2821 tenere
787 2778 922 2817 praedi&a
935 2801 944 2816 ,
964 2788 1012 2818 per
1033 2779 1076 2817 se,
1092 2780 1134 2809 vel
1158 2790 1208 2817 per

145 2815 230 2852 alios,
247 2816 359 2852 publice
371 2817 418 2846 vel
433 2817 563 2854 occulte,
601 2825 767 2854 eremptone
783 2826 900 2846 monere
914 2826 1061 2855 curarent,
1081 2818 1209 2856 ut,infra

147 2854 227 2882 unius
249 2853 355 2884 Mensis
373 2855 489 2893 spatium
503 2877 512 2893 ,
535 2825 600 2892 post³
624 2852 821 2884 Monitionem
847 2853 970 2894 ipsorum
984 2878 994 2894 ,
1012 2866 1043 2885 ea
1063 2857 1160 2886 omnia
1174 2857 1208 2887 δε

146 2891 270 2929 singula,
288 2892 317 2921 in
330 2893 540 2931 quibuscunque
555 2891 751 2931 consisterent,
770 2893 804 2923 &
818 2902 990 2932 quocunque
1006 2896 1125 2924 nomine
1140 2903 1209 2925 cen-

144 2929 284 2968 serentur,
300 2940 368 2961 cum
381 2930 518 2961 frufflbus
533 2931 597 2961 inde
609 2932 760 2968 perceptis,
777 2932 811 2961 &
825 2933 873 2970 qui
892 2932 989 2962 medio
999 2941 1128 2972 tempore
1144 2944 1208 2971 per-

144 2968 202 3007 cipi
218 2977 385 3007 potuerunt,
406 2968 549 3006 Magistro
563 2970 596 2999 &
615 2969 755 2999 Fratribus
774 2979 808 2999 ac
824 2969 963 3008 Hospitali
981 2971 1152 3002 restituerent
1167 2972 1209 3002 su-

145 3006 293 3045 praehens,
311 3008 454 3046 alioquin,
474 3007 511 3044 si,
529 3007 599 3036 infra
617 3007 729 3038 dietum
748 3009 903 3038 terminum
917 3031 926 3046 ,
944 3009 1103 3047 hujusmodi
1116 3010 1209 3041 moni-

145 3045 218 3074 tioni
229 3045 370 3076 humiliter
381 3047 413 3076 &
428 3046 611 3076 effectualiter
625 3055 686 3076 non
699 3055 842 3085 paterent,
860 3056 998 3085 occupata
1013 3058 1061 3086 per
1082 3058 1130 3078 eos
1139 3072 1148 3087 ,
1161 3050 1207 3080 vel

144 3082 270 3151 ‘ipsorum
285 3085 422 3123 nomine,
440 3095 508 3115 cum
521 3084 660 3114 frudiibus
676 3084 741 3114 inde
755 3086 906 3124 perceptis,
922 3093 953 3115 ut
966 3086 1208 3124 praedicitur,non

166 3122 315 3153 imittendo
327 3123 412 3153 libere
427 3122 569 3162 Magistro
583 3123 617 3153 δε
631 3123 774 3152 Fratribus
788 3123 930 3153 anrediCris
946 3145 956 3160 ,
973 3125 1044 3162 ipsos
1059 3135 1160 3155 omnes
1174 3127 1208 3157 ὃς

143 3159 278 3199 singulos,
296 3161 485 3199 cuiuscunque
499 3160 610 3200 Status,
626 3160 741 3192 Ordinis
755 3184 764 3199 ,
782 3162 826 3192 vel
847 3161 1032 3193 Conditionis
1046 3163 1208 3203 existerent,

144 3197 360 3244 quantacunque
381 3199 525 3244 Dignitate
545 3200 684 3239 fulgerent
697 3223 707 3238 ,
729 3208 834 3231 extunc
855 3201 1018 3232 auctoritate
1034 3202 1131 3233 nostra
1152 3203 1208 3233 Ex-

144 3246 410 3268 communicationis
419 3251 428 3277 3

186 3274 316 3316 Capitula
335 3279 423 3314 vero,
441 3276 586 3315 collecta,
602 3276 648 3307 seu
665 3276 836 3308 Conventus
850 3277 1037 3309 Ecclefiarum
1053 3280 1085 3310 &
1102 3279 1209 3310 Mona-

147 3313 313 3352 steriorum3
331 3324 445 3345 necnon
461 3316 494 3346 ὃς
510 3300 714 3346 ἱῖηἰνετῇῑεῐεὸ
729 3315 901 3354 Civitatum,
920 3316 1104 3354 Castrorum,
1121 3319 1210 3350 Villa-

118 3368 121 3371 ·
148 3362 229 3391 rum,
245 3353 278 3384 &
299 3353 415 3382 aliorum
431 3353 598 3389 Locorum3
619 3354 652 3383 &
671 3354 725 3391 ipsa
738 3377 748 3392 ,
766 3355 901 3385 Civitates
913 3379 921 3394 ,
940 3356 1053 3394 Castra,
1072 3357 1155 3387 Villas
1173 3359 1208 3388 &

148 3391 229 3421 Loca
243 3413 253 3429 ,
271 3401 333 3428 quoe
355 3391 382 3421 in
405 3391 457 3421 hiis
476 3392 624 3429 culpabilia
642 3392 758 3430 forent,
775 3393 820 3423 vel
840 3394 870 3423 iri
892 3396 992 3431 quibus
1012 3395 1208 3433 occupatores

146 3429 303 3467 hujusmodi
321 3430 482 3460 obtinerent
503 3430 677 3460 Dominium
699 3431 869 3470 temporale,
885 3432 922 3470 si,
940 3433 1007 3462 infra
1028 3433 1140 3464 diCtum
1154 3444 1209 3465 ter-

146 3469 258 3499 minum
275 3491 285 3507 ,
305 3468 368 3506 post
391 3468 567 3508 mentionem
586 3468 743 3505 hujusmodi
757 3491 766 3506 ,
789 3468 868 3499 Bona
886 3480 945 3500 non
968 3471 1158 3512 restituerent,
1176 3483 1207 3505 ut

145 3508 340 3547 praemittitur,
359 3506 513 3544 antedidta,
530 3506 589 3544 ipso
605 3507 681 3537 facito
694 3506 877 3538 decernerent
890 3509 1048 3549 interdiCti3

185 3544 336 3576 Sententiis
349 3545 496 3583 subjacere.

183 3583 237 3621 Et,
254 3584 288 3614 ad
307 3585 445 3622 majorem
465 3584 650 3622 ignominiam
669 3584 856 3624 eorumdem,
881 3584 969 3616 distas
988 3586 1156 3626 Sententias‚
1173 3589 1207 3619 ὃς

118 3646 123 3648 »
143 3623 205 3654 alias
220 3622 342 3662 Poenas,
356 3632 405 3662 per
417 3621 656 3652 Praedecessorem
676 3623 818 3662 eundern,
836 3632 866 3654 ut
883 3624 1058 3663 praedicitur,
1078 3627 1206 3664 promul-

144 3670 237 3700 gatas,
251 3661 450 3692 denunciarent
469 3661 628 3699 incurrisse,
645 3662 678 3692 &
694 3661 816 3692 facerent
834 3663 869 3692 ab
882 3662 939 3693 aliis
954 3665 1096 3702 nunciati,
1115 3667 1149 3696 &
1168 3667 1204 3696 ab

142 3701 277 3730 omnibus
297 3701 380 3730 artius
403 3700 498 3730 evitari
513 3722 523 3736 ,
541 3699 635 3729 donec
651 3699 840 3739 restituerent,
858 3710 925 3731 curn
939 3702 1116 3741 integritate,
1133 3714 1205 3742 prae-

143 3738 241 3776 miffa,
261 3739 294 3769 ὃς
308 3747 480 3769 mererentur
503 3738 688 3769 Absolutionis
700 3739 873 3770 beneficium
886 3740 1022 3770 obtinere.

182 3775 220 3807 Et
240 3777 306 3808 licet
326 3776 515 3817 postmodum
533 3777 642 3806 dictum
665 3777 828 3808 mandatum
847 3778 977 3808 nostrum
992 3778 1205 3821 Archiepiscopi

146 3814 181 3845 &
196 3814 366 3854 Suffi‘aganei
382 3816 531 3845 memorati
543 3815 687 3853 diligenter
701 3815 803 3846 fuerint
816 3817 944 3854 executi,
963 3817 1205 3858 nonnullitamen,

145 3853 214 3884 ficut
227 3863 259 3883 ex
272 3855 476 3894 conquestione
490 3853 619 3892 Magistri
633 3854 666 3884 δε
680 3853 807 3884 Fratrum
840 3855 1023 3885 raedidtorum
1036 3858 1205 3896 accepimus,

145 3899 276 3929 praetextu
296 3893 478 3932 quarumdam
502 3891 712 3930 Apellationum
728 3915 737 3930 ,
759 3891 794 3922 ad
835 3893 916 3922 edem
937 3894 1144 3931 interjectarum
1157 3895 1205 3925 fri-

145 3928 213 3958 vole
233 3929 413 3968 supraditfftam
429 3954 438 3967 ,
461 3932 494 3962 ὃ(
516 3929 719 3961 Inhibitionum
734 3953 742 3968 ,
768 3941 833 3967 quas
853 3931 954 3969 injuste
974 3931 1052 3969 super
1070 3933 1124 3963 hiis
1143 3933 1204 3964 fieri

147 3967 347 4009 procurarunt,
367 3969 479 4006 praefata
500 3968 578 4000 Bona
600 3969 698 4007 injuste
720 3970 752 4000 ὅ(
773 3968 897 4000 indebite
916 3971 1069 4001 retinebant
1104 3971 1203 4011 illaque

147 4004 247 4072 d¹6T31¹S>
265 4004 448 4076 Ἑξὲίὶῐῗῑὸῑ
461 4008 617 4047 Fratribus,
633 4008 759 4049 quamvis
772 4007 857 4040 dietae
869 4007 1047 4040 ordinationi
1059 3993 1205 4042 delsitudo

205 4053 253 4073 om.
269 4060 273 4061 ν
303 4065 310 4074 i
354 4067 360 4074 .
410 4068 418 4076 .

1279 145 1751 196 PUBLICA.
2269 162 2326 207 49

1262 232 1352 271 Regia
1369 237 1496 272 paruisset
1510 261 1520 276 ,
1535 239 1672 278 metisque
1694 240 1837 281 Magistro
1857 241 1892 274 ὃς
1914 234 2055 272 Fratribus
2074 240 2152 272 Bona
2164 239 2323 277 dimisisses,
2339 236 2414 267 Ann.
2430 240 2476 270 D.

1260 271 1358 301 eadem
1370 273 1484 304 reddere
1497 286 1557 305 non
1571 278 1711 308 curabant.
2366 285 2449 316 1322.

1300 308 1417 347 Propter
1437 313 1513 350 quod
1536 313 1746 355 Archiepiscopi
1766 318 1799 348 δὲ
1816 317 1987 357 Suffraganei
2009 318 2159 348 memorati
2174 316 2326 346 denuncia-
2345 315 2412 342 Edv.
2433 326 2458 344 ²;

1262 356 1326 377 runt
1340 349 1453 393 eosdem
1467 353 1538 389 juxta
1552 353 1681 389 praediett
1699 354 1830 386 Mandati
1852 357 1940 386 nostri
1961 365 2108 393 tenorem,
2124 355 2211 385 dietas
2225 354 2328 385 Poenas

1262 385 1295 414 ὃς
1311 386 1467 432 Sententias
1480 390 1643 428 incurrisse,
1659 402 1724 430 quas
1736 394 1783 423 diu
1797 395 1995 433 sustinuerunt,
2011 394 2080 425 sicut
2098 395 2131 426 &
2145 394 2237 424 adhuc
2249 392 2328 423 susti-

1263 433 1331 467 nent
1343 435 1440 455 animis
1455 428 1601 468 induratis,
1619 431 1648 459 in
1670 433 1792 468 propri-„e
1804 433 1891 463 salutis
1905 434 2099 471 dispendium,
2117 434 2150 464 &
2166 431 2325 463 scandalum

1261 462 1458 500 plurimorum.

1300 499 1490 543 Postmodum
1514 514 1606 535 autem
1627 515 1678 535 nos
1692 529 1701 543 ‚
1727 507 1850 538 volentes
1869 509 2047 540 detentorum
2067 509 2192 547 ipsorum
2213 507 2327 538 malitiis

1260 539 1375 582 obviare
1389 563 1399 578 ,
1425 542 1652 581 Archiepiscopis
1674 545 1706 574 &
1727 544 1910 584 Suffraganeis
1933 548 2092 586 supradidtis
2109 570 2118 586 ,
2142 547 2191 578 sub
2217 545 2323 576 eisdem

1262 574 1358 607 Poenis
1370 601 1380 616 ,
1406 589 1455 618 per
1466 581 1529 622 alias
1547 583 1662 612 divertas
1677 583 1781 612 nostras
1794 584 1921 616 dedimus
1937 587 2056 616 Litteras
2068 588 2098 616 in
2118 586 2270 622 mandatis,
2290 593 2322 614 ut
2407 613 2411 615 ,

1262 614 1280 633 *
1299 624 1399 645 omnes
1411 618 1443 647 &
1458 619 1576 661 singulos
1594 620 1759 650 Domorum
1775 623 1807 651 δε
1822 623 1940 653 aliorum
1956 625 2155 662 praedietorum
2170 624 2318 654 Bonorum
2336 617 2356 636 ’κ
2372 619 2426 647 111„-

1261 651 1449 697 Detentores,
1467 667 1496 686 in
1509 667 1609 687 eorum
1623 658 1791 689 Civitatibus
1807 661 1839 690 ὃς
1856 660 2022 692 Diocelibus
2035 663 2215 693 consistentes
2228 685 2238 700 ,
2255 662 2317 700 qut—
2335 665 2372 692 95
2373 666 2403 692 9ὁ

1261 690 1353 722 busvls
1371 693 1475 724 affetfftu
1492 695 1587 726 favore
1599 697 1631 726 ἃ
1645 699 1748 726 timore
1770 698 1888 737 sepositis
1901 723 1910 738 ,
1929 700 1962 730 ad
1981 700 2186 732 restitutionem
2202 701 2319 731 Domo-

1259 739 1327 774 rum'
1344 732 1377 761 ὃ(
1400 731 1544 763 Bonorum
1566 734 1706 774 ipsorum,
1724 745 1772 771 per
1787 739 2010 774 aggravationem
2031 738 2182 770 Poenarum
2197 740 2230 770 &
2250 739 2320 769 Sen-

1258 775 1408 800 tentiarum
1424 772 1586 803 earumdem
1596 796 1605 810 ,
1625 773 1869 812 Appellationibus
1882 776 1914 806 ὃς
1929 775 2147 808 Inhibitionibus
2162 777 2322 808 memoratis

1258 816 1294 836 ne
1316 818 1433 846 uaquam
1445 809 1635 854 obstantibus,
1656 812 1827 850 compellere
1842 822 2031 851 procurarent.

1320 856 1372 890 'um
1388 849 1486 887 igitur,
1505 849 1683 891 dilectiiiime
1703 849 1765 888 fili,
1788 851 1946 887 hujusmodi
1971 852 2166 883 Restitutionis
2184 854 2318 885 nondum

1256 881 1337 914 fuerit
1352 885 1462 917 debitus
1477 888 1633 918 subtecutus
1646 888 1764 918 effeetus
1775 911 1785 927 ,
1810 889 1916 927 nosque
1936 890 2010 919 illam
2032 901 2083 928 pro
2097 892 2196 922 Tei-rae
2214 893 2316 923 landtae

1256 923 1419 967 commodis
1434 926 1480 962 (ad
1496 936 1559 965 quae
1574 926 1755 957 desideranter
1771 928 1885 966 aspirare
1907 937 1935 958 te
1949 930 2096 966 novimus)
2119 931 2228 960 intentis
2247 932 2317 961 desi-

1255 960 1337 991 denis
1352 962 1534 1002 affectemus,

1293 999 1539 1039 Magnificentiani
1557 1003 1679 1042 Regiam
1695 1002 1817 1033 Paterno
1836 1014 1964 1044 rogamus
1984 1005 2017 1035 ὃ(
2033 1005 2178 1036 hortamur
2196 1007 2317 1045 affeetu,

1254 1037 1288 1068 &
1301 1048 1350 1076 per
1363 1039 1585 1071 misericordiam
1600 1052 1673 1079 eius,
1691 1044 1738 1079 qui
1752 1042 1874 1072 Terram
1889 1043 1974 1080 ipsam
1995 1044 2145 1081 asperiione
2161 1046 2197 1075 sui
2213 1048 2317 1084 pretio-

1253 1075 1347 1119 sissimi
1361 1077 1526 1118 Sanguinis,
1545 1090 1598 1117 pro
1618 1081 1735 1110 humani
1755 1080 1838 1110 salute
1855 1083 1979 1120 generis,
1999 1084 2195 1121 consecravit,
2215 1083 2319 1114 instan-

1253 1115 1308 1158 tius
1322 1115 1517 1154 obsecramus,
1536 1120 1664 1157 quatinus
1680 1118 1795 1148 Domos
1808 1119 1839 1149 ὃς
1856 1120 1934 1150 Bona
1946 1121 2080 1158 praedicta
2095 1123 2230 1163 praefatis,
2252 1122 2318 1151 Ma—

1251 1152 1340 1196 gistro
1353 1155 1386 1184 «sc
1402 1154 1560 1194 Fratribus,
1577 1157 1614 1187 sic
1629 1157 1728 1196 plene,
1747 1157 1782 1187 sic
1800 1158 1925 1197 integre,
1943 1169 1993 1195 pro
2009 1159 2124 1198 divina,
2143 1162 2175 1190 &
2191 1160 2318 1199 Aposto-

1250 1192 1314 1221 licae
1321 1192 1413 1231 Sedis,
1434 1205 1467 1225 ac
1479 1195 1577 1225 nostra
1591 1195 1745 1227 reverentia
1759 1194 1874 1226 restituti
1888 1197 1970 1226 facias
1984 1207 2051 1227 cum
2065 1197 2169 1229 effeetu
2178 1222 2188 1238 ,
2207 1200 2320 1230 Deten-

1252 1238 1325 1260 tores
1336 1232 1460 1270 ipsorum
1476 1234 1596 1272 Laicos,
1615 1234 1764 1272 videlicet,
1779 1234 1813 1264 ad
1830 1235 2032 1265 restitutionem
2050 1246 2149 1267 eorum
2164 1240 2318 1279 integram,

1251 1278 1336 1312 prout
1349 1271 1500 1309 expediens
1512 1273 1611 1310 fuerit,
1630 1272 1849 1311 compellendo,
1870 1274 1920 1311 δε,
1939 1273 2020 1313 super
2033 1274 2103 1313 hiis,
2123 1276 2318 1317 Archiepiscoa

1251 1316 1305 1346 pis,
1324 1309 1546 1349 &Suffraganeis
1562 1313 1741 1349 memoratis,
1757 1312 1898 1342 favoribus
1910 1314 1943 1343 δε
1956 1313 2058 1342 auxiliis
2072 1317 2235 1354 oportunis,
2251 1325 2319 1344 nec-

1251 1356 1309 1376 non
1325 1347 1359 1377 &
1376 1358 1424 1385 per
1438 1351 1592 1386 potentiam
1613 1350 1723 1381 Brachii
1737 1350 1889 1388 Secularis,
1907 1352 1926 1380 si
1940 1361 2012 1388 opus
2027 1352 2128 1389 fuerit,
2154 1353 2319 1392 assistendo,

1250 1385 1329 1421 quod
1343 1386 1412 1416 diCti
1426 1386 1568 1425 Magister
1583 1389 1616 1419 ὃ(
1632 1388 1740 1419 Fratres
1756 1399 1854 1420 eorum
1870 1390 1899 1419 in
1913 1389 1966 1420 hac
1982 1399 2059 1428 parte
2070 1390 2137 1429 Jura
2158 1391 2264 1428 plenius
2277 1401 2319 1421 as—

1251 1423 1417 1463 sequantur,
1434 1427 1484 1456 tibi
1507 1428 1627 1464 proinde
1648 1428 1721 1467 apud
1741 1438 1808 1458 eurn
1822 1451 1831 1466 ,
1855 1429 1904 1467 qui
1923 1438 1976 1468 pro
1997 1430 2123 1459 minimis
2140 1431 2256 1465 grandia
2277 1440 2320 1459 re-

1251 1463 1429 1501 compensat,
1450 1474 1580 1504 augeatur
1593 1467 1724 1496 cumulus
1740 1468 1925 1505 meritorum,
1944 1467 2076 1499 humanae
2091 1468 2176 1498 laudis
2197 1470 2320 1499 crescant

1251 1502 1412 1545 praeconia,
1430 1503 1463 1532 &
1477 1514 1491 1533 a
1507 1505 1589 1534 nobis
1605 1505 1749 1543 condigna
1763 1507 1909 1544 proveniat
1923 1506 1997 1536 adtio
2010 1507 2157 1544 gratiarum
2167 1528 2177 1545 ,
2197 1508 2319 1546 nosque,

1251 1549 1305 1576 pro
1318 1538 1495 1571 restitutione
1511 1541 1658 1573 Bonorum
1679 1543 1838 1581 hujusmodi
1851 1566 1862 1582 ,
1887 1554 1948 1574 non
1968 1554 2095 1585 oporteat
2109 1546 2228 1584 amplius
2240 1547 2320 1577 labo-

1251 1587 1318 1607 rare.

1288 1653 1504 1687 Dat.Avinion.
1518 1657 1636 1689 decimo
1649 1657 1817 1697 Kal-Junii,
1835 1658 2021 1690 Pontificatcis
2036 1660 2124 1691 nostri
2139 1672 2215 1693 anno
2230 1663 2317 1694 sexto»

1963 1737 2054 1775 sigillo
2066 1738 2169 1779 avulfit.

1248 1875 1307 1908 Ad
1324 1878 1432 1922 Regem
1449 1880 1581 1912 Francia
1592 1907 1602 1922 ‚
1627 1878 1664 1913 cle
1674 1883 1861 1927 attemptatis
1872 1891 1927 1926 per
1938 1878 2098 1924 Ministros
2114 1883 2317 1919 emendandis.

1248 1960 1533 2015 EXcellentiffimo
1546 1964 1673 2002 Principi
1688 1990 1697 2004 ,
1723 1963 1857 1996 Domino
1872 1964 1913 1995 K.
1930 1964 1988 1996 Dei
2002 1967 2089 2006 gratis
2102 1991 2113 2006 ,
2138 1968 2265 2000 Franciae
2280 1971 2314 2002 ὃς
2331 1970 2406 2001 Ann.
2424 1965 2466 2004 D„

1303 2000 1443 2032 Navarrae
1456 2003 1529 2043 Regi
1545 2003 1640 2033 illustri
1655 2027 1664 2041 ,
1690 2004 1776 2034 Fratri
1796 2004 1845 2034 suo
1860 2004 2019 2044 carissimo,
2037 2004 2192 2037 Edwardus
2205 2031 2215 2046 ,
2241 2009 2313 2047 ejus-
2356 2019 2441 2049 1322.

1247 2035 1314 2067 dem
1333 2040 1435 2082 gratis,
1453 2042 1512 2072 &c.
1528 2041 1659 2079 salutem,
1677 2044 1710 2073 &
1725 2041 1859 2082 prosperis
1876 2042 2042 2073 successibus
2051 2045 2207 2082 jocundari.
2329 2053 2382 2076 An.
2402 2060 2410 2077 i
2416 2059 2444 2085 5.

1286 2076 1474 2117 Mulnplicata
1489 2078 1663 2110 Gravamina
1677 2082 1710 2112 &
1731 2082 1839 2119 injuriae
1880 2091 1908 2111 er
1928 2081 2099 2113 Senescallos
2116 2084 2241 2123 vestros,
2261 2085 2313 2116 Pe·
2328 2092 2358 2114 Ε.
2375 2098 2400 2115 2.

1246 2117 1460 2153 tragoticensem
1474 2140 1483 2156 ,
1509 2118 1712 2149 Caturcensem
1727 2143 1737 2158 ,
1761 2120 1795 2150 &
1809 2119 1860 2149 To
1873 2119 2006 2159 osanum,
2027 2121 2110 2151 nobis
2125 2146 2134 2162 ,
2159 2124 2193 2155 ὃς
2214 2124 2316 2155 nostris
2330 2130 2399 2154 Rom.
2409 2126 2445 2160 ὠή

1249 2153 1406 2193 Ministris,
1425 2166 1457 2186 ac
1470 2156 1611 2196 Subditis,
1628 2158 1659 2187 in
1682 2157 1798 2189 Ducatu
1813 2158 1987 2196 Aquitaniae,
2004 2159 2092 2190 indies
2107 2161 2244 2201 irrogata,
2262 2173 2315 2194 nos
2329 2169 2370 2193 Fr.
2393 2172 2436 2202 ις’.

1247 2192 1324 2222 silere
1340 2204 1399 2223 nori
1414 2196 1597 2234 permittunt,
1617 2205 1670 2235 pro
1686 2195 2072 2235 hujusmodiGravaminibus
2085 2200 2119 2230 δε
2132 2200 2240 2240 injuriis
2252 2201 2315 2232 sub-
2332 2208 2361 2232 Ε.
2384 2214 2410 2232 2.

1250 2233 1415 2271 movendis,
1434 2233 1552 2264 vestram
1566 2234 1814 2274 Magnificentiarn
1828 2236 1861 2265 &
1875 2235 1999 2266 Nunciis
2011 2237 2045 2267 &
2062 2236 2162 2269 Literis
2176 2249 2298 2271 onerare.
2333 2252 2371 2271 m.
2389 2253 2430 2271 ιο,

1287 2269 1367 2313 Cum
1382 2273 1492 2311 itaque,
1505 2275 1563 2311 jam
1576 2273 1612 2303 de
1626 2283 1720 2310 novo,
1738 2273 1771 2304 ad
1786 2272 1913 2304 nostrum
1932 2274 2061 2305 auditum
2096 2279 2220 2316 ervenit,
2238 2278 2317 2317 quod

1249 2307 1396 2340 Seneicalli
1412 2311 1497 2341 vestri
1513 2312 1656 2349 praediffl,
1679 2312 1740 2351 plus
1760 2312 1863 2350 solito,
1888 2312 1921 2342 &
1944 2322 2044 2343 contra
2103 2316 2269 2348 rdinationes
2284 2318 2319 2348 ὃς

1248 2346 1348 2389 Aresta
1365 2348 1586 2386 progenitorum
1600 2350 1759 2380 vestrorum
1773 2374 1783 2387 ,
1805 2351 1949 2390 quondam
1970 2350 2095 2382 Franciae
2112 2354 2246 2394 Regum,
2263 2366 2320 2386 no-

1250 2385 1307 2424 biS,
1325 2386 1359 2416 ὃς
1373 2386 1473 2418 nosti-is
1490 2388 1669 2419 officialibus
1683 2411 1692 2425 ,
1718 2390 1751 2419 &
1768 2388 1908 2419 Ministris
1920 2389 2028 2420 ibidem
2038 2412 2049 2428 ,
2068 2390 2181 2431 Injurias
2196 2394 2230 2424 ὃ(
2244 2394 2320 2426 Gra-

1248 2426 1363 2454 vamina
1377 2426 1465 2457 indies
1479 2427 1582 2457 inferre
1595 2437 1653 2457 non
1668 2426 1796 2457 desistant
1805 2450 1814 2466 ,
2169 2430 2172 2432 ’

1287 2462 1473 2495 Serenitatem
1493 2465 1614 2496 vestram
1634 2464 1793 2496 affectuofis
1811 2464 1945 2496 Precibus
1965 2464 2168 2507 deprecamur,
2187 2471 2320 2507 quatinus

1248 2500 1343 2532 dictos
1367 2502 1535 2535 Senescallos
1564 2503 1692 2541 vestrOS,
1717 2505 1751 2534 ὅτ
1770 2514 1870 2535 eorum
1900 2504 2068 2545 Officiales,
2096 2506 2235 2539 Notarios
2249 2533 2259 2548 ,
2284 2520 2317 2542 ac

1249 2540 1332 2583 alios,
1350 2543 1386 2571 ab
1400 2543 1561 2581 hujusmodi
1585 2543 1810 2574 Gravaniinibus
1825 2566 1835 2581 ,
1860 2544 1892 2574 ὃς
1914 2543 2024 2581 Injuriis
2037 2567 2047 2583 ,
2074 2547 2156 2576 nobis
2170 2548 2203 2578 δε
2215 2548 2319 2580 nostris

1249 2580 1414 2618 mterendis,
1433 2582 1570 2612 cohibere
1584 2582 1690 2619 velitis,

1287 2618 1492 2659 Advertentes,
1510 2621 1529 2650 si
1543 2620 1651 2659 placet,
1669 2628 1770 2658 quanta
1784 2618 1899 2651 laudum
1917 2622 2078 2660 praeconia,
2096 2631 2131 2652 ex
2145 2623 2318 2656 exhibitione

1244 2653 1385 2697 Justitiae,
1404 2658 1580 2696 Principibus
1599 2660 1793 2699 proveniunt,
1820 2660 1853 2690 δε
1867 2682 1878 2698 ,
1902 2660 1939 2691 de
1959 2662 2121 2700 contrario,
2138 2663 2250 2701 quando
2269 2662 2319 2701 fit,

1248 2695 1373 2726 scandala
1388 2698 1578 2736 multipliciter
1591 2700 1730 2729 oriuntur.

1285 2771 1354 2804 Dat.
1361 2775 1434 2814 apud
1444 2773 1609 2807 Rothevvell
1617 2798 1626 2814 ,
1643 2783 1744 2814 quarto
1754 2775 1800 2805 die
1806 2772 1894 2813 Junii⁴

1249 2917 1309 2950 Pro
1325 2916 1452 2952 Andrean
1475 2917 1512 2952 de
1530 2919 1671 2961 Harela,
1695 2917 1732 2952 de
1754 2916 1901 2963 resistendo
1917 2922 2011 2953 Scotis
2027 2923 2163 2967 Regnum
2179 2922 2314 2969 ingrffs.

1317 3003 1382 3034 EX
1420 3004 1526 3035 diiecto
1543 3005 1574 3035 sc
1591 3004 1662 3035 fideli
1683 3003 1733 3035 suo
1770 3004 1892 3036 Andreae
1905 3006 1941 3036 de
1954 3005 1987 3036 H
2004 3004 2059 3037 reia
2094 3004 2216 3037 Custodi
2232 3007 2284 3037 Ma
2299 3026 2313 3032 -
2331 2987 2406 3018 Affl-
2422 2985 2467 3025 D,

1252 3001 1308 3057 R
1329 3027 1404 3073 chia}
1422 3043 1547 3083 Scotiae,
1563 3045 1593 3073 in
1613 3028 1806 3075 Comitat'ibus
1826 3017 2076 3076 Westmerlaindiae’
2093 3044 2125 3076 ὃς
2145 3019 2314 3085 cumbri-ali,
2333 3036 2434 3094 ῥέῃ·

1248 3081 1373 3111 salutem.
2095 3094 2097 3098 ’
2379 3089 2384 3094 “
2402 3077 2444 3103 ¹5·

1290 3119 1368 3158 Quia
1389 3120 1577 3151 intelleximus
1599 3121 1679 3159 quod
1700 3120 1799 3159 Scoti,
1818 3120 1931 3152 Inimici
1955 3122 1987 3152 δε
2009 3120 2140 3152 Rebelles
2160 3121 2266 3160 nostri,
2282 3124 2312 3154 in
2330 3109 2362 3170 {j
2381 3115 2406 3132 Ζ·

1251 3159 1432 3188 multitudine
1453 3170 1513 3190 non
1535 3159 1669 3198 modica,
1689 3158 1826 3199 Regnum
1846 3160 1977 3190 nostrum
1998 3158 2114 3196 Angliae
2124 3160 2186 3198 jam
2202 3163 2312 3193 noviter
2361 3144 2467 3180 aus‘ff‘

1250 3195 1311 3226 sunt
1326 3197 1455 3236 ingressi,
1477 3197 1665 3237 Homicidia,
1679 3197 2083 3238 Depraedationes,liicendia,
2095 3199 2128 3229 &
2141 3198 2192 3230 alia
2199 3199 2311 3239 Damp-
2358 3202 2363 3207 “
2386 3192 2436 3248 ²'d

1250 3244 1285 3265 na
1300 3236 1448 3266 innumera
1461 3238 1663 3276 perpetrando:
2331 3229 2367 3247 ἠ’
2383 3229 2409 3255 5'
2437 3239 2445 3247 ‘

1288 3273 1339 3318 Ac·
1354 3284 1406 3304 nos
1413 3298 1423 3313 ,
1440 3278 1474 3306 ad
1496 3276 1696 3307 refraenandam
1718 3274 1840 3314 ipsorum
1861 3274 1996 3305 malitiam
2009 3297 2019 3312 ‚
2048 3284 2156 3315 quanto
2173 3277 2314 3314 potentius

1249 3321 1422 3353 poterimus,
1442 3325 1494 3345 nos
1509 3325 1652 3353 paramus;
2207 3349 2210 3350 γ

1286 3350 1376 3382 Vobis
1393 3375 1403 3390 ,
1420 3354 1449 3383 in
1469 3355 1539 3384 Fide
1559 3356 1592 3386 δε
1614 3352 1762 3391 Homagio
1775 3377 1784 3390 ,
1802 3352 1901 3391 quibus
1923 3350 2005 3383 nobis
2025 3351 2177 3390 tenemini,
2195 3352 2311 3384 firmiter

1249 3391 1423 3429 injungendo
1436 3415 1446 3430 ,
1470 3393 1634 3423 mandamus
1648 3415 1656 3430 ,
1674 3393 1799 3430 quatinus
1818 3390 1852 3420 ad
1871 3389 1994 3430 ipsorum
2013 3389 2199 3420 inimicorum
2220 3393 2312 3431 repul-

1249 3430 1358 3459 sionem
1371 3453 1381 3468 ,
1399 3432 1532 3462 omnibus
1553 3431 1646 3461 modis
1665 3432 1698 3462 &
1722 3431 1774 3460 viis
1788 3454 1797 3468 ,
1817 3430 1917 3468 quibus
1931 3429 2055 3467 poteritis
2069 3451 2080 3467 ,
2096 3429 2226 3460 laboretis
2240 3440 2311 3461 cum

1249 3476 1312 3498 toto
1327 3469 1404 3507 posse
1416 3470 1525 3500 vestro:
1947 3505 1951 3509 Α

1285 3506 1502 3545 Conoreganres
1526 3518 1625 3538 omnes
1643 3504 1785 3537 Homines
1806 3507 1923 3547 partium
1945 3504 2051 3548 illarum
2065 3526 2075 3542 ,
2097 3504 2157 3534 tam
2180 3505 2312 3546 Equites,

1247 3546 1334 3587 quam
1355 3532 1470 3577 ‘i’edites
1485 3571 1494 3586 ,
1512 3548 1582 3577 inter
1605 3555 1699 3576 aetates
1719 3545 1857 3576 sexdecim
1878 3545 1910 3574 &
1933 3543 2073 3586 sexaginta
2097 3553 2255 3584 annorum;
2274 3546 2310 3577 ita

1246 3583 1325 3625 quod
1340 3587 1463 3623 prompti
1478 3587 1547 3623 fint,
1564 3586 1596 3615 δε
1611 3585 1714 3622 parati,
1729 3587 1742 3600 ἕ
1758 3584 1852 3614 Armis
1865 3581 2092 3623 competentibus
2107 3582 2180 3625 bene
2195 3585 2307 3624 muniti,
2326 3581 2346 3600 ¹*
2363 3580 2420 3611 111„

1248 3624 1283 3655 ad
1295 3624 1475 3654 resistendum
1487 3624 1568 3654 dictis
1585 3623 1708 3653 Inimicis
1726 3622 1825 3651 nostris
1837 3643 1847 3659 ,
1867 3622 1920 3650 una
1936 3619 2103 3658 vobiscum,
2120 3620 2246 3660 ipsosque
2260 3624 2302 3654 in-
2324 3620 2393 3655 960³

1245 3664 1273 3694 se
1294 3663 1419 3693 uendum
1434 3663 1549 3693 viriliter
1561 3663 1594 3692 &
1629 3660 1790 3691 ravandum.

1274 3673 1323 3732 1iit
1336 3702 1410 3739 hoc,
1427 3703 1496 3732 sicut
1511 3701 1546 3730 de
1567 3702 1613 3729 vel
1628 3698 1657 3728 ra
1677 3697 1808 3728 fidelitate
1828 3697 1861 3727 &
1882 3694 2013 3726 industria
2032 3696 2202 3728 confidimus
2216 3720 2226 3737 ,
2241 3709 2309 3730 cum

1245 3741 1320 3772 tanta
1342 3740 1483 3785 diligentia
1498 3739 1531 3768 &
1549 3735 1721 3780 solicitudine
1743 3736 1863 3780 faciatis,
1882 3736 1961 3775 quod
1976 3744 2034 3764 non
2050 3734 2156 3772 possitis
2170 3736 2206 3767 de
2217 3737 2311 3778 aliqua

1244 3779 1412 3818 negligentia
1426 3779 1470 3808 seu
1484 3776 1626 3813 tepiditate
1641 3774 1823 3814 reprehendi,
1842 3774 1881 3804 set
1895 3773 2017 3805 vestram
2034 3773 2169 3813 poffimus
2184 3777 2311 3814 probitas

1247 3827 1306 3848 tem
1321 3819 1412 3857 potius
1426 3814 1633 3846 commendare.

1280 3894 1369 3926 Teste
1383 3893 1465 3931 Rege
1477 3889 1551 3931 apud
1564 3889 1732 3929 Hathelsaye
1740 3913 1750 3928 ,
1768 3888 1884 3923 decimo
1895 3890 1978 3920 tertio
1992 3887 2038 3919 die
2049 3888 2139 3928 junfi,

1930 3967 1984 3996 Per
1995 3965 2078 4005 ipsum
2091 3967 2195 4005 Regem.

1687 4041 1721 4073 G
2196 4038 2309 4072 Eodem
