2562 4279
90 247 167 280 Ann.
181 245 221 277 D.

111 290 194 325 1324.

91 328 160 353 Iav-
176 332 204 351 2.

91 597 168 624 Arti'c
197 604 210 631 7
217 615 224 622 .

91 671 158 709 Resp.
174 675 224 700 Pa-

93 717 134 746 pa.

95 1055 178 1083 Artic.
196 1052 224 1083 8.

95 1130 162 1167 ΜΡ.
175 1133 223 1158 Pa-

93 1175 136 1205 pa.

94 1371 179 1399 Artic.
195 1377 223 1404 9.

96 1410 112 1425 ⁴³
124 1411 223 1446 lV.34.

233 1741 235 1743 .
248 1713 329 1743 mino
343 1712 417 1752 Regi
433 1713 594 1752 transmisit,
611 1714 646 1743 de
660 1722 845 1757 quoloportet
858 1722 971 1749 cavere3

792 169 914 223 >ET
1002 166 1266 209 ACTA

277 250 314 283 Et
329 252 358 283 in
375 252 502 286 Articulo
517 255 572 286 isto
587 255 679 287 dic‘tus
694 265 771 286 nunc
785 253 996 294 Wyntoniensis
1012 253 1186 290 Episcopus,
1203 250 1295 288 deJu-

240 299 269 319 re
281 290 391 331 Regio,
411 295 439 323 in
454 294 505 324 hac
519 302 613 333 parte,
632 294 796 324 Dominum
812 293 935 333 Papam,
958 293 1037 330 juxta
1054 291 1177 321 modum
1195 288 1294 327 suum,

238 329 272 359 ad
287 329 405 366 plenum
416 332 586 363 informavit.
1248 364 1256 369 .

254 405 258 410 Ι
278 368 324 398 Ad
339 370 450 409 negotia
464 372 534 400 vero
549 370 677 410 Magistri
691 369 810 399 Roberti
826 369 861 399 de
875 367 997 404 Baldok,
1017 367 1049 397 &
1069 365 1194 395 Domini
1214 364 1290 394 Wil-

240 405 326 436 lielmi
343 407 378 437 de
398 408 550 447 Ayrmine,
569 408 662 446 quoad
685 407 851 438 Praebendas
870 406 906 436 de
927 404 1066 444 Aylesbiri
1086 405 1119 434 &
1143 403 1294 442 Leyghton

242 442 358 483 Bulard,
376 446 512 484 respondit
528 448 553 478 se
569 448 636 476 nihil
650 446 740 476 facere
754 445 849 483 posse,
867 453 922 474 nec
938 443 1042 472 debere
1055 466 1065 479 ,
1083 452 1135 482 pro
1155 452 1191 471 eo
1215 440 1295 484 quod

241 483 400 519 pendebant
412 484 530 515 indecisa
545 487 616 515 inter
630 493 717 522 partes
732 486 760 513 in
772 483 904 522 Judici03
932 488 1146 518 verumptamen
1167 488 1218 519 pax
1237 503 1248 522 ,
1267 489 1295 508 in

242 529 308 550 utro
329 532 363 552 ue
376 524 508 561 negotio,
535 523 607 554 sarira
626 522 684 560 est,
708 523 780 553 salvo
799 521 866 559 Jure
888 519 983 558 Regio
1007 542 1017 557 ,
1042 527 1076 547 ex
1097 517 1296 548 sufficientibus

244 531 378 590 mandatis
393 561 521 600 Magistri
536 561 658 591 Roberti
671 562 704 591 ἃ,
719 559 866 590 willielmi
878 557 1091 596 praediCtorum.

297 597 421 638 ITEM,
421 599 473 671 &ad
487 599 637 639 septimum
654 598 828 636 Articulum,
847 598 896 635 qui
912 597 948 627 sic
962 595 1083 634 incipit,
1110 597 1181 624 Item
1198 616 1209 633 ,
1227 594 1301 633 quod

241 645 291 665 rect
308 639 403 666 iantur
461 648 480 666 c.

281 643 432 712 ssropoiitis
445 674 664 706 excusationibus
678 696 688 712 ,
712 683 762 711 per
780 673 944 704 Dominum
962 681 1039 702 nunc
1059 670 1297 711 Wyntoniensem

245 712 435 751 Episcopum,
453 713 557 751 modo,
574 722 632 751 quo
645 712 759 742 sciverat
773 734 782 749 ,
800 711 928 749 meliori,
947 710 1104 748 Respondit
1121 710 1204 748 Papa,
1220 709 1297 746 quod

244 750 431 781 excusationes
448 752 592 782 dictorum
618 773 628 788 ,
658 748 787 788 Magistri
808 749 930 780 Roberti
951 750 984 780 &
1008 748 1129 778 Domini
1149 748 1298 778 Willielmi

244 788 463 829 praediffitorum,
478 789 625 826 propositae
645 787 752 818 fuerant
772 789 800 818 in
817 787 933 827 Judicio
957 811 967 827 ,
991 787 1024 818 &
1042 787 1171 825 rejeeiae,
1191 786 1223 817 ὃς
1242 786 1299 815 sine

244 827 409 865 praejudicio
423 828 504 865 partis
516 836 576 857 non
590 834 697 864 poterat
711 827 899 857 intromittere
914 826 949 857 de
968 825 1087 857 eisdem:
1109 825 1159 863 &,
1175 825 1240 854 licet
1256 834 1299 854 re-

244 864 381 902 plicatum
407 866 496 896 fuerat
516 888 526 903 ‚
544 875 593 903 per
611 863 724 895 dietum
745 875 822 895 nunc
847 863 1084 904 Wyntoniensem
1110 862 1300 903 Episcopum,

244 904 360 941 qualiter
372 913 404 934 ex
417 911 491 941 parte
503 903 615 934 illorum
627 903 714 934 fuerat
726 903 893 942 appellatum
902 927 912 942 ,
929 903 1061 941 quodque
1074 901 1182 932 fuerant
1197 902 1235 932 ita
1250 911 1301 931 ne-

245 942 348 972 cessarii
363 942 483 981 Regi&
497 941 618 980 Regno,
636 942 712 981 quod
728 942 873 972 Dominus
894 941 988 972 noster
1007 940 1073 970 Rex
1095 941 1217 977 ipsorum
1241 949 1300 969 non

242 988 351 1048 poterat
362 989 456 1010 carere
468 980 608 1017 praesentiri
623 980 815 1020 personaliter;
833 980 941 1011 nullum
955 988 1051 1010 tamen
1066 978 1139 1009 aliud
1155 978 1302 1009 Dominus

266 1027 280 1048 a
329 1018 419 1049 voluit
428 1018 493 1048 dare
505 1018 692 1056 Responsum.

303 1064 406 1094 TEM,
431 1056 465 1086 ad
479 1057 613 1088 octavum
631 1057 809 1097 Articulum,
825 1058 873 1096 qui
886 1058 922 1088 sic
940 1057 1057 1095 incipit,
1081 1058 1170 1094 Item,
1189 1060 1301 1092 tangen-

243 1094 305 1125 dum
317 1093 354 1134 est
368 1097 482 1125 Domino
497 1097 579 1134 Papae
597 1095 656 1131 &c.

281 1132 461 1171 Responsum
476 1134 517 1164 est
551 1145 580 1165 er
592 1134 700 1167 Bullam
713 1133 836 1165 Domini
850 1135 952 1173 Papae,
969 1132 1101 1172 miffam,
1118 1141 1195 1162 nunc
1214 1130 1302 1169 tarde,

244 1170 378 1202 Domino
401 1172 497 1203 nostro
516 1145 590 1213 lgegi
614 1183 663 1212 per
686 1173 857 1212 Magistrum
881 1173 1042 1203 Robertum
1064 1171 1100 1201 de
1126 1169 1277 1213 Cantuaria
1292 1192 1301 1207 ,

243 1218 328 1247 prout
341 1211 417 1241 idem
434 1211 578 1243 Dominus
593 1211 667 1250 Papa
680 1212 789 1242 dicebat
804 1212 938 1241 Domino
955 1220 1031 1240 nunc
1046 1210 1247 1249 Wyntonienii
1262 1207 1302 1237 E-

242 1248 359 1287 piscopo
373 1249 546 1290 supradicto,
564 1259 793 1288 verumptamen,
811 1250 891 1288 super
902 1248 957 1279 isto
974 1249 1120 1285 Articulo,
1138 1249 1226 1285 aliqua
1240 1246 1302 1277 sunt

244 1286 363 1355 diclenda
375 1289 407 1333 in
422 1288 527 1320 secreto
538 1313 548 1328 ,
575 1289 712 1320 Domino
730 1287 828 1320 nostro
848 1288 922 1327 Regi
939 1311 949 1327 ,
963 1286 1076 1326 quando
1095 1286 1152 1317 suae
1168 1286 1302 1324 placuerit

243 1336 284 1356 vo
296 1335 390 1357 untati.

282 1364 405 1403 ITEM,
424 1367 601 1404 regratiatum
622 1367 663 1399 est
683 1367 817 1398 Domino
839 1366 923 1406 Papae
941 1389 950 1405 ,
967 1367 1039 1404 juxta
1060 1371 1187 1394 tenorem
1208 1362 1302 1392 ultimi

245 1402 383 1444 Articuli,
399 1406 429 1435 in
444 1406 463 1425 *
477 1404 628 1437 Indentura
643 1408 793 1444 contenti,
810 1406 889 1444 super
903 1415 961 1444 quo
984 1405 1068 1434 etiam
1090 1403 1179 1440 aliqua
1200 1401 1303 1431 secreta

243 1450 294 1479 tan,
310 1443 381 1473 enda
396 1443 456 1473 sunt
472 1443 608 1475 Domino
620 1445 718 1476 nostro
731 1445 807 1485 Regi
820 1444 987 1482 supradicto.
1203 1479 1208 1483 ί

278 1484 282 1487 ”
305 1489 406 1519 Tarii,
421 1490 496 1512 extra
508 1482 711 1522 indenturam,
734 1483 897 1519 iniuncstum
916 1483 968 1512 fuit
988 1481 1068 1511 dicto
1093 1478 1304 1509 Archidiacono

245 1519 424 1558 Lincolniae,
444 1531 520 1551 nunc
534 1522 736 1560 Wyntoniensi
749 1522 908 1561 Episcopo,
925 1522 955 1550 in
973 1518 1108 1549 Processu
1121 1518 1170 1547 suo
1189 1540 1198 1554 ‚
1227 1516 1304 1553 quod

245 1557 336 1589 Bullas
345 1558 479 1590 Decimae
492 1559 627 1590 Biennalis
639 1569 800 1601 procuraret
811 1560 970 1590 festinanter
985 1557 1118 1587 Domino
1131 1556 1229 1598 nostro
1246 1555 1306 1584 Re-

245 1598 271 1635 gi
289 1597 454 1635 transmitti,
475 1598 552 1637 quod
565 1600 599 1630 &
614 1599 722 1630 faCtum
736 1599 795 1637 est3
815 1599 896 1637 quia,
914 1606 977 1628 ante
1001 1595 1105 1626 festum
1121 1594 1217 1624 natalis
1240 1593 1306 1623 Do-

247 1636 338 1674 mini,
358 1638 491 1673 proximo
505 1638 695 1675 praeteritum,
713 1647 783 1669 cum
797 1636 917 1667 maximi
931 1634 1112 1671 difficultate,
1137 1632 1228 1674 mestus
1249 1631 1306 1660 Ar—

246 1674 429 1705 chidiaconus
444 1675 510 1714 ipsas
522 1677 658 1714 optinuit,
677 1677 709 1706 &
722 1686 771 1714 per
784 1674 982 1705 Domicellum
999 1673 1146 1740 proprisum
1159 1672 1225 1738 ipias
1240 1668 1306 1738 Dlo-

539 1715 542 1719 '
1009 1721 1053 1740 uia
1099 1718 1157 1739 icut
1185 1716 1222 1738 uit
1272 1718 1306 1738 u-

244 1752 299 1781 i‘ies
314 1751 425 1781 dietum
439 1752 473 1783 ὃς
488 1752 619 1791 scriptum
636 1752 770 1782 Domino
785 1751 858 1790 Regi
868 1775 877 1790 ,
894 1721 1077 1791 dietuquapa
1093 1756 1217 1786 quartam
1242 1718 1307 1776 FDe-

249 1791 355 1820 cimam
372 1791 420 1820 fibi
435 1790 595 1820 reservavit:
612 1790 648 1821 Et
663 1790 681 1820 fi
695 1791 806 1820 fuissent
820 1792 863 1820 ilia
879 1790 966 1828 faeta,
981 1798 1046 1826 quae
1063 1786 1137 1824 apud
1157 1785 1307 1823 Eborum,

247 1828 276 1858 in
289 1828 441 1866 ,praesentiti
461 1828 586 1859 Domini
608 1828 697 1859 nostri
718 1827 806 1867 Regis
821 1852 831 1868 ,
849 1828 957 1859 fuerant
978 1827 1130 1865 praelocuta
1150 1847 1160 1863 ,
1183 1824 1307 1855 creditur

247 1865 327 1905 quod
343 1865 491 1897 Dominus
506 1866 580 1906 Papa
593 1868 677 1910 ipsam
694 1877 818 1907 quartam
831 1869 859 1897 in
875 1875 938 1897 toto
954 1864 1103 1895 remisisset.

285 1904 322 1934 Et
338 1915 431 1944 nunc,
449 1906 477 1935 iri
494 1905 628 1937 Processu
637 1906 759 1936 Domini
773 1915 849 1936 nunc
864 1903 1077 1945 Wyntoniensis
1091 1901 1307 1942 Episcopi,Do-

247 1943 340 1973 minus
354 1943 428 1981 Papa
445 1944 534 1975 voluit
550 1945 599 1976 fibi
615 1944 753 1975 tradidisse
775 1943 864 1975 Bullas
880 1968 889 1983 ,
910 1942 1066 1982 dirigendas
1085 1941 1289 1971 Executoribus

245 1989 299 2019 pro
314 1982 461 2013 exactione
473 1983 591 2022 Qartae
606 1992 786 2014 memoratae:
826 1994 872 2014 uas
886 1992 993 2020 portare
1007 1980 1157 2018 recusavit,
1177 1989 1212 2009 eo
1228 1964 1307 2017 quod

245 2018 398 2051 tendebant
415 2023 442 2051 in
459 2021 616 2060 dampnum
632 2021 757 2052 Domini
770 2032 810 2052 no
836 2023 858 2052 ri
874 2022 960 2061 Regis
975 2033 985 2059 3
1007 2028 1221 2058 verumptamen
1241 2018 1308 2048 Bul-

245 2057 284 2086 las
299 2058 414 2096 clausas,
429 2060 464 2090 de
478 2060 556 2090 facto
569 2070 745 2099 memorato,
761 2069 852 2099 port-it
866 2060 1013 2091 Dominus
1026 2057 1251 2097 VVyntonienfis,
1276 2065 1307 2087 ut

247 2094 394 2139 Dominus
408 2097 502 2128 noster
517 2098 583 2128 Rex
597 2100 696 2129 melius
710 2099 858 2130 deliberare
874 2099 975 2137 poterit
994 2106 1063 2127 cum
1084 2095 1221 2125 Concilio
1240 2095 1306 2133 suo,

248 2133 315 2169 quid
330 2134 490 2166 faciendum
506 2136 590 2166 fuerit
605 2139 633 2166 in
647 2136 817 2175 Praemiffis,
835 2138 867 2168 ὅ(
883 2137 958 2168 certe
980 2145 1039 2165 non
1058 2132 1160 2164 solutio
1180 2131 1308 2171 Censfis3

248 2172 300 2215 ὃς,
320 2181 372 2211 pro
389 2183 423 2203 eo
460 2174 519 2204 uod
531 2185 592 2205 non
604 2175 686 2206 fuerit
700 2175 775 2206 ἀίἃα
787 2177 953 2213 praelocuta,
967 2171 1020 2203 fuit
1035 2173 1193 2204 maximum
1214 2172 1306 2210 impe-

248 2209 409 2253 dimentum
462 2212 623 2249 egotiorum
645 2215 789 2252 regiorum
813 2215 843 2244 in
864 2212 953 2244 Curia
977 2211 1111 2242 Romana
1126 2223 1136 2250 ·,
1153 2210 1190 2241 de
1209 2212 1309 2250 quibus

249 2258 335 2279 etiam
348 2250 436 2289 aliqua
449 2250 548 2281 secreta
561 2252 621 2282 sunt
634 2252 769 2292 tangenda
785 2251 918 2282 Domino
933 2250 1031 2281 nostro
1047 2249 1121 2289 Regi
1143 2249 1289 2289 praedidio.

285 2286 328 2317 IT
338 2297 355 2317 E
364 2297 390 2317 M
399 2311 408 2326 ,
423 2297 497 2319 extra
509 2289 689 2321 Indenturam
698 2314 707 2328 ,
723 2291 841 2329 injunxit
854 2290 1002 2320 Dominus
1015 2289 1109 2319 noster
1122 2288 1199 2327 Rex,
1216 2288 1309 2317 eidem

247 2334 282 2355 ex
297 2326 401 2365 corde,
418 2327 496 2366 quod
511 2329 656 2367 negotium
677 2328 794 2359 fratrum
812 2328 1036 2359 praedicatorum
1056 2327 1177 2356 omnino
1199 2326 1310 2366 expedi-

247 2373 304 2394 ret·
325 2367 402 2404 quod
416 2366 448 2396 δε
462 2366 568 2396 fadtum
584 2366 642 2403 est‚·
660 2367 739 2405 super
755 2377 813 2406 quo
827 2366 892 2397 duae
907 2366 992 2397 Bullae
1013 2366 1205 2405 impetrantur.

309 2411 358 2433 Tr:
369 2412 412 2442 M,
428 2404 476 2434 scri
499 2413 561 2435 turn
576 2406 627 2435 fuit
642 2405 735 2436 eidem
746 2428 755 2444 ,
772 2416 820 2444 per
835 2405 997 2435 Dominum
1011 2404 1123 2442 Regem
1133 2426 1143 2442 ,
1159 2404 1190 2433 in
1206 2402 1312 2442 Curia,

247 2440 329 2479 quod
344 2441 451 2472 Bullam
496 2442 659 2474 onfeffionis
673 2454 724 2483 pro
736 2444 837 2475 eodem
853 2443 988 2474 Domino
1001 2442 1101 2473 nostro
1116 2442 1198 2481 Rege
1218 2442 1308 2480 impe-

249 2486 347 2517 traret3
365 2481 442 2519 quod
455 2482 488 2512 &
502 2482 610 2512 saelum
621 2482 677 2520 est,
695 2483 773 2520 super
787 2492 846 2522 quo
861 2482 935 2512 bulla
947 2482 1119 2518 impetratur.

287 2516 332 2547 Ιτ
342 2524 359 2562 ξι
369 2527 395 2548 Μ
405 2542 415 2557 ,
430 2519 465 2549 de
480 2520 556 2550 ecio
570 2520 747 2559 Provinciae,
767 2529 897 2561 tangente
909 2520 950 2550 R.
965 2519 1128 2550 Robertum
1145 2542 1155 2557 ,
1171 2518 1247 2559 Papa
1268 2529 1312 2549 re-

252 2554 363 2594 spondit
381 2568 428 2594 per
440 2557 548 2588 Bullam
560 2558 635 2589 suam
647 2559 775 2590 clausam.

288 2594 331 2624 Ιτ
340 2604 358 2624 E
367 2604 393 2625 Μ
405 2619 414 2633 ,
432 2596 579 2627 Dominus
592 2597 687 2627 noster
702 2597 767 2627 Rex
781 2598 914 2637 praecepit
928 2597 1037 2635 eidem,
1051 2595 1132 2635 quod
1153 2596 1313 2634 impetraret

251 2631 359 2663 Bullam
376 2644 428 2672 pro
443 2633 591 2674 Religiosis
602 2636 637 2666 de
651 2636 780 2674 Tharne,
806 2637 885 2673 super
916 2635 1154 2672 Appropriatione
1179 2634 1312 2664 Eccleiiae

250 2671 287 2702 de
302 2670 475 2711 Chalgrave3
491 2673 566 2713 quod
582 2674 615 2704 &
629 2675 737 2705 fadium
752 2674 808 2704 est·
826 2675 904 2713 super
917 2673 973 2712 qua
987 2673 1065 2703 Bulla
1082 2675 1257 2710 impetratur.

288 2709 400 2753 Secreta
413 2720 508 2742 autem
522 2711 573 2742 alia
585 2712 647 2743 sunt
662 2713 789 2752 injunita
801 2698 935 2743 Domino
956 2712 1159 2751 Wyntoniensi
1179 2722 1227 2752 per
1249 2711 1313 2741 Do-

253 2757 366 2778 minum
382 2746 488 2787 Papam
502 2773 511 2787 ,
528 2751 652 2787 personae
673 2753 792 2790 propriae
817 2751 942 2781 Domini
964 2750 1053 2780 nostri
1073 2750 1177 2789 Regis,
1207 2750 1241 2780 &
1255 2759 1314 2780 non

254 2786 474 2854 aliilreserenda,
491 2798 555 2828 quae
568 2797 674 2826 paratus
690 2792 741 2820 crit
755 2789 847 2821 eidem
860 2789 973 2828 referre,
990 2798 1080 2829 quum
1101 2789 1155 2820 suae
1181 2787 1315 2827 placuerit

256 2834 295 2854 vo
306 2833 401 2856 untati.

278 2939 282 2944 .
293 2899 324 2930 D
337 2911 348 2931 1
360 2911 378 2931 E
387 2911 400 2931 s
417 2901 493 2932 datus
505 2903 548 2934 est
561 2904 603 2943 ei,
621 2913 721 2936 coram
734 2905 836 2944 Rege,
850 2906 880 2936 in
892 2904 1011 2936 octabis
1027 2903 1114 2935 fanen
1124 2903 1234 2935 Hillarii
1250 2927 1260 2943 ,
1281 2914 1315 2935 u-

255 2939 397 2978 bicunque
412 2939 472 2971 &c.

278 3015 343 3060 'Po
353 3025 395 3046 ST
406 3026 424 3047 iz
435 3027 453 3047 A
463 3042 472 3055 ‚
491 3018 633 3059 pendente
653 3019 879 3058 Adjornamento
899 3020 1037 3058 praedicto
1051 3042 1060 3057 ,
1077 3019 1230 3060 praedictus
1249 3017 1316 3049 Ma-

255 3053 340 3098 gister
349 3055 490 3099 Johannes
505 3059 583 3088 venit
599 3059 628 3088 in
647 3057 736 3089 Curia
752 3059 818 3097 hic,
836 3060 882 3089 die
896 3059 1034 3090 Mercurii
1054 3059 1083 3087 in
1103 3058 1224 3088 crastino
1245 3057 1316 3087 San-

257 3093 296 3122 Cti
312 3093 454 3136 Nicholai
471 3119 481 3133 ,
499 3096 532 3126 ὃ(
548 3096 662 3133 protulit
678 3097 821 3136 quoddam
841 3097 930 3128 Breve
950 3097 1076 3127 Domini
1097 3095 1204 3134 Regis,
1222 3096 1315 3126 eidem

257 3130 398 3170 Magistro
409 3133 531 3172 Johanni
547 3134 687 3166 diretstum
696 3158 707 3174 ,
724 3136 891 3166 retornabile
905 3136 969 3174 hic,
984 3136 1014 3165 in
1028 3134 1092 3165 haec
1105 3135 1208 3172 verba,

256 3208 426 3264 EDWAR
436 3219 488 3240 nu
500 3220 529 3247 s,
550 3211 609 3242 Dei
627 3211 736 3251 gratia,
755 3212 820 3242 Rex
835 3212 967 3251 Angliae,
986 3212 1131 3243 Dominus
1150 3210 1315 3250 Hiberniae,

321 3247 354 3293 ἐξ(
370 3246 439 3278 Dux
455 3248 616 3286 Aquitaniae
626 3273 636 3288 ,
653 3250 795 3288 Magistro
805 3251 930 3289 Jolianni
944 3251 978 3282 de
992 3250 1139 3281 Stratford.

294 3283 376 3315 Cum
391 3285 519 3325 dudum,
536 3297 588 3326 pro
602 3288 713 3319 diverfis
727 3290 815 3320 arduis
831 3290 863 3320 ὃς
879 3289 1079 3327 urgentissimis
1093 3288 1229 3327 negotiis,
1247 3297 1314 3328 nos,

256 3321 291 3366 δε
305 3323 406 3354 statum
420 3324 548 3356 Coronae
561 3325 665 3357 nostra:
701 3329 733 3358 &
747 3328 848 3363 Regni
859 3329 963 3367 nostri,
981 3328 1130 3367 specialiter
1146 3328 1315 3366 contingen-

256 3362 346 3407 tibus,
364 3363 554 3402 expediendis,
573 3373 601 3395 te
615 3365 648 3395 ad
663 3350 779 3396 Curiam
794 3366 957 3398 Romanam
972 3367 1001 3396 iti
1016 3365 1146 3396 nostrum
1160 3365 1194 3395 N
1198 3366 1315 3396 uncium

258 3400 435 3445 misissem'us:
456 3402 488 3432 ὃς
503 3410 534 3432 tu
546 3404 597 3432 iter
609 3403 690 3440 illud,
714 3414 746 3434 ac
768 3405 993 3443 prosecutionem
1016 3405 1197 3444 negotiorum
1217 3404 1315 3442 praedi-

256 3439 374 3486 §torum
387 3449 415 3469 iri
430 3448 457 3469 te
471 3440 665 3480 assumpsisses:
685 3443 735 3480 &,
753 3443 828 3472 circa
843 3443 995 3481 praemissa,
1014 3444 1042 3473 in
1062 3442 1153 3473 Curia
1166 3442 1315 3482 praedidia,

257 3489 275 3508 a
290 3487 398 3514 magno
411 3486 556 3518 tempore,
570 3480 726 3517 sumptibus
739 3481 856 3518 nostris,
871 3491 982 3512 moram
997 3481 1107 3511 feceris:
1126 3481 1159 3511 &
1175 3491 1244 3519 n05‚
1263 3491 1316 3511 nu-

256 3526 308 3554 per
321 3516 416 3547 audito
428 3516 463 3546 de
476 3516 598 3547 adventu
614 3526 680 3554 tu0,
700 3518 770 3549 infra
785 3518 921 3558 Regnum
939 3518 1070 3549 nostrum
1087 3542 1096 3558 ,
1114 3518 1150 3549 de
1173 3518 1249 3550 dicia
1264 3529 1316 3550 cu-

258 3554 318 3593 ria,
337 3555 461 3598 vole-ntes
475 3556 552 3593 super
576 3555 752 3593 expeditione
775 3558 957 3595 negotiorum
978 3557 1140 3588 nostrorum
1184 3557 1316 3588 raediCto-

256 3602 322 3624 rum
338 3595 497 3632 certiorari,
515 3593 631 3623 dilectos
645 3594 678 3624 &
692 3593 783 3624 fideles
796 3597 923 3635 nostros,
942 3594 1101 3634 Hugonern
1120 3595 1144 3625 le
1193 3595 1316 3636 espenser

256 3631 424 3699 Dok-ninum
449 3633 485 3662 de
507 3631 681 3671 Glamorgan
702 3631 894 3666 Camerarium
918 3632 977 3669 &c.
1007 3640 1038 3663 ut
1051 3633 1137 3673 fhpra
1156 3633 1235 3674 usque
1260 3634 1316 3665 haec

254 3680 306 3700 ver
324 3680 354 3707 a,
374 3681 436 3700 wz.

292 3708 387 3747 Qiod
399 3719 468 3749 nos,
486 3709 565 3748 super
577 3709 644 3751 hiis,
662 3718 725 3746 quae
739 3709 768 3738 iri
781 3709 862 3740 dietis
876 3711 996 3749 negotiis
1009 3709 1099 3741 fecisti
1112 3733 1122 3748 ‚
1144 3711 1179 3741 &
1201 3711 1318 3749 qualiter

258 3755 308 3786 per
321 3755 350 3791 te
364 3747 459 3778 adium
472 3757 528 3779 erat
541 3750 571 3779 in
589 3748 712 3786 endem,
729 3747 862 3778 dister
875 3748 909 3779 &
923 3748 1017 3788 aperte
1041 3758 1090 3787 per
1110 3748 1171 3778 illos
1188 3749 1315 3781 redderes

260 3793 410 3821 certiores,-

296 3822 346 3854 Tu
358 3825 458 3862 nobis,
475 3835 524 3863 per
537 3825 630 3856 dustos
642 3825 734 3856 fideles
759 3824 869 3855 nostros
885 3836 895 3861 3
912 3825 958 3856 seu
979 3825 1101 3863 eisdem,
1124 3826 1242 3856 nomine
1262 3837 1316 3857 rio-

261 3860 333 3899 stro,
349 3862 415 3892 inde
431 3864 596 3901 respondere
607 3863 737 3901 noluisti,
756 3874 809 3893 nec
823 3862 942 3901 curasti,
957 3865 1049 3894 immo
1070 3863 1162 3894 veritis
1186 3873 1316 3896 contem-

259 3899 350 3938 psisti;
368 3901 462 3939 unde,
479 3912 540 3933 non
554 3903 715 3941 immerito,
733 3902 943 3932 conturbamur.

295 3938 463 3985 Tibissigitur
475 3942 671 3980 praecipimus,
687 3941 803 3971 firmiter
821 3940 1012 3979 injungentes,
1029 3939 1110 3979 quod
1130 3962 1140 3978 ,
1157 3940 1187 3971 in
1203 3941 1317 3982 propria

261 3976 379 4020 persona
393 3977 459 4015 tua,
476 3979 508 4009 sis
522 3989 619 4010 coram
635 3980 728 4016 nobis,

300 4012 359 4044 Die
374 4014 511 4047 Mercurii
525 4017 690 4048 in‘crastino
705 4017 802 4050 SanCti
824 4015 964 4049 Nicholai
983 4016 1116 4054 proximo
1142 4016 1238 4049 futuro
1256 4016 1316 4054 ὠς.

260 4058 296 4085 ,ut
305 4052 388 4090 supra
403 4054 480 4093 usque
493 4055 550 4084 haec
563 4055 668 4095 verba,
689 4059 750 4088 viz.

303 4094 375 4123 Tam.
395 4093 443 4122 11.
462 4094 495 4123 P.
512 4095 558 4124 ΙΙ.

1350 166 1826 210 PUBLICA‚
2352 180 2403 217 91

1347 288 1352 293 ·
1373 249 1419 280 Ad
1435 250 1658 295 respondendum
1675 254 1772 292 nobis,
1792 255 1826 286 &
1839 250 2055 285 certificandum
2070 263 2123 286 nos
2144 251 2243 294 plene,
2268 251 2387 291 singilla-
2403 248 2539 283 Ann.D.''

1334 295 1400 330 tini,
1420 288 1452 318 ὃς
1466 290 1613 328 distintst‘e,
1631 292 1709 328 super
1729 292 1905 330 expeditione
1926 294 2106 331 negotiorum
2128 291 2292 322 nostrorum
2315 300 2386 329 prae*
2431 300 2515 330 1324„

1335 326 1479 355 diciorum
1498 349 1507 364 ,
1531 328 1563 357 ὃς
1585 329 1729 365 cujussibet
1747 339 1845 360 eorum
1869 331 1982 368 qualiter
2001 331 2096 362 adium
2118 331 2148 360 s1t
2172 331 2203 360 iri
2230 328 2390 366 hujusmodi
2403 331 2473 358 Edv.
2486 340 2512 356 2.

1334 363 1458 394 Nuncio
1472 365 1520 394 tibi
1536 367 1690 395 commisso
1704 365 1763 400 ὄψι.
1780 376 1859 405 prout
1867 369 1949 407 sispra
1965 367 2049 412 usque-
2060 369 2116 398 haec
2136 367 2235 406 verba,
2252 371 2314 396 viz.

1369 401 1456 432 Teste
1471 404 1574 446 meipso
1588 405 1661 447 apud
1674 404 1860 444 Ravensdale,
1879 408 2013 441 vicesimo
2032 410 2109 438 sexto
2127 407 2174 437 die
2193 405 2390 442 Novembris,

1335 439 1423 470 Anno
1436 440 1532 477 Regni
1544 442 1630 471 nostri
1646 442 1761 473 decimo
1774 444 1900 483 septimo.

1378 515 1451 553 *En
1471 516 1497 546 L
1507 526 1524 547 F.
1532 528 1548 548 c
1558 526 1580 548 τ
1589 528 1609 547 o
1626 517 1726 548 eodem
1742 519 1824 549 Brevi
1839 520 1871 550 &
1886 520 2027 561 inspedio,
2046 522 2123 566 Quia
2139 519 2276 561 Magister
2285 519 2393 559 Johan-
2411 518 2426 535 ¹¹⁶
2437 519 2538 553 1V 35-

1337 564 1386 584 nes
1400 554 1462 584 alias
1476 555 1610 587 allocutus
1621 556 1672 586 fuit
1686 557 1763 595 super
1779 557 1883 588 effeistu
1896 559 2099 599 Articulorum,
2117 571 2145 590 in
2159 560 2211 590 isto
2226 559 2387 591 Brevicon-

1337 601 1495 637 tentorum,
1511 595 1674 624 au&0ritate
1687 596 1815 633 praedisti
1830 597 1925 633 prioris
1938 597 2046 636 Brevis,
2065 601 2094 629 in
2116 599 2168 628 hac
2190 606 2267 636 parte
2289 598 2390 636 praedi—

1338 631 1388 661 (sto
1402 631 1540 670 Magistro
1552 632 1676 670 Johanni
1689 633 1751 663 alias
1763 634 1862 664 direffi
1878 657 1887 672 ‚
1910 635 1977 666 sicut
1998 637 2166 674 praedic'lum
2191 636 2232 666 est
2248 646 2255 665 ·.
2282 638 2315 667 &
2334 635 2392 666 dies

1337 669 1417 707 super
1429 670 1486 700 hoc
1502 670 1580 701 datus
1593 669 1634 700 est
1647 672 1687 708 ei,
1703 672 1737 701 ad
1753 673 1876 709 praefatas
1891 672 2012 703 octabas
2026 675 2109 705 sarmiti
2123 674 2235 705 Hillarii
2257 675 2316 705 &e
2339 684 2391 705 co-

1337 718 1398 737 ram
1414 707 1498 745 Rege
1511 709 1674 746 ubicunque
1687 710 1746 739 ἂς.
1763 710 1832 740 Ideo
1848 710 1923 740 idern
1945 711 2002 741 dies
2021 713 2100 742 datus
2119 713 2159 743 est
2181 713 2275 744 eidem
2298 712 2392 752 Magi-

1337 746 1394 777 stro
1404 747 1546 791 Johanni,
1564 747 1657 785 quoad
1668 746 1742 777 istud
1756 749 1886 779 ultimum
1902 748 2007 788 Breve,
2026 760 2121 781 coram
2136 750 2217 790 Rege
2231 752 2394 791 ubicunque

1339 788 1399 818 &c.
1419 795 1448 814 in
1462 786 1564 816 eodem
1577 784 1647 816 statu
1662 795 1721 823 quo
1736 796 1814 817 nunc
1828 787 1888 817 &c.

1376 824 1445 854 Pos
1455 832 1477 853 T
1488 834 1505 854 E
1515 834 1551 862 A,
1570 823 1603 854 ad
1619 823 1695 854 diem
1710 824 1805 863 illurn,
1822 826 1899 855 venit
1914 825 2063 862 praedictus
2078 825 2210 865 Magister
2232 828 2393 866 Johannes,

1339 872 1436 893 coram
1451 861 1548 902 Rege,
1567 861 1639 900 apud
1653 861 1813 899 Hereford,
1833 863 1882 899 &,
1908 863 2033 902 inspeetis
2055 864 2292 901 Responsionibus
2311 866 2396 904 ipsius

1336 901 1474 939 johannis
1487 901 1645 939 praedietis,
1662 900 1771 932 videtur
1786 900 1883 932 Curiae
1902 901 1981 938 quod
1997 926 2006 939 ,
2032 904 2123 939 quoad
2144 903 2259 934 Sexrum
2282 905 2393 935 Articu-

1341 941 1417 978 lum,
1455 941 1482 969 ui
1496 939 1533 969 iic
1547 939 1663 979 incipit,
1682 943 1753 969 Item
1758 939 1817 981 fiat
1832 943 1883 977 Sup
1900 939 1992 968 licati'o
2012 939 2072 974 ὠς.
2095 941 2172 979 quod
2196 943 2269 971 idem
2293 942 2392 980 Magi-

1341 977 1395 1022 ster
1404 949 1758 1022 J-ocbannesninsufficienter
1770 946 1930 1017 respondpeat
1944 1001 1953 1016 ,
1979 978 2072 1015 quoad
2094 978 2325 1010 reformationem
2345 990 2393 1018 pa-

1340 1026 1380 1046 cis
1389 1039 1398 1054 ,
1416 1027 1444 1046 in
1458 1025 1576 1054 negotiis
1587 1016 1790 1054 praedictorum
1800 1039 1809 1054 ,
1829 1015 1961 1053 Magistri
1973 1015 2094 1046 Roberti
2109 1017 2144 1046 de
2158 1016 2263 1047 Baldok
2277 1019 2309 1048 &
2318 1018 2395 1048 Wil-

1343 1055 1428 1085 lielmi
1445 1054 1480 1084 de
1495 1057 1674 1094 Ayremyne3
1692 1053 1764 1084 Ideo
1780 1054 1894 1084 dicrum
1913 1055 1954 1084 est
1977 1056 2069 1085 eidem
2091 1055 2232 1092 Magistro
2256 1055 2396 1094 Johanni,

1341 1093 1421 1160 qugd
1434 1092 1744 1161 apertit'isggeipondeat,
1761 1092 1794 1123 &
1807 1093 1950 1132 praecipue
1964 1093 2076 1132 qualiter
2088 1093 2138 1133 Jus
2153 1095 2260 1133 regium
2280 1094 2395 1124 salvatur

1342 1141 1371 1161 in
1405 1141 1438 1162 ac
1472 1139 1528 1161 arte
1577 1140 1602 1160 c.

1379 1169 1416 1201 Et
1430 1141 1506 1200 idgm
1521 1168 1657 1208 Magister
1667 1167 1809 1208 Johannes
1825 1169 1954 1208 exhibet,
1970 1169 2048 1209 super
2069 1170 2126 1201 hoc
2141 1193 2151 1209 ,
2173 1169 2314 1209 quandam
2334 1169 2395 1200 Re-

1342 1208 1518 1249 sponsionem
1530 1209 1559 1238 iri
1573 1209 1696 1247 1criptis,
1715 1210 1744 1238 in
1758 1209 1819 1239 haec
1833 1208 1936 1245 verba,

1379 1285 1549 1317 CoNcoR
1561 1295 1601 1316 DI
1613 1296 1650 1324 A,
1672 1286 1748 1317 faeta
1767 1287 1838 1316 inter
1862 1285 2067 1316 Reverendum
2096 1284 2208 1315 Patrem
2235 1285 2400 1316 Dominum

1344 1323 1536 1363 Gaillardum,
1553 1324 1611 1355 Dei
1629 1325 1733 1363 gratia,
1747 1325 1848 1356 sandiae
1863 1324 1964 1355 Luciae
1978 1326 2006 1354 iri
2021 1324 2104 1354 Silice
2118 1323 2282 1354 Diaconum
2297 1322 2399 1354 Cardi-

1341 1362 1449 1401 nalem,
1469 1373 1501 1394 ex
1515 1371 1590 1404 parte
1602 1363 1674 1401 unfi,
1692 1364 1742 1401 &,
1758 1363 1909 1394 discretum
1923 1364 2036 1401 virum,
2055 1361 2224 1402 Magistrum
2239 1361 2400 1392 Robertum

1343 1401 1380 1430 de
1395 1401 1518 1440 Baldok,
1537 1411 1570 1432 ex
1583 1401 1684 1441 altera,
1703 1402 1739 1432 de
1754 1401 1911 1432 Praebenda
1926 1401 1962 1431 de
1983 1400 2109 1438 Milton,
2135 1402 2165 1429 in
2185 1399 2310 1430 Ecclesia
2330 1399 2401 1429 Liri-

1345 1440 1477 1470 colniensi
1493 1442 1588 1479 (cujus
1599 1442 1749 1471 occasione
1763 1441 1810 1470 Lis
1823 1439 1983 1479 dependens
1995 1448 2051 1471 erat
2066 1441 2094 1469 in
2109 1437 2198 1469 Curia
2211 1437 2344 1468 Roman&⁴
2357 1439 2399 1467 in-

1345 1486 1386 1508 ter
1399 1488 1486 1515 partes
1499 1479 1667 1516 antedictas)
1684 1480 1740 1510 ralis
1754 1478 1812 1517 est,
1981 1494 1984 1498 ’

1382 1516 1526 1548 Pendente
1541 1518 1618 1547 enim
1634 1517 1680 1547 lite
1703 1518 1730 1547 in
1753 1517 1841 1548 Curia
1861 1515 1994 1548 Romana
2007 1539 2017 1554 ,
2042 1524 2072 1546 ut
2091 1515 2270 1553 praemittitur
2282 1538 2291 1553 ,
2314 1514 2404 1544 dictus

1344 1553 1482 1593 Magister
1496 1556 1639 1586 Robertus
1653 1578 1662 1592 ,
1687 1556 1722 1586 ad
1743 1556 1904 1586 faciendum
1927 1565 2026 1593 pacem
2051 1565 2102 1592 pro
2124 1564 2160 1584 eo
2181 1577 2191 1593 ,
2215 1553 2405 1585 venerabilem

1345 1603 1471 1631 patrem,
1498 1593 1664 1624 Dominum
1686 1593 1850 1632 Johannem
1873 1594 1908 1624 de
1927 1594 2062 1623 Stratford
2076 1616 2084 1630 ,
2110 1592 2168 1623 Dei
2192 1592 2279 1631 gratia
2293 1615 2304 1630 ,
2326 1601 2405 1622 nunc

1344 1631 1582 1670 Wyntoniensem
1598 1631 1790 1671 Episcopum,
1808 1641 1876 1663 tunc
1892 1630 2131 1661 Archidiaconum
2148 1631 2405 1668 Lincolniae,c0n-

1345 1669 1434 1700 stituit
1448 1669 1666 1701 Procuratorem
1681 1671 1780 1708 suum,
1796 1671 1863 1701 daris
1877 1671 1902 1700 ei
1937 1669 2085 1699 otestatem
2098 1669 2281 1700 sufficientem
2296 1668 2331 1699 ad
2340 1669 2404 1699 sub-

1346 1708 1519 1740 mittendum
1533 1710 1577 1748 se,
1595 1711 1623 1739 in
1637 1708 1798 1749 praemissis,
1815 1709 1890 1740 salvo
1906 1679 1975 1747 qure
1996 1707 2096 1745 Regio
2108 1730 2118 1746 ,
2141 1707 2322 1738 Ordinationi
2339 1707 2406 1738 Do-

1347 1749 1418 1777 mini
1432 1747 1516 1787 Papce
1526 1772 1535 1787 ,
1553 1748 1598 1779 vel
1614 1748 1723 1778 alterius
1738 1748 1772 1778 ad
1787 1748 1844 1778 hoc
1859 1746 2009 1787 deputandi
2043 1756 2073 1776 ei·
2090 1746 2226 1776 eundem:

1382 1786 1442 1824 Qui
1456 1787 1572 1825 quidem
1585 1785 1744 1825 Johannes,
1761 1795 1838 1817 nunc
1852 1785 2004 1827 Episcopus
2064 1785 2248 1825 yntoniensis,
2266 1793 2336 1815 tunc
2350 1784 2404 1815 Ar-

1345 1824 1528 1856 chidiaconus
1545 1825 1721 1862 Lincolniae,
1739 1825 1890 1864 praedictus
1925 1824 2020 1856 videns
2035 1823 2060 1854 fit
2074 1833 2134 1854 non
2147 1823 2226 1861 posse
2246 1823 2301 1853 alio
2316 1822 2406 1853 modo

1347 1873 1447 1900 pacem
1463 1865 1554 1895 facere
1577 1863 1656 1903 poffe
1671 1886 1681 1902 ,
1704 1863 1828 1894 submisit
1851 1848 1963 1894 dicium
1983 1861 2155 1901 Magistrum
2175 1862 2354 1899 Robertum,
2372 1861 2407 1892 δε

1345 1904 1354 1933 i
1375 1902 1452 1942 sum,
1471 1903 1590 1933 nomine
1605 1901 1654 1932 suo
1691 1902 1721 1931 in
1737 1901 1897 1940 praemiffis,
1918 1901 2118 1939 Ordinationi,
2135 1900 2297 1931 venerabilis
2309 1899 2410 1938 Patris,

1380 1942 1470 1972 omini
1485 1941 1645 1979 Berttandi,
1697 1941 1722 1970 ei
1736 1940 1838 1980 gratia,
1858 1940 1962 1971 sanctae
1978 1939 2080 1969 Mariae
2100 1941 2130 1969 in
2149 1939 2260 1977 Aquiro
2277 1938 2406 1969 Diaconi

1349 1979 1503 2010 Cardinalis
1521 1983 1624 2019 (quem
1644 1979 1679 2010 ad
1701 1979 1759 2009 hoc
1780 1979 1959 2017 deputaverat
1980 1977 2127 2008 Dominus
2145 1976 2220 2015 Papa
2240 1977 2407 2014 praediCtus)

1345 2019 1394 2049 sub
1408 2019 1489 2048 certis
1504 2019 1612 2056 poenis,
1630 2027 1679 2057 per
1692 2017 1816 2048 eundem
1831 2017 1995 2048 Dominum
2016 2016 2201 2047 Bertrandum
2224 2014 2406 2046 Cardinalem

1346 2057 1509 2088 statuendis:
1526 2057 1559 2086 &
1581 2057 1639 2086 hoc
1660 2056 1737 2085 idem
1757 2056 1849 2094 fecit,
1869 2065 1922 2095 pro
1947 2063 2024 2094 parte
2044 2054 2091 2085 sua
2105 2076 2115 2093 ,
2138 2054 2229 2085 dietus
2258 2052 2407 2084 Dominus

1347 2090 1502 2133 Gaylardus
1515 2093 1676 2124 Cardinalis.

1387 2134 1442 2171 Et,
1460 2134 1524 2172 quia
1539 2133 1631 2164 adhuc
1645 2142 1703 2163 non
1718 2132 1809 2164 fuisset
1830 2133 1902 2164 faeta
1922 2132 2086 2165 Concordia
2101 2155 2110 2170 ,
2136 2142 2186 2170 per
2209 2132 2285 2162 viam
2306 2131 2407 2168 talem,

1349 2173 1399 2203 nisi
1410 2172 1499 2203 dic'lus
1511 2171 1654 2209 Johannes
1664 2195 1674 2211 ,
1692 2182 1768 2202 nunc
1782 2171 1936 2213 Episcopus
1952 2172 2166 2211 Wyntoniensis
2180 2194 2190 2209 ,
2212 2179 2283 2201 tunc
2305 2169 2409 2200 Archi-

1348 2211 1485 2242 diaconus
1501 2211 1676 2248 Lincolniae,
1694 2211 1720 2240 se
1733 2211 1879 2249 obligasset
1891 2211 1925 2241 ad
1942 2220 2077 2249 poenam,
2102 2209 2180 2249 quod
2201 2208 2292 2239 dhstus
2313 2207 2411 2247 Magi-

1350 2250 1405 2280 ster
1422 2250 1568 2280 Robertus
1584 2257 1675 2279 ratum
1689 2249 1802 2279 haberet
1816 2249 1892 2288 quod
1909 2249 1985 2280 fieret
2000 2250 2029 2279 in
2044 2249 2097 2279 hac
2116 2256 2194 2288 parte
2208 2270 2218 2286 ,
2243 2246 2342 2278 volens
2365 2247 2410 2278 di-

1351 2289 1413 2319 <stus
1423 2289 1581 2327 Johannes,
1597 2297 1673 2318 nunc
1687 2287 1842 2327 Episcopus
1854 2288 2085 2328 Wyntoniensis,
2100 2295 2169 2317 tunc
2187 2284 2412 2317 Archidiaconus

1351 2328 1527 2365 Lincolniae,
1545 2326 1734 2357 commodum
1747 2327 1780 2358 &
1797 2327 1937 2357 honorem
1951 2326 2021 2356 dieti
2036 2325 2165 2364 Magistri
2177 2324 2413 2362 Roberttquate-

1351 2367 1403 2396 ntis
1418 2366 1446 2395 in
1461 2376 1496 2396 eo
1510 2366 1581 2404 fuit,
1607 2364 1771 2395 conservare
1789 2366 1822 2396 &
1834 2373 2034 2402 augmentare,
2049 2364 2184 2403 obligavit
2196 2363 2240 2401 se,
2261 2362 2309 2393 sub
2329 2361 2417 2401 poeni'i

1352 2404 1489 2435 Duorum
1505 2403 1622 2434 Milium
1638 2402 1804 2434 Marcarum
1816 2403 2034 2443 Sterlingorum‚
2050 2412 2102 2439 pro
2116 2400 2235 2432 eodem:

1390 2443 1505 2481 Qiibus
1518 2442 1556 2473 fic
1571 2441 1660 2480 paffis
1673 2464 1682 2479 ,
1699 2442 1791 2472 didius
1811 2441 1958 2472 Dominus
1979 2440 2144 2471 Bertrandus
2169 2439 2325 2470 Cardinalis
2341 2439 2416 2470 Sub-

1353 2482 1515 2512 miffionem
1530 2480 1688 2518 hujusmodi
1701 2481 1729 2510 in
1744 2481 1770 2510 se
1783 2481 1903 2518 recepit,
1930 2480 1963 2511 &
1987 2479 2094 2510 Pacem
2117 2477 2283 2516 ordinavit,
2309 2478 2339 2508 in
2360 2477 2416 2516 qua.

1353 2521 1439 2551 multa
1454 2520 1651 2557 continentur,
1671 2527 1755 2556 prout
1777 2518 1861 2557 plene
1882 2526 1992 2558 apparet
2015 2527 2062 2556 per
2081 2517 2224 2555 quoddam
2241 2515 2416 2547 Instrumen-

1352 2567 1414 2589 tum
1427 2558 1579 2588 Publicum
1589 2581 1598 2596 ,
1614 2557 1692 2596 super
1708 2557 1870 2596 hujusmodi
1885 2556 2077 2587 Submissione
2089 2557 2122 2586 &
2139 2555 2328 2586 ordinatione
2342 2564 2416 2585 con-

1353 2597 1479 2627 fedffim:
1501 2596 1578 2633 quod
1594 2596 1709 2633 quidem
1724 2596 1940 2626 instrumentum
1967 2595 2008 2625 est
2029 2594 2189 2625 Londoniae
2203 2617 2213 2632 ,
2238 2594 2268 2623 in
2288 2592 2416 2624 custodia

1355 2635 1479 2665 Domini
1495 2634 1627 2674 Episcopi
1642 2635 1808 2672 memorati,
1824 2636 1878 2664 una
1891 2644 1959 2664 cum
1981 2633 2065 2671 copia
2085 2632 2273 2663 Procuratorii
2295 2631 2416 2670 supradi-

1354 2674 1407 2704 ἃί·
1426 2674 1525 2713 quibus
1540 2673 1681 2711 inspeCffl,
1699 2674 1813 2703 notorie
1828 2672 1998 2711 apparetJus
2013 2672 2141 2716 Regium
2156 2671 2261 2701 salvum
2274 2669 2338 2700 effe.

1419 2722 1446 2750 t,
1463 2713 1482 2742 fi
1498 2711 1621 2749 dicatur,
1640 2711 1751 2742 dietum
1760 2710 1943 2750 johannem,
1962 2720 2040 2741 nunc
2053 2709 2225 2748 Episcopum
2239 2731 2250 2747 ,
2267 2715 2336 2739 tunc
2359 2708 2415 2740 Ar-

1355 2751 1574 2788 chidiaconum,
1591 2750 1692 2788 aliquid
1708 2759 1824 2790 praeter,
1842 2750 1886 2780 vel
1902 2758 2015 2787 contra,
2036 2747 2200 2778 mandatum
2213 2747 2292 2777 suum
2314 2747 2416 2787 praedi-

1356 2791 1437 2820 ctum
1452 2788 1564 2826 feciffe,
1582 2789 1658 2828 quod
1674 2799 1735 2818 non
1757 2789 1868 2826 credit,
1893 2788 1953 2818 hoc
1977 2788 2085 2817 nemini
2105 2785 2277 2826 praejudicari
2295 2787 2418 2824 poterit,

1355 2829 1406 2859 nisi
1420 2827 1518 2895 Γὼίἰῐῗὶίῐ
1528 2851 1537 2865 ,
1551 2828 1736 2895 sigutparatus
1751 2826 1791 2857 est
1805 2826 1953 2857 ostendere
1967 2825 2194 2865 quandocunque
2208 2824 2340 2864 placuerit
2350 2824 2418 2855 Do-

1355 2877 1436 2897 mino
1450 2876 1490 2896 no
1517 2875 1548 2895 ro
1625 2875 1642 2894 i.

1394 2904 1466 2935 Ιτε
1477 2912 1522 2941 M,
1539 2874 1712 2940 coneffordia,
1731 2903 1812 2934 simili
1835 2902 1925 2934 modo
1943 2902 2016 2942 quasi
2029 2925 2040 2942 ,
2064 2902 2138 2933 faeta
2159 2901 2200 2933 est
2221 2903 2292 2932 inter
2312 2900 2420 2932 Domi-

1356 2944 1466 2973 minum
1480 2942 1673 2971 Willielmum
1686 2941 1722 2971 de
1736 2941 1919 2982 Ayremynn,
1937 2951 1971 2972 ex
1995 2949 2073 2979 parte
2094 2940 2151 2971 una
2168 2963 2178 2979 ,
2199 2941 2232 2972 δε
2253 2940 2416 2970 Dominum

1353 2982 1517 3051 ¹hohannem
1530 2980 1566 3010 de
1578 2979 1671 3010 Podio
1685 2979 1814 3019 Bersato,
1833 2989 1866 3010 ex
1878 2980 1978 3018 altera,
1992 2980 2029 3010 de
2042 2979 2200 3010 Praebenda
2213 2979 2248 3009 de
2263 2978 2414 3018 Leyghton

1383 3019 1456 3050 usard
1473 3020 1502 3048 iii
1515 3018 1641 3049 Ecclesia
1668 3016 1828 3049 Lincolnize
1853 3030 1863 3057 ς
1887 3027 1971 3056 prout
1992 3018 2077 3056 plene
2099 3027 2229 3056 apparere
2250 3018 2351 3054 poterit
2367 3025 2417 3056 pei·

1357 3057 1502 3096 quoddam
1520 3057 1743 3087 instrumentum
1756 3057 1903 3095 publicum
1919 3080 1931 3096 ,
1956 3057 2073 3088 existens
2094 3058 2125 3086 in
2146 3054 2274 3087 custodia
2290 3053 2417 3085 Domini

1355 3096 1507 3127 Willielmi
1521 3095 1556 3126 de
1569 3095 1734 3135 Ayremynn
1746 3095 1903 3134 supradiffl.

1392 3173 1425 3204 D
1438 3183 1449 3203 1
1461 3182 1479 3203 E
1489 3182 1501 3203 s
1520 3172 1597 3203 datus
1610 3171 1651 3202 est
1665 3173 1708 3210 ei,
1727 3182 1827 3203 coram
1842 3172 1942 3213 Rege,
1957 3174 1987 3203 in
2001 3172 2120 3203 Oestabis
2134 3170 2340 3201 Purificationis
2353 3169 2418 3200 bea-

1357 3220 1395 3244 tae
1410 3211 1531 3250 Mariae,
1556 3219 1608 3250 ut,
1626 3211 1662 3242 de
1677 3212 1723 3242 die
1737 3213 1767 3242 in
1783 3211 1858 3243 diem
1868 3235 1878 3251 ,
1897 3213 1930 3243 &
1949 3220 2018 3242 tunc
2031 3210 2193 3250 respondeat
2207 3209 2313 3249 plenius
2325 3208 2386 3239 ὅτε.

1394 3289 1452 3321 AD
1472 3297 1585 3327 QUEM
1605 3298 1626 3318 D
1636 3298 1646 3318 1
1656 3298 1674 3319 i:
1685 3297 1713 3319 Μ
1728 3288 1881 3326 praedictus
1896 3287 2032 3327 Magister
2041 3287 2187 3326 Johannes
2200 3284 2414 3324 venit3EtDo-

1356 3329 1448 3360 minus
1474 3327 1539 3358 Rex
1560 3327 1703 3359 mandavit
1721 3326 1885 3365 justiciariis
1905 3327 1957 3357 suis
1978 3326 2025 3357 hic
2049 3325 2138 3357 Breve
2164 3325 2244 3357 suum
2259 3347 2269 3363 ,
2298 3325 2327 3353 in
2351 3323 2415 3353 haec

1355 3367 1565 3443 veffdivardus,
1584 3403 1642 3435 Dei
1657 3403 1758 3443 gratis,
1784 3404 1848 3434 Rex
1869 3403 1980 3443 Angliae
1995 3427 2005 3441 ‚
2027 3402 2176 3433 Dominus
2194 3399 2342 3444 Hiberniae
2356 3421 2366 3437 ,
2384 3398 2418 3429 &

1356 3444 1426 3475 Dux
1442 3444 1615 3489 Aquitaniae,
1634 3442 1743 3473 dileffis
1755 3443 1787 3473 &
1802 3442 1927 3472 fidelibus
1941 3442 2011 3480 suis,
2026 3441 2157 3471 Henrico
2175 3439 2210 3469 de
2228 3438 2245 3456 ³*
2261 3438 2418 3475 braunton,

1338 3495 1341 3497 ·
1357 3484 1391 3514 &
1405 3482 1485 3513 sociis
1497 3482 1565 3520 suis,
1579 3480 1742 3519 Justiciariis
1758 3480 1879 3519 nostris,
1896 3480 1930 3511 ad
1954 3480 2052 3519 placita
2073 3488 2172 3509 coram
2192 3475 2274 3507 nobis
2298 3476 2417 3507 tenenda

1356 3521 1403 3552 affi
1424 3522 1511 3557 natis,
1529 3520 1661 3550 Salutem.

1437 3558 1600 3590 andavirnus
1610 3557 1710 3595 vobis,
1729 3556 1809 3595 quod
1820 3556 1916 3586 omnia
1929 3557 2059 3594 negotia,
2077 3563 2129 3583 nos
2145 3553 2300 3592 tangentia,
2324 3552 2418 3583 versus

1358 3597 1531 3637 Magistrum
1542 3596 1702 3634 Johannem
1717 3594 1752 3625 de
1766 3594 1924 3630 Stratford,
1943 3603 2038 3623 coram
2055 3592 2136 3622 nobis
2157 3591 2357 3628 dependentia,
2377 3599 2419 3621 at-

1356 3636 1508 3666 terminetis
1521 3635 1556 3665 ad
1570 3635 1732 3672 proximum
1746 3632 1964 3663 parliamentum
1978 3630 2122 3668 nostrum,
2143 3630 2156 3659 a
2171 3629 2218 3659 die
2242 3628 2420 3659 Purificatio-

1357 3675 1400 3704 nis
1412 3676 1502 3705 beatae
1518 3673 1618 3703 Mariae
1634 3672 1774 3710 Virginis,
1791 3671 1924 3710 proximo
1936 3670 2049 3706 futuro,
2080 3669 2109 3697 in
2130 3667 2202 3698 Tres
2224 3667 2398 3707 septimanas
2410 3691 2420 3706 ,

1356 3713 1430 3749 apud
1442 3710 1727 3743 westmonasterium
1742 3716 1935 3738 convocatum
1949 3719 1959 3745 3
1979 3709 1987 3736 i
2008 3707 2068 3737 sum
2077 3705 2238 3744 Johannem
2254 3706 2288 3736 ad
2306 3706 2420 3737 dietum

1358 3751 1576 3781 Parliamentum
1590 3748 1779 3785 adjornantes,
1796 3745 1876 3785 qubd
1891 3754 1961 3775 tunc
1987 3754 2008 3775 it
2021 3745 2062 3775 ibi
2078 3745 2217 3782 faciturus,
2241 3745 2275 3776 &
2288 3753 2417 3783 receptu-

1358 3800 1403 3820 rus
1417 3788 1493 3827 quod
1509 3789 1536 3817 in
1552 3786 1654 3816 eodem
1668 3785 1855 3815 Parliamento
1870 3783 2078 3814 consideratum
2093 3783 2175 3813 fuerit
2196 3784 2226 3812 in
2247 3782 2401 3820 praerniffis.

1394 3827 1483 3857 Teste
1502 3824 1608 3862 meipso
1629 3822 1703 3860 apud
1720 3822 1909 3862 Wygorniam
1924 3845 1934 3860 ,
1957 3821 2073 3852 decimo
2093 3821 2194 3861 quinto
2215 3820 2260 3852 die
2275 3821 2418 3861 Januarii,

1358 3865 1446 3896 Anno
1459 3863 1556 3903 Regni
1570 3861 1659 3892 nostri
1670 3861 1786 3891 decimo
1798 3860 1925 3900 septimo.

1397 3940 1467 3972 IDE
1476 3941 1498 3970 ὸ
1515 3939 1593 3970 datus
1610 3936 1651 3968 est
1664 3938 1690 3967 ei
1702 3936 1760 3968 dies
1791 3935 1825 3966 ad
1838 3936 1998 3973 proximum
2009 3935 2225 3968 Parliamentum
2232 3935 2331 3977 Revis,
2344 3935 2418 3975 apud

1359 3977 1667 4014 Westmonasterium,
1683 3975 1700 4005 a
1712 3975 1757 4005 die
1767 3959 1970 4005 ²Purificationis
1983 3975 2073 4007 bentae
2089 3974 2191 4007 Mariae
2214 3977 2244 4007 in
2257 3962 2332 4009 ‘fies
2345 3976 2415 4012 Sep-

1357 4019 1474 4052 timarias
1499 4016 1560 4049 &c.
1588 4015 1729 4053 facturus,
1745 4014 1779 4046 &
1791 4021 1952 4052 recepturus
1968 4013 2029 4046 διε.

1835 4088 1910 4122 Ma
2373 4088 2419 4117 De

2435 3452 2562 3490 *1v.36‚
