2562 4279
167 169 219 209 54

19 239 95 271 Ann.
109 238 149 270 D.
163 242 260 271 hannis
281 240 317 270 de
340 238 472 269 Godeiee
485 261 494 275 ,
519 236 669 267 VVellenfis
692 235 826 266 Ecclesiae
847 235 976 274 Decani‚
993 237 1027 267 δε
1042 246 1132 274 nuper
1143 236 1221 266 Exo-

46 288 129 318 1330.
163 280 261 309 niensis
274 278 406 308 Ecclesiae
422 277 531 313 mesti,
549 276 687 314 vergentis
701 274 735 304 ad
751 274 867 305 Senium
877 299 887 312 ,
905 282 1007 312 quanta
1021 275 1117 306 fecerit
1138 276 1220 313 ipsius

18 316 84 345 Edi.
104 328 129 354 3-
162 317 293 348 industria
310 341 318 353 ,
342 315 481 345 Ecclesiiis
497 337 506 352 ,
529 314 559 342 in
583 313 683 351 quibus
702 313 835 343 haetenus
855 313 1034 355 conversatus
1047 313 1105 352 est,
1124 314 1220 351 Opera

164 356 312 386 Meritoria
325 355 426 383 merito
442 352 626 389 ponderantes
635 374 643 389 ‚
657 351 884 390 conditionisque
898 353 980 389 ipsius
994 361 1220 390 corporeaecon-

165 396 276 424 tinuum
290 392 506 421 decrementum
517 391 671 427 intuentes,
910 426 914 433 .

200 431 335 461 Domino
357 429 482 459 Summo
504 427 638 458 Pontifici
653 451 662 467 ‚
685 438 738 466 pro
760 426 840 466 ipfius
854 428 978 467 Qiiete,
997 430 1031 460 &
1044 428 1152 461 Solatio
1170 430 1220 461 Se-

162 470 298 507 nectutis,
318 468 420 497 Preces
434 465 540 497 nostras
554 467 709 505 optulimus
720 466 849 505 speciales
863 490 872 505 ,
898 475 927 497 ut
941 468 977 497 ab
993 467 1119 499 Ecclesia
1132 469 1220 499 Wel—

160 508 227 538 iensi
237 533 245 546 ,
265 508 292 536 in
310 506 363 544 qzri
378 505 494 535 residere
509 514 635 543 tenetur,
654 505 792 536 continue
807 515 859 542 pro
872 513 1020 544 tempore,
1039 517 1098 544 quo
1112 506 1162 538 sibi
1176 509 1220 538 vi-

159 547 231 576 derit
253 545 380 581 expedire
394 569 403 581 ,
426 544 459 574 ad
483 544 535 574 alia
555 544 618 574 loca
632 543 855 581 Beneficiorum,
873 545 975 581 quibus
987 545 1102 583 praeest,
1119 545 1165 577 seu
1181 545 1216 576 ad

157 586 221 615 loca
236 584 402 614 patrimonii
416 583 450 613 &
464 581 607 621 Originis,
626 592 741 620 propter
754 582 987 613 convenientiam
1004 585 1072 614 aeris
1090 583 1219 615 Natura-

158 625 205 660 lis,
224 623 250 653 se
265 622 403 652 divertere
418 621 501 659 possit
515 622 547 651 ὃ(
565 622 669 652 morari
681 645 691 660 ,
711 630 794 659 prout
808 620 983 659 decreverit,
999 632 1050 659 pro
1066 623 1215 653 conserva-

157 663 236 692 tione
257 663 310 691 [απ
335 660 479 698 Sanitatis3
505 662 538 690 δε
554 660 776 690 Distributiones
797 660 830 690 ἃ
845 659 894 689 alia
909 659 1113 690 Emolumenta
1126 663 1215 699 perci-

158 709 239 738 pere,
258 709 290 730 ac
305 700 324 729 si
346 700 374 728 in
394 698 496 729 eadem
510 698 648 729 XVellensi
660 697 786 728 Ecclesia
798 697 975 736 personaliter
990 698 1132 738 resideret,
1151 699 1216 738 qui-

154 739 332 775 buscumque
347 736 576 775 Consuetudine,
592 736 817 774 Constitutione,
837 736 952 775 Statuo,
970 738 1015 768 seu
1027 736 1214 777 Juramento,

155 787 215 807 non
231 777 422 815 obstintibus,

194 814 323 846 Vestram
342 816 435 853 itaque
461 814 661 845 Paternitatem
682 813 874 853 praedilefflim
893 815 1061 851 requirimus
1081 815 1115 845 ὃς
1134 824 1215 855 roga-

155 863 234 892 muS,
253 855 395 892 quatinus,
414 850 559 891 praemissis
573 853 618 891 pia
631 853 855 884 consideratione
870 852 1030 889 ponderatis
1044 876 1053 890 ‚
1072 863 1156 891 penes
1170 854 1214 884 di-

154 893 236 923 &um
262 892 427 923 Dominum
454 892 609 923 Summum
638 891 810 922 Pontificem
827 914 836 928 ,
861 901 915 928 pro
934 890 1035 921 Gratia
1054 891 1214 930 hujusmodi

156 931 371 970 consequenda,
390 940 478 969 partes
491 930 594 962 vestras
609 932 786 968 interponere
799 929 905 968 velitis,
923 928 1040 967 nostris,
1058 930 1077 959 si
1092 931 1217 970 placeat,

153 970 358 1002 interventibus
366 993 376 1008 ,
392 968 529 1000 efficaces.

189 1047 261 1079 Dat.
279 1047 353 1086 apud
367 1046 677 1086 xxsestmoiiasterium,
694 1046 810 1079 decimo
824 1048 908 1079 tertio
925 1045 970 1078 die
987 1047 1166 1078 Decembris.

150 1175 211 1212 'Ad
226 1182 341 1225 Papmn
355 1205 364 1222 ,
404 1189 474 1224 uper
491 1177 690 1212 Novitatibus
710 1182 746 1217 0'-
765 1177 1014 1224 Usitrparionibus
1039 1181 1132 1211 Curiis
1151 1181 1212 1212 Ro-

411 1239 502 1260 mana:
515 1239 569 1274 pcr
589 1231 712 1261 Petrum
731 1227 933 1261 Cardinalem.

0 1309 76 1339 Nm·
88 1307 126 1338 D·
209 1315 234 1345 A
243 1313 266 1345 P
278 1313 318 1345 AE
347 1314 411 1345 Rex
425 1313 528 1345 devota
541 1312 650 1343 Pedum
666 1313 759 1343 oscula
773 1313 932 1342 beatorum.

22 1358 35 1377 1
44 1359 55 1387 ζ
64 1358 106 1387 30-
240 1353 323 1384 Dum
337 1354 366 1383 in
380 1354 465 1383 rests:
480 1351 709 1382 considerationis
721 1352 850 1380 examine
865 1361 918 1381 nos
927 1360 977 1390 ,ex
991 1351 1089 1383 debito
1102 1352 1210 1392 suscep-

0 1392 52 1414 Aa.
69 1400 98 1423 4-
151 1393 171 1421 ti
192 1392 288 1431 Regni
309 1391 396 1422 nostri
419 1390 622 1421 Giibeinaculo
639 1413 648 1427 ,
666 1390 699 1419 ad
716 1388 921 1419 Defensionem
939 1393 1082 1429 praecipue
1095 1392 1208 1431 Jurium

0 1430 29 1453 L
54 1436 78 1463 3-
150 1431 183 1461 &
194 1430 448 1467 praerogativarum
455 1429 607 1466 Regalium
623 1428 811 1465 conspicimus
823 1428 966 1465 obligatos
974 1454 983 1467 ,
994 1429 1124 1467 Dignum
1133 1455 1141 1470 ,
1155 1433 1210 1462 im-

0 1470 70 1491 norn.
86 1476 113 1500 4.
153 1472 206 1499 mo
222 1470 328 1507 verius,
348 1469 489 1498 Debitum
503 1476 681 1505 reputamuS,
699 1466 776 1497 dieta
787 1467 854 1505 Jura
868 1467 1028 1506 deprimere
1042 1472 1209 1502 conantibus

0 1507 28 1530 Ε·
49 1513 73 1540 3·
97 1514 134 1532 m·
150 1510 202 1539 viis
217 1508 296 1538 licitis
308 1508 431 1537 obviare.

4 1550 25 1569 ¹·
189 1547 261 1577 Sane
276 1547 340 1576 licet
355 1545 483 1575 Donatio
497 1543 677 1581 Dignitatum
687 1569 695 1582 ,
715 1543 935 1574 Praebendarum
950 1567 960 1583 ,
978 1546 1011 1576 δε
1024 1545 1141 1578 aliorum
1157 1548 1209 1579 Be-

149 1585 315 1615 neficiorum
330 1583 608 1621 Ecclesiasticorum,
627 1592 879 1621 quorumcumque
892 1608 902 1621 ,
921 1584 954 1614 &
969 1585 1144 1624 ubicumque
1158 1598 1207 1618 va-

148 1633 275 1656 cavesllst

187 1664 265 1701 Qiae
278 1647 293 1701 ,⁵
313 1661 384 1693 Sede
407 1660 504 1699 pleni,
519 1660 554 1690 ad
570 1659 781 1698 Collationem,
800 1659 1062 1699 Praesentationem,
1079 1663 1125 1694 seu
1140 1663 1208 1695 Dis-

189 1702 318 1732 sitionem
339 1701 420 1730 aliam
444 1700 752 1737 Archiepiscoporum,
778 1698 983 1736 Episcoporum
999 1724 1007 1738 ,
1033 1702 1066 1732 ὅ(
1086 1703 1207 1734 aliorum

146 1711 350 1778 ffiaelatorum
369 1738 558 1769 Eccleiiarum
573 1737 801 1774 Carbedralium,
820 1738 853 1767 δε
868 1737 1112 1771 Monasteriorum
1128 1741 1208 1781 Reg-

147 1782 178 1810 ni
192 1779 281 1810 nostri
298 1780 436 1817 (quorum
451 1777 635 1815 Temporalia
649 1776 684 1806 de
698 1775 781 1806 nobis
796 1785 928 1807 tenentur
942 1778 971 1807 in
991 1776 1105 1817 Capite)
1121 1782 1207 1818 perti-

147 1825 244 1849 nerent

186 1843 261 1895 Ipsis'
273 1856 403 1888 Ecclesiis
418 1880 427 1896 ,
449 1856 493 1888 vel
511 1853 711 1894 Monastcriis‚
729 1855 908 1894 vacantibus,
927 1856 961 1887 &
976 1855 1096 1894 ipsarum
1111 1857 1205 1889 Tern-

145 1895 287 1934 poralibus
300 1898 329 1926 in
346 1906 432 1926 manu
445 1895 540 1926 nostra
556 1895 737 1926 existentibus
752 1917 762 1932 ,
786 1894 821 1924 ad
841 1904 893 1924 nos
907 1917 917 1933 ,
932 1895 965 1925 ὃς
979 1905 1038 1925 non
1052 1896 1086 1925 ad
1100 1897 1185 1927 alium
1195 1921 1205 1937 ,

145 1935 183 1965 de
205 1934 309 1964 Nobili
332 1934 524 1973 Praerogativa
545 1935 578 1965 ὃς
596 1934 662 1973 Jure
682 1933 812 1965 Coronae
830 1932 938 1965 nostrae
951 1958 962 1972 ‚
986 1936 1102 1966 notorie
1116 1938 1201 1975 perti-

145 1981 244 2011 neant,
263 1974 297 2004 &
311 1975 393 2003 etiam
407 1974 592 2011 pertinuerint
604 1973 641 2003 ab
655 1974 788 2011 antiquo,

148 2013 150 2015 ’
182 2011 361 2048 Fueruntqiie
375 2010 574 2048 progenitores
586 2010 692 2050 nostri,
711 2011 808 2041 Renes
825 2010 935 2052 Angliae
950 2038 959 2052 ,
977 2022 994 2045 a
1006 2018 1137 2055 tempore
1152 2025 1204 2049 cu-

140 2050 184 2087 jus
201 2050 335 2080 contrarii
350 2049 488 2078 memoria
502 2058 567 2092 pon
590 2049 698 2087 existit,
717 2035 851 2088 δεῗκῖοε,
869 2054 935 2082 totis
949 2054 1052 2085 nostris
1066 2058 1205 2094 tempori-

144 2090 212 2126 bus,
229 2089 258 2118 in
281 2087 364 2126 plena
384 2088 417 2118 &
434 2087 552 2126 pacinca
564 2087 759 2127 Poffeffione,
778 2089 823 2119 vel
836 2090 910 2126 quasi
942 2092 996 2122 uris
1011 2092 1045 2122 &
1060 2094 1206 2134 Piaeroga-

141 2127 208 2158 tivae
231 2126 434 2165 praedit‘torum
450 2150 460 2166 ‚
484 2126 634 2158 scientibus
648 2151 658 2165 ,
683 2126 810 2158 Summis
824 2126 889 2158 Pon
905 2129 910 2134 '
933 2129 1030 2170 cibus,
1048 2133 1096 2170 qui
1110 2143 1161 2164 vos
1173 2135 1204 2165 in

141 2165 294 2196 'eminentia
308 2165 488 2196 Celsitudinis
502 2164 680 2203 Apostolicae
694 2166 903 2204 praecefferunt.

180 2205 349 2235 Vacantibus
369 2212 464 2235 tamen
484 2204 595 2235 dudum
610 2227 619 2242 ‚
644 2204 700 2235 una
721 2206 786 2236 vice
798 2229 808 2243 ,
826 2206 884 2235 tam
899 2206 1024 2240 Ecclesia
1041 2208 1203 2244 Cathedrali

137 2243 270 2275 Eborum
286 2268 296 2283 ,
319 2254 368 2282 pei·
391 2252 515 2275 mortem
529 2268 538 2282 ,
562 2244 650 2274 bonae
673 2244 842 2281 memorie,
859 2243 985 2275 Domini
1000 2246 1028 2283 J.
1048 2248 1204 2289 Rornayn,

140 2283 249 2314 dudum
264 2283 395 2314 Eborum
411 2282 625 2321 Archiepiscopi
637 2305 648 2321 ,
664 2282 752 2320 quarn
766 2282 951 2314 Thesauraria
971 2284 1058 2316 distat
1073 2286 1204 2320 Eborum

139 2321 291 2361 Ecclesiae,
306 2332 354 2360 per
370 2321 563 2352 Privationem
579 2320 703 2365 Domini
713 2320 851 2360 Johannis
864 2321 900 2353 de
915 2321 1099 2365 Columpna,

179 2362 197 2380 ‘⁴¹‘
219 2361 318 2392 Felicis
337 2360 538 2391 recordationis
554 2384 563 2398 ‚
588 2359 735 2391 Dominus
754 2359 923 2392 Bonefacius
968 2361 1043 2400 Papa
1056 2365 1203 2405 O&avus‚

140 2398 331 2430 Pi-aedeceffor
350 2399 438 2431 vester
455 2423 464 2438 ‚
488 2398 573 2436 ipsam
588 2398 802 2429 Thesaurariam
821 2399 868 2436 (de
885 2384 974 2430 Facio
989 2410 1113 2442 tantum,
1132 2406 1203 2436 cum

104 2447 108 2449 ·
141 2438 177 2468 de
188 2439 255 2475 Jure
268 2449 325 2469 non
342 2439 445 2477 potuit)
462 2437 584 2468 contulit
598 2436 735 2467 Domino
752 2437 899 2469 Francisco
915 2438 1054 2480 Gaytani‚

179 2477 228 2507 Set
244 2477 321 2508 Avus
334 2477 447 2515 noster,
467 2476 617 2506 Dominus
627 2474 662 2505 E.
678 2484 746 2506 tunc
762 2476 808 2505 An
829 2476 873 2507 liae
888 2477 953 2508 Rex
969 2478 1092 2519 illustris,
1112 2482 1197 2519 ipsam

140 2516 370 2555 Tliesaurariam,
388 2515 506 2546 Clerico
520 2514 587 2552 suo,
603 2513 737 2544 Domino
752 2513 812 2557 wa
825 2523 886 2545 tero
908 2516 944 2547 de
963 2516 1135 2558 Gedewynd
1149 2522 1203 2552 do-

141 2556 235 2593 navit,
254 2564 339 2593 prout
353 2554 387 2586 ad
404 2554 495 2591 ipsum
509 2576 519 2591 ,
542 2554 650 2585 ratione
666 2552 828 2584 Vacationis
843 2553 1110 2596 Archiepiscopatus
1131 2570 1203 2598 prae-

141 2593 228 2631 dieti,
247 2595 380 2631 pertinuit
395 2592 443 2623 iila
458 2594 538 2629 vice,

179 2631 237 2662 Pro
259 2632 314 2670 qua
331 2631 496 2662 Donatione
512 2629 627 2668 Regia,
643 2630 750 2661 servato
772 2630 908 2663 Processu
925 2633 1054 2672 legitimo
1070 2659 1079 2675 ,
1097 2638 1145 2674 qui
1160 2648 1204 2668 re-

142 2672 259 2707 quiritur
281 2672 308 2701 jn
331 2670 384 2700 hac
406 2678 497 2707 pai-te,
513 2667 659 2711 judicium
674 2669 834 2708 redditum,
852 2671 885 2701 &
899 2671 1060 2704 Diffinitiva
1081 2675 1133 2705 fuit
1149 2676 1202 2707 lata

141 2709 283 2739 Sententia
300 2734 309 2747 ,
335 2710 363 2738 in
378 2707 465 2738 Curii
482 2706 588 2745 Regia,
607 2708 635 2737 in
649 2707 861 2751 qualdumtaxat
873 2709 940 2747 Jura
955 2711 988 2742 &
1002 2711 1203 2751 Praerogativae

143 2746 234 2783 Regis
248 2747 407 2785 hujusmodi
420 2747 541 2783 debent,
559 2746 591 2776 δε
607 2755 665 2775 non
680 2746 745 2776 alibi
761 2748 940 2787 pei-tra&ari‚

183 2785 294 2815 Virtute
310 2787 387 2823 cujus
399 2785 503 2823 Judicii
519 2784 594 2814 idem
609 2784 752 2815 walterus
766 2786 833 2824 rite,
852 2786 1007 2820 secundum
1020 2789 1088 2828 Jura
1103 2790 1203 2828 Regni

141 2822 254 2862 nostri,
272 2825 300 2853 in
315 2824 419 2854 diCtam
436 2822 651 2853 Thesaurariam
666 2822 801 2854 Induc'tus
817 2849 826 2863 ,
845 2825 879 2856 &
894 2827 1024 2865 praefatus
1040 2828 1204 2861 Franciscus

142 2862 268 2892 Amotus
282 2863 369 2892 extitit
384 2863 419 2892 ab
434 2862 545 2892 eadem:

182 2900 287 2938 Nuper
311 2903 381 2930 vero
394 2923 403 2937 ,
429 2899 554 2937 quodam
569 2898 678 2930 Colore
698 2901 815 2939 quaesito
829 2901 865 2933 de
876 2902 946 2942 Jure
961 2904 1031 2935 dieti
1046 2906 1202 2947 Francisci,

142 2935 289 2976 Capeliani
303 2938 403 2976 vestri,
422 2939 450 2968 in
466 2937 542 2968 dieta
555 2937 737 2969 Thesaurarisi
754 2940 831 2977 (licet
850 2942 959 2972 nullum
977 2944 1027 2981 Jus
1043 2946 1071 2975 in
1086 2946 1137 2984 ea,
1155 2948 1202 2977 vcl

141 2977 178 3007 ad
193 2987 256 3008 eam
269 2978 381 3015 habuit,
400 2984 430 3006 ut
446 2976 602 3014 prefertur)
620 2976 709 3007 vestra
722 2978 875 3017 Sanffltas,
894 2981 923 3010 in
937 2981 1009 3020 hoc,
1027 2992 1057 3014 ut
1071 2986 1202 3016 conflici-

143 3025 206 3047 mus
213 3040 223 3056 ,
243 3017 452 3053 circumventa,
469 3015 575 3045 dietam
590 3015 821 3055 Thesaurariam,
839 3026 971 3057 tanquam
987 3031 1034 3059 per
1050 3022 1202 3054 Dimissio-

142 3064 212 3084 nem
228 3054 298 3085 dieti
309 3054 453 3092 Capellani
469 3053 553 3083 vestri
570 3052 683 3091 churc
697 3054 867 3094 Vacantem,
877 3057 1049 3091 Reverendo
1070 3062 1097 3091 in
1114 3060 1202 3092 Chri-

147 3092 192 3123 sto
202 3093 293 3131 Patri,
307 3093 441 3123 Domino
456 3091 489 3122 P.
510 3091 566 3121 Dei
579 3091 681 3131 gratia,
700 3092 789 3124 Tituli
803 3094 897 3126 SanCti
910 3096 1041 3135 Stephani
1055 3100 1083 3129 in
1100 3099 1201 3132 Ccelio

141 3131 251 3162 Monte
266 3131 422 3163 Presbitero
435 3130 594 3169 Cardinali,
612 3130 646 3161 de
660 3130 734 3161 fatto
750 3133 871 3164 contulit
883 3158 893 3171 ,
912 3135 946 3164 δε
967 3137 1017 3167 sibi
1030 3139 1154 3176 providit
1165 3140 1202 3171 de

141 3169 257 3200 cadem:

183 3209 262 3248 Qu,
282 3208 431 3239 Dileftum
447 3208 595 3239 Clericum
610 3207 754 3246 nostrum,
772 3208 945 3246 Magistrum
960 3213 1150 3246 willielmum
1165 3217 1202 3247 de

142 3247 167 3277 la
181 3247 265 3277 Mare
275 3272 283 3285 ,
303 3247 469 3277 Poiseffioni
489 3247 573 3278 didiae
588 3246 781 3277 Thesaurariae
795 3271 804 3285 ‚
829 3258 863 3278 ex
877 3250 958 3280 causa
973 3251 1202 3293 permutationis,

143 3296 211 3316 cum
228 3286 361 3317 Domino
373 3286 416 3315 W
418 3287 504 3316 altero
520 3286 678 3322 supradicto
691 3310 700 3323 ,
724 3294 754 3316 ut
767 3285 886 3325 dicitur,
904 3289 956 3318 rite
968 3289 1067 3328 faeiat,
1085 3291 1201 3323 Incum—

144 3327 262 3355 bouem
278 3348 287 3363 ,
316 3326 349 3355 ὃς
371 3325 400 3354 in
419 3324 470 3362 Jus
491 3324 561 3354 dieti
583 3324 704 3354 Walteri
721 3324 934 3364 succedentem,
950 3328 1100 3360 occasione
1115 3330 1200 3363 dietae

140 3362 313 3394 Provilionis
327 3364 444 3400 vestrae,
463 3363 560 3399 fatigat
575 3362 780 3400 multipliciter,
794 3364 826 3393 δε
841 3364 987 3404 molestat,
1003 3367 1031 3396 in
1045 3370 1202 3399 enervatio-

141 3412 209 3431 nem
228 3401 332 3439 Judicii
357 3400 484 3439 praedic‘ii
498 3424 508 3439 ,
532 3400 752 3438 Depreffionem
769 3401 842 3440 juris
861 3402 989 3434 Coronae
1014 3405 1119 3437 nostrae
1133 3430 1143 3446 ‚
1167 3408 1201 3439 &

140 3439 239 3476 Regni
261 3440 348 3475 nostri
370 3439 539 3478 Dampnum
560 3439 753 3469 inaestimabile
765 3463 776 3478 ,
795 3440 814 3470 fi
828 3440 1015 3473 Novitatibus
1029 3445 1062 3475 ὃς
1074 3445 1202 3484 Usurpa-

140 3478 263 3508 tionibus
277 3478 433 3516 hujusmodi
448 3479 566 3508 minime
583 3477 733 3507 resistatur:

156 3539 162 3554 ,
180 3517 293 3555 Qubus
307 3527 412 3555 nuper,
429 3518 458 3546 in
473 3516 663 3547 Parliamento
679 3515 797 3554 nostro,
815 3518 888 3556 apud
903 3519 946 3549 W
948 3520 1201 3561 estmonasterium,

145 3552 256 3584 ostensis
273 3556 393 3593 apertius
415 3556 447 3586 ἃ
468 3555 584 3586 deteffls
598 3578 607 3591 ,
624 3565 656 3585 ac
670 3554 750 3593 super
766 3556 818 3586 hiis
834 3556 1033 3589 deliberatione
1048 3561 1202 3598 praehabita

143 3592 270 3631 diligenti
284 3617 292 3631 ,
317 3594 484 3623 Proceribus
496 3617 506 3632 ,
531 3595 563 3624 &c
581 3593 679 3624 Peritis
691 3617 699 3631 ,
725 3604 757 3624 ac
771 3596 824 3624 toti
842 3595 935 3635 Regni
952 3597 1041 3627 nostri
1056 3598 1202 3630 videbatur

143 3629 296 3669 Concilio,
315 3640 382 3662 tunc
396 3632 522 3671 ibidem,
541 3633 621 3670 quod
636 3632 804 3670 praedietum
817 3633 1113 3676 incumbentem,pro
1129 3648 1202 3668 con·

144 3666 195 3696 ser»
206 3670 297 3699 atione
309 3670 382 3708 Juris
397 3671 504 3707 nostri,
522 3670 674 3701 defendere
691 3670 851 3702 debeamus.

162 3743 165 3747 Ι
184 3706 329 3749 roirca
346 3708 446 3739 vestrae
463 3708 627 3740 Beatitudini
643 3710 747 3740 votivis
764 3712 893 3748 precibus
905 3711 1091 3751 supplicamus
1105 3738 1114 3752 ,
1134 3724 1202 3752 qua-

145 3749 247 3785 tinus,
271 3747 412 3783 proemiffis
432 3748 585 3778 clementer
606 3750 715 3779 attentis
730 3773 739 3785 ,
761 3750 794 3780 &
816 3760 901 3787 aequo
922 3751 1042 3782 Libratis
1059 3755 1203 3791 examine,

146 3780 313 3825 prassdlcffaili
328 3785 523 3817 provisionem
545 3787 582 3817 de
600 3787 676 3817 dic‘ta
694 3787 880 3819 Thesauraria
894 3814 902 3827 ,
929 3800 959 3820 ut
976 3791 1153 3829 praedicitur,
1171 3793 1200 3821 in

142 3818 216 3856 juris
230 3820 316 3862 nostri
330 3824 522 3860 prmiudicium
532 3849 540 3861 ,
560 3835 609 3862 per
626 3836 678 3855 vos
692 3825 810 3864 factam,
830 3827 985 3865 dignemini
999 3830 1104 3859 cautius
1119 3840 1202 3860 revo-

145 3866 210 3886 care
228 3879 236 3894 ,
255 3857 332 3888 dieto
356 3860 488 3892 Domino
507 3863 647 3893 Cardinali
669 3863 748 3901 super
769 3864 826 3895 hoc
841 3866 991 3898 Silentium
1007 3869 1201 3906 imponentes,

146 3903 179 3924 ut

180 3917 360 3963 &effantibus
382 3935 489 3967 Litium
513 3938 728 3978 Ama-acubus,

0 2375 4 2390 '
22 2376 76 2402 IV.

0 2422 54 2448 59.

297 3971 307 3982 Υ
353 3973 356 3977 ¹
401 3975 405 3978 q
756 3942 789 3971 ὅτ,
811 3942 867 3972 aliis
889 3944 1019 3981 periculis
1033 3944 1201 3983 majoribus,

146 3981 211 4015 quae
226 3981 259 4001 ex
273 3971 459 4015 INovitatibus
473 3976 506 4005 ὃς
521 3976 760 4013 Usurpationibus
774 3979 933 4017 hujusmodi
947 3982 1051 4019 poffint
1065 3982 1202 4013 veriiimi-

139 4009 205 4039 iiter
217 4020 389 4054 provenire,
405 4011 473 4040 cum
489 4014 609 4043 nimium
625 4026 676 4044 nos
690 4017 813 4047 turbaret
828 4017 866 4055 si,
884 4021 962 4056 quod
978 4021 1061 4057 absit,
1080 4020 1200 4052 Corona

142 4047 255 4087 Regia,
273 4047 374 4079 nostris
389 4050 566 4091 temporibus
571 4073 582 4088 ,
599 4051 712 4083 suorum
724 4054 836 4092 Jurium
854 4065 993 4093 pateretur
1008 4058 1140 4097 Eclipsim
1152 4081 1162 4098 ,

577 147 1371 197 CONVENTIONES,

1457 150 1853 202 LITERAE,

1296 233 1330 264 In
1347 235 1406 265 sinu
1420 235 1507 266 solitae
1522 235 1696 269 Diled’tionis
1710 236 1887 276 Apostolicae
1902 234 2019 266 Domus
2032 233 2127 264 nostra
2142 234 2234 274 Regia
2246 235 2319 267 fidu-
2340 236 2418 270 Ann.
2432 242 2473 274 D.

1260 274 1363 304 cialiter
1375 275 1575 313 conquiescat,
1593 284 1658 313 quae
1674 273 1783 312 semper
1797 283 1864 306 vota
1879 274 1958 304 Sedis
1971 273 2165 311 Apostolicae‚
2179 283 2248 317 cum
2261 275 2318 304 fer·
2362 289 2448 322 1330,

1260 313 1351 342 ventis
1370 312 1529 343 devotionis
1550 315 1584 345 ὃς
1605 312 1776 343 obedientiae
1797 311 2023 350 promptitudine
2036 334 2046 350 ,
2065 321 2123 349 prae
2135 319 2258 350 caeteris,
2277 312 2318 343 est
2340 322 2407 348 flav,
2428 330 2452 358 3,

1260 349 1394 381 haetenus
1416 351 1560 388 prosecuta
1576 364 1586 390 ε,
1604 351 1700 389 quod,
1718 351 1883 388 quaesimus,
1901 350 2030 390 dignetur
2043 351 2187 392 advertere
2201 349 2323 381 summae

1260 387 1361 418 vestrae
1383 388 1571 420 Praesidenriae
1592 389 1777 427 Sandiitudo3
1795 399 1897 427 quam,
1915 390 1949 419 ad
1965 388 2072 419 salubre
2086 387 2193 426 Gregis
2206 387 2245 419 sui
2259 387 2324 419 Re-

1259 427 1357 463 gimen
1366 450 1376 464 ,
1395 427 1541 460 conservet
1554 427 1710 459 Altiffimus
1722 437 1771 466 per
1781 436 1912 466 tempora
1925 427 2063 458 diuturna.
2248 447 2254 452 -
2286 430 2288 434 ’

1295 501 1365 532 Dat.
1382 501 1456 540 apud
1469 502 1777 544 Westmonasterium,
1795 504 1911 536 decimo
1927 512 2027 544 quarto
2039 501 2087 533 die
2099 501 2283 534 Decembris.

1326 624 1385 658 Ad
1397 628 1520 659 Petrum
1531 626 1705 673 praedi'ffltm
1715 628 1806 675 fhper
1825 623 2076 675 Uspe-parionibus
2087 627 2245 673 praetaslis.

1253 709 1475 778 Rl'sserendo
1495 710 1660 756 inlChristo
1672 713 1748 758 Patri
1782 714 1843 758 &c
1861 713 1995 744 Domino
2009 712 2114 758 Petro,
2132 711 2191 743 Dei
2205 713 2312 758 gratia,
2330 716 2464 769 Ann‘ffl

1367 749 1426 779 ituli
1440 749 1539 780 Saniti
1552 750 1685 789 Stephani
1696 762 1727 781 in
1743 737 1845 783 Cloelio
1860 752 1968 784 Monte
1980 751 2140 783 Presbitero
2154 751 2317 793 Cardinali,
2354 768 2443 807 1332*

1255 783 1429 826 Edwardus,
1447 788 1508 819 &c.
2336 808 2387 833 An·
2403 817 2423 842 4

1292 822 1352 855 Etsi
1375 835 1427 863 pro
1445 825 1593 857 fruetuosis
1612 827 1744 859 Subsidiis
1796 829 1829 860 &
1849 830 2010 862 Laboriosis
2031 829 2172 860 Instantiis
2187 853 2197 869 ,
2215 830 2317 869 quibus
2334 847 2363 871 E.
2425 829 2431 835 ⁹

1256 861 1325 892 Nos
1340 864 1369 893 in
1383 863 1500 903 nostris,
1519 866 1548 895 in
1561 865 1741 897 sacrosancta
1755 852 1891 899 Romana
1903 869 2114 908 Curia,pluries
2128 868 2318 909 praevenistis,
2349 854 2415 912 [bl-{12

1255 900 1417 933 vestrorum
1436 902 1605 934 affectemus
1625 904 1812 936 Profectuum
1833 907 2026 946 incrementa,
2045 917 2110 946 quae
2128 918 2157 938 re
2169 908 2237 940 vera
2251 918 2320 946 pro-

1255 948 1435 979 curaremus,
1453 941 1474 972 si
1486 942 1601 973 facultas
1614 943 1641 973 se
1652 943 1773 981 offerat,
1790 944 1858 975 laeto
1876 946 1979 985 corde,
1993 945 2063 984 Jiira
2077 955 2173 978 tamen
2188 945 2320 978 Coronae

1254 977 1378 1046 Ἐᾶτε,
1395 988 1479 1024 prout
1500 979 1680 1021 astringimur
1700 982 1818 1014 vinculo
1835 984 1987 1022 juramenti
1998 1007 2009 1023 ,
2027 994 2078 1023 per
2091 986 2166 1023 prius
2178 987 2318 1018 convenit

1295 1027 1327 1048 os
1340 1026 1418 1049 tueri.

1291 1055 1384 1096 Sane,
1401 1057 1468 1088 licet
1487 1055 1618 1089 Donatio
1634 1057 1836 1099 Dignitatum,
1853 1059 2091 1101 Praebendarurn,
2103 1061 2163 1097 &a
2175 1071 2259 1102 prout
2266 1062 2316 1104 su-

1248 1102 1305 1132 pra
1328 1093 1407 1136 usque
1427 1096 1467 1126 ibi
1483 1095 1630 1128 Dominus
1651 1098 1786 1129 Summus
1798 1099 1950 1138 Pontifex,
1969 1101 2019 1139 qui
2029 1110 2107 1131 nunc
2120 1101 2178 1140 est,
2195 1104 2225 1132 in
2239 1103 2315 1141 hoc,

1255 1135 1498 1176 uttconnicimuS,
1517 1136 1713 1168 circumventa
1745 1137 1852 1168 dietam
1867 1138 2097 1177 Thesaurariam‚
2114 1146 2249 1178 tanquam
2264 1151 2314 1179 per

1254 1170 1460 1216 Dimissionem
1474 1174 1543 1204 dieti
1558 1174 1694 1206 Francisci
1708 1160 1743 1206 de
1755 1175 1824 1214 Jure
1839 1176 2093 1215 vacantem,vobis
2106 1176 2142 1207 de
2157 1178 2235 1209 facto
2242 1190 2317 1210 con-

1253 1210 1317 1240 tulit
1337 1211 1371 1242 &
1393 1213 1519 1249 providit
1541 1213 1579 1244 de
1599 1213 1698 1245 eadem
1711 1238 1722 1254 ,
1747 1213 1808 1250 &a
1821 1222 1902 1253 prout
1908 1213 2133 1255 fiopra‚7nutatis
2141 1224 2316 1256 competenter

1253 1251 1409 1287 mutandis,
1427 1258 1490 1280 tunc
1504 1250 1549 1290 fic.

1285 1288 1369 1326 Juxra
1383 1289 1580 1321 Deliberatum
1593 1292 1685 1331 itaque
1700 1291 1878 1330 Consilium,
1897 1292 1931 1323 &
1945 1291 2167 1324 Ordinationem
2182 1316 2193 1332 ,
2209 1292 2313 1324 Parlia-

1251 1328 1341 1371 menti
1363 1327 1451 1358 nostri
1471 1329 1599 1366 praediciti
1615 1354 1625 1368 ,
1651 1330 1791 1368 praemiffa
1810 1331 1892 1362 dieto
1916 1330 2052 1362 Domino
2071 1331 2173 1362 nostro
2188 1331 2310 1364 Summo

1251 1364 1386 1409 Pontifici
1400 1366 1602 1410 significamus,
1621 1369 1715 1399 eidem
1729 1369 1859 1400 attentius
1871 1369 2054 1408 supplicantes
2068 1370 2199 1409 quatinus
2212 1369 2312 1402 *Pro-
2327 1365 2343 1381 ⁸*
2361 1366 2412 1395 IV.

1248 1404 1388 1448 visionem
1409 1405 1592 1450 hujusmodi,
1614 1408 1643 1437 in
1661 1407 1736 1446 Juris
1755 1407 1846 1439 nostri
1864 1408 2061 1447 praejudicium
2083 1409 2168 1441 vobis
2190 1407 2313 1449 fadtam,
2328 1405 2396 1440 4⁶0-

1251 1442 1412 1479 dignaretur
1424 1445 1532 1475 cautius
1547 1455 1691 1477 revocare.

1285 1481 1485 1514 paternitatem
1500 1485 1582 1524 igitur
1596 1484 1718 1516 vestram
1735 1485 1918 1517 reverendam
1934 1495 1969 1517 ex
1982 1485 2072 1518 corde
2085 1495 2313 1527 rogamus,qua-

1248 1520 1338 1563 tinus,
1357 1522 1503 1558 praemissis
1523 1532 1610 1561 aequo
1627 1523 1795 1555 Libramine
1817 1525 1977 1563 ponderatis
1990 1550 2000 1564 ,
2018 1526 2079 1556 tam
2095 1527 2216 1557 obtentu
2227 1524 2316 1564 Justi-

1246 1565 1308 1597 the,
1327 1560 1414 1598 quam
1428 1560 1462 1590 ad
1477 1562 1624 1592 vitandum
1637 1564 1741 1602 majora
1756 1564 1895 1602 pericula,
1914 1574 1980 1602 quae
1996 1574 2047 1602 per
2062 1563 2310 1603 Usurpationes&

1247 1597 1399 1641 Novitates
1412 1599 1589 1639 hujusmodi,
1607 1600 1707 1633 diebus
1720 1602 1778 1633 istis
1792 1603 1907 1641 (quibus
1921 1602 2065 1633 habundat
2077 1603 2221 1644 iniquitas)
2236 1605 2312 1634 veri-

1248 1635 1372 1680 similiter
1383 1646 1516 1674 poterunt
1530 1641 1699 1679 provenire,
1712 1651 1727 1670 a
1742 1642 1939 1679 prosecutione
1952 1640 2141 1680 Provisionis‚
2156 1642 2236 1680 super
2252 1641 2312 1673 hoc

1246 1675 1330 1719 vobis
1353 1675 1435 1706 faetae
1450 1699 1460 1714 ,
1485 1677 1519 1708 ὃς
1539 1679 1756 1715 impugnatione
1771 1679 1847 1717 Juris
1869 1679 1960 1710 nostri
1973 1679 2117 1719 praediciti,
2140 1679 2313 1718 supersedere

1247 1713 1352 1752 velitis,
1371 1713 1390 1743 si
1405 1714 1556 1752 placuerit,
1575 1717 1686 1754 penitus
1697 1719 1727 1747 in
1741 1717 1923 1757 futurum,in
1935 1718 1994 1749 aliis
2008 1728 2080 1750 vero
2093 1729 2159 1757 quae
2173 1728 2313 1750 commo-

1245 1750 1281 1781 de
1296 1753 1466 1792 poterimus,
1484 1762 1551 1784 vota
1566 1754 1657 1785 vestra
1669 1765 1738 1787 cum
1905 1756 2081 1797 plenitudine
2100 1757 2317 1798 prosequemur.-

1285 1826 1354 1859 Dat.
1372 1829 1445 1870 apud
1462 1830 1505 1861 W
1507 1831 1770 1875 estmonasterium,
1789 1834 1906 1870 decimo
1919 1842 2021 1875 quarto
2033 1834 2080 1865 die
2091 1834 2276 1867 Decembris.

1244 1949 1305 1985 Ad
1319 1953 1435 1999 Papam
1446 1977 1458 1996 ,
1473 1951 1567 1999 fitper
1586 1950 1811 1995 Conceffionibus
1826 1963 1881 1999 pro
1907 1953 2029 2001 Capella
2048 1956 2158 2002 Regis,
2195 1956 2312 1996 Palatii

1630 1999 1941 2048 Wstmonasterietfis.

1245 2087 1294 2150 P
1303 2089 1329 2121 A
1338 2088 1362 2121 P
1372 2090 1414 2123 AE
1439 2090 1506 2123 Rex
1517 2091 1621 2126 devota
1637 2091 1749 2125 Pedum
1763 2090 1858 2125 oscula
1872 2091 2033 2125 beatorum:
2327 2079 2403 2112 Ann-
2416 2082 2474 2116 D?

1333 2129 1444 2163 Oblatis
1457 2142 1547 2171 nuper
1558 2132 1661 2164 vestrae
1674 2133 1820 2164 sanctitati
1833 2132 1970 2165 Precibus
1983 2130 2103 2170 nostri53
2353 2129 2438 2162 ¹330·

1283 2166 1343 2199 Pro
1356 2194 1366 2207 ,
1391 2170 1513 2202 Dueeiis
1534 2172 1616 2203 nobis
1636 2173 1665 2202 in
1685 2171 1805 2203 Christo
1971 2169 2132 2202 Abbate&
2152 2167 2313 2214 conventu
2323 2162 2375 2189 An·
2393 2170 2424 2197 4-

1247 2205 1496 2240 Westmonasterii
1510 2235 1519 2249 ,
1551 2211 1665 2242 Liberae
1692 2210 1819 2249 Capellae
1840 2209 1937 2241 Palatii
1956 2209 2047 2241 nostri
2069 2208 2257 2253 Principalis,
2278 2216 2313 2253 ut
2322 2201 2355 2227 Ε·
2376 2208 2404 2236 3·
2435 2241 2448 2251 v
2474 2242 2477 2244 q

1247 2247 1389 2282 quandam
1404 2248 1514 2279 Bullam
1529 2249 1658 2281 Honorii
1674 2249 1759 2288 Papae
1775 2249 1897 2288 Qarti,
1915 2247 2133 2280 Praedecefforis
2147 2245 2234 2279 vestri
2269 2246 2315 2291 fh-
2324 2241 2397 2266 ¹³⁰0*-
2412 2250 2445 2275 4⁴.

1246 2284 1299 2314 Ctis
1465 2287 1572 2319 Abbati
1589 2290 1623 2320 &
1647 2287 1838 2326 conventui,
1867 2288 1947 2326 super
1967 2286 2137 2325 quibusdam
2150 2269 2359 2330 Benefi⁷ciisfl²²
2376 2285 2402 2314 3·

1246 2332 1296 2360 per
1309 2324 1433 2355 eundem
1449 2325 1557 2364 Papam
1573 2327 1730 2366 conceffis,
1747 2326 1859 2358 dudum
1872 2326 2055 2364 confedtam,
2074 2334 2213 2356 renovare
2224 2348 2235 2363 ,
2248 2324 2370 2356 rati—m·
2381 2323 2407 2351 *ε

1246 2361 1330 2392 ficare
1336 2385 1346 2400 ,
1365 2363 1400 2394 &
1416 2364 1605 2405 confirmare,
1623 2365 1714 2397 vestra
1729 2365 1891 2401 dignaretur
1905 2364 2073 2404 Apostolica
2088 2362 2254 2407 Celsitudo,
2282 2400 2288 2406 ⁸

1285 2401 1387 2440 Quam
1400 2402 1562 2441 benigniter
1578 2404 1712 2436 annuistis
1724 2428 1734 2442 ,
1759 2404 1882 2435 Dileffis
1894 2405 1928 2435 &
1944 2403 2086 2434 Fidelibus
2099 2401 2219 2439 nostris,
2236 2398 2328 2437 Wilr

1245 2439 1344 2470 lielmo
1359 2439 1396 2471 de
1411 2440 1520 2473 Monte
1531 2443 1642 2482 Acuto,
1661 2444 1695 2474 &
1711 2442 1926 2475 Bartholomaeo
1940 2442 1977 2472 de
1991 2436 2315 2484 Burgherssh,Ambas-

1245 2478 1381 2509 satoribus
1400 2480 1504 2511 nostris
1519 2505 1528 2520 ,
1554 2482 1736 2512 referentibus
1753 2504 1763 2520 ‚
1788 2481 1979 2518 concepimus
1999 2479 2168 2514 evidenter,
2186 2475 2264 2507 unde
2278 2475 2316 2507 ad

1246 2517 1428 2548 omnimodas
1452 2518 1618 2550 Gratiarum
1640 2521 1778 2551 Actiones
1794 2541 1805 2558 ,
1822 2518 1970 2550 Sanetitati
1983 2514 2084 2549 vestrae
2099 2513 2314 2554 persolvendas,

1246 2557 1310 2586 totis
1321 2555 1470 2588 affedtibus
1483 2559 1660 2589 inclinamur.
2127 2593 2133 2598 ,
2292 2591 2299 2597 .

1285 2594 1396 2625 νεηῖῐη
1406 2618 1417 2634 ,
1433 2595 1518 2627 Pater
1552 2596 1713 2635 hujusmodi
1726 2595 1865 2634 negotio,
1883 2592 2046 2637 Venerabili
2059 2590 2151 2630 Patri,
2170 2590 2314 2623 Penestrt-

1245 2631 1327 2663 nenfi'
1334 2632 1494 2672 Episcopo,
1513 2619 1756 2665 &icecancellario
1767 2633 1863 2665 vestro
1875 2656 1888 2676 3
1905 2631 1948 2676 ,ad
1962 2630 2155 2668 redigendum
2169 2630 2219 2661 sub
2233 2629 2314 2674 Bulla

1246 2671 1420 2709 commiffo‚
1440 2672 1572 2710 quaedam
1584 2672 1626 2704 est
1640 2671 1805 2704 Difficultas
1817 2671 1958 2709 adhibita,
1977 2677 2094 2709 propter
2107 2678 2194 2708 quarn
2201 2668 2312 2700 Gratiae

1247 2709 1348 2740 vestrae
1359 2710 1523 2751 adimpletio
1539 2711 1674 2742 haetenus
1687 2710 1729 2741 est
1744 2710 1883 2749 suspensa,

1284 2747 1535 2780 Mansuetudinem
1549 2749 1671 2781 vestram
1687 2750 1853 2788 requirimus
1867 2749 1901 2779 &
1917 2756 2049 2785 rogamus
2063 2745 2146 2785 ut,‘fi
2159 2755 2193 2790 eir
2208 2753 2312 2776 nume-

1247 2796 1282 2817 ro
1295 2786 1504 2819 Beneficiorum
1515 2812 1525 2827 ‚
1544 2789 1573 2818 in
1588 2788 1665 2833 dista
1683 2787 1763 2818 Bulla
1776 2793 2131 2831 contentorum,2exurgat
2145 2783 2311 2815 Difficultas

1246 2825 2026 2897 ωἳῐέῗῖἳῖὶξέῗὲἓεῗῖἃὲῗῑέυῗέἱέἳοΞὲἲιῗέἐὲἒκ
2040 2862 2109 2893 aar
2123 2860 2312 2906 Moaastera

1246 2912 1310 2941 quae
1325 2913 1427 2942 magna
1441 2905 1475 2935 δε
1487 2904 1648 2943 sumptuosa
1661 2903 1702 2935 est
1711 2926 1718 2937 ,
1738 2905 1771 2936 &
1784 2913 1821 2934 eo
1837 2902 2024 2941 sumptuosior
2038 2902 2072 2933 &
2085 2900 2242 2946 celebrior,
2251 2909 2313 2937 quo

1245 2941 1465 2981 Progenitorum
1477 2943 1643 2974 nostrorum
1657 2952 1780 2981 corpora
1794 2942 1901 2972 ibidem
1915 2941 2028 2972 humata
2044 2939 2205 2981 quiescunt,
2245 2976 2250 2981 ·
2309 2978 2313 2983 .

1281 2981 1389 3011 Saltem
1405 2982 1434 3011 in
1446 2992 1568 3012 numero
1583 2983 1725 3013 Ternario
1740 2980 1953 3012 Beneficiorum
1967 2977 2140 3023 eorumdem
2153 2974 2312 3014 (Videlicet,

1246 3018 1485 3051 Sabrichesworth
1500 3043 1510 3059 ‚
1534 3019 1749 3058 Kellevedene,
1774 3021 1807 3051 &
1830 3017 2001 3058 Langedon)
2021 3023 2098 3054 Juxta
2112 3023 2174 3045 vim
2188 3013 2222 3044 &
2237 3013 2311 3044 effe-

1245 3058 1326 3088 c‘tum
1342 3057 1542 3090 Conceffionis
1557 3059 1628 3090 dieti
1641 3059 1725 3097 Papae
1746 3058 1875 3101 Honorii
1890 3079 1900 3095 ,
1923 3054 2016 3086 vestra
2028 3076 2039 3092 ,
2057 3053 2078 3084 fi
2091 3052 2212 3092 placeat,
2227 3050 2311 3092 perfi-

1245 3098 1299 3128 ciat
1314 3098 1347 3128 &
1360 3097 1503 3136 compleat
1519 3097 1687 3130 Moderatio
1698 3098 1787 3136 quam
1803 3097 1934 3134 benigna.

1281 3173 1440 3207 Conservet
1448 3198 1458 3214 ,
1482 3175 1543 3207 &c.

1280 3250 1350 3281 Dat.
1365 3251 1441 3290 apud
1453 3251 1765 3290 Westmonasterium‚
1782 3249 1900 3281 decimo
1915 3255 2016 3288 quarto
2030 3247 2076 3285 die
2088 3246 2277 3279 Decembris:

1301 3373 1359 3407 Ad
1374 3374 1663 3409 Vicecancellarium
1684 3377 1786 3422 Papa,
1803 3374 1896 3420 fhper
1915 3372 2001 3407 distis
2019 3368 2269 3418 Conceffiotiibu&

1314 3459 1454 3491 Enerabili
1467 3461 1496 3490 in
1511 3459 1631 3491 Christo
1644 3460 1737 3500 Patri,
1753 3459 1890 3491 Domino
1907 3458 1940 3489 P.
1960 3459 2019 3490 Dei
2039 3458 2144 3497 gratia,
2161 3451 2302 3497 Penestfi·
2318 3444 2396 3506 An}
2410 3445 2452 3484 D‹

1326 3500 1403 3529 nensi
1417 3499 1579 3538 Episcopo,
1598 3499 1723 3530 Domini
1739 3499 1853 3530 Summi
1876 3498 2023 3529 Pontificis
2037 3491 2277 3535 vicecancellario
2291 3513 2300 3529 ,
2316 3494 2426 3551 A1230-

1242 3535 1350 3605 }{mico
1370 3537 1606 3607 sQOQCaflffifflQ
1625 3537 1801 3576 Edwardus,
1812 3539 1872 3569 δεε-
1894 3537 2036 3574 Salutem,
2053 3536 2087 3566 &
2103 3533 2218 3563 smeerae
2230 3529 2299 3560 dde-
2315 3534 2417 3598 E”·34·

1273 3586 1345 3606 ionis
1362 3587 1376 3606 a
1402 3587 1436 3607 ec
1449 3586 1507 3607 um.
2206 3608 2212 3614 ¹
2341 3585 2354 3607 ·,
2387 3584 2395 3590 ·

1280 3614 1391 3645 Oblatis
1414 3625 1504 3653 nuper
1521 3615 1656 3646 Domino
1678 3614 1801 3646 Summo
1816 3613 1951 3645 Pontifici
2008 3610 2103 3642 ecibus
2123 3607 2226 3638 nostris
2245 3615 2300 3644 pro
2316 3600 2418 3631 lbd‘m·

1242 3651 1348 3683 dileetis
1371 3654 1455 3684 nobis
1477 3654 1506 3683 in
1528 3653 1647 3684 Christo
1843 3653 1956 3683 Abbate
2003 3647 2179 3693 ,Conventa
2197 3644 2300 3675 West-

1243 3691 1421 3730 monasterii,
1439 3692 1553 3722 Liberae
1565 3691 1689 3730 Capellae
1702 3690 1800 3722 Palatii
1815 3691 1904 3721 nostri
1915 3686 2093 3724 Principalis,
2111 3693 2142 3715 ut
2157 3682 2297 3721 quandam

1244 3728 1434 3768 Bullam,&c.
1450 3737 1533 3768 prout
1537 3729 1623 3769 fiaepra
1635 3733 1750 3759 mutatis
1763 3730 1920 3758 mutandis.-
1936 3733 1999 3755 tunc
2007 3724 2048 3769 fic
2062 3722 2227 3754 consuetam
2243 3720 2296 3766 Be-

1243 3768 1429 3799 nivolcntiam
1441 3778 1527 3807 penes
1538 3769 1647 3799 dietum
1659 3768 1812 3799 Summum
1823 3764 1995 3797 Pontificem
2008 3769 2186 3799 interponere
2200 3759 2300 3801 velitis,

1243 3806 1360 3845 nostris,
1379 3807 1398 3837 si
1411 3807 1520 3846 placet,
1537 3807 1738 3840 interventibus
1753 3808 1787 3840 &
1805 3813 1913 3836 amore.

1283 3873 1351 3906 Dat.
1367 3884 1398 3907 ut
1412 3876 1501 3915 supra.

1402 3952 1517 3984 Eodem
1533 3953 1624 3985 modo
1637 3954 1782 3991 scribitur,

1282 4023 1405 4088 Dodniim}¹
1416 4024 1460 4052 M.
1473 4021 1560 4053 Tituli
1571 4023 1730 4053 Sanaorum
1741 4018 1884 4058 Johaymis
1897 4014 1935 4052 ό·
1950 4013 2034 4046 Pauli
2042 4038 2051 4054 ‚
2070 4015 2221 4048 Presbitero
2234 4018 2306 4047 car:

1338 4070 1383 4088 ma
1396 4072 1414 4089 Ι.
1692 4082 1697 4085 .

1522 4105 1525 4107 >
2268 4092 2311 4125 De.
