2562 4279
763 187 876 231 ET
968 187 1237 230 ACTA

54 268 181 306 Arm-D·
239 279 331 311 Vobis
353 276 526 319 injungendo
549 274 734 315 mandamus,
751 275 831 320 quod
853 274 947 305 eidem
967 274 1208 320 ArchiepiscopO,
1225 273 1270 317 seu

78 317 158 352 1335·
203 317 381 349 Hominibus
398 319 465 356 suis,
482 318 560 355 super
575 316 745 354 Bajulatione
759 315 882 353 ejusdem
897 311 1001 344 Crucis
1015 315 1070 344 suae
1084 321 1149 343 ante
1164 312 1208 355 se,
1227 322 1271 340 in-

50 351 118 380 fdv·
136 359 164 386 3·
204 357 245 387 fra
256 358 439 387 Provinciam
455 355 592 391 vestram,
605 353 748 384 veniendo
762 353 796 383 ad
810 352 897 390 Nos,
913 361 944 383 ut
958 351 1000 381 est
1007 352 1141 395 mitum,
1162 350 1269 379 ibidem

203 396 361 433 morando,
380 396 412 426 ὃς
432 394 533 424 exinde
554 393 588 424 ad
612 393 723 429 propria
744 390 907 428 redeundo,
925 400 984 420 non
1005 390 1142 426 inferatis,
1161 388 1205 418 seu
1218 396 1271 431 ⁹per

201 434 271 464 alios
290 434 405 471 inferri,
423 433 467 463 vel
488 430 650 469 procurari,
668 429 821 469 aliqualiter
841 428 960 465 faciatis,
979 427 1169 466 Dampnum,
1187 426 1270 456 Vitu-

204 474 331 512 perfflm,
351 470 589 506 Impedimentum
606 467 735 505 aliquod,
753 468 799 497 seu
814 465 988 510 Gravamen.

280 509 369 542 Teste
382 510 464 548 Rege
473 508 547 547 apud
561 506 709 547 Clipston,
724 515 805 536 nono
817 504 863 534 die
877 502 989 541 Aprilis.

897 581 951 609 Per
964 579 1045 619 ipfiem
1059 582 1164 617 Regem.

252 713 303 746 De
318 711 499 744 Proteffione
514 712 550 748 ὠ
569 706 721 741 Εοηάκὶἷιι
731 716 788 751 pro
807 701 1026 738 Familiaribus
1043 707 1079 742 ᾠ-
1097 705 1226 736 Ntmciis

690 757 784 800 Papae.

52 827 132 899 '41³⁰’
145 827 190 861 D·
207 845 322 902 REX
340 841 583 887 vicecomitibus,
599 839 709 884 Ballivis
718 862 739 887 ’,Α
750 838 891 886 Ministris
906 862 915 876 ,
933 839 968 870 ὃς
989 838 1125 884 omnibus
1144 837 1202 882 aliis
1225 836 1272 882 Fi-

98 876 164 908 335·
281 884 389 915 delibus
403 882 470 918 suis,
486 887 545 909 tam
560 889 589 909 in
604 878 760 916 Hibernia,
779 889 866 917 quarn
882 887 912 906 in
929 876 1048 917 Angha,
1066 885 1125 907 tam
1141 876 1212 907 infra
1221 875 1271 906 Li-

54 913 108 936 An.
122 918 149 942 9·
207 919 342 960 bertates‚
361 920 445 958 quam
457 925 549 956 extra,
564 917 599 948 ad
612 927 701 956 quos,
719 917 780 949 δίε.
800 916 932 947 Salutem.

51 949 153 1020 {2³33
245 961 341 992 Sciatis
354 956 452 996 quod,

247 998 266 1019 ²*
288 997 368 1028 Cum
389 994 535 1025 Dominus
554 993 722 1025 Benediems
736 1018 746 1032 ,
767 993 906 1024 Summus
927 991 1062 1023 Pontifex
1075 1015 1085 1031 ,
1111 993 1203 1023 mittat
1217 991 1271 1030 Jo-

52 1027 87 1053 E·
96 1030 155 1060 3⁶1⁷·
165 1031 190 1050 ¹·
206 1036 328 1067 hannem
341 1033 376 1064 de
392 1031 495 1071 Floro,
513 1033 547 1064 &
561 1032 715 1063 Thomam
728 1033 766 1063 de
779 1028 1096 1069 Bononia,Familiares
1105 1053 1115 1069 ,
1130 1032 1164 1062 ὃς
1178 1029 1270 1061 Nun-

53 1072 92 1116 271·
112 1070 158 1097 24·
205 1076 266 1106 cios
277 1074 356 1112 suos,
373 1071 409 1101 ad
423 1080 514 1109 partes
530 1071 641 1110 Angliae
652 1073 685 1103 ὃς
697 1071 848 1101 Hiberniae
863 1069 1086 1114 praedidtasfflro
1102 1068 1269 1113 quibusdam

55 1101 144 1176 6412(-
204 1123 225 1144 n
261 1112 341 1150 otiis,
361 1111 399 1141 eis
417 1119 467 1149 per
480 1109 591 1140 dietum
607 1109 762 1141 Summum
773 1108 945 1140 Pontificem
956 1108 1105 1146 injunctis,
1121 1107 1270 1145 faciendis,

263 1150 418 1187 uscepimus
431 1150 461 1178 in
473 1148 690 1179 Protestionem
700 1171 709 1185 ,
721 1146 780 1182 &a
792 1155 871 1185 prout
885 1151 914 1177 in
928 1145 1109 1186 Confimilibus
1123 1149 1238 1189 theris.

239 1189 275 1220 In
297 1189 375 1226 cujus
386 1212 395 1225 ,
412 1188 472 1217 &o
494 1187 580 1225 usque
600 1186 636 1217 ad
649 1186 766 1217 Festum
779 1186 876 1217 Sanffi
891 1184 1059 1222 Michaelis,
1074 1185 1210 1222 proximo
1227 1183 1273 1215 fu-

203 1226 520 1304 tutf'td'ffedfissggrgud
536 1262 689 1304 Clipston,
705 1262 842 1296 vicesimo
855 1260 981 1293 secundo
993 1260 1040 1292 die
1054 1260 1167 1299 Aprilis.

708 1342 761 1370 Per
776 1343 871 1370 Breve
885 1339 918 1369 de
930 1339 1050 1370 Privato
1065 1337 1166 1376 Sigillo.

255 1469 314 1501 Pro
331 1465 558 1513 Archiepifiopo
578 1462 881 1510 Cantuarienfifiaper
901 1462 1094 1509 Bajulatione
1111 1463 1227 1494 Crucis.

54 1545 133 1578 Ann.
149 1545 192 1578 D.

56 1595 163 1661 A1n3395:

55 1668 144 1739 {iiii
162 1710 190 1737 9.

58 1743 89 1767 E.
110 1750 135 1776 3.
155 1750 191 1768 m.

59 1786 107 1813 ²4·
120 1779 148 1807 d.

212 1551 327 1610 REX
347 1552 522 1583 Vicecomiti
536 1548 773 1591 Notinghamiae,
788 1548 924 1591 Salutem.
1190 1584 1196 1590 .

305 1589 404 1629 Cum,
423 1601 472 1628 per
494 1590 585 1620 Breve
606 1589 736 1619 nostrum
750 1609 760 1625 2
778 1586 940 1617 Venerabili
956 1583 1032 1616 Patri
1048 1607 1058 1622 ,
1070 1584 1198 1628 Johanni
1222 1582 1277 1626 Ar-

211 1628 394 1668 ehiepiscopo
414 1627 622 1666 Cantuariensi,
639 1628 726 1658 totius
743 1625 855 1664 Angliae
873 1624 1010 1668 Primati,
1029 1625 1060 1653 in
1081 1622 1150 1667 Fide
1171 1620 1277 1665 &Di-

209 1667 334 1698 leerione
346 1691 356 1706 ,
374 1668 476 1706 quibus
501 1667 599 1697 Nobis
619 1674 730 1696 tenetur
743 1689 752 1703 ,
772 1663 999 1706 mandaverimus
1015 1685 1025 1700 ,
1043 1661 1164 1704 firmiter
1183 1668 1277 1703 injun-⁸

211 1715 324 1744 gentes,
342 1707 421 1744 quod
443 1706 475 1736 fit
496 1705 568 1743 apud
589 1703 738 1739 Eborum,
757 1704 786 1732 in
809 1700 942 1731 Crastino
957 1699 1135 1730 Ascensionis
1152 1698 1277 1728 Domini

210 1746 343 1782 proximo
357 1744 469 1782 futuro,
488 1744 559 1781 (quo
574 1741 622 1771 die
635 1740 856 1771 Parliamentum
870 1738 1000 1768 nostrum
1016 1737 1124 1781 ibidem
1148 1736 1278 1780 summo-

210 1784 272 1813 neri
288 1783 418 1820 fecimus)
439 1782 473 1812 ad
494 1778 670 1811 traetandum
691 1777 859 1809 Nobiscum
878 1786 911 1807 ac
929 1786 998 1808 cum
1015 1784 1124 1806 caeterls
1136 1775 1278 1813 Praelatis‚

208 1820 396 1859 Proceribus‚
411 1822 445 1852 &
468 1817 666 1858 Magnarffius,
682 1816 780 1856 Regni
801 1815 909 1854 nostri,
923 1815 1005 1854 super
1022 1813 1151 1845 Diversis
1173 1814 1207 1845 &
1222 1812 1278 1843 Ar-

208 1859 271 1891 duis
286 1859 440 1896 Negotiis,
458 1857 546 1894 Nos,
565 1857 598 1887 &
615 1855 752 1894 Regnum
768 1854 917 1891 nostrum,
935 1863 968 1884 ac
982 1853 1114 1896 quasdam
1127 1853 1190 1897 alias
1200 1851 1279 1882 Ter-

209 1908 253 1928 ras
266 1897 372 1928 nostras
380 1921 390 1935 ,
405 1895 557 1937 specialiter
569 1893 802 1932 contingentibus
810 1915 821 1932 ,
838 1892 976 1930 suumque
989 1891 1151 1924 Consilium
1166 1899 1278 1929 impen-

210 1935 355 1974 dendurn,

246 1974 334 2012 Nos,
1257 2006 1263 2013 ο

246 2011 392 2043 Nolentes
415 2011 495 2051 quod
515 2010 592 2041 idern
613 2009 869 2048 Archiepiscopus‚
886 2007 966 2047 super
986 2007 1159 2047 Bajulatione
1172 2005 1278 2038 Crucis

207 2050 429 2089 suae,veniend0
444 2050 481 2080 fic
494 2049 528 2079 ad
545 2048 717 2079 Mandatum
730 2047 862 2078 nostrum
876 2046 969 2078 versus
984 2047 1094 2078 dictum
1107 2046 1280 2077 Parliamen-

166 2120 177 2128 „
209 2097 291 2158 zum,
309 2088 416 2119 ibidem
435 2087 598 2126 morando,
621 2087 667 2118 seu
686 2085 788 2117 exinde
804 2085 953 2117 redeundo
969 2107 980 2125 ,
997 2085 1152 2124 aliqualiter
1170 2092 1281 2123 pertur-

234 2135 295 2158 etur

249 2150 323 2195 Tissi
337 2165 533 2204 praecipimus,
550 2164 666 2195 firmiter
680 2163 872 2203 injungentes,
889 2161 971 2202 quod
994 2162 1108 2201 statim,
1123 2161 1189 2195 vifis
1208 2170 1281 2200 prae-

212 2203 351 2243 sentibus,
369 2205 398 2234 in
419 2203 507 2241 locis,
524 2203 554 2232 in
577 2201 681 2233 Balliva
704 2201 769 2240 tua,
784 2202 833 2233 ubi
857 2201 987 2241 expedire
1000 2200 1120 2239 videris,
1138 2200 1198 2231 tam
1209 2200 1281 2231 infra

214 2241 389 2280 Libertates,
408 2242 495 2280 quam
517 2250 592 2272 exrra
607 2263 618 2280 ,
635 2240 752 2279 publice
769 2240 934 2279 ploclamari
947 2262 958 2280 ,
975 2241 1010 2272 &
1030 2249 1064 2271 ex
1084 2246 1164 2278 parte
1184 2238 1280 2270 nostra

213 2280 299 2311 facias
315 2280 432 2311 firmiter
447 2279 586 2317 inhiberi,

253 2318 305 2349 Ne
320 2320 398 2357 quis,
414 2318 464 2349 sub
480 2316 656 2348 forisfacitura
668 2316 828 2355 Omnium,
847 2325 912 2355 quae
926 2316 1010 2347 nobis
1023 2316 1184 2348 forisfacere
1197 2324 1282 2355 pote-

214 2358 269 2396 rit,
286 2357 403 2395 praefato
418 2355 795 2394 Archiepiscopo‚Crucem
810 2356 885 2386 suam
902 2365 1002 2386 coram
1015 2355 1043 2386 se
1056 2354 1160 2387 deferri
1175 2356 1282 2386 iacien-

214 2397 253 2434 ti,
271 2404 317 2426 aut
336 2396 419 2426 alicui
439 2395 474 2425 de
496 2395 562 2433 suis,
581 2397 609 2425 in
632 2394 776 2426 veniendo
795 2393 830 2425 ad
845 2392 915 2424 Nos
929 2393 965 2424 ad
979 2393 1094 2424 dietum
1110 2392 1284 2424 Parliamen-

214 2442 279 2465 tum
301 2434 450 2472 nostrum,
468 2432 576 2464 ibidem
594 2433 752 2471 morando,
770 2432 816 2464 seu
830 2432 865 2463 ad
882 2441 970 2471 partes
983 2434 1107 2472 proprias
1119 2431 1283 2470 redeundo,

215 2472 393 2510 dampnum,
409 2470 586 2511 molestiam,
604 2471 841 2510 impedimentum
858 2471 975 2510 aliquod
990 2495 1000 2510 ,
1017 2471 1135 2511 inferat,
1152 2472 1200 2504 vel
1223 2480 1284 2511 gra-

217 2520 337 2544 vamen:

253 2548 292 2579 Et
306 2548 509 2579 nichilominus
524 2548 644 2587 praefato
658 2548 903 2587 Archiepiscopo,
920 2548 991 2579 cum
1005 2548 1040 2579 ad
1055 2547 1191 2580 Ballivam
1206 2556 1285 2585 tuam

216 2587 381 2625 accesserit,
397 2596 544 2624 occurras,
560 2589 593 2618 &
609 2587 715 2625 ipsum,
731 2598 766 2618 ac
782 2588 928 2618 Homines
941 2587 1022 2625 suos,
1040 2597 1090 2625 per
1109 2597 1202 2619 totam
1223 2586 1286 2618 Bal-

218 2626 306 2657 livam
319 2633 396 2656 tuam
411 2625 486 2656 salvo
502 2626 535 2656 &
550 2625 647 2656 secure
660 2625 819 2663 conducas,
836 2636 897 2656 nori
910 2627 1075 2663 permittens
1110 2627 1286 2664 quantumin

220 2672 250 2695 te
270 2663 328 2701 est,
343 2663 436 2694 eidem
454 2663 697 2702 Archiepiscopo,
713 2672 760 2695 aut
778 2664 848 2702 suis,
865 2664 901 2694 ab
919 2664 1057 2702 aliquibus
1070 2650 1229 2704 dampnum
1241 2665 1286 2694 in-

221 2703 289 2734 ferri
302 2701 415 2740 aliquod
424 2726 434 2739 ,
451 2710 482 2732 ut
496 2701 536 2732 est
549 2702 668 2732 diorum.

259 2739 349 2771 Teste
361 2739 445 2779 Rege
459 2739 531 2779 apud
545 2739 695 2780 Chpston,
711 2739 849 2773 vicesimo
862 2749 963 2780 quarto
976 2740 1023 2772 die
1036 2740 1149 2780 Aprilis.

911 2819 966 2849 Per
979 2817 1061 2858 igfitm
1076 2821 1181 2858 Regem.

261 2890 420 2923 consimile
438 2891 530 2925 Breve
552 2891 678 2933 dirigitur
698 2891 874 2925 Vicecomiti
892 2893 1032 2926 Eborurn.

225 3028 347 3061 Littera
363 3029 395 3059 in
413 3024 598 3060 Hiberniam
612 3025 697 3072 missit
709 3051 719 3067 ‚
738 3037 796 3072 pro
812 3027 942 3060 Auxilio
958 3039 979 3060 a
997 3028 1080 3061 Clero
1107 3021 1287 3063 concedendo

479 3078 511 3108 in
530 3075 700 3109 Auxilium
717 3076 836 3108 Guerrae
843 3075 903 3121 siaeae
918 3078 1027 3110 Scotiae.

226 3158 341 3217 REX
365 3160 594 3199 Archiepiscopis
606 3185 616 3199 ,
634 3160 782 3199 Episcopis
795 3183 805 3200 ,
829 3160 987 3191 Abbatibus
1001 3183 1011 3200 ‚
1036 3160 1182 3191 Prioribus
1196 3184 1205 3199 ,
1224 3160 1289 3191 Co-

202 3206 209 3213 ·
229 3234 249 3265 S
266 3234 273 3264 1
300 3199 414 3230 mitibus
428 3223 439 3238 ‚
456 3199 611 3232 Batonibus
626 3222 637 3238 ‚
651 3209 685 3231 ac
707 3199 798 3231 Clero
811 3222 822 3238 ,
841 3200 874 3231 δε
894 3199 1010 3238 Populo
1031 3200 1082 3231 suo
1095 3224 1106 3238 ,
1123 3200 1289 3238 Hiberniae,

185 3246 191 3252 ·
250 3244 264 3265 a
276 3244 362 3267 utem.

264 3274 380 3306 Sincera
394 3294 395 3299 =
407 3275 532 3309 Domini
560 3275 690 3308 Dilectio
709 3278 744 3308 δε
765 3285 842 3314 grata
864 3276 993 3308 Devotio
1012 3277 1199 3308 Subditorum
1227 3277 1290 3308 suos

227 3315 444 3345 communicant
458 3314 496 3345 fic
511 3313 645 3353 affectus,
663 3324 694 3346 ut
708 3315 827 3346 libenter
840 3315 994 3347 alterutrim
1009 3317 1054 3348 sua
1065 3316 1228 3355 supportent
1243 3315 1290 3346 0-

229 3361 314 3399 nera,
330 3353 364 3385 &
378 3354 407 3384 in
420 3353 657 3391 oportunitatibus
670 3353 705 3383 ad
722 3353 834 3385 Auxilia
845 3363 943 3387 mutua
957 3355 1011 3386 sint
1022 3356 1116 3393 parati.

267 3390 349 3425 Cum
362 3392 472 3430 itaque,
490 3392 566 3423 circa
577 3391 783 3429 reprimendam
797 3393 954 3425 Scotorum
971 3392 1130 3432 Malitiam,
1148 3394 1196 3433 qui
1217 3403 1290 3424 con-

228 3438 274 3462 tra.
285 3430 355 3460 Nos
367 3429 404 3461 de
419 3429 537 3465 Guerra
544 3429 765 3466 proditionaliter
783 3430 924 3470 insurgere
941 3431 1192 3471 praesumpserunt,
1211 3432 1290 3463 Mala

227 3478 296 3507 quae
315 3476 448 3506 poterunt
469 3467 569 3498 Nobis
590 3468 624 3499 &
644 3467 745 3499 nostris
767 3467 855 3498 indies
867 3469 1012 3509 facientes,
1032 3470 1129 3501 Onera
1144 3471 1205 3501 tarn
1223 3480 1290 3508 gra-

228 3509 276 3539 via
286 3507 440 3538 subivimus
453 3505 664 3545 Expensarum,
681 3506 762 3545 quod
777 3506 938 3538 Thesaurus
959 3508 1054 3539 noster
1072 3509 1227 3547 plurimum
1248 3509 1290 3540 est

226 3545 392 3585 exhaustus,
410 3545 443 3576 &
459 3544 567 3582 adhuc,
585 3553 615 3575 ut
633 3545 758 3583 ipsorum
780 3544 969 3576 Inimicorum
989 3546 1154 3578 nostrorum
1175 3547 1291 3585 propul-

227 3584 323 3616 semus
336 3584 486 3622 Iniuriam,
504 3583 538 3614 &
555 3583 695 3622 Qietem
709 3583 835 3614 Subditis
850 3583 951 3615 nostris
970 3593 1174 3623 praeparemus,
1193 3584 1291 3616 Infini-

228 3631 290 3654 tam
310 3621 496 3661 quodamodo
516 3621 671 3653 Pecuniam
696 3620 845 3653 effundere
859 3632 912 3653 nos
925 3632 1056 3661 oportet,
1075 3623 1154 3662 quod
1170 3623 1204 3654 ad
1218 3633 1292 3662 prae-

228 3662 290 3731 is'ssns
309 3660 470 3693 commode
490 3660 581 3691 facere
599 3669 660 3691 non
681 3659 825 3700 valemus,
842 3661 945 3700 absque
964 3661 1095 3693 Subsidio
1111 3660 1215 3692 Gentis
1237 3672 1293 3693 no-

257 3711 296 3731 rae

265 3724 373 3771 Zdlutn
389 3737 548 3777 perfeetum
562 3737 597 3769 &
610 3734 760 3768 Affectum
774 3738 911 3769 intensum
920 3761 930 3777 ,
946 3748 1018 3777 quos
1031 3738 1066 3768 ad
1077 3737 1165 3768 nostri
1179 3737 1293 3769 conier-

229 3778 377 3808 vationem
397 3776 527 3808 Honoris
548 3777 582 3808 &
604 3774 768 3806 nostrorum
786 3775 977 3807 defensionem
990 3777 1104 3816 Jurium
1119 3776 1293 3809 confidimus

231 3824 283 3846 vos
296 3816 416 3856 habere,
432 3816 585 3847 excitamus
599 3813 767 3852 specialiter,
784 3815 818 3845 &
835 3824 966 3852 rogamus
981 3815 1207 3855 quatinuS,grat?i
1220 3825 1292 3846 con-

232 3851 396 3885 sideratione
408 3854 566 3893 pensanteS,
584 3852 662 3890 quod
676 3854 705 3882 in
720 3851 903 3883 Neceffitatis
917 3853 1048 3884 Articulo
1070 3863 1136 3884 vera
1160 3852 1291 3885 Dileffio

232 3892 453 3931 comprobatur,
469 3892 551 3923 nobis
560 3915 569 3930 ‚
577 3891 614 3922 de
628 3890 672 3921 tali
687 3890 816 3922 Subsidio
824 3913 834 3928 ,
842 3890 920 3928 quod
931 3891 1027 3922 dantes
1039 3891 1151 3930 deceat,
1160 3892 1194 3923 δε
1207 3892 1292 3923 nobis

234 3936 346 3964 gratum
359 3931 417 3962 effe
435 3932 454 3951 ²*
473 3931 572 3962 debeat
587 3930 621 3961 ὃς
634 3938 801 3967 acceptum,
817 3929 922 3959 liberali
940 3929 1162 3967 promptitudine
1178 3929 1292 3962 succur-

237 3967 316 4005 ratis,
333 3977 387 4005 pro
405 3980 466 4007 quo
486 3970 570 4001 vobis
592 3968 724 4000 universis
744 3969 778 4000 ὃς
798 3967 909 4007 singulis
927 3969 1003 3998 vices
1024 3976 1131 4006 gratas,
1148 3978 1289 4000 annuente

237 4002 389 4048 Domino,
406 4007 606 4046 rependemus:
626 4007 697 4037 Hoc
718 4015 812 4038 autem
827 4029 837 4044 ,
854 4005 890 4036 de
909 4005 966 4036 sola
985 4004 1079 4036 vestra
1097 4005 1292 4046 Liberalitate,

236 4042 319 4072 nobis
333 4041 394 4074 fieri
408 4047 544 4084 petimus,
561 4045 614 4077 isti
627 4047 708 4083 vice,
725 4045 852 4075 nolentes
867 4043 948 4082 quod
961 4043 989 4074 id
998 4044 1094 4083 ,quod
1107 4045 1189 4075 nobis
1202 4045 1291 4077 inhac

234 4088 312 4119 parte
330 4079 467 4123 feceritis,
483 4085 606 4117 trahatur
624 4084 687 4117 alias
709 4084 739 4115 in
757 4082 949 4122 Exemplum3
965 4081 1000 4116 ὃς
1022 4083 1087 4122 quia
1099 4092 1136 4115 eo
1148 4083 1223 4116 foret
1237 4093 1292 4122 nor

87 3952 104 3967 ¹·
129 3951 183 3979 iv.

85 3991 153 4027 §42-

1321 149 1786 233 iiuss'LioA.
2305 201 2387 247 ης·

1313 271 1355 300 bis
1378 273 1525 316 acceptius.
1539 274 1592 303 tale
1611 274 1775 318 Subsidium
1789 300 1798 315 ,
1825 287 1885 316 quo
1906 273 1993 317 magis
2012 272 2172 308 indicemus
2201 273 2328 308 celeriter
2349 275 2379 308 id
2398 267 2527 302 Afffl-D4

1312 308 1416 353 habere
1423 333 1440 353 ,⁶
1451 310 1539 340 velitis
1560 320 1679 348 petimus
1701 315 1756 344 hoc
1778 317 1935 354 attendere,
1954 318 1988 348 &c
2005 304 2187 355 quod⁷f¹acere
2200 315 2378 346 decreveritis
2417 314 2502 350 1335·

1313 356 1366 383 pro
1389 348 1513 394 viribus,
1533 359 1668 393 quatenus
1690 355 1847 384 commode
1869 357 2011 393 poteritis,
2032 365 2186 394 maturare,
2207 357 2377 390 injunximus
2395 352 2461 378 adv.
2482 356 2510 387 3⁴

1313 393 1407 415 autem
1430 385 1552 429 Dileciis
1574 389 1612 431 &¹
1629 389 1770 421 fidelibus
1794 393 1913 431 nostris,
1928 393 2107 432 Justiciario,
2126 393 2323 431 Cancellario,
2341 395 2376 424 δε

1314 422 1501 454 Thesaurario
1511 426 1627 461 ,nostris
1642 427 1806 472 Hiberniae,
1821 440 1851 461 ut
1866 441 1929 474 erga
1943 442 1995 462 vos
2009 442 2062 469 pro
2076 431 2221 470 praernissis
2236 432 2376 470 insistant,

1313 462 1346 491 &
1368 461 1405 491 de
1427 463 1564 506 eolquod
1586 475 1637 508 vos
1656 465 1791 505 feceritis,
1810 470 1843 499 Sc
1864 471 1912 507 ipli
1935 470 2053 500 fecerint
2076 473 2104 500 in
2125 472 2177 501 hac
2192 479 2285 509 parte,
2305 480 2376 509 nos,

1312 509 1380 529 cum
1396 510 1477 529 omni
1493 501 1683 541 festinatione,
1701 505 1832 536 distinete
1845 508 1878 538 &
1892 510 2005 545 aperte,
2023 508 2148 540 efficiant
2162 511 2307 540 certiores.

1349 538 1437 568 Teste
1453 538 1535 578 Rege
1548 541 1620 579 apud
1636 541 1761 581 Cowik,
1779 546 1886 577 octavo
1900 547 1946 576 die
1961 547 2041 577 Maii.

1995 587 2049 615 Per
2067 585 2151 626 ipsitm
2167 589 2273 625 Regem»

1314 701 1362 734 De
1378 700 1510 745 Substdio
1526 705 1696 736 Hominum
1715 706 1758 738 ad
1770 709 1874 739 Arma
1889 709 1980 754 ustjm’
1994 713 2127 743 Scotiam
2145 710 2376 756 mittendorum,

1568 763 1622 799 per
1641 754 1776 786 Prolatos
1793 753 1945 789 Hiberniae
1958 758 2111 801 faciendo·

1315 835 1406 890 RE
1418 835 1465 880 X,
1484 837 1644 868 Venerabili
1659 840 1687 868 in
1704 838 1821 882 Christo
1830 839 1923 883 Patri,
1944 865 1949 871 .
1973 862 1980 872 .
2001 865 2007 872 .
2027 843 2128 875 eadem
2145 843 2253 885 gratia,
2273 844 2380 878 Archi*
2398 853 2467 887 Arm
2487 853 2519 887 D

1393 876 1526 913 episcopo
1541 876 1742 907 Armakanenii
1758 888 1786 907 iri
1800 877 1957 918 Hibernial,
1977 880 2110 912 Salutem.
2420 905 2432 925 1
2472 878 2477 885 ’
2521 875 2529 886 ⁵

1328 949 1338 959 Α
1351 913 1480 952 Qaliter
1496 914 1712 952 Scoti,Inimici
1726 918 1759 947 ὃς
1776 916 1908 947 Rebelles
1921 918 2136 956 nostri,contra
2150 922 2219 953 Nos
2235 923 2271 954 de
2279 922 2376 955 Guer-
2396 903 2506 962 An335‘

1310 959 1341 980 ra
1357 952 1544 992 surrexerunt,
1564 954 1700 992 Regnum
1715 954 1844 985 nostrum
1859 955 1997 987 hostiliter
2010 959 2138 997 ingredi,
2157 961 2189 991 ὃς
2203 961 2313 993 Gentes
2321 972 2376 992 no—
2397 978 2417 1000 E
2442 956 2447 963 ’
2463 946 2492 970 9⁴

1310 988 1378 1057 {tras
1398 1000 1513 1030 gravare
1525 1002 1587 1060 'gro
1606 992 1711 1023 viribus
1724 993 1892 1033 satagentes,
1910 995 1969 1026 satis
1982 995 2017 1026 ad
2034 997 2156 1028 vestram
2169 1000 2310 1031 credimus
2322 1011 2377 1032 no-v
2396 983 2462 1039 520?
2470 993 2500 1046 ‘9

1324 1036 1400 1058 itiam
1414 1039 1531 1067 perveni
1556 1041 1579 1060 e.
1787 1066 1790 1068 v
2458 1034 2463 1039 ⁸
2505 1031 2512 1039 ’

1334 1066 1386 1110 ⁴Et
1409 1069 1472 1106 quia
1505 1078 1557 1112 pro
1579 1068 1743 1099 defensione
1763 1069 1832 1100 dieti
1854 1070 1953 1108 Regni
1974 1073 2082 1112 nostri,
2102 1073 2137 1105 ad
2161 1076 2374 1114 reprimendum
2396 1055 2430 1116 E&
2444 1059 2478 1116 ἢ
2493 1058 2532 1085 m'

1311 1103 1458 1137 dierorum
1472 1092 1658 1150 inimicorum
1672 1108 1836 1152 nostrorum
1851 1109 1993 1141 Malitiam
2005 1121 2136 1150 potenter
2147 1114 2182 1145 δε
2197 1116 2328 1154 viriliter,
2342 1117 2378 1148 ad
2434 1109 2440 1115 ¹
2478 1106 2487 1117 ⁸

1312 1152 1401 1187 partes
1425 1144 1549 1183 Scotiae,
1568 1156 1636 1175 cum
1659 1145 1718 1176 Dei
1739 1146 1897 1186 adjutorio,
1912 1152 2104 1187 proponimus
2125 1152 2309 1184 Personaliter
2330 1155 2380 1185 de-

1313 1182 1418 1212 clinare
1442 1183 1487 1220 (ad
1510 1184 1587 1221 quod
1609 1184 1748 1215 Fidelium
1770 1184 1934 1216 nostrorum
1948 1188 2080 1219 Subsidio
2096 1190 2252 1228 plurimum
2270 1193 2381 1230 indige-

1314 1222 1388 1258 mus)
1413 1220 1449 1252 de
1463 1222 1563 1253 vestrae
1577 1222 1727 1253 Fidelitatis
1745 1222 1914 1254 Constantii
1927 1224 2039 1256 firmam
2054 1227 2187 1259 fiduciam
2201 1232 2361 1268 optinentes

1312 1259 1393 1297 quod
1409 1270 1461 1297 pro
1476 1262 1690 1292 conservatione
1704 1263 1821 1292 honoris
1837 1262 1986 1301 nostri‚&
1998 1264 2111 1304 Jurium
2127 1267 2259 1299 Coronae
2276 1255 2382 1301 nostra'e

1315 1298 1453 1335 (quorum
1475 1309 1527 1330 vos
1550 1301 1707 1337 praecipuos
1730 1301 1793 1331 fore
1818 1300 1990 1333 confidimus
2013 1303 2174 1344 Zelatores)
2193 1308 2276 1338 nobis
2291 1310 2382 1340 velitis

1314 1335 1468 1367 efficaciter
1481 1348 1569 1376 opem
1583 1338 1673 1377 ferre,

1349 1375 1414 1419 ,Vos
1435 1376 1591 1407 affeetuose
1614 1378 1784 1415 requirimus
1804 1377 1838 1408 &
1856 1386 2002 1418 rogamus,
2020 1382 2151 1418 quatinus
2170 1382 2206 1413 de
2221 1385 2300 1414 tantis
2314 1385 2382 1416 Hoae

1314 1415 1440 1444 minibus
1459 1415 1493 1445 ad
1516 1415 1606 1446 Arma
1627 1416 1732 1446 Validis
1748 1439 1758 1454 ,
1784 1415 1879 1446 Armis
1900 1418 2129 1456 competentibus
2151 1421 2225 1451 bene
2247 1424 2382 1462 munitis,

1314 1461 1434 1490 quantos
1449 1453 1590 1484 facultates
1606 1454 1707 1485 vestrae
1722 1454 1882 1485 commode
1895 1457 2089 1496 permiserint,
2108 1460 2140 1490 ὃ(
2156 1459 2264 1491 Instans
2286 1461 2383 1493 nostra

1315 1490 1475 1559 Fleceffitas
1495 1493 1634 1532 exegerit,
1655 1493 1754 1524 Nobis
1774 1493 1879 1532 velitis,
1897 1494 2003 1533 absque
2022 1495 2218 1529 Excusationis
2240 1498 2384 1540 diffugio,

1329 1540 1344 1559 u
1370 1540 1481 1568 venire,

1356 1568 1442 1605 Quos
1458 1569 1644 1600 transmittatis
1657 1569 1692 1599 ad
1706 1569 1792 1607 Nos,
1810 1571 1838 1598 in
1856 1568 1939 1600 Festo
1954 1571 2120 1604 Nativitatis
2134 1574 2230 1606 Sanffl
2244 1575 2385 1614 johannis

1316 1604 1463 1645 Baptistae,
1482 1608 1618 1644 proximo
1634 1608 1747 1645 futuro,
1768 1609 1797 1637 in
1813 1607 1979 1647 Comitiva,
1995 1610 2103 1642 Dileffl
2116 1612 2149 1643 &
2164 1613 2266 1644 Fidelis
2274 1615 2363 1645 nostri

1313 1643 1452 1682 Johannis
1469 1645 1585 1686 Darcy,
1602 1645 1753 1684 Justiciarii
1769 1646 1859 1676 nostri
1872 1647 2038 1686 Hiberniae,
2049 1650 2150 1689 Qem
2165 1652 2199 1682 ad
2215 1640 2384 1685 ducendurri

1315 1682 1350 1712 ad
1366 1693 1419 1713 nos
1433 1684 1505 1721 ipsos
1517 1686 1550 1715 ὃ(
1564 1685 1631 1714 alios
1647 1684 1755 1714 Fideles
1769 1684 1879 1715 nostros
1894 1688 2013 1722 partium
2031 1689 2228 1724 praedietarum
2251 1691 2385 1723 duximus

1316 1719 1529 1761 affignandum,
1548 1724 1644 1762 eique,
1661 1733 1710 1761 ac,
1730 1722 1849 1754 Dilet‘to
1869 1723 1986 1755 Clerico
2005 1726 2124 1765 nostro,
2141 1728 2266 1766 johanni
2286 1731 2322 1761 de
2334 1730 2385 1762 Eia

1316 1759 1424 1798 lerker,
1441 1761 1632 1793 Thesaurario.
1641 1761 1740 1792 nostro
1754 1761 1923 1801 Hiberniae,
1942 1763 2073 1803 Qibus,
2091 1766 2125 1796 ὃς
2139 1774 2243 1798 eorum
2259 1771 2383 1808 utrique,

1316 1796 1510 1830 Intentionem
1527 1802 1628 1831 mentis
1644 1800 1750 1831 nostrae
1765 1802 1794 1830 in
1809 1800 1862 1831 hac
1879 1809 1956 1838 parte
1968 1805 2145 1844 aperuimus,
2162 1806 2193 1836 in
2210 1806 2338 1838 dicendis
2350 1816 2386 1840 ex

1317 1845 1396 1874 parte
1410 1838 1505 1869 nostrii
1518 1838 1605 1869 fidem
1620 1838 1765 1869 indubiam
1782 1840 1941 1877 praebeatis:

1355 1875 1442 1907 Hanc
1458 1886 1552 1907 autem
1566 1877 1793 1916 Requisitionem
1808 1877 1953 1917 nostram,
1971 1889 2059 1918 quam
2074 1882 2156 1912 vobis
2170 1880 2204 1913 ad
2219 1884 2338 1922 praesens
2345 1885 2387 1916 ob

1316 1923 1469 1951 urgentem
1492 1915 1682 1947 neceffitatem
1703 1916 1839 1954 facimus⁷
1855 1916 1892 1946 sic
1916 1918 2008 1949 velitis
2031 1919 2201 1958 adimplere,
2220 1924 2320 1961 quod,
2338 1934 2388 1954 ve⁶

1318 1951 1393 1992 str0,
1411 1954 1443 1984 ὃ(
1467 1954 1587 1985 aliorum
1609 1954 1745 1985 Fidelium
1768 1954 1950 1994 nostrorum,
1969 1957 2110 1989 mediante
2125 1960 2272 2000 praesidio,
2292 1961 2389 1992 dieto-

1318 2000 1383 2035 rum
1401 1990 1589 2023 Inimicorum
1605 1993 1768 2024 nostrorum
1784 1993 1948 2025 refraenetur
1962 1995 2157 2035 Rebellio,&
2170 1998 2280 2030 Honor
2293 1999 2390 2031 noster¹

1319 2029 1434 2067 illaesus,
1453 2030 1522 2062 Deo
1538 2033 1660 2069 propitio
1699 2032 1891 2063 conservetur.

1358 2068 1449 2101 Teste
1461 2069 1544 2110 Rege
1555 2069 1628 2109 apud
1645 2055 1779 2110 C'owyk,
1797 2071 1905 2103 οᾶανο
1918 2071 1964 2103 die
1978 2071 2061 2104 Maii.

2009 2114 2063 2142 Per
2075 2111 2158 2153 ipsitm
2173 2116 2279 2153 Regem.

1321 2182 1436 2218 Eodem
1449 2185 1541 2217 modo
1555 2187 1720 2219 mandatum
1734 2187 1776 2258 etst
1791 2187 2018 2257 Arcgiifiptiescopis
2033 2190 2067 2220 δι
2080 2189 2228 2231 Episcopis
2250 2191 2388 2231 subscrip-¹

1754 2238 1794 2266 is,
1812 2238 1841 2260 vi
1863 2238 1878 2258 e
1951 2249 1962 2266 ,

1321 2300 1521 2341 Archiepifiopo
1536 2300 1649 2332 Dublin.

1320 2340 1522 2379 Archiepisc'opo
1537 2341 1668 2380 Caffiden.

1322 2378 1523 2418 Archiepistopo
1538 2380 1569 2408 de
1584 2383 1673 2409 Tame.

1322 2415 1444 2455 Epiftopo
1460 2418 1491 2447 de
1503 2420 1607 2447 Daune.

1321 2456 1444 2494 Episcopo
1459 2456 1489 2485 de
1505 2459 1635 2493 Coigners.

1325 2492 1448 2532 Epist-opo
1464 2495 1554 2524 Mida'.

1323 2533 1446 2571 Episcopo
1460 2532 1591 2569 Ardagh.

1324 2570 1446 2609 Episcopo
1461 2572 1492 2600 de
1507 2571 1632 2601 Kildare.

1325 2610 1447 2649 Episcopo
1460 2610 1493 2640 de
1506 2609 1622 2648 leagh.

1874 2303 1998 2342 Epifiopo
2011 2304 2043 2333 de
2058 2306 2164 2338 fernes.

1871 2345 1998 2381 Episcopo
2012 2344 2043 2372 de
2057 2345 2190 2386 Leghlyn.

1872 2382 1998 2420 Episropo
2012 2382 2044 2411 de
2063 2383 2220 2422 Leffi’more.

1872 2419 1996 2458 Epzstopo
2010 2421 2042 2449 de
2056 2422 2224 2462 lVaterford.

1872 2458 1998 2496 Episcopo
2010 2459 2042 2487 de
2054 2462 2181 2497 Lymerk.

1872 2495 1995 2535 Episcopo
2008 2498 2040 2526 de
2055 2499 2148 2528 Corke.

1875 2534 1997 2574 Episcopo
2013 2535 2044 2564 de
2059 2535 2150 2568 cloue.

1876 2573 1999 2613 Episcopo
2013 2575 2045 2604 de
2059 2577 2086 2604 K
2083 2585 2143 2615 yry.

1358 2748 1386 2776 ἢ*
1412 2750 1510 2799 Qod
1525 2754 1693 2798 Au‘agnates
1713 2748 1865 2784 Hibernia
1875 2748 2038 2799 fitbsiripti
2053 2757 2178 2787 veniant
2195 2754 2239 2788 ad
2249 2767 2354 2803 partes
2409 2759 2425 2775 ⁴
2442 2760 2497 2788 IV.⁸

1613 2802 1712 2832 Scotiae
1728 2811 1796 2831 cnm
1818 2803 1917 2846 Equis
1931 2804 1969 2839 (ῥ’
1988 2804 2112 2836 Armis.
2409 2799 2476 2834 643·

1326 2884 1458 2942 REX,
1479 2884 1598 2914 Differo
1614 2884 1646 2914 &
1659 2883 1681 2913 F
1683 2883 1746 2914 ideli
1761 2883 1829 2922 suo,
1842 2884 1958 2923 Jacobo
1970 2883 1997 2916 le
2010 2885 2143 2927 Botiller,
2162 2887 2274 2921 Comiti
2288 2890 2325 2921 de
2332 2890 2391 2921 Or-
2411 2896 2544 2931 [ψη-Ιχ

1402 2923 1492 2954 mund
1499 2947 1507 2961 ,
1526 2923 1657 2952 Salutem.

1366 2962 1495 3000 Qialiter
1509 2960 1727 2998 Scoti,1nimici
1739 2961 1772 2991 &
1787 2959 1917 2992 Rebelles
1929 2961 2139 3002 nostri‚contra
2147 2965 2299 3004 Nos‚&c.
2309 2973 2391 3006 prout
2408 2945 2523 3007 A1335⁴

1319 3000 1404 3040 ficpra
1416 3000 1494 3040 usque
1508 2999 1563 3043 (πί
1578 2999 1682 3043 veriam·
1703 3002 1764 3029 viz.
1800 3039 1805 3044 ·
1856 3039 1861 3044 0
1906 3039 1911 3045 .
2407 2987 2504 3053 anfi.

1365 3039 1414 3070 De
1433 3038 1531 3069 vestris
1552 3037 1696 3067 Probitate
1716 3038 1750 3067 &
1775 3037 1925 3069 Fidelitatis
1949 3039 2116 3071 Constantia
2130 3040 2240 3071 firmam
2256 3040 2390 3074 fiduciam
2409 3056 2515 3084 Ibidem

1327 3079 1504 3115 optinentes,
1523 3076 1616 3114 Qiod
1637 3086 1690 3113 pro
1710 3077 1924 3108 conservatione
1945 3078 2076 3109 Honoris
2095 3079 2207 3117 nostri,
2227 3080 2260 3110 ὅτ
2276 3081 2391 3118 Jurium

1328 3116 1457 3146 Coronae
1478 3114 1602 3153 nostrae,
1617 3115 1694 3152 juxta
1713 3115 1869 3154 Ligeantiae
1891 3116 1991 3148 vestrae
2012 3117 2140 3148 debitum
2154 3141 2164 3156 ,
2191 3118 2275 3148 nobis
2299 3119 2390 3151 velitis

1327 3153 1449 3184 assistere
1463 3152 1579 3183 Auxiliis
1591 3154 1753 3191 oportunis,
2429 3180 2431 3182 .

1366 3193 1428 3223 Vos
1447 3191 1601 3221 affeetuos‘e
1622 3191 1807 3229 Requirimus
1825 3193 1859 3224 ὅτ
1877 3192 2029 3230 Rogamus
2042 3194 2168 3231 quatinus
2183 3194 2273 3232 Equis
2285 3196 2319 3227 &
2332 3196 2388 3227 Ar-

1328 3232 1397 3269 mis,
1416 3239 1521 3269 quanto
1533 3230 1679 3260 decentius
1693 3232 1834 3269 poteritis,
1852 3242 1904 3262 vos
1917 3233 2032 3269 paretis,
2050 3233 2085 3262 ita
2100 3233 2179 3270 quod
2194 3236 2318 3272 prompti
2334 3235 2388 3266 fitis

1328 3270 1362 3300 &
1382 3270 1480 3307 parati,
1499 3269 1527 3297 in
1546 3268 1631 3298 Festo
1650 3267 1812 3299 Nativitatis
1831 3269 1927 3300 Saneri
1939 3269 2075 3307 johannis
2090 3269 2237 3310 Baptistae,
2254 3274 2387 3309 proximo

1329 3309 1425 3339 futuro
1442 3330 1451 3346 ,
1467 3306 1501 3336 ad
1520 3307 1652 3337 ultimum
1665 3331 1674 3344 ,
1692 3307 1726 3337 ad
1746 3307 1983 3345 proficiscendum
2004 3308 2106 3338 exinde
2122 3332 2131 3346 ‚
2149 3310 2182 3340 ad
2205 3319 2292 3347 partes
2313 3311 2386 3341 Sco-

1329 3348 1392 3385 tiae‚
1409 3348 1438 3376 in
1451 3344 1601 3377 Comitiva
1610 3368 1620 3384 ‚
1637 3344 1745 3376 Dilecti
1760 3348 1793 3377 ὃς
1808 3346 1908 3376 Fidelis
1923 3346 2028 3385 nostri,
2043 3346 2179 3386 Johannis
2194 3348 2306 3388 Darcy,
2322 3347 2385 3385 &q

1325 3392 1405 3425 prout
1414 3384 1507 3423 fiepra.

1368 3423 1459 3455 Teste
1473 3430 1505 3453 ut
1519 3421 1606 3460 supra.

1992 3463 2046 3492 Per
2060 3462 2143 3502 ipſsem
2155 3464 2259 3501 Regem.

1388 3547 1501 3579 Eodem
1516 3545 1608 3578 modo
1621 3546 1782 3579 mandatum
1799 3546 1840 3578 est
1852 3548 1986 3578 omnibus
2000 3549 2034 3579 δε
2048 3548 2161 3588 singulis
2181 3548 2338 3589 subscriptis

1696 3586 1856 3627 separatim,
1875 3587 2024 3625 videlicet,

1371 3666 1507 3693 Mauritio
1519 3660 1586 3692 Filio
1599 3663 1705 3693 Thomae
1719 3666 1815 3693 Comiti
1828 3664 1860 3694 de
1874 3661 2040 3702 Deffi’mond.

1371 3704 1471 3732 Simoni
1483 3702 1514 3730 de
1528 3701 1670 3740 Genevill‚
1880 3705 1899 3734 Ἰ

1371 3741 1486 3770 Ricardo
1500 3743 1582 3776 Tute,

1371 3777 1505 3808 Nirholao
1520 3779 1551 3806 de
1567 3777 1686 3816 Verzbm,

1371 3817 1509 3853 Francisco
1522 3818 1602 3853 Feypo
1610 3838 1620 3853 7

1372 3857 1488 3884 Henrico
1499 3854 1531 3882 de
1544 3852 1676 3892 Ve‘rnoi'll,

1372 3892 1486 3922 Ricardo
1498 3890 1590 3931 Direl,
1921 3889 2069 3922 Militibus.

1372 3929 1502 3969 Johanni
1514 3930 1545 3958 de
1559 3934 1647 3968 Crany
1656 3952 1665 3967 ,

1373 3972 1474 3998 Reirico
1489 3968 1555 3996 Filio
1569 3970 1685 4005 Rarici,

1372 4007 1498 4045 Jordano
1512 4005 1542 4034 de
1557 4006 1663 4043 Ardis,

1372 4044 1499 4083 Johanni
1513 4044 1545 4073 de
1558 4047 1633 4072 Brit.

1372 4082 1507 4115 Richardo
1521 4082 1553 4113 de
1566 4082 1671 4121 Ardz's,
1862 4118 1910 4159 Q

2308 4119 2397 4155 Umass
