2562 4279
231 116 311 155 166

79 196 155 228 Arm.
171 195 213 226 D.
225 196 382 228 vinculiurn
398 197 466 226 inter
489 194 635 229 homin-cs,
654 190 701 221 sua
714 191 847 228 originali
860 191 1009 229 pravitate,
1029 190 1153 221 callidius
1175 189 1292 220 molitur

108 235 191 275 1318.
224 236 388 271 infringere.
593 269 608 274 ..
819 267 824 273 ¹
892 267 907 273 ..

263 273 386 310 Ideoque
402 272 464 301 totis
484 269 622 300 desideriis
643 267 725 298 decet
744 277 796 297 nos
817 277 846 298 m
869 266 936 303 hus,
954 277 1018 305 quae
1036 265 1071 298 ad
1092 276 1194 304 pacem
1213 265 1292 304 sunt,

224 312 371 349 vigilanter
392 308 549 344 intendere,
577 305 712 349 ipliusque
730 305 831 336 versuti
849 305 947 343 Hostis
966 306 1056 344 jacula
1089 303 1219 344 congruis
1241 314 1287 334 re-

228 350 386 382 mediorum
401 346 551 376 obstaculis
566 353 728 382 pl‘oeveml'e.

266 386 446 417 Artendentes
468 386 557 420 itaque
584 381 759 416 Guerrarum
779 381 935 414 discrimina
950 405 960 420 ,
985 381 1233 420 Depraedationes,
1259 379 1293 411 &

229 423 395 457 Homicidia
406 446 414 460 ,
432 423 463 452 &
481 423 531 451 alia
557 420 690 458 Dampna
713 421 877 459 innumera,
893 431 975 459 quae,
993 422 1022 450 in
1039 421 1158 458 partibus
1175 419 1294 450 Hollan-

228 464 282 493 die
297 463 330 492 &
345 462 434 491 Friliae
444 483 452 497 ,
472 460 609 499 indigenis
626 459 723 496 Regni
739 459 844 498 nostri,
863 459 896 489 ad
918 466 1005 497 partes
1019 458 1076 488 illas
1092 468 1144 496 pro
1159 467 1295 488 commu-

226 503 313 532 nione
330 499 588 529 Mescinioniotum
610 496 761 528 neceffaria
781 498 974 534 venientibus,
991 497 1027 527 ab
1047 496 1150 526 Incolis
1171 495 1293 534 partium

227 539 354 575 illarum,
372 538 404 567 &
420 536 516 574 sepius
535 537 604 566 hinc
625 535 707 574 inde,
724 535 805 566 dieto
825 536 950 566 Inimico
966 543 1152 573 procurante,
1169 536 1198 564 in
1221 532 1294 563 tertii

227 578 353 614 marique
369 574 519 605 commiss-5³
533 575 593 605 sunt
605 575 637 605 &
651 574 738 612 illata3
757 575 790 605 δε
807 574 896 605 multo
913 575 1007 612 pejora
1019 596 1030 612 ,
1056 583 1118 612 quae
1138 570 1294 603 verisimili-

226 624 268 646 ter
282 616 415 645 timentur
429 614 459 642 in
476 613 619 651 posterum
634 612 794 651 inferenda;

265 653 351 690 Super
370 652 468 690 quibus
481 651 621 690 sedandis,
640 652 674 682 &
691 651 787 681 futuris
799 651 987 689 temporibus,
1006 648 1137 688 perpetua
1151 647 1295 686 firmitate,

227 691 372 728 tollendis,
390 700 438 727 per
453 690 602 728 Nuncios‚
621 689 683 721 Viri
699 688 871 728 Magnum,
892 689 1015 719 Domini
1030 686 1294 718 WillielmiComi-

229 731 265 760 tis
288 728 450 767 Hanoniae,
476 728 647 765 Holandiae,
664 728 697 758 &
722 728 877 765 Selandiae‚
903 728 936 758 &
964 726 1087 757 Domini
1113 726 1220 763 Frifiae,
1244 734 1295 763 per

226 769 305 798 viam
324 768 512 805 matrimonii,
530 769 600 798 inter
615 766 787 797 Edwardum
803 765 891 796 filium
907 764 1034 796 nostrum
1048 764 1295 810 primogenitum,

227 807 261 836 &
276 805 467 841 Margaretam
482 806 583 836 Filiam
604 805 685 844 ipsius
706 803 831 836 Comitis
850 804 1061 842 contrahendis,
1078 812 1146 833 cum
1167 801 1295 833 instantia

227 844 399 882 frequentius
418 845 546 882 excitati,

266 882 425 920 Habitaque
437 893 485 920 per
498 892 565 920 nos,
582 882 615 912 δε
630 881 788 920 Optimates
802 880 897 920 Regni
910 879 994 911 nostri
1014 881 1148 917 (quorum
1167 877 1297 909 Consilio

227 921 262 966 ξε
277 920 408 951 Praesidio
417 921 485 968 Jura
499 920 610 959 nostra,
627 919 684 951 Pax*
695 943 704 959 ,
721 920 755 951 &
768 919 953 958 Tranquilitas
974 918 1137 955 fulciuntur)
1161 917 1297 948 delibera-

226 967 305 990 tione
321 968 444 997 matura,

270 997 353 1028 Utile
368 999 401 1028 &
417 996 580 1035 expediens,
600 997 762 1035 quinimmo
784 995 967 1028 necessarium
987 996 1152 1027 arbitramur
1174 994 1251 1024 viam
1264 992 1298 1023 il-

228 1035 285 1066 lam
295 1059 304 1074 ,
320 1046 372 1074 pro
387 1036 521 1066 soliditate
536 1036 611 1072 pacis
625 1035 839 1074 consequenda,
865 1045 921 1073 prae
941 1035 1049 1066 caeteris
1065 1032 1245 1071 eligendam,
1262 1041 1296 1063 ac

229 1075 386 1104 Vinculum
401 1073 560 1113 Conjugale
572 1082 629 1103 tam
645 1082 782 1111 gratanter
795 1074 938 1111 oblatum,
956 1073 1011 1103 Dei
1024 1070 1216 1110 providentia,
1233 1080 1298 1111 quae

229 1111 353 1149 disponit
367 1114 480 1151 onmia,
499 1111 647 1150 vestroque
667 1111 796 1142 Consilio
815 1112 848 1143 ὃς
872 1111 984 1142 Auxilio
1003 1110 1207 1148 mediantibus,
1227 1118 1297 1140 cum

230 1159 340 1189 tempus
355 1151 380 1181 se
391 1151 540 1187 obtulerit,
557 1150 763 1180 celebrandum.
850 1150 853 1152 ’

268 1189 377 1219 Verum
392 1190 457 1228 quia
471 1188 560 1227 dieti,
579 1188 662 1219 Filius
674 1189 707 1219 δε
722 1188 806 1226 Filia,
822 1189 850 1218 in
865 1189 946 1219 tertio
961 1186 1217 1223 Consanguinitatis
1231 1196 1297 1224 gra-

225 1226 264 1257 du
279 1227 305 1257 se
320 1228 480 1258 adinvicem
495 1229 625 1265 attinent,
644 1228 676 1258 &
697 1227 808 1257 idcirco
830 1227 979 1266 nequiunt,
997 1225 1098 1263 absque
1118 1226 1195 1256 Sedis
1217 1226 1298 1263 Apo-

228 1265 341 1296 stolicae
361 1267 448 1303 gratia
463 1289 473 1304 ,
498 1265 690 1295 Matrimonio
713 1275 750 1295 co
772 1265 855 1303 ulari,
882 1265 1027 1295 Amicitiae
1049 1262 1150 1294 vestrae
1172 1265 1297 1303 gratuitae

780 1304 844 1342 egni
864 1302 953 1333 nostri
971 1302 1171 1340 tranquilitate,
1191 1301 1297 1332 nedum

79 275 147 302 Ἐάν.
166 283 193 303 2.

233 1304 330 1341 (quam
353 1305 483 1334 novimus
508 1313 560 1341 pro
579 1303 674 1333 nostra
697 1303 729 1333 ὅ(

229 1341 317 1373 corde
331 1343 364 1373 &
381 1352 470 1380 voce,
487 1342 524 1371 set
537 1342 628 1379 potius
642 1341 781 1371 mentis&
795 1342 922 1378 corporis
934 1341 1103 1378 expolitione
1117 1339 1298 1371 effectualiter

228 1381 362 1411 haetenus
375 1379 518 1416 laborasse)
538 1380 668 1410 duximus
681 1379 890 1417 supplicandum
899 1402 909 1417 ,
926 1381 1070 1417 quatinus,
1086 1389 1138 1416 pro
1152 1379 1230 1408 dicia
1244 1377 1299 1408 dis-

230 1418 396 1456 pensationis
411 1420 496 1455 gratii
511 1417 682 1455 optinenda,
701 1427 783 1455 penes
791 1417 955 1447 Dominum
970 1417 1121 1447 Summum
1131 1416 1298 1447 Pontificem

233 1457 293 1493 (cui
311 1457 390 1493 super
410 1458 467 1487 hoc
494 1466 590 1493 preces
611 1455 714 1485 nostras
729 1455 887 1494 dirigimus)
909 1464 996 1493 partes
1016 1455 1116 1487 vestras
1139 1456 1300 1494 interpone-

229 1505 259 1525 re
276 1494 363 1525 velitis
378 1506 446 1526 cum
461 1494 587 1524 instantia
601 1493 720 1524 efficaci.

265 1531 332 1564 Dat.
346 1533 416 1571 apud
434 1532 582 1571 Eborum,
601 1532 716 1563 decimo
731 1531 779 1563 die
791 1531 973 1562 Decembris.

400 1607 514 1640 Eodem
528 1608 618 1639 modo
630 1607 758 1639 scribitur
774 1607 948 1647 subscripti53
968 1607 1115 1646 videlicet,

264 1689 380 1717 Domino
398 1688 440 1716 A.
461 1683 630 1725 Albanenfi,
1005 1683 1026 1714 Ἰ

264 1728 381 1755 Domino
399 1726 438 1754 N.
457 1724 590 1784 Hostienfi
608 1722 646 1758 όν
664 1721 846 1762 Welletrenfi,
1018 1715 1024 1763 Ι
1089 1760 1093 1765 .
1167 1760 1172 1764 ῃ

263 1766 381 1793 Domino
399 1765 440 1791 A.
458 1761 619 1805 Atbinenfi,
1013 1758 1194 1805 >Episcopis

262 1804 378 1830 Domino
397 1803 430 1829 G.
452 1800 630 1840 Penestrensz,
1017 1806 1022 1856 Ι

262 1842 378 1869 Domino
393 1842 428 1869 Β.
447 1839 609 1878 Tusculano,
999 1863 1019 1891 J

262 1919 380 1947 Domino
408 1918 452 1947 W.
477 1915 557 1946 tituli
583 1916 677 1945 Sanc'li
702 1917 826 1945 Mastini
843 1917 872 1944 in
893 1912 1023 1945 Monti-'l

367 1954 414 1984 hus

261 1996 377 2023 Domino
394 1977 430 2022 G'.
450 1993 527 2022 tituli
543 1994 637 2023 Samsli
656 1991 784 2030 Euftbii,

260 2034 376 2061 Domino
396 2034 429 2060 G.
451 2034 545 2069 Pe.·ri,
572 2029 650 2059 tituli
667 2032 775 2059 Sanffz‘ae
793 2028 912 2067 Ceciliae,

260 2072 379 2100 Domino
398 2072 432 2099 G.
450 2069 528 2099 tituli
545 2071 638 2099 Sancti
657 2072 756 2097 ciriaci
771 2072 798 2096 in
816 2071 934 2106 Ternas,

260 2111 375 2137 Domino
394 2110 437 2137 W.
457 2109 488 2137 de
507 2111 619 2146 Poieto‚
643 2107 719 2136 tituli
737 2108 832 2136 Sancti
859 2104 998 2143 Marcelli,
1012 2105 1194 2142 >Hesi->iteris
1208 2104 1279 2137 Ca:-

258 2146 499 2214 D0⁷⁷1in⁰l⁷itali>
517 2145 601 2176 Tituli
619 2146 713 2175 Sancti
727 2148 850 2174 stlartini
865 2148 895 2174 in
911 2147 994 2173 Mm-
1011 2145 1018 2195 ι
1071 2144 1213 2175 dinalibus.

363 2192 386 2214 tl
404 2195 434 2214 us

258 2226 375 2253 Domino
392 2225 432 2253 N.
442 2208 538 2253 'Tituli
555 2224 650 2253 Sanan
669 2221 781 2260 egidii,
1010 2198 1016 2246 Ι

258 2264 451 2329 DominoMJlL
478 2261 564 2291 Tituli
588 2262 681 2291 Sanlli
705 2260 836 2298 Stephani
860 2260 892 2290 de
923 2248 1017 2297 Celiol

401 2307 479 2339 onte,

995 2300 1016 2329 J

259 2381 375 2410 Domino
394 2376 570 2416 Neapolioni,
588 2376 682 2406 Sancti
700 2376 843 2414 Adriani,
1000 2377 1021 2408 Ἱ

259 2420 375 2448 Domino
391 2415 494 2455 Jacobo
511 2417 543 2446 de
559 2414 705 2453 Columpnd
714 2437 725 2452 ,

258 2458 377 2485 Domino
397 2458 441 2484 A.
460 2455 568 2484 Sanc‘t'ae
587 2456 689 2483 stlariae
709 2456 737 2482 in
757 2454 883 2489 Portica,

259 2497 377 2523 Domino
395 2497 430 2523 Β.
447 2494 478 2522 de
500 2496 594 2522 Monte
614 2492 761 2521 Flaventio
773 2515 782 2530 ‚
804 2490 911 2520 Sanctae
926 2491 995 2519 Ma·
1010 2495 1016 2508 ¹

368 2536 416 2562 ria>
435 2535 464 2561 in
479 2535 606 2571 Aqurro,
1012 2512 1017 2558 l

256 2574 374 2601 Domino
391 2573 433 2600 A.
451 2569 482 2598 de
502 2572 571 2608 Via,
591 2571 693 2606 Nepoti
711 2569 811 2606 Papae,
1009 2563 1016 2605 Ι

256 2612 372 2639 Domino
389 2612 427 2639 L.
446 2608 554 2637 Sanft'ae
574 2610 676 2637 Mariae
693 2609 723 2634 in
741 2606 793 2635 Viti
811 2603 891 2643 latd,
1008 2609 1030 2650 >

255 2651 372 2677 Domino
386 2646 516 2686 Johanni
533 2647 630 2675 Sane't'i
650 2644 797 2681 Theodori,
1008 2653 1014 2701 Ι

256 2688 272 2703 *
289 2688 403 2715 Domino
420 2685 561 2714 Bernardo
579 2684 686 2712 827stae
705 2682 848 2720 Agathae,

256 2727 372 2754 Domino
390 2726 472 2753 Petro
490 2724 522 2752 de
540 2721 701 2759 Columpmi,
1008 2705 1013 2753 Ι

255 2764 372 2791 Domino
388 2761 537 2790 Guillielmo
557 2761 652 2790 Sancti
669 2757 798 2789 Nicholai
822 2761 852 2787 in
881 2760 990 2786 Carcere
1005 2756 1012 2839 Ι

361 2799 486 2829 Tulliano

255 2841 371 2870 Domino
389 2821 518 2868 Arnald'o
533 2837 627 2867 Sanffti
644 2834 802 2875 Eustachii,
990 2843 1010 2870 )

1033 2602 1170 2633 Diaconis
1185 2601 1255 2634 Car-

1068 2641 1212 2672 dinalibus.

84 2701 104 2721 2
119 2702 178 2729 nt.

98 2740 165 2776 748·

255 2917 372 2946 Domino
393 2917 477 2945 Petro
496 2913 528 2943 de
547 2911 628 2954 Ofia,
646 2914 743 2941 Fratri
762 2913 873 2940 Domini
890 2910 986 2947 Papae,

255 2957 371 2984 Domino
391 2951 520 2982 Arnaldo
539 2951 670 2988 Brundi,
688 2953 799 2980 Domini
815 2951 896 2985 Papae
915 2949 1032 2986 Nepoti,

259 2995 377 3022 Domino
396 2990 537 3020 Bernardo
552 2989 676 3027 Jordan*
686 3012 694 3026 ,
712 2991 826 3017 Domino
846 2985 962 3023 Infidae,

255 3033 370 3060 Domino
387 3031 470 3059 Petro
488 3029 520 3058 de
540 3027 610 3066 Vni,
628 3029 738 3057 Domini
758 3027 839 3063 Papa:
857 3027 964 3062 Nepoti.

405 3173 454 3205 Dc
484 3166 667 3203 Hominibus
692 3164 829 3200 levandis
854 3175 957 3197 contra
982 3167 1089 3196 Scotos.

68 3270 134 3300 Αῃῃ
158 3269 189 3300 D
217 3255 336 3314 REX
346 3279 356 3294 ,
375 3255 482 3286 dileeto
499 3253 721 3290 consanguineo
735 3252 768 3283 δε
780 3249 853 3281 fideli
867 3249 914 3279 suo
924 3272 933 3286 ,
943 3247 1068 3287 Johanni
1084 3247 1120 3278 de
1135 3245 1286 3285 Britannia,

96 3318 108 3338 1
137 3294 170 3338 '18
192 3292 198 3298 ⁶
292 3294 408 3325 Comiti
426 3291 664 3329 Richemundiae,
680 3291 805 3321 salutem.
981 3325 986 3330 .
1188 3325 1192 3329 Ι
1266 3323 1271 3328 ι

69 3317 180 3373 An312⁶
255 3333 339 3364 Dum
355 3332 432 3363 Dam
474 3342 489 3362 a
503 3334 668 3367 innumera,
683 3329 811 3366 Strages,
828 3324 1017 3368 &Incendia,
1037 3333 1101 3368 quzje
1116 3323 1211 3361 Scoti,
1229 3322 1287 3367 lm-

68 3388 90 3410 z
117 3367 137 3410 '2
176 3367 181 3373 ’
220 3373 288 3402 mici
304 3372 337 3402 &
352 3371 434 3401 Rebe
453 3380 482 3400 es
496 3368 603 3405 nostri,
621 3364 680 3397 ηὸτι
702 3366 795 3396 solum
817 3366 846 3394 in
862 3363 996 3394 Marchi'a
1009 3363 1131 3400 Scotiae,
1149 3361 1187 3392 set
1202 3370 1286 3391 etiam

69 3404 204 3457 clausu.
221 3409 291 3441 infra
311 3410 447 3447 Regnum
469 3407 613 3442 nostrum,
640 3405 723 3442 usque
745 3406 772 3434 in
791 3403 944 3445 Comitatu-
964 3401 1112 3438 Eborum,
1138 3400 1287 3443 hadtenuS,

69 3463 102 3485 E.
127 3443 156 3486 2:
171 3469 206 3487 m,
222 3448 345 3485 pluribus
357 3448 484 3484 vicibus,
501 3444 693 3482 multipliciter
714 3442 918 3480 perpetrarunt,
937 3451 966 3469 m
983 3448 1077 3469 mente
1098 3438 1288 3477 revolvimus,

223 3486 357 3516 anxietate
373 3487 450 3521 gravi
465 3494 497 3515 ex
513 3484 566 3513 hiis
580 3482 692 3512 internis
703 3482 883 3518 perforamur.
1183 3515 1188 3520 ι

260 3522 339 3552 Cum
357 3524 392 3552 ita
413 3534 464 3561 ue,
483 3532 536 3560 pro
549 3521 695 3551 salvatione
709 3518 806 3556 populi
820 3517 926 3554 nostri,
944 3516 976 3546 &
991 3514 1148 3545 defensione
1164 3514 1286 3552 ejusdem

225 3570 320 3591 contra
335 3560 406 3590 hosti
418 3571 445 3590 es
461 3557 602 3597 aggressus
617 3558 761 3588 diciorum
778 3556 964 3586 inimicorum
978 3553 1137 3595 nostrorum
1147 3575 1156 3590 ,
1173 3554 1202 3582 in
1217 3563 1287 3590 prce-

223 3600 290 3629 senti
306 3598 404 3628 seisona
419 3598 549 3637 hiemali,
566 3599 596 3627 in
612 3597 732 3637 partibus
748 3594 899 3625 Borialibus
915 3601 1025 3622 moram
1040 3594 1133 3621 iacere
1147 3600 1287 3628 propona-

224 3646 300 3666 mus·

260 3660 344 3711 N’os,
362 3674 397 3703 de
411 3673 499 3704 vestra
514 3673 642 3703 fidelitate
657 3670 774 3713 probata
795 3670 917 3708 plenarie
935 3667 1121 3704 confidentes,
1139 3666 1286 3711 affignavi-

224 3721 286 3741 mus
307 3721 356 3740 vos
372 3712 404 3740 ad
420 3712 568 3741 levandum
591 3721 639 3750 per
659 3720 727 3747 vos,
753 3720 820 3740 cum
841 3709 875 3739 ad
899 3708 955 3737 hoc
975 3716 1072 3736 vacare
1095 3715 1234 3743 p0ter1tis,
1252 3706 1285 3735 &

224 3759 272 3787 per
288 3749 369 3784 alios,
385 3749 419 3777 de
433 3750 531 3788 quibus
545 3749 655 3786 plenam
670 3748 801 3777 fiduciam
817 3747 955 3784 habeatis,
972 3746 1042 3775 cum
1057 3754 1156 3774 vacare
1170 3753 1287 3781 nonpo—

223 3788 333 3823 teritis,
356 3796 452 3816 omnes
475 3788 506 3816 &c
533 3787 655 3823 fingulos
676 3786 817 3816 Homines
837 3786 869 3815 ὃς
892 3785 1031 3814 Tenentes
1062 3782 1168 3812 vestros
1183 3805 1192 3820 ,
1219 3784 1286 3812 citra

224 3825 382 3860 Trentam,
400 3824 428 3852 in
445 3824 662 3864 quibuscumque
685 3823 872 3853 Comitatibus
893 3822 1027 3858 existant,
1042 3822 1097 3852 tam
1114 3820 1185 3850 infra
1204 3820 1287 3850 liber-

224 3871 309 3899 tates,
328 3863 412 3899 quarn
433 3870 522 3898 extra,
548 3863 618 3891 inter
638 3870 728 3891 aetates
746 3862 849 3897 viginti
865 3861 897 3890 &
918 3860 1056 3896 sexaginta
1075 3868 1233 3895 annorum,
1252 3859 1285 3888 ὃς

225 3901 261 3933 ad
273 3898 504 3937 supervidendum
519 3900 596 3936 quod
610 3900 750 3929 Homines
765 3900 797 3930 &
810 3899 952 3928 Tenentes
966 3897 1050 3927 vestri
1064 3896 1208 3935 praediffl,
1226 3898 1284 3927 tam

225 3939 356 3976 Equites,
391 3937 453 3966 uiim
470 3935 593 3974 Pedites,
613 3937 705 3966 Armis
718 3937 941 3974 competentibus
956 3937 1125 3966 muniantur¹

261 3976 297 4008 Et
316 3985 373 4015 quo
411 3973 521 4005 Pedites
540 3974 580 4003 illi
595 3975 623 4004 in
648 3974 771 4005 Vintenis
791 3975 825 4006 δε
852 3974 999 4012 centenis,
1021 3973 1144 4012 ipsique,
1161 3974 1195 4005 &
1214 3972 1284 4003 dieti

70 3504 118 3529 bio.

714 93 1500 150 CONVENTIO'NEs,
1556 92 1942 154 LtTnRAE,

1333 187 1450 226 Equites
1465 189 1496 218 in
1511 186 1727 218 Constabularia
1743 187 1834 218 modo
1849 187 1944 218 debito
1959 181 2117 225 ponantur3
2135 182 2168 218 &
2184 182 2262 226 quod
2275 189 2399 226 prompti
2416 181 2490 214 Ann.
2505 184 2542 220 Ι),

1333 227 1385 257 fint
1400 228 1433 257 ὃς
1446 228 1534 264 parati
1548 227 1582 256 ad
1599 225 1833 263 proficiscendum
1847 224 2013 262 nobiscum,
2032 225 2060 254 in
2075 223 2222 256 Comitiva
2249 226 2338 257 vestra
2357 229 2400 256 in—
2440 223 2519 261 1318-

1332 264 1376 295 fra
1391 264 1553 302 Triduum,
1571 274 1587 294 a
1601 273 1729 301 tempore
1744 264 1980 302 praemunitionis,
1997 273 2046 300 per
2065 272 2116 293 nos
2129 262 2157 293 su
2179 274 2206 294 er
2223 265 2281 295 hoc
2296 264 2401 295 facien·
2419 262 2483 290 Edv.
2501 272 2527 292 ι.

1333 302 1380 334 dae
1415 311 1514 334 contra
1528 303 1621 333 diCtos
1634 302 1773 333 Inimicos
1786 303 1818 332 ὃς
1828 301 1957 332 Rebelles
1971 301 2097 339 nostrOS,
2115 301 2134 331 fi
2171 302 2259 332 ictum
2266 302 2401 342 Regnum

1333 326 1463 372 nostrum
1478 341 1679 380 ingrediantur,
1697 341 1732 371 ad
1748 350 1845 370 eorum
1862 339 2012 377 malitiam,
2030 348 2097 369 cum
2112 338 2170 369 Dei
2185 340 2336 379 adjutorio,
2355 352 2399 371 re-

1332 379 1515 417 primendum
1524 392 1534 418 3
1550 380 1583 410 &
1598 380 1632 410 ad
1648 381 1821 417 puniendum
1836 388 1936 408 omnes
1949 377 2027 415 illos,
2044 387 2113 415 quos
2127 378 2164 408 de
2175 377 2354 411 Hominibus
2366 380 2399 410 δε

1334 418 1510 487 {effugatis
1524 417 1619 449 vestris
1643 417 1796 457 praedietis,
1815 418 1845 447 in
1864 416 1919 447 hac
1939 424 2034 455 parte,
2052 415 2218 447 Contrarios
2239 417 2400 449 inveneritis

1413 466 1428 486 e
1485 467 1522 487 es.

1371 494 1409 525 Et
1423 494 1491 526 ideo
1509 495 1590 525 vobis
1611 494 1792 533 mandamus,
1810 493 1889 532 quod
1908 492 1943 523 ad
1957 492 2097 531 praemissa
2111 492 2209 524 omnia
2229 493 2262 524 δε
2279 492 2400 533 singula,
2424 511 2427 513 Δ

1332 533 1361 563 in
1375 532 1468 564 forma
1483 532 1616 571 praedicta
1625 557 1635 572 ,
1649 532 1792 571 facienda,
1809 533 1865 562 aliis
1878 529 2082 570 praetermisfis,
2100 531 2195 562 modis
2207 533 2340 563 omnibus
2355 534 2400 562 in-

1333 570 1464 602 tendatis:
1485 572 1535 610 &,
1553 571 1622 601 cum
1644 580 1745 602 vacare
1758 581 1817 601 non
1839 571 1975 609 poteritis,
1992 579 2041 608 per
2061 569 2146 608 alios,
2163 569 2198 600 de
2218 571 2318 608 quibus
2341 571 2400 609 ple-

1332 619 1399 639 nam
1422 609 1553 640 fiduciam
1569 609 1709 648 habeatis,
1726 608 1786 640 fieri
1805 608 1928 648 faciatis,
1943 609 1982 639 ita
2002 606 2081 648 quod
2096 617 2148 638 vos
2165 608 2231 639 inde
2250 609 2401 640 debeamus

1332 648 1436 678 merito
1451 647 1663 679 commendare.

1371 684 1482 716 Damus
1495 694 1605 724 autem,
1621 694 1716 716 tenore
1729 685 1924 724 praesentium,
1941 685 1972 716 in
1987 683 2120 715 mandatis
2129 707 2138 722 ,
2153 685 2287 717 omnibus
2299 687 2332 718 &
2347 686 2400 717 fin·

1334 724 1407 761 gulis
1418 723 1635 754 Hominibus&
1650 724 1826 755 Tenentibus
1845 724 1940 756 vestris
1954 723 2113 762 praedicitis,
2133 730 2162 753 ut
2169 724 2267 763 vobis,
2283 726 2316 757 ὃς
2332 725 2401 764 aliis,

1334 772 1404 800 quos
1417 772 1467 801 per
1481 762 1583 792 vestras
1598 770 1718 799 patentes
1735 762 1833 793 litteras
1853 763 1888 794 ad
1910 762 1968 793 hoc
1992 761 2184 800 deputaveritis
2208 761 2275 793 loco
2298 764 2402 803 vestri,

1334 802 1363 831 in
1402 800 1526 831 raemiffis
1541 800 1591 830 fint
1606 800 1778 830 intendentes
1793 802 1826 832 &
1840 801 1886 832 res
1919 800 2047 831 ndentes:
2296 809 2297 812 ¹

1373 811 1571 877 lgraecipientes
1591 839 1725 869 omnibus
1746 839 1779 870 &
1799 839 1898 877 singu*
1931 838 2175 877 vicecomitibus,
2192 838 2321 880 Ballivis,
2340 839 2402 871 Mi-

1335 876 1442 915 nistris,
1460 878 1493 908 &
1506 876 1645 907 Fidelibus
1657 876 1771 916 nostris,
1788 879 1849 908 tam
1860 878 1933 908 infra
1944 877 2098 915 libertates,
2116 878 2201 916 quam
2214 887 2306 915 extra,
2323 878 2400 917 quod

1335 915 1419 946 vobis
1433 915 1467 946 &
1481 914 1552 952 aliis,
1570 914 1608 945 fic
1624 925 1672 952 per
1692 925 1744 946 vos
1762 915 1796 946 ad
1811 916 1874 946 haec
1894 915 2072 954 deputandis,
2089 917 2119 946 in
2138 916 2243 947 eisdem
2264 917 2402 956 affistant,

1335 953 1509 1022 consfflepdo
1522 953 1555 984 ὃς
1566 953 1740 993 auxiliando,
1756 963 1826 984 cum
1841 954 1920 993 super
1934 954 1992 984 hoc
2001 976 2011 992 ,
2026 963 2061 984 ex
2078 962 2153 992 parte
2167 955 2278 995 nostra,
2299 955 2400 988 fuerint

1335 1002 1364 1023 re
1385 1003 1402 1023 u
1425 1000 1463 1022 in.

1387 1041 1405 1061 n
1415 1031 1498 1099 {ujus
1506 1053 1516 1069 ,
1535 1029 1595 1061 &c.
1613 1029 1697 1070 usque
1711 1029 1746 1060 ad
1762 1028 1873 1061 Festum
1886 1029 2000 1061 San&ae
2012 1028 2158 1061 Trinitatis
2171 1033 2307 1072 proximo
2327 1031 2404 1064 futu-

1335 1079 1399 1100 rum
1435 1078 1563 1099 uraturas.

1409 1107 1497 1138 Teste
1513 1107 1594 1147 Rege
1608 1107 1681 1146 apud
1696 1107 1844 1147 Eborum,
1860 1106 1978 1138 decimo
1994 1105 2070 1138 sexto
2083 1105 2130 1137 die
2144 1106 2324 1140 Decembris.

1781 1185 1834 1214 Per
1851 1183 1933 1224 iusum
1950 1186 2046 1223 Regem
2065 1183 2103 1220 ῤ’
2123 1184 2274 1215 Concilium.

1509 1272 1619 1306 Eodem
1637 1274 1729 1307 modo
1745 1273 1875 1306 scribitur
1891 1271 2064 1313 subscriptis,
2079 1273 2226 1314 videlicet,

1889 1351 2012 1381 Gerardo
2029 1349 2170 1392 Salvayn,

1889 1392 1990 1419 Simoni
2007 1391 2097 1420 Ward

1889 1428 2006 1460 Ricardo
2024 1413 2158 1470 Walssys,

1890 1465 1998 1495 Thomae
2016 1467 2049 1495 de
2066 1465 2206 1497 Furnvall

1890 1505 1934 1533 W
1932 1503 2040 1534 illielmo
2055 1505 2123 1535 Filio
2141 1490 2303 1548 Willielmg

1889 1541 1998 1572 Thomae
2016 1543 2047 1572 de
2065 1547 2174 1583 Rus-go,

1890 1580 2025 1610 Nicholao
2042 1581 2074 1611 de
2093 1582 2250 1621 Stapelton,

1890 1619 2035 1649 Edwardo
2054 1619 2224 1661 Wsteneys,

1892 1656 2039 1688 Willielmo
2056 1658 2165 1698 Clarel,

1889 1696 1965 1725 Adae
1983 1697 2015 1724 de
2031 1697 2216 1737 Swylington,

1889 1735 2004 1763 Ricardo
2021 1735 2053 1764 de
2071 1735 2274 1774 Goldusburgh,

1889 1774 2032 1810 Mangerio
2053 1772 2076 1803 le
2094 1776 2252 1814 Vavasour,

1884 1811 1999 1840 Ricardo
2016 1812 2048 1841 de
2066 1812 2274 1852 Bwnyngham,

1884 1850 2002 1879 Henrico
2021 1849 2088 1880 Filio
2105 1853 2245 1889 Hugonis,

1883 1887 2015 1925 Johanni
2031 1888 2062 1918 de
2080 1888 2244 1929 Thornhull‚

1884 1925 1998 1955 Roberto
2016 1926 2163 1966 Hastank,

1884 1963 1998 1993 Roberto
2015 1966 2047 1994 de
2065 1966 2182 2004 Rither,

1884 2001 2014 2041 Johanni
2031 2003 2147 2043 Deyvill
2152 2025 2163 2041 ,

1887 2040 2033 2070 Willielmo
2050 2043 2083 2071 de
2101 2039 2220 2078 WyviH,

1887 2076 2020 2116 Johanm'
2043 2080 2076 2109 de
2094 2081 2201 2109 Barton
2218 2078 2250 2108 de
2267 2079 2396 2119 Frittonj

1887 2115 2016 2156 Johanni
2034 2117 2066 2148 de
2083 2118 2256 2158 Hqselarton.

1373 1350 1478 1380 {lhomae
1495 1355 1595 1382 Comiti
1613 1351 1804 1393 Lancastriae,

1374 1389 1503 1428 Johanni
1521 1392 1554 1420 de
1572 1391 1722 1431 M'oubray,

1377 1428 1526 1458 Willielmo
1543 1430 1575 1459 de
1592 1431 1675 1469 Ross,

1375 1466 1482 1496 Thomae
1503 1467 1606 1505 Wake,

1376 1507 1459 1534 Petro
1476 1506 1508 1535 de
1525 1505 1604 1535 Malo
1622 1508 1718 1546 Lacu,

1379 1543 1522 1574 Willz‘elmo
1539 1548 1682 1583 Latinior,

1380 1581 1500 1611 Waltero
1519 1584 1550 1613 de
1568 1582 1784 1620 Faucumbergh,

1376 1620 1510 1651 Nicholao
1528 1622 1559 1650 de
1579 1621 1710 1662 Meym'll,

1377 1657 1505 1696 Johanm‘
1522 1661 1554 1689 de
1572 1659 1710 1700 Malebys‚

1378 1696 1500 1727 Gilberto
1517 1699 1549 1727 de
1567 1700 1682 1735 Ayton,

1378 1736 1472 1765 Radul
1485 1736 1519 1766 ho
1534 1736 1566 1765 da
1580 1735 1722 1774 Bulmere,

1377 1776 1457 1803 Rana
1465 1774 1520 1813 pho
1537 1775 1569 1804 de
1587 1773 1706 1813 Nevill,

1380 1814 1554 1842 Marmedum
1573 1814 1605 1842 de
1623 1816 1754 1848 Twenge‚

1377 1850 1514 1880 Herbe-rto
1533 1852 1565 1880 de
1581 1853 1679 1881 Sanc‘Yo
1696 1850 1848 1889 QintIno,

1377 1888 1506 1927 Johanni
1524 1890 1555 1919 de
1573 1892 1686 1928 Sutton,

1375 1931 1475 1965 Rogero
1492 1929 1525 1958 de
1541 1928 1699 1964 Somervill,

1376 1965 1527 1996 *lValtero
1544 1966 1576 1995 de
1594 1969 1681 2006 Taye,

1374 2003 1489 2033 Roberto
1507 2003 1616 2043 Tiliolf,

1376 2041 1491 2072 Roberto
1509 2041 1532 2071 le
1551 2041 1720 2082 conestable,

1376 2081 1493 2110 Roberto
1509 2080 1533 2109 le
1551 2080 1684 2119 Colevile,

1375 2119 1484 2149 Tkomae
1502 2118 1526 2148 le
1547 2117 1684 2157 Colevile,

1374 2157 1503 2197 Johanni
1520 2157 1553 2188 de
1570 2159 1665 2197 Eure,

2431 1947 2446 1965 ⁸
2465 1947 2530 1977 111.-

2447 1993 2512 2021 749·

1434 2243 1490 2284 Et,
1507 2244 1558 2276 sub
1575 2242 1675 2275 eadem
1694 2241 1805 2281 forma,
1823 2241 1951 2274 scribitur
1967 2242 2138 2283 subscriptis,
2155 2244 2302 2283 videlicet,

1373 2320 1573 2362 Archiepifiopo
1591 2319 1726 2359 Eburum,

1373 2359 1497 2400 Epifiopo
1518 2359 1689 2396 Dunolmiae,

1373 2398 1488 2428 Abbati
1505 2399 1537 2428 de
1556 2396 1700 2436 Whiteby,

1372 2439 1462 2466 Priori
1480 2437 1512 2466 dc·
1530 2436 1666 2473 Gisburn,

1370 2477 1461 2505 Priori
1479 2475 1510 2505 de
1528 2474 1677 2511 Kirkham,

1372 2514 1484 2543 Abbati
1501 2513 1533 2542 de
1551 2511 1680 2551 Rffevall,

1370 2552 1480 2582 Abbati
1499 2553 1530 2581 de
1548 2550 1670 2588 Biland,

1370 2593 1460 2621 Priori
1478 2589 1510 2619 de
1527 2587 1706 2627 Newburgh,

1368 2631 1458 2658 Priori
1476 2631 1509 2658 de
1527 2627 1658 2664 Malton,

1888 2322 1978 2350 Priori
1994 2320 2026 2350 de
2044 2320 2241 2361 Brydlington,

1886 2358 1998 2388 Abbati
2016 2363 2113 2389 Beatae
2140 2363 2244 2390 Mariae
2262 2358 2396 2398 Eburum,

1886 2397 1998 2427 Abbati
2014 2398 2046 2427 de
2064 2397 2152 2438 Seleby

1886 2435 1999 2465 Abbati
2015 2437 2048 2466 de
2066 2420 2210 2475 Fontibur,

1885 2473 1997 2503 Abbati
2013 2476 2046 2504 de
2063 2473 2215 2514 Jerovall,

1884 2512 1997 2541 Abbati
2015 2512 2047 2542 de
2064 2511 2182 2553 Salleye,

1883 2551 1974 2580 Priori
1993 2551 2022 2579 de
2042 2552 2142 2580 Sanc‘lo
2159 2550 2305 2589 Oswahlo,

1881 2589 1973 2617 Priori
1989 2589 2022 2618 de
2040 2588 2148 2619 Bolton.
2169 2593 2199 2619 in
2219 2593 2337 2619 Craven.

1880 2628 2006 2656 Dominae
2021 2627 2053 2656 de
2068 2627 2168 2657 Newil
2184 2628 2216 2658 de
2232 2628 2363 2661 Parneby.

1366 2705 1427 2736 Sub
1443 2704 1496 2736 ista
1513 2713 1607 2735 tamen
1625 2701 1720 2733 forma
1733 2700 1860 2732 scribitur
1871 2702 2034 2742 Episcopis,
2052 2703 2085 2734 &
2099 2703 2245 2743 religiofis,
2264 2705 2394 2744 Affigna-

1329 2747 1422 2777 vimus
1439 2753 1491 2774 vos
1508 2743 1543 2773 ad
1560 2741 1711 2784 levandum
1731 2749 1779 2778 per
1795 2740 1879 2780 alios,
1905 2741 1942 2772 de
1956 2743 2058 2780 quibus
2074 2742 2184 2782 plenam
2199 2743 2331 2776 fiduciam
2346 2747 2396 2778 ha-

1328 2783 1413 2815 beatis
1419 2805 1429 2820 ‚
1448 2791 1549 2812 omnes
1566 2781 1599 2811 &
1617 2779 1754 2816 ungulos,
1771 2779 1832 2809 &a

1365 2821 1438 2851 Item
1463 2819 1632 2860 EpiscopiS,
1657 2825 1720 2848 ante
1745 2816 1819 2847 illam
1843 2816 1999 2848 Clausulam
2024 2818 2073 2849 fic.
2109 2818 2149 2850 Ita
2167 2820 2243 2859 quod
2261 2832 2312 2853 vos
2328 2823 2393 2854 inde

1327 2861 1478 2892 debeamus
1494 2858 1596 2888 merito
1614 2854 1823 2886 commendare.

1363 2898 1437 2929 Item
1459 2896 1634 2933 Abbatibus,
1659 2894 1693 2925 &
1711 2893 1870 2933 Prioribus,
1896 2903 1964 2924 cum
1979 2894 2078 2926 eadem
2101 2895 2234 2935 clausula,
2251 2898 2287 2927 ita
2300 2920 2311 2935 ,
2329 2898 2392 2929 &c.

1365 2971 1514 3012 Quodque
1532 2970 1673 3010 expeditio
1689 2970 1814 3008 Negotii
1831 2971 1978 3009 praediffi,
2004 2980 2053 3009 per
2069 2970 2153 3001 vestri
2170 2970 2329 3012 defectum,
2347 2974 2391 3004 di-

1324 3013 1458 3043 lationem
1484 3021 1541 3041 non
1566 3010 1657 3047 capiat
1675 3009 1819 3050 aliqualem
1833 3030 1844 3047 ,
1868 3019 1918 3047 per
1932 3011 2009 3050 quod
2026 3009 2061 3040 ad
2077 3018 2127 3040 vos
2146 3011 2265 3047 graviter
2289 3021 2390 3050 capere

1323 3052 1476 3082 debeamus
1489 3058 1523 3080 ex
1539 3049 1592 3079 hac
1609 3048 1697 3078 causa.

1361 3089 1470 3119 Damus
1482 3096 1572 3118 autem
1582 3109 1592 3125 ‚
1609 3086 1670 3117 &c.

1323 3165 1465 3198 Alianorae
1482 3163 1518 3194 de
1536 3162 1626 3201 Percy
1641 3185 1651 3201 ,
1677 3169 1734 3192 tam
1752 3161 1788 3192 de
1807 3161 1887 3192 Dote
1909 3160 1953 3191 sua
1972 3169 2057 3200 quam
2073 3162 2110 3192 de
2129 3164 2206 3193 terris
2219 3185 2228 3201 ,
2251 3163 2285 3194 &
2310 3171 2387 3194 tene-

1360 3205 1461 3233 mentis
1480 3212 1543 3239 quze
1560 3201 1671 3231 fuerunt
1687 3199 1809 3230 Henrici
1826 3199 1864 3231 de
1881 3198 1989 3239 Percy,
2006 3201 2149 3239 quondam
2169 3203 2222 3234 viri
2239 3201 2279 3232 sui
2297 3202 2326 3233 in
2339 3212 2388 3234 cu-

1360 3241 1448 3271 stodia
1466 3239 1510 3270 sua
1527 3238 1718 3276 existentibus,
1736 3237 1796 3273 &aa

1325 3384 1383 3415 Pro
1405 3381 1450 3413 A.
1476 3376 1652 3422 Dublinensi
1661 3406 1670 3421 ‚
1695 3382 1732 3418 (ξ’
1756 3380 1803 3413 W
1828 3377 1980 3424 Caffizlensi
1998 3378 2246 3427 Archiepiftopis‚
2273 3376 2309 3411 de
2327 3374 2384 3410 ab·

1520 3428 1619 3473 sentia
1642 3440 1662 3460 a
1684 3430 1820 3461 Romana
1845 3430 1959 3470 Curia,
1985 3428 2163 3474 excnfhnda.

1413 3551 1539 3589 Ipsorum
1556 3550 1753 3581 Excusationes
1768 3551 1887 3587 gratiose
1908 3560 1942 3581 ac
1961 3550 2146 3582 favorabiliter
2165 3548 2227 3580 fore
2250 3548 2388 3586 speramus
2398 3513 2515 3595 5¹38?

1323 3593 1352 3620 in
1370 3591 1471 3621 vestrae
1487 3589 1645 3620 &mititatis
1659 3589 1801 3626 praesentia
1815 3588 2012 3628 admittendas,
2029 3590 2079 3628 qui
2093 3597 2152 3618 non
2166 3586 2386 3625 voluntarie,seu
2397 3597 2450 3621 An.
2469 3602 2511 3621 η.

1323 3630 1489 3665 excogitatis
1501 3627 1623 3669 fidiivis,
1641 3627 1742 3657 verum
1755 3628 1839 3657 etiam
1854 3637 1903 3665 per
1917 3636 2062 3665 urgentem
2082 3624 2269 3656 neceffitatem
2283 3625 2316 3656 &
2330 3626 2385 3654 im·
2397 3635 2427 3659 E.
2444 3640 2470 3658 2,

1324 3668 1479 3705 potentiam
1494 3665 1520 3696 se
1536 3667 1673 3695 excusant.
2392 3673 2463 3697 Rom.
2489 3664 2523 3701 όν

1360 3703 1440 3734 Cum
1463 3705 1570 3742 itaque,
1588 3702 1766 3733 Venerabiles
1785 3701 1894 3741 Patres,
1912 3703 1949 3733 A.
1964 3699 2139 3732 Dublinensis
2153 3699 2317 3738 Justitiarius
2332 3711 2386 3732 no·
2395 3711 2435 3734 Fr.
2457 3715 2500 3734 υ..

1323 3741 1376 3772 ster
1392 3742 1554 3780 Hiberniae,
1571 3742 1604 3772 &
1617 3740 1670 3770 W.
1688 3739 1863 3778 Caffalenfis,
1881 3739 2069 3772 cancellarius
2084 3738 2177 3768 noster
2189 3738 2290 3769 Terrae
2305 3739 2385 3777 illius,
2397 3749 2425 3772 Ε.
2442 3754 2469 3771 2.
2485 3750 2521 3777 m,

1324 3780 1539 3818 Archiepiscopi
1559 3780 1618 3817 (per
1633 3789 1683 3808 vos
1695 3780 1724 3809 in
1739 3779 1822 3809 dietis
1836 3778 2032 3816 Dignitatibus
2047 3777 2141 3809 creati)
2160 3785 2316 3807 commune
2330 3777 2384 3807 ser-
2399 3792 2442 3810 ιο.
2456 3781 2483 3810 d.

1323 3820 1426 3848 vitium
1442 3819 1538 3856 suurn,
1556 3819 1584 3847 in
1600 3817 1689 3848 vestra
1700 3817 1786 3848 Sacra
1800 3816 1889 3848 Curia
1900 3816 2046 3853 debiturn,
2063 3814 2225 3853 Terminis,
2244 3816 2283 3845 eis
2301 3815 2381 3854 super

1322 3857 1379 3886 hoc
1396 3855 1513 3894 statutis,
1527 3855 1631 3886 solvere
1644 3857 1844 3893 nequiverunt:

1359 3894 1440 3923 Tum
1459 3905 1509 3932 pro
1523 3904 1575 3931 e0,
1595 3894 1673 3932 quod
1690 3895 1779 3924 Terra
1791 3892 1882 3923 nostra
1897 3889 2059 3927 Hibemiae,
2075 3897 2138 3933 ante
2151 3891 2322 3921 creationem
2337 3890 2381 3921 di-

1322 3933 1434 3962 <storum
1443 3932 1729 3969 Archiepiscoporum
1738 3954 1747 3970 ‚
1762 3932 1795 3962 &
1809 3928 1994 3968 postmodum
2008 3929 2144 3958 continue
2157 3928 2193 3958 de
2202 3928 2313 3961 Guerra
2321 3931 2383 3967 fuit,

1321 3981 1354 4002 ac
1368 3970 1567 4009 Temporalia,
1583 3971 1615 4001 ὃ(
1628 3970 1678 4001 alia
1693 3969 1787 4007 Bona,
1805 3966 2088 4006 Archiepiscoporum
2101 3965 2225 4005 ipsorum
2245 3969 2275 3999 in
2289 3967 2387 4035 Terifi}¹

1324 3511 1482 3574 PAPAE
1501 3512 1564 3543 Rex
1581 3512 1681 3542 devota
1697 3512 1801 3550 pedum
1821 3511 1913 3543 oscula
1927 3513 2084 3544 beatorum.
