2562 4279
736 203 846 245 ET
927 204 1194 246 ACTA
1276 197 1745 249 PU'BLICA

47 285 172 318 Anu-D.
224 288 294 319 Tibi
312 293 487 329 praecipirnus
502 290 581 329 quod
594 290 686 321 eidem
700 288 920 321 Constabulario
934 289 1046 327 Viginti
1059 289 1244 327 Solidos,pro

66 332 150 364 1335-
189 326 320 364 Expensis
333 330 459 367 praedicsti
473 330 612 367 Comitis,
627 339 679 368 pro
693 329 802 367 singulis
815 329 996 366 Septimanis,
1015 329 1034 347 ³¹²
1053 328 1154 365 quibus
1169 327 1245 370 idem

46 366 112 393 Ἐάν·
135 373 160 400 3·
191 365 300 396 Comes
321 368 350 397 in
373 367 512 399 Custodia
533 368 614 405 ipsius
632 367 840 397 Constabularii
861 367 897 397 sic
917 366 1045 403 steterit,
1063 365 1100 395 de
1120 365 1247 395 Exitibus

48 404 65 418 ¹⁸
90 403 142 429 IV·
192 404 304 435 Ballivae
317 414 373 436 tuae
387 407 491 444 solvas,
509 405 666 443 Recipiens
677 406 713 435 ab
727 405 829 436 eodem
844 404 1063 435 constabulario
1078 403 1184 433 Literas
1191 403 1248 433 suas

48 441 111 468 651·
194 443 416 483 Acquietantiae,
434 445 504 474 illius
518 443 653 474 Pecuniae
665 444 807 480 Summae,
827 452 912 481 quam
931 443 958 472 ei
970 441 1007 471 fic
1018 441 1166 479 solveritis,
1187 441 1248 471 Re-

193 483 358 518 ceptionem
372 482 641 521 Testificantes3per
657 492 721 520 quas
735 481 815 511 vobis
826 481 910 519 inde,
927 481 957 510 in
973 479 1126 517 Compoto
1134 479 1229 511 vestro
1238 504 1248 518 ,

196 519 319 550 debitam
334 520 532 551 allocutionem
545 521 647 551 habere
661 521 804 551 faciemus.

233 558 322 590 Teste
335 568 367 590 ut
381 559 467 599 supra.

694 598 747 625 Per
760 596 852 624 Breve
867 595 899 624 de
914 596 1031 625 Privato
1046 593 1145 633 Sigillo.

247 728 296 759 De
312 724 485 770 Intercurfh
505 728 583 757 inter
596 722 745 769 Angliam
763 725 800 760 ὠ·
810 722 991 757 Flandriam
1010 723 1203 771 observando.

53 810 131 842 Ann.
145 810 186 841 D.
202 808 315 867 REX
335 809 512 841 Vicecomiri
526 808 675 846 Eborum,
694 806 829 839 Salutem.

83 858 168 890 1335.
294 847 375 879 Cum
388 858 494 886 nuper,

54 894 106 919 An.
122 900 150 924 9-
241 885 317 917 Inter
339 887 422 924 Nos,
439 896 491 923 pro
515 885 615 916 Nobis
634 885 667 916 &
685 883 828 916 Gentibus
843 885 963 925 nostris,
978 896 1013 917 ex
1025 894 1101 924 parte
1114 888 1171 918 una
1205 887 1256 927 &‚

55 933 86 956 E.
108 937 134 964 3.
202 923 347 955 Nobilem
366 924 468 954 Virum
483 948 492 960 ,
508 922 656 954 Comitem
678 923 814 954 Flandriae
826 946 836 963 ‚
854 923 1102 965 Conianguineum
1125 910 1256 957 nostrum

58 966 147 1001 Claus.
162 973 190 1000 9.
205 963 393 1000 cariffimum,
411 971 463 999 pro
477 962 532 1001 Se,
551 963 584 994 ὃς
599 962 741 993 Gentibus
754 962 823 1001 suis,
841 971 875 993 ex
890 962 991 1002 altera,

57 1009 96 1071 ἒξ.
106 1014 148 1071 ᾗς.

56 1081 120 1120 dors.

244 1000 387 1039 Qiaedam
400 999 585 1039 Sufferentia,
602 1001 659 1032 five
672 999 807 1039 Treuga,

242 1040 331 1076 Super
346 1037 572 1069 Diffensionibus
584 1039 619 1070 &
629 1039 742 1070 diversis
755 1039 926 1078 Diicordiis,
934 1040 1004 1071 inter
1017 1040 1126 1073 Gentes
1141 1041 1259 1079 nostraS,

205 1079 240 1110 &
252 1077 361 1107 Gentes
377 1077 458 1115 ipfius
473 1076 611 1115 Comitis,
629 1077 777 1108 occasione
791 1077 981 1116 quorumdam
996 1078 1202 1118 Dampnorum
1225 1081 1259 1111 δι’

206 1116 389 1153 In'uriarum,
407 1115 476 1147 hinc
491 1116 556 1146 inde
570 1115 727 1154 illatorum,
747 1117 865 1155 exortis,

257 1155 313 1185 nita
325 1153 417 1185 fuisset
433 1156 466 1186 ὃς
481 1154 672 1193 concordata,
691 1164 706 1185 a
719 1154 949 1193 Qintodecimo
963 1156 1009 1187 die
1024 1157 1105 1195 Junii
1125 1158 1259 1195 proximo

195 1194 366 1232 praeterito,
384 1192 468 1231 usque
481 1193 514 1223 ad
524 1192 640 1224 Festum
648 1193 811 1225 Nativitatis
820 1193 947 1225 Domini
962 1197 1096 1232 proximo
1113 1196 1240 1226 futurum
1250 1218 1259 1234 ,

205 1232 258 1269 &,
275 1232 311 1262 ab
332 1231 435 1261 codem
459 1231 561 1271 Festo,
600 1241 629 1262 er
649 1241 741 1262 unum
762 1231 881 1262 Annum
896 1254 907 1270 2
925 1234 1059 1270 proximo
1082 1233 1262 1272 seque‘ntem,

204 1270 327 1308 plenarie
350 1270 527 1308 completum
541 1293 551 1309 ,
591 1277 721 1308 uratura3
748 1269 817 1301 ficut
838 1279 887 1307 per
910 1269 1014 1301 Literas
1034 1271 1163 1302 Parentes
1183 1272 1263 1309 ipsius

205 1307 347 1347 Comitis,
365 1308 432 1339 inde
445 1310 547 1348 saetas,
564 1309 598 1341 ὃ(
614 1318 714 1340 coram
727 1309 810 1340 nobis
820 1308 854 1340 &
870 1307 1007 1340 Concilio
1021 1310 1121 1341 nostro
1134 1310 1264 1348 ostensas,

202 1347 314 1386 plenius
328 1347 490 1386 apparebat:

246 1385 370 1424 Nosque
381 1385 570 1425 postmodum
579 1410 588 1424 ,

246 1423 307 1455 Pro
320 1435 357 1455 eo
371 1424 450 1463 quod
463 1426 545 1455 nobis
560 1423 740 1456 testificatum
755 1425 859 1464 extitit,
880 1423 961 1464 quod
978 1424 1070 1456 dietus
1083 1425 1265 1464 Comes,per

209 1471 301 1494 totam
316 1462 488 1494 Potestatem
503 1463 595 1502 suam,
612 1463 782 1501 proclamari
794 1463 898 1494 fecerat
913 1463 994 1501 quod
1008 1474 1108 1494 omnes
1124 1466 1157 1495 &
1178 1465 1216 1494 sin
1238 1475 1269 1494 u-

209 1502 229 1532 li
246 1501 405 1541 Homines,
423 1503 482 1532 tam
505 1501 701 1540 Mercarores,
719 1501 807 1539 quam
827 1501 890 1540 alii,
906 1501 1042 1540 Regnum
1067 1503 1196 1533 nostrum
1218 1473 1270 1532 ῗη-

213 1540 379 1578 habitantes,
389 1541 506 1578 ‘ubique
519 1540 588 1570 infra
600 1540 708 1570 dietam
722 1539 896 1570 Potestatem
911 1540 1006 1577 suam,
1023 1540 1100 1571 salvo
1117 1541 1150 1571 δε
1173 1542 1268 1571 secure

212 1580 325 1618 venire,
344 1578 451 1609 ibidem
471 1580 591 1617 morari,
608 1580 642 1611 &
664 1578 889 1617 mercandisare,
906 1579 940 1609 &
960 1579 1061 1608 exinde
1082 1578 1116 1609 ad
1139 1580 1270 1616 propria,

212 1617 317 1655 absque
329 1618 478 1648 occasione
491 1616 537 1649 vel
552 1617 758 1655 impedimento
767 1640 776 1655 ,
794 1616 884 1647 redire
897 1615 1006 1648 valeant
1026 1627 1074 1654 per
1088 1625 1183 1647 totum
1197 1626 1271 1647 tcm-

213 1665 266 1693 pus
285 1655 490 1694 supradidtumg
510 1656 581 1686 dum
603 1665 699 1686 tamen
720 1665 782 1686 non
804 1655 984 1693 delinquant,
1001 1655 1035 1685 &
1052 1665 1105 1693 pro
1120 1655 1271 1686 Mercibus

216 1694 268 1724 suis
282 1693 436 1725 Custumas
449 1694 557 1725 solvant
573 1694 731 1732 consuetas,

254 1731 287 1762 In
308 1733 459 1764 Comitatu
479 1741 546 1770 tuo,
563 1732 632 1763 sicut
653 1733 683 1762 in
703 1732 812 1762 caeteris
831 1730 1021 1761 Comitatibus
1045 1730 1143 1768 Regni
1166 1731 1272 1770 nostri,

217 1771 445 1802 mandaverimus
457 1771 638 1808 proclamari,
657 1769 736 1807 quod
751 1779 851 1799 omnes
864 1769 897 1799 &
911 1768 1009 1808 singuli
1030 1769 1193 1808 Homines,
1211 1771 1271 1800 tam

218 1808 414 1847 Mercatores,
433 1810 519 1847 quarn
533 1808 594 1846 alii,
611 1808 717 1839 distam
732 1807 854 1837 Terram
869 1807 902 1838 &
925 1807 1046 1837 Patriam
1069 1808 1206 1838 Flandriae
1225 1808 1274 1838 ln-

217 1848 428 1886 habitantes,&
443 1847 513 1878 infra
528 1847 665 1883 Regnum
681 1846 714 1876 ὃ(
727 1844 902 1876 Potestatem
916 1844 1011 1876 nostra
1024 1848 1120 1877 venire
1135 1847 1273 1884 volentes,

217 1886 288 1917 infra
304 1887 402 1917 eadem
411 1886 549 1925 Regnum
563 1885 596 1916 &
605 1883 852 1922 Potestatem,per
867 1893 976 1922 tempus
989 1884 1178 1922 supradidfflm
1188 1895 1274 1922 ,cum

219 1924 337 1962 Rebus,
355 1926 388 1955 ὅτ
413 1923 614 1954 Mercimoniis
632 1923 702 1962 suis,
720 1924 829 1961 venire,
847 1923 880 1954 ὃς
896 1923 924 1952 in
941 1922 1044 1953 eodem
1059 1924 1165 1992 Regno
1180 1933 1276 1953 mora-

218 1964 258 2001 ri,
278 1974 311 1994 ac
334 1962 528 1993 Mercimonia
548 1962 593 1993 sua
614 1962 722 1992 ibidem
738 1971 902 1999 excercere,
922 1962 956 1991 δε
976 1961 1077 1992 exinde
1089 1972 1104 1992 a
1139 1962 1272 2000 Propria,

217 2011 274 2040 pro
287 2001 432 2032 voluntate
445 2001 508 2038 suit,
526 2000 615 2031 redire
627 2000 752 2038 valeant,
771 2000 827 2030 sine
840 1999 990 2030 occasione
1002 2000 1046 2030 vel
1068 2000 1276 2038 impedimento

220 2040 440 2078 qualicumque,
458 2039 529 2069 ἀιὶῑη
544 2047 639 2069 tamen
653 2048 712 2070 non
727 2039 907 2076 delinquant,
924 2038 957 2069 &
973 2038 1075 2068 faciant
1093 2040 1126 2070 δε
1150 2038 1276 2077 solvant,

219 2088 280 2146 Ξτὲὶ
290 2077 438 2108 Mercibus
452 2078 519 2115 suis,
539 2076 688 2108 Custumas
700 2077 805 2108 debitas
820 2077 853 2108 &
869 2076 1010 2108 consuetas
1024 2079 1052 2107 in
1066 2077 1172 2116 Regno
1185 2077 1276 2115 supra-

242 2127 251 2146 i
282 2126 317 2146 0:

260 2154 346 2192 Nos,

260 2192 380 2223 Die‘tam
403 2192 603 2223 Siifferentiam
624 2192 682 2223 {ive
700 2191 865 2232 Treugam,
883 2191 921 2222 fic
943 2190 1046 2230 Captis
1061 2194 1094 2224 ὃς
1110 2192 1281 2224 Concorda-

224 2239 264 2263 tas
275 2254 284 2269 ,
303 2231 429 2262 volentes
445 2232 473 2261 in
489 2232 621 2262 omnibus
633 2231 684 2262 suis
698 2230 848 2270 Articulis,
865 2240 1002 2270 quantum
1017 2232 1051 2262 ad
1072 2231 1142 2262 Nos
1165 2234 1280 2271 attinet,

225 2277 420 2307 manutenere,

263 2308 335 2340 Tibi
349 2317 382 2339 ex
397 2309 478 2339 certis
493 2307 578 2338 causis
593 2309 793 2346 praecipimus,
810 2307 926 2339 firmiter
941 2309 1112 2348 injungentes
1122 2308 1219 2347 ,quod
1228 2308 1282 2339 sta-

228 2347 299 2384 tim,
317 2347 379 2377 visis
400 2347 595 2384 praesentibus,
614 2346 721 2376 dietam
740 2345 1015 2386 Proclamationem,
1033 2350 1061 2377 in
1080 2348 1118 2377 sin
1139 2348 1190 2378 ulis
1208 2347 1282 2378 Por·

228 2386 312 2416 tubus
332 2385 438 2422 Maris,
455 2386 488 2415 &
509 2385 565 2414 aliis
585 2385 670 2422 locis,
688 2386 717 2415 in
740 2384 845 2415 Balliva
863 2385 927 2423 tua,
946 2385 1005 2415 tam
1024 2385 1095 2416 infra
1138 2386 1286 2424 ibertates,

228 2424 314 2461 quarn
327 2432 419 2461 extra,
438 2424 487 2453 ubi
500 2423 631 2461 expedire
645 2423 765 2461 videris,
781 2423 864 2454 facias
877 2424 982 2461 iterari,
999 2425 1131 2455 omnibus
1144 2425 1178 2456 &
1192 2424 1285 2461 singu—

227 2461 262 2492 lis
276 2461 312 2491 de
328 2461 476 2492 Comitatu
487 2461 608 2500 illo,sub
621 2461 715 2492 Poena
727 2462 796 2492 vitae
810 2462 843 2492 &
859 2461 1081 2501 Membrorum,
1098 2472 1131 2493 ex
1146 2471 1223 2500 parte
1231 2473 1285 2492 no-

232 2499 288 2530 strai
300 2499 415 2531 firmiter
429 2499 604 2539 Inhibentes,
623 2501 661 2530 ne
672 2500 806 2538 aliquibus
829 2499 1021 2539 Hominibus,
1036 2500 1074 2531 de
1094 2501 1172 2532 diCta
1192 2501 1287 2532 Patria

231 2537 389 2576 Flandriae,
406 2539 437 2568 in
458 2537 600 2577 Personis,
619 2546 665 2569 aut
686 2539 786 2569 Rebus
805 2538 857 2568 suis
872 2561 883 2576 ,
899 2538 1069 2575 Dampnum
1090 2539 1227 2577 inferant,
1242 2540 1287 2570 seu

232 2576 398 2608 Gravamen
409 2600 419 2614 ,
430 2585 526 2607 contra
539 2585 669 2608 tenorem
683 2576 917 2608 proclamationis
929 2577 1033 2607 nostrae
1049 2578 1230 2616 supradic‘he3
1248 2578 1287 2608 set

229 2614 307 2654 Eos,
323 2616 357 2647 &
378 2624 480 2645 eorum
502 2616 659 2652 quemlibet
672 2638 683 2653 ,
698 2615 849 2646 Curialiter
870 2616 1040 2655 pertrastent
1059 2616 1174 2647 durante
1194 2615 1288 2647 Suffe-

231 2654 321 2684 remia
340 2653 492 2694 praediCta,
510 2654 563 2691 δε,
582 2653 602 2684 si
625 2653 692 2692 quid
714 2653 779 2692 Eis,
797 2653 844 2683 vel
863 2663 965 2684 eorum
980 2654 1079 2692 alicui,
1098 2654 1288 2685 Forisfadfflrn

231 2692 315 2723 fuerit
325 2715 336 2731 ,
353 2692 381 2722 id
396 2693 450 2729 eis,
467 2693 616 2723 &eorum
627 2692 907 2731 cuilibet,quantum
921 2691 956 2723 ad
971 2699 1000 2723 te
1013 2693 1288 2732 pertinet‚celeriter

231 2730 315 2761 facies
329 2729 489 2768 emendari,

270 2767 309 2799 Et
324 2768 381 2800 hoc
396 2768 550 2798 nullatenus
565 2770 686 2800 omittas.

235 2805 365 2884 gu'geste
380 2806 462 2845 Rege
476 2806 548 2845 apud
562 2807 666 2838 Villam
679 2807 776 2839 Sanffi
786 2807 941 2847 Johannis,
956 2808 1072 2841 decimo
1086 2809 1164 2841 sexto
1177 2808 1223 2840 die
1232 2807 1293 2839 Au-

913 2886 968 2914 Per
981 2883 1063 2925 'Psi‘m
1076 2889 1182 2924 Regem.

240 2956 352 2989 Eodem
367 2957 459 2989 modo
471 2959 635 2990 mandatum
648 2959 690 2990 est
705 2960 819 2997 fingutis
834 2960 1060 2993 vicecomitibus
1074 2971 1122 3001 per
1143 2962 1277 3000 Angliam
1286 2985 1298 3001 ‚

542 2999 577 3030 &
589 2999 646 3029 aliis
657 2999 832 3037 subscriptis;
850 2998 982 3031 videlicet
990 3023 1000 3038 ,

277 3071 382 3113 Custodi
395 3072 525 3114 §Quinque
542 3077 688 3113 Portuum,
705 3073 756 3105 vel
773 3074 828 3113 ejus
845 3077 946 3104 Locum
963 3076 1093 3114 Tenenti,
1109 3076 1186 3115 infra
1199 3077 1298 3107 Liber-

243 3116 330 3141 tatem
342 3111 471 3153 Quinque
487 3115 618 3144 Portuum
633 3112 695 3149 &a

103 3249 187 3277 ‘'IV.

314 3235 344 3262 ’ἦ
369 3236 428 3271 Ad
441 3237 555 3273 alinum
572 3242 719 3274 Comitem
734 3239 824 3286 fhper
840 3239 1077 3273 Proclamatione
1088 3237 1240 3285 praedisla.

100 3290 167 3316 662.

225 3345 231 3351 .
247 3321 361 3378 REX
377 3345 386 3360 ,
402 3321 508 3354 Nobili
528 3322 601 3355 Viro
613 3348 623 3362 ,
643 3324 679 3355 L.
702 3323 816 3356 Comiti
833 3324 971 3356 Flandriae
984 3347 994 3364 ,
1011 3324 1232 3363 Consanguineo
1254 3323 1303 3354 suo

322 3359 481 3400 carissimo,
498 3361 641 3400 Salutem,
659 3362 693 3392 ὃς
708 3362 822 3393 sincerae
833 3363 992 3395 dilecffionis
1004 3363 1153 3394 affectum.

285 3397 319 3428 In
331 3398 469 3430 desideriis
484 3399 586 3432 nostris
599 3399 743 3438 potissime
758 3402 895 3439 gerimus,
911 3403 945 3434 &
957 3402 1086 3433 instantia
1100 3410 1198 3439 pronae
1212 3400 1304 3431 solici-

250 3438 354 3468 tudinis
367 3438 522 3468 excitamur
531 3461 541 3476 ,
558 3446 588 3469 ut
604 3437 721 3477 Agenda
732 3438 827 3468 nostra
840 3440 997 3470 intentione
1008 3439 1127 3478 Justitiae
1139 3439 1305 3477 refloreant,

251 3477 284 3508 &
298 3476 438 3507 constanti
453 3475 560 3514 semper
573 3476 741 3512 testitudine
754 3477 934 3508 roborentur.

288 3515 377 3553 Sane,
395 3515 465 3545 ci‘irn
485 3515 556 3545 inter
576 3515 662 3553 Nos,
679 3525 733 3553 pro
751 3514 854 3548 nostris
867 3515 1007 3554 Subdiris,
1025 3516 1059 3546 ὃς
1073 3526 1143 3554 vos,
1165 3525 1219 3554 pro
1232 3516 1305 3547 Sub-

243 3553 314 3591 ¹ditis
326 3553 423 3584 vestris
438 3552 590 3591 Flandriae,
607 3552 687 3591 super
701 3553 865 3591 quibusdam
879 3553 1199 3592 Dissknsionibus,inter
1212 3554 1307 3584 dicitos

251 3592 363 3623 nostros
376 3593 409 3624 &
425 3590 532 3622 vestros
545 3590 680 3622 Subditos
692 3590 837 3630 suscitatis,
853 3599 989 3630 praetextu
1000 3591 1204 3630 Dampnorum
1217 3593 1250 3623 ὃς
1259 3591 1308 3622 In-

249 3632 402 3670 juriarurn,
422 3632 542 3667 mutuo,
562 3629 632 3660 sicut
645 3629 844 3669 praetenditur,
861 3629 1001 3661 illatorum
1038 3630 1169 3669 quaedam
1182 3630 1308 3670 Treuga,

254 3670 300 3701 seu
314 3669 497 3738 Susffereptia,
515 3668 600 3707 usque
611 3667 646 3699 ad
661 3675 770 3700 certum
783 3677 895 3707 tempus
908 3677 988 3708 capta
1002 3655 1034 3700 sit
1048 3678 1082 3700 ex
1094 3669 1230 3699 consensu
1245 3678 1309 3699 mu-

258 3716 310 3738 tUO
357 3718 414 3739 lCUI
436 3715 497 3738 cltls

294 3732 404 3777 V⁷estrae
418 3731 551 3777 volumius
562 3752 656 3785 patere
668 3745 881 3784 notitiae‚quod
891 3745 999 3777 dietam
1012 3744 1229 3783 Treugam,seu
1245 3744 1311 3776 Suf-

257 3783 419 3818 ferentiam.
436 3793 571 3824 quatenus
585 3783 619 3815 ad
634 3783 702 3814 Nos
716 3784 830 3822 attinet,
847 3784 997 3823 volumus,
1015 3784 1085 3815 sicut
1098 3784 1198 3821 decet,
1216 3784 1246 3813 in
1258 3783 1312 3814 fin-

258 3823 329 3860 gulis
340 3823 392 3855 suis
407 3823 539 3855 Articulis
551 3822 666 3853 firmiter
677 3821 835 3861 observari,
849 3823 885 3854 δε
897 3822 926 3854 id
939 3832 990 3861 per
1003 3831 1097 3853 totum
1112 3822 1250 3861 Regnum
1258 3832 1312 3853 no—

260 3860 348 3892 strum
360 3862 478 3893 fecimus
494 3861 609 3901 publice
622 3859 804 3899 proclamari:

295 3898 407 3939 Unde,
424 3900 443 3930 fi
452 3924 461 3939 ,
478 3909 578 3939 praeter
590 3900 715 3930 nostram
729 3898 949 3937 conscientiam,
963 3898 1102 3936 pendente
1121 3897 1199 3929 dista
1219 3898 1312 3929 Suffe-

262 3937 365 3974 rentia,
383 3939 474 3971 forsan
489 3940 579 3977 aliqua
593 3938 769 3970 Gravamina
781 3947 829 3974 per
843 3936 953 3968 Gentes
969 3937 1077 3968 nostras
1096 3935 1193 3967 vestris
1210 3937 1314 3967 Subdi-

263 3974 299 4004 tis
320 3975 487 4014 inferantur,
504 3978 573 4009 absit
593 3977 672 4016 quod
695 3985 810 4016 propter
827 3975 886 4007 hoc
906 3975 1057 4006 Tradimus
1076 3974 1156 4005 Pacis
1167 3974 1314 4006 inchoatus

265 4013 299 4042 δε
320 4012 393 4043 dicta
415 4014 581 4046 Sufferentia
601 4016 752 4055 aliqualiter
762 4014 949 4046 dissolvantur
984 4022 1016 4045 ut
1027 4014 1065 4045 fic
1078 4023 1234 4051 paucorum
1246 4013 1315 4045 Per-

264 4050 408 4082 versorum
419 4054 599 4092 praesumptio
612 4056 642 4087 in
658 4054 807 4085 Publicam
821 4053 935 4084 transeat
949 4037 1120 4084 [aefionern.

124 3369 208 3404 ‚1335-

104 3406 156 3431 An.
172 3412 200 3437 9.

103 3445 134 3468 E.
157 3450 183 3476 3.

107 3479 210 3507 Ibidem.

304 4087 408 4132 Na‘ffi
422 4092 550 4130 ‘lumensi
565 4092 600 4128 ad
617 4103 671 4129 nos
691 4093 771 4134 super
784 4093 842 4126 hoc
860 4091 1017 4131 Qerelam
1029 4090 1132 4123 deferri
1145 4091 1319 4130 eontigerit,
1355 4099 1415 4129 tra,
1427 4090 1462 4122 ad
1477 4099 1563 4129 quos,
1579 4089 1640 4120 &c.
1658 4085 1790 4119 Salutem.

2255 212 2332 261 '1'33

1286 288 1323 318 sic
1345 288 1518 328 Attemptata
1542 302 1590 329 per
1608 293 1718 324 nostros
1737 293 1832 325 celeris
1845 294 2018 332 appositione
2034 293 2168 324 Remedii
2180 292 2340 323 curabimus
2358 282 2491 332 ᾹΩΠΈ)

1287 327 1440 370 reformare
1453 351 1461 366 ,
1480 330 1559 372 quod
1578 331 1714 362 debebitis
1737 333 1933 364 rationabiliter
1947 334 2116 364 ,contentari
2129 345 2139 367 .·,
2152 331 2235 369 'quod
2258 333 2343 361 etiam
2377 330 2452 365 ‘1335

1288 365 1388 407 nostris
1403 366 1542 409 Subditis,
1560 369 1629 413 eum
1644 380 1693 407 per
1706 371 1815 401 vestros
1828 371 2017 409 dampnificati
2031 371 2150 409 fuerint,
2168 370 2272 400 faciatis
2285 369 2343 408 fieri
2360 366 2425 393 Edv.
2447 374 2471 400 3·—

1288 411 1410 446 petimus
1422 415 1486 434 vice
1500 415 1596 444 versa,
1615 415 1645 437 ut
1661 408 1714 445 sic,
1732 409 1815 446 usque
1829 409 1863 439 ad
1877 409 2048 447 praefinitum
2063 417 2174 447 tempus
2186 408 2270 438 di&ae
2279 407 2343 438 Suf-

1288 442 1414 485 ferentiae
1422 465 1433 484 2
1450 445 1543 480 vigeat
1556 445 1628 475 inter
1642 445 1734 476 dictos
1747 446 1859 478 nostros
1874 450 1907 479 &
1924 448 2031 479 vestros
2044 447 2176 478 Subditos
2195 445 2344 477 Commu-

1290 488 1340 509 mo
1356 484 1484 519 pacifica,
1503 482 1537 512 ad
1550 492 1650 513 eorum
1668 492 1798 515 mutuum
1813 487 2005 516 commodum
2021 487 2053 517 &
2069 487 2201 524 quietem.
2270 517 2272 519 ,

1328 517 1403 547 Data
1417 519 1490 556 apud
1508 519 1611 551 Villam
1625 522 1721 553 Sancti
1731 523 1884 562 Johannis,
1901 524 2016 555 decimo
2027 525 2103 555 sexto
2118 525 2163 554 die
2175 522 2303 563 Augusti,

1328 594 1498 625 Confimiles
1515 596 1619 627 Literae
1636 598 1760 635 (mutatis
1777 608 1973 637 competenter
1987 599 2137 635 mutandis)
2159 591 2348 639 Consulibus,

1292 631 1529 678 Burgimagistris,
1549 636 1582 666 δε
1597 635 1740 675 Scabinis,
1759 638 1792 668 &
1805 640 1858 669 toti
1874 638 2099 677 Communitati,
2119 638 2201 668 Villx
2213 638 2249 668 de
2256 638 2349 676 Brug-

1292 681 1341 710 ges
1355 681 1385 702 in
1402 671 1540 703 Plandrra.

1332 748 1520 785 Consulibus,
1539 748 1780 788 Burgimagistris,
1797 751 1829 781 &
1850 750 1993 788 Scabinis,
2011 761 2043 783 ac
2064 754 2118 784 toti
2137 752 2351 784 Communitati

1295 785 1433 817 Villarum
1445 787 1481 818 de
1497 787 1639 818 Gandano
1653 789 1685 818 δε
1701 788 1737 818 de
1752 788 1832 827 Ipre,
1850 789 2003 827 separatim.

1525 913 1619 958 Super
1635 911 1774 957 Expenſss
1794 914 1915 944 Comitis
1934 910 1970 944 de
1986 912 2138 956 llfnrrqff'.

1302 994 1421 1049 REX
1438 996 1640 1034 Thesaurario,
1658 997 1692 1026 &
1708 995 1875 1026 Camerariis
1887 997 1956 1034 suis,
1973 996 2108 1026 Salutem.
2376 995 2452 1026 Anii.
2465 995 2501 1025 D

1399 1034 1546 1072 Liberate,
1563 1035 1598 1065 de
1618 1034 1765 1065 Thesauro
1786 1034 1904 1072 nostro,
1921 1035 2026 1065 dilecto
2046 1034 2165 1073 Nobis,
2179 1035 2301 1073 Johanni
2321 1035 2358 1065 de
2398 1042 2481 1074 1335.

1301 1068 1438 1110 Denton,
1455 1073 1491 1103 dc
1511 1073 1608 1103 Novo
1629 1072 1731 1103 Castro
1752 1073 1830 1110 super
1852 1074 1967 1113 Tynam
1979 1096 1989 1111 ,
2006 1074 2134 1103 Triointa
2156 1076 2188 1104 ὃ(
2210 1074 2289 1103 Duas
2309 1074 2358 1103 Li-
2378 1078 2428 1101 An.
2444 1083 2474 1109 9.

1302 1107 1364 1140 bras
1377 1134 1386 1149 ‚
1405 1121 1471 1148 quas
1492 1111 1624 1149 expendit
1645 1112 1719 1142 circa
1741 1110 1842 1141 salvam
1861 1112 1894 1142 ὃς
1908 1112 2033 1142 securam
2050 1096 2217 1142 Custodiam
2233 1110 2358 1142 Comitis
2380 1117 2407 1138 Ε.
2430 1121 2457 1148 3.

1302 1145 1339 1176 de
1354 1149 1482 1187 Murref,
1500 1149 1610 1180 Inimici
1631 1149 1734 1186 nostri,
1750 1159 1839 1186 nuper
1861 1149 1897 1179 de
1921 1150 2033 1180 Guerra
2048 1161 2080 1181 ca
2102 1151 2138 1188 ti,
2156 1151 2190 1180 ὃς
2204 1152 2232 1179 in
2248 1149 2361 1180 Prisona
2381 1149 2490 1177 Liberat

1304 1187 1400 1217 nostra
1420 1188 1448 1216 in
1471 1187 1573 1218 Castro
1591 1188 1627 1218 de
1648 1187 1771 1218 Bambur
1791 1189 1810 1217 li
1823 1187 1943 1225 detenti,
1963 1189 1995 1218 ὃς
2012 1190 2073 1218 exin
2096 1190 2111 1218 e
2126 1199 2175 1226 per
2188 1188 2298 1219 <licitum
2308 1188 2361 1226 Jo-
2383 1192 2482 1224 9.1Ξ.3Δ

1304 1225 1427 1255 hannem
1445 1226 1531 1264 usque
1553 1225 1706 1257 Civitatem
1724 1236 1763 1256 no
1790 1236 1850 1256 ram
1873 1226 2004 1256 Eborum
2025 1227 2121 1265 ducti,
2141 1228 2173 1258 ὃς
2188 1226 2363 1257 Vicecomiti
2381 1236 2417 1254 m.
2430 1235 2459 1261 ⁴3-³

1304 1264 1402 1294 nostro
1418 1265 1523 1295 ibidem
1538 1266 1654 1295 liberati.

1309 1302 1431 1372 d'TAeXste
1451 1302 1533 1371 {ege
1553 1302 1625 1341 apud
1646 1302 1753 1334 Villam
1768 1303 1803 1334 de
1825 1302 1932 1334 San&o
1943 1302 2093 1342 johanne,
2110 1303 2226 1334 decimo
2240 1304 2361 1342 septImo

1330 1352 1354 1371 ie
1399 1351 1453 1381 ugu
1481 1353 1498 1372 1.

2040 1382 2093 1409 Per
2107 1379 2259 1409 Consilium.

1357 1502 1455 1550 Qod
1472 1506 1572 1536 Comes
1590 1500 1698 1547 Cestriae
1715 1503 1846 1536 ducatur
1861 1503 1905 1536 ad
1924 1502 2061 1546 Castrum
2073 1501 2312 1550 Notinghamiae,

1677 1551 1787 1585 ibidem
1813 1564 1998 1585 moraturus.

1312 1635 1443 1691 REX,
1461 1635 1582 1678 Diieetis
1603 1637 1635 1667 sc
1658 1635 1797 1680 Fidenatis
1817 1636 1886 1672 suis,
1904 1636 2065 1666 wiliieimo
2084 1635 2120 1666 <ie
2143 1635 2248 1666 saneto
2273 1633 2369 1679 Ome-
2391 1618 2467 1687 Alnnq.
2482 1614 2518 1649 D—

1326 1689 1330 1690 ν
1385 1684 1418 1703 ro
1432 1698 1441 1712 ,
1459 1675 1615 1704 Senelcallo
1630 1699 1639 1711 ,
1661 1676 1694 1705 δε
1714 1675 1855 1704 Mamm-0
1872 1674 1899 1712 J.
1919 1674 1954 1704 de
1976 1674 2118 1704 Burnham
2133 1697 2142 1710 ,
2159 1674 2345 1704 Thesaurario
2361 1696 2371 1711 ,
2432 1666 2496 1698 325·

1312 1709 1436 1750 Hospitii
1459 1713 1591 1744 Edwardi
1615 1712 1737 1743 Comitis
1758 1701 1877 1743 Cesti-iae
1891 1736 1900 1750 ,
1917 1712 1979 1742 Filii
2001 1712 2089 1742 nostri
2115 1711 2248 1742 carissimi
2263 1737 2273 1750 ,
2293 1712 2372 1742 Salu—
2391 1700 2488 1771 2¹⁰⁴),9'

1312 1757 1448 1828 oeIPQJia,
1468 1799 1582 1827 propter
1603 1789 1708 1820 diversa
1731 1789 1837 1827 Nova,
1856 1798 1920 1827 quae
1939 1789 1973 1818 ad
1987 1788 2112 1819 auditum
2127 1788 2260 1820 nostrum
2275 1799 2375 1826 perve-
2395 1773 2482 1838 αἶψ’

1313 1837 1414 1895 nerunt
1426 1829 1643 1896 jamodengiovo,
1662 1830 1695 1859 ὃ(
1710 1838 1774 1865 quse
1790 1828 1859 1858 Nos
1874 1828 1907 1858 δε
1921 1828 2030 1858 Statum
2054 1827 2149 1866 Regni
2171 1827 2258 1857 nostri
2279 1827 2375 1857 multi-
2398 1820 2527 1878 ξη·,1”03.ἰί;

1316 1875 1593 1941 P¹Vbeliirtiii1is⁵uqiitid
1615 1904 1706 1934 dietus
1731 1904 1859 1942 Comes,
1876 1903 2022 1934 Dominus
2035 1902 2143 1941 vester,
2160 1912 2175 1932 a
2192 1904 2332 1942 partibus,
2349 1905 2381 1934 in

1315 1943 1415 1980 quibus
1431 1944 1490 1980 jam
1510 1943 1694 1980 conversatis,
1713 1943 1796 1981 usque
1814 1943 1847 1972 ad
1869 1943 1990 1980 aliquem
2011 1951 2105 1973 tutum
2127 1942 2224 1972 locum
2240 1941 2375 1979 ducatur,

1316 1981 1423 2011 ibidem
1446 1991 1602 2013 moraturus
1625 1982 1768 2019 quousque
1790 1980 1862 2011 aliud
1883 1981 1960 2020 super
1978 1981 2035 2011 hoc
2056 1979 2185 2010 duximus
2205 1979 2377 2010 demandan-

1318 2019 1446 2088 dufflibis
1458 2057 1623 2088 mandamus
1638 2057 1719 2095 quod
1735 2057 1825 2095 ipsum
1842 2056 2009 2094 Comitem,
2024 2057 2080 2087 una
2098 2060 2166 2086 cum
2187 2056 2246 2086 tora
2261 2056 2379 2087 Familia

1317 2096 1380 2134 suci,
1398 2097 1484 2134 usque
1502 2098 1520 2116 ²*
1537 2096 1570 2126 ad
1586 2094 1720 2126 Castrum
1737 2096 1864 2126 nostrum
1878 2096 1914 2126 de
1929 2095 2136 2139 Notyngham,
2155 2104 2222 2125 cum
2239 2095 2322 2124 omni
2337 2095 2379 2125 fe-

1318 2134 1468 2166 stinatione
1482 2135 1537 2173 quei
1551 2135 1710 2166 commode
1726 2134 1786 2165 fieri
1800 2136 1904 2172 poterit
1918 2134 2079 2173 ducatis,m
2095 2132 2197 2164 eodem
2204 2141 2381 2164 moraturum

1319 2173 1390 2204 sicut
1402 2173 1569 2211 prxdidtum
1587 2173 1642 2203 est:
2320 2178 2325 2182 ’

1357 2212 1395 2242 Et
1407 2214 1464 2243 hoc
1479 2212 1633 2243 nullatenus
1646 2211 1789 2242 omittatis.

1323 2250 1448 2320 ATffie
1466 2250 1549 2291 Rege
1566 2250 1639 2289 apud
1655 2249 1763 2281 Villam
1785 2249 1880 2281 Sancti
1898 2249 2054 2288 johannis,
2073 2248 2189 2280 decimo
2210 2247 2318 2280 ostavo
2333 2248 2379 2280 die

1351 2298 1387 2329 ug
1432 2300 1449 2320 i.

2400 2085 2419 2103 *⁸
2437 2083 2490 2112 IV.

2404 2125 2470 2160 663.

2010 2328 2063 2356 Per
2077 2324 2159 2365 ipficm
2172 2329 2278 2364 Regem.

1551 2456 1646 2498 Super
1662 2452 1800 2498 Expensts
1819 2453 1944 2483 Comitis
1957 2449 1994 2483 de
2010 2449 2161 2494 Murreff‘.

1327 2539 1439 2597 REX
1450 2538 1658 2583 ’ThesaurariQ
1675 2537 1709 2567 &
1722 2535 1970 2589 Camerariishsuis,
1988 2535 2126 2579 Salutem.
2185 2573 2190 2578 ι
2240 2575 2245 2578 ξ
2282 2579 2285 2581 Β

1422 2578 1552 2608 Liberate
1565 2600 1575 2614 ,
1599 2575 1636 2606 de
1656 2576 1802 2606 Thesauro
1824 2574 1944 2612 nostro,
1969 2572 2087 2604 Dilesm
2106 2574 2139 2604 ὃς
2158 2572 2247 2603 Fideli
2265 2572 2364 2603 nostro

1328 2616 1415 2647 Petro
1438 2616 1474 2647 de
1495 2614 1660 2646 Middleton
1673 2638 1683 2651 ,
1702 2613 1876 2644 Vicecomiti
1898 2613 1997 2643 nostro
2022 2611 2155 2642 Eborum
2171 2634 2180 2648 ,
2204 2612 2335 2650 Triginta

2409 2547 2484 2578 Ann.
2495 2541 2534 2577 D-

2377 2596 2387 2611 '
2429 2595 2515 2626 1335·

1330 2654 1414 2685 Drios
1428 2654 1540 2685 Solidos
1562 2663 1615 2691 pro
1636 2652 1768 2690 Expensis
1782 2651 1907 2682 Comitis
1922 2651 1959 2681 de
1975 2649 2118 2688 Murreff,
2138 2650 2167 2679 in
2184 2648 2323 2680 Custodia
2338 2613 2385 2680 ssi}
2404 2629 2467 2695 ἐξ
2478 2635 2505 2658 9

1330 2693 1367 2724 de
1383 2693 1514 2725 mandato
1527 2691 1626 2722 nostro
1640 2701 1689 2728 per
1702 2691 1784 2722 Otito
1797 2690 1856 2720 dies
1878 2689 2018 2720 existentis
2026 2701 2038 2727 3⁴
2054 2688 2202 2727 videlicet,
2217 2698 2272 2725 pro
2293 2688 2386 2726 quoli-
2409 2696 2510 2730 Libirat

1330 2733 1380 2763 bet
1393 2732 1503 2762 dierum
1517 2730 1714 2773 praedffitarum
1730 2730 1862 2768 Qatuor
1876 2728 1998 2758 Solidos.
2129 2765 2134 2769 Ι
2282 2765 2287 2770 .
2411 2749 2439 2774 9.
2452 2744 2481 2766 E,
2498 2749 2522 2775 3)

1334 2770 1458 2849 guz-este
1473 2769 1556 2809 Rege
1569 2768 1642 2807 apud
1657 2768 1760 2800 Villam
1774 2768 1810 2798 de
1823 2767 1929 2797 Sancto
1941 2766 2089 2804 johanne,
2108 2764 2243 2796 Vicesimo
2260 2763 2306 2795 die
2328 2765 2389 2795 Au·
2412 2788 2447 2806 m·
2465 2789 2494 2813 ἦ.

2066 2843 2118 2871 Per
2138 2840 2291 2871 Concilium.

1416 2976 1474 3006 Pro
1493 2970 1651 3005 Militibus
1674 2972 1795 3004 Comitis
1814 2967 1850 3001 de
1865 2970 2040 3011 Nam'onrs,
2066 2967 2102 3001 de
2118 2971 2204 3002 Dono
2221 2971 2316 3015 chgin

1339 3054 1924 3134 RE>{ibestii{[}udglTilesasugarxibcsiig?
1935 3053 2245 3122 ffliliiiggiunglerico
2258 3082 2393 3128 subscrip-
2416 3057 2546 3135 A11P3‘5P’

1341 3137 1390 3173 tis,
1409 3137 1456 3174 qui
1473 3144 1560 3171 nuper
1571 3133 1605 3164 ad
1620 3131 1688 3164 Nos
1703 3135 1732 3163 in
1747 3132 1882 3169 Angliam
1897 3141 1982 3168 curn⁷
2001 3130 2106 3160 Nobili
2122 3130 2207 3166 viro,
2228 3128 2346 3173 Comire
2355 3131 2391 3173 de
2416 3121 2468 3163 Aa?
2485 3147 2512 3171 9,

1340 3173 1489 3204 Namours
1506 3180 1660 3210 venerunt,
1681 3174 1710 3202 in
1722 3170 1893 3202 Succursum
1907 3169 2035 3199 nostrum
2049 3176 2147 3198 contra
2160 3167 2281 3206 Scotos,
2297 3166 2396 3198 Inimi-
2419 3180 2437 3201 E
2468 3184 2494 3210 3,

1342 3222 1392 3244 cos
1405 3211 1532 3249 nostros,
1552 3211 1702 3250 videlicet,
2419 3214 2523 3241 Ibidem.»

1378 3251 1514 3281 Domino
1527 3249 1562 3280 de
1576 3248 1731 3279 Karendon
1742 3271 1750 3286 ,
1768 3246 1956 3315 Quadraginta
1969 3241 2099 3283 Mai-cas,

1380 3289 1513 3320 Domino
1525 3289 1561 3319 de
1574 3288 1616 3318 W
1619 3289 1760 3324 alecourt,
1809 3286 1884 3324 iginti
1900 3284 2011 3314 Marcas
2021 3306 2031 3321 ,

1381 3328 1516 3358 Domino
1531 3327 1566 3357 de
1579 3326 1756 3362 Liclieioles,
1776 3323 1890 3354 Decem
1905 3321 2034 3358 Marcas,
2139 3352 2142 3355 ,
2258 3358 2263 3359 ⁷

1382 3366 1515 3397 Domino
1534 3365 1720 3396 Theoderico
1742 3363 1776 3393 de
1796 3362 1963 3391 Walecourt
1978 3384 1987 3397 ,
2003 3369 2088 3389 unam
2110 3358 2225 3396 Capam
2248 3360 2281 3400 &ss
2303 3365 2394 3386 unum

1345 3405 1501 3444 Aquarium
1515 3404 1658 3440 deaurata,
1676 3402 1811 3432 Ponderis
1825 3400 1879 3430 Sex
1896 3398 2059 3428 Mtlrcarum
2070 3421 2079 3435 ,
2097 3397 2200 3427 Trium
2217 3396 2399 3432 solidorum,

1346 3445 1379 3476 &
1399 3443 1530 3482 Qatuor
1550 3442 1741 3472 Denariorum
1756 3462 1766 3476 ,
1790 3439 1824 3469 &
1845 3437 1929 3467 Pretii
1951 3436 2117 3466 Duodecim
2138 3434 2299 3464 Mai-carum
2315 3456 2325 3471 ,
2343 3432 2398 3463 Sex

1347 3482 1530 3519 solidorum,
1548 3482 1581 3512 ὃ(
1593 3479 1676 3510 Octo
1693 3478 1904 3513 Denariorum,
1989 3514 1993 3518 ¹
2110 3512 2113 3516 ¹

1381 3520 1506 3560 Johanni
1519 3519 1555 3548 de
1568 3518 1628 3548 Bov
1651 3527 1685 3547 ne
1701 3515 1834 3550 Clerico,
1851 3512 2042 3552 (Quadraginta
2057 3511 2185 3555 Solidos,
2254 3552 2256 3555 v
2297 3549 2300 3553 .
2381 3548 2386 3553 ι

1385 3559 1464 3597 Qae
1478 3557 1611 3596 quidem,
1663 3556 1786 3592 enarios,
1806 3552 1919 3590 Cupam
1954 3552 1987 3582 ὃ(
2005 3551 2176 3592 Aquarium,
2197 3547 2402 3585 praefatis,Mi-

1345 3597 1438 3629 litibus
1453 3599 1486 3629 ὅτ,
1502 3596 1637 3632 Clerico,
1654 3603 1685 3625 ut
1698 3593 1889 3631 praemittitur,
1908 3574 2105 3631 Concellimus
2116 3587 2151 3631 de
2161 3586 2253 3630 Dorio
2266 3586 2374 3629 nostro.

1387 3635 1478 3666 Teste
1501 3634 1584 3674 Rege
1605 3632 1679 3671 apud
1698 3631 1803 3662 Villam
1821 3629 1918 3660 Sanffi
1937 3627 2074 3666 Johannis
2090 3650 2099 3663 ,
2117 3633 2254 3656 vicennio
2275 3624 2321 3654 die
2342 3624 2403 3654 Au-

1350 3675 1431 3715 gUstl-
2032 3704 2084 3732 Per
2097 3701 2178 3741 ipsum
2193 3704 2298 3739 Regem.

1351 3844 1400 3877 De
1419 3841 1621 3875 Matrimonia
1640 3841 1717 3871 inter
1735 3836 2041 3917 Regjmlelorwegiae,
2065 3836 2101 3871 (ᾗ
2125 3835 2265 3867 ,S'ororism⁴
2282 3834 2406 3866 Comitis
2428 3857 2504 3888 Am-
2516 3849 2562 3891 Da:

1813 3896 1827 3916 e
1879 3895 1980 3916 amur.
2450 3904 2531 3934 1335·

2426 3938 2479 3962 Aa.
2495 3945 2523 3968 9.

2309 3966 2406 4008 Malo?
2427 3978 2456 3999 Ε.
2479 3982 2503 4008 3.

1987 3990 2145 4036 Nsarinariis
2159 4005 2308 4042 Navium,
2328 4003 2406 4033 Balh-
2426 4015 2485 4038 Par.
2505 4020 2533 4044 9.

1354 4054 1415 4091 vis,
1433 4051 1590 4088 Ministris,
1607 4050 1640 4080 δε
1662 4047 1802 4078 Fidelibus
1821 4045 1893 4084 suis,
1909 4045 1969 4076 tam
1985 4045 2057 4076 infra
2077 4045 2246 4083 libertates,
2263 4043 2347 4081 quarn
2363 4049 2413 4070 ex⁴
2429 4053 2459 4076 Ε,
2470 4059 2492 4085 3-
2500 4056 2522 4085 p.
2533 4050 2562 4082 ιζ

1849 4118 1918 4161 Ra

1418 3974 1492 4012 EX,
1511 3971 1658 4004 Univerfis
1681 3969 1715 4002 δε
1730 3968 1840 4008 fingulis
1854 3967 2011 3999 Admirallis
2047 3966 2290 4006 vicecomitibus,

1436 4014 1527 4050 ribus,
1545 4010 1695 4047 Dominis,
1713 4018 1746 4039 ac
1764 4007 1920 4046 Magistris,
1937 4007 1971 4038 &

2432 4097 2467 4114 m.
2477 4097 2519 4116 24„

2339 4114 2416 4147 Scia—
2501 4117 2504 4121 '
