2562 4279
25 158 103 191 fflnn.
120 157 163 193 D,

55 207 140 238 ¹3¹7-

27 239 96 267 Edv.
116 247 143 265 2.

45 2129 66 2150 ¹·
83 2131 137 2159 111.

70 2172 134 2206 64¹-

35 2634 113 2666 Ann.
127 2631 169 2663 D.

58 2681 145 2713 13¹7·

35 2715 89 2739 An.
109 2720 152 2739 io.

35 2770 125 2823 Clau).

42 2836 83 2854 ιο.
98 2830 126 2852 Ε.
142 2834 169 2851 2.

37 2864 156 2900 m.7.d.

185 81 266 119 126

186 162 286 200 Regni
302 161 407 200 nostri,
427 162 454 192 in
473 159 627 190 Nuncium
653 155 780 186 nostrum
799 153 832 184 ad
856 152 976 183 Curiam
994 151 1155 182 Romanam
1171 147 1257 192 desti-

183 211 362 239 niveramus,
386 202 414 230 in
433 198 574 230 redeundo
598 196 633 225 de
651 194 750 224 eadem
768 191 857 222 Curia
875 192 964 222 versus
979 200 1031 220 nos
1043 213 1052 228 ,
1077 199 1164 227 nuper
1179 196 1255 226 Juxta

184 241 351 276 Staumpes,
369 238 438 268 infra
456 235 619 273 potestatem
640 231 779 268 vestram,
796 231 825 260 vi
848 229 951 260 armata
970 237 1120 297 ceferunt,
1138 228 1170 257 &
1193 236 1254 256 ver-

184 278 227 309 sus
246 286 333 316 partes
349 275 522 307 Alemanni-:e
544 271 733 307 abduxerunt,
758 270 786 298 in
811 268 923 298 Sanciae
942 267 1002 298 Ecc
1014 268 1075 297 eliae
1094 265 1256 301 Roman-se,

184 327 220 347 ac
242 315 349 352 vestri,
373 315 405 343 &
424 311 511 342 nostri
536 309 655 339 dedecus
674 307 707 338 &
734 307 921 345 opprobrium
946 304 1144 341 manifestum,
1161 302 1255 340 unde,

186 365 247 386 non
264 353 415 388 inmerito,
433 350 529 379 animo
547 346 757 377 conturbamur.
1207 378 1212 383 .

224 393 262 423 Et
278 392 313 422 de
331 399 367 419 eo
386 388 484 425 quod,
504 383 648 415 notificata
665 384 746 413 vobis
764 383 894 420 captione
912 382 944 413 ἃ
962 381 1148 412 abducatione
1165 377 1258 415 hujus-

185 431 284 467 modi,
303 437 355 465 pro
373 425 570 456 deliberatione
588 421 670 459 ipsius
689 421 901 457 Consanguinei
920 420 1011 450 nostri
1025 430 1040 450 a
1055 419 1183 449 manibus
1196 417 1258 458 suis,

184 475 356 507 oportunum
374 464 505 495 auxilium
532 459 709 499 impendistis
724 482 734 498 ,
761 459 861 490 vestrae
879 459 1024 490 Serenitati
1043 457 1079 487 ad
1103 465 1194 494 grates
1217 458 1257 484 al-

185 507 320 543 surgimus
338 513 402 541 quas
419 501 561 537 valemus,
1211 533 1216 537 .

223 542 401 577 Affeffione,
420 539 471 577 qus
490 539 634 576 postumus
648 560 658 576 ,
682 536 867 574 supplicantes
885 537 1013 573 quatinus
1025 556 1035 569 ,
1062 533 1096 563 ad
1119 531 1258 572 praemiffa

183 582 363 617 condignam
383 576 630 608 considerationem
649 575 812 614 dirigentes,
839 576 916 604 circa
935 572 1164 603 deliberationem
1187 580 1259 608 piac-

185 619 256 650 dic‘ti
278 616 487 656 Consanguinei
506 614 594 645 nostri
613 613 719 652 velitis,
743 612 842 642 nostris
868 612 1017 650 precibus,
1036 620 1090 648 pro
1114 618 1258 639 memora-

185 667 222 689 tae
237 656 387 692 Ecclesiae,
403 664 436 684 ac
451 653 560 692 vestro,
579 653 611 683 &
631 651 729 682 nostro
741 651 869 689 honore,
889 660 978 680 omne
994 648 1146 679 confilium
1162 648 1258 678 &au-

187 696 304 733 xilium,
322 703 387 732 quae
402 692 531 730 expedire
548 691 686 728 videritis,
704 699 845 728 apponere
863 699 932 718 cum
949 687 1067 719 effeetu:

224 734 293 765 Dat.
311 731 383 770 apud
402 730 628 771 Wyndesoram,
643 728 758 760 decimo
776 728 822 758 die
841 727 924 757 Maii.

185 808 312 866 REX
330 807 438 853 Nobili
449 806 689 850 Viro,·Domino
706 803 832 842 Carolo,
849 802 963 834 Comiti
976 801 1013 833 de
1029 801 1157 845 Valoies,
1177 798 1258 844 Con-

261 846 414 888 sanguineo
430 845 479 877 suo
497 844 638 877 cariffimo
653 868 663 883 ,
689 843 817 881 salutem,
838 843 870 873 &
894 841 1006 872 sincerae
1037 840 1198 870 dileetionis
1215 838 1258 868 as-

184 884 419 955 feb{gilini—iestrum
439 922 563 953 auditum
575 922 634 959 jam
656 921 781 959 pervenit
800 918 878 957 quod
895 917 1008 956 quidam
1023 916 1162 957 Johannes
1179 914 1215 946 de
1232 913 1257 945 la

183 962 340 1003 Molliere,
358 963 417 1000 &a
430 967 512 1001 prout
524 959 610 1000 fitpra
628 960 659 989 de
677 959 760 989 verbo
774 957 834 997 ferex
850 957 890 986 ad
900 955 1022 986 verbum.

359 1039 473 1070 Eodem
491 1036 581 1069 modo
598 1035 725 1067 scribitur
743 1034 914 1072 subscriptis,
932 1032 1081 1072 videlicet,

222 1122 337 1150 Domino
356 1117 518 1154 Lodowico,
534 1118 633 1144 Comiti
651 1114 787 1150 {Em-os,

220 1160 336 1187 Domino
358 1155 478 1185 l‘Vai'lero
497 1155 528 1183 de
547 1152 708 1192 Ciafteli'ion,
728 1152 826 1180 Comiti
844 1151 961 1179 Porcien.

220 1199 337 1226 Domino
357 1192 478 1231 Karolo,
502 1195 597 1222 Conn'ti
618 1190 729 1220 March.

218 1237 336 1263 Domino
354 1230 484 1271 Anselmo
501 1231 533 1260 de
551 1227 687 1259 Genevssll.

219 1271 354 1313 Magistro
371 1270 505 1302 Richardo
523 1268 639 1310 beetot.

253 1348 339 1388 EX,
356 1347 463 1379 Nobili
482 1346 554 1377 Viro
569 1369 578 1384 ,
605 1344 739 1376 Domino
756 1343 878 1384 Johanni
895 1341 975 1373 Duci
993 1340 1158 1379 Britanniae,
1177 1337 1259 1370 Con-

272 1389 424 1426 sanguineo
448 1385 496 1416 suo
515 1383 673 1423 carissimo,
689 1382 801 1414 salutem
818 1406 827 1421 ,
853 1382 886 1413 ὅ(
911 1381 1026 1412 sincerae
1043 1380 1201 1411 dilectionis
1217 1377 1260 1408 af-

188 1427 305 1458 fedtum.
466 1434 469 1437 ’

224 1466 273 1496 Ad
290 1464 419 1496 nostrum
436 1462 577 1500 auditum,
595 1458 654 1496 &a
674 1468 706 1490 ut
717 1459 802 1499 supra
821 1458 898 1499 usque
916 1458 953 1488 ibi
971 1459 1189 1496 conturbamur,

225 1505 309 1542 Nos,
326 1504 459 1541 sperantes
474 1511 525 1530 vos
542 1501 576 1530 ad
592 1510 640 1537 ea,
659 1510 721 1537 qupe
738 1498 882 1536 nostrum,
902 1498 935 1528 δε
953 1497 1076 1527 vestrum
1097 1495 1236 1526 honorem
1250 1518 1259 1534 ,

185 1554 222 1575 ac
247 1541 440 1574 commodum
466 1539 564 1575 Regni
590 1537 676 1567 nostri
697 1539 871 1574 respiciunt,
900 1546 996 1566 manus
1021 1535 1091 1565 velle
1116 1544 1257 1572 apponere

185 1582 350 1620 adjutrices,
369 1578 489 1609 vestram
515 1577 682 1608 Az-nicitiam
708 1576 876 1613 affeStione,
894 1574 948 1613 qui
972 1575 1133 1612 possuniuS,
1159 1573 1258 1610 depre-

182 1630 298 1658 camur,
316 1619 459 1657 quatinus,
478 1616 512 1647 ad
529 1614 940 1654 praemiffi'couliderationem
959 1613 1135 1650 condignam
1153 1612 1258 1642 haben-

184 1668 243 1698 tes,
260 1656 319 1694 &a
336 1656 472 1695 utsupra.

440 1732 555 1765 Eodem
574 1731 666 1763 modo
686 1730 813 1762 scribitur
833 1729 1006 1768 subscripti53

226 1821 342 1850 Domino
359 1816 504 1856 Johanm',
521 1818 586 1853 Regi
604 1817 752 1882 Byyemiae,

219 1861 335 1889 Domino
354 1858 397 1890 W.
415 1858 568 1893 Hanoniae,
585 1855 629 1883 Ho
641 1853 749 1891 andiae,
768 1848 806 1888 (ᾤ’
825 1848 957 1881 Selandiae
972 1849 1069 1879 Comiti
1080 1870 1090 1887 ,
1112 1858 1143 1878 ac
1162 1848 1258 1879 Domi-

344 1898 391 1924 Fri
403 1904 436 1923 1ae

224 1907 342 1965 Domqiiio
357 1893 498 1970 GeCar’do,
515 1933 612 1961 Comiti
631 1929 662 1958 de
678 1927 796 1968 Julers,

224 1975 342 2002 Domino
447 1972 543 2000 Comiti
560 1969 592 1998 de
616 1972 723 2005 Saum,

223 2014 341 2041 Domino
359 2008 464 2047 Odoni,
482 2010 553 2037 Duci
568 2005 754 2044 Burgundiae,

224 2052 342 2079 Damino
356 2046 481 2086 Johanni
498 2046 529 2074 de
549 2044 687 2082 Hanand,
706 2044 822 2073 Domino
843 2042 876 2072 de
891 2041 1077 2079 Blaumountg

224 2091 341 2118 Domino
367 2087 513 2116 Lodowico
527 2107 537 2122 ,
563 2086 659 2112 Comiti
686 2084 812 2111 Enevers
823 2104 834 2120 ,

225 2126 245 2147 ²*
266 2129 382 2156 Domino
402 2124 545 2160 Amadeo,
565 2125 661 2151 Comiti
679 2119 841 2158 Sabaudiae,

226 2168 350 2196 Dominae
370 2166 474 2193 Mariae
490 2186 500 2201 ,
526 2158 667 2199 Comitiffae
687 2158 719 2187 de
739 2157 929 2197 Lucenbergh,

227 2207 342 2234 Domino
358 2205 439 2232 Petro
459 2202 490 2230 de
509 2202 618 2239 Nercy,

227 2245 344 2272 Domino
362 2238 502 2277 Radulpho
518 2238 549 2267 de
568 2241 661 2277 Lopy,

227 2283 343 2311 Domino
358 2281 480 2314 Ferrico,
497 2279 568 2306 Duci
585 2277 741 2312 Lorengiae,

227 2321 343 2348 Domino
362 2317 506 2347 Lodowico
526 2315 555 2343 de
576 2316 661 2352 Loes,
689 2314 787 2343 Comiti
802 2311 833 2342 de
853 2310 963 2350 Chyny;

229 2359 347 2386 Domino
363 2354 477 2384 Roberto
496 2353 528 2382 de
547 2354 653 2391 Nercy,
963 2377 978 2390 x

229 2397 346 2425 Domino
364 2392 488 2423 Gobardo
506 2391 538 2421 de
555 2389 740 2429 Apermound.

361 2537 410 2570 De
436 2532 615 2575 Cremna,
635 2543 691 2579 pro
715 2530 848 2565 Ebulone
872 2530 908 2565 de
930 2527 1102 2565 Montibus.

195 2621 319 2681 REX
336 2644 345 2660 ,
370 2619 475 2651 Nobili
498 2619 571 2649 Viro
586 2641 596 2657 ,
622 2617 755 2648 Domino
782 2616 924 2648 Edwardo
937 2638 947 2654 ,
973 2614 1084 2645 Comiti
1106 2614 1142 2645 de
1164 2614 1263 2652 Bares,

212 2698 251 2730 ffe
274 2660 493 2699 Consanguineo
509 2657 557 2688 suo
574 2656 716 2688 carissimo
731 2680 740 2694 ,
768 2656 899 2693 salutem,
917 2655 949 2686 &
971 2655 1083 2685 sincerae
1107 2653 1264 2684 dilefflonis

195 2711 210 2730 a
252 2700 342 2730 (stum.
477 2720 479 2722 -

230 2737 375 2778 Qiaedam
396 2737 526 2774 negotia,
545 2745 612 2771 nos,
631 2734 663 2764 δε
685 2733 824 2763 honorem
845 2731 988 2769 nostrum,
1013 2740 1046 2761 ac
1069 2730 1210 2769 vestrum,
1229 2730 1263 2761 ὃς

191 2776 312 2807 aliorum
333 2776 505 2806 Amicorum
524 2773 700 2809 nostrorum,
719 2771 879 2808 tangentia,
901 2770 1091 2808 injunximus,
1107 2769 1212 2799 dilecsto
1230 2770 1264 2800 &

193 2815 268 2845 fideli
292 2813 406 2850 nostr0,
434 2811 559 2842 Ebuloni
577 2811 613 2840 de
633 2810 783 2840 Montibus
798 2832 808 2847 ,
839 2810 920 2839 vobis
945 2817 978 2838 ex
998 2817 1074 2845 parte
1092 2807 1187 2838 nostra
1205 2807 1268 2845 ple-

192 2855 254 2885 nius
272 2851 452 2892 exponenda:

230 2892 376 2930 Qiocirca
397 2899 446 2919 vos
465 2886 633 2925 affestione,
648 2886 702 2924 qua
719 2885 877 2925 polsumus,
895 2885 1060 2923 requirimus
1074 2884 1107 2915 &
1123 2894 1265 2923 rogamus,

191 2932 321 2970 quatinus
337 2928 453 2967 praefato
474 2926 597 2956 Ebuloni
616 2927 646 2954 in
671 2926 722 2954 hiis
743 2947 752 2962 ,
779 2935 841 2961 que
860 2924 933 2954 idern
953 2923 1044 2953 Ebulo
1071 2924 1151 2953 vobis
1177 2933 1264 2961 expo-

191 2970 288 3006 suerit,
302 2977 336 2997 ex
358 2975 433 3004 parte
448 2964 558 3002 nostra,
578 2965 643 2993 viva
661 2973 751 3000 voce,
769 2963 858 2992 velitis
877 2962 961 2992 fidem
980 2961 1128 2991 indubiam
1147 2961 1263 2992 adhibe-

191 3018 237 3045 re,
253 3008 286 3038 &
309 3007 384 3036 circa
403 3004 519 3034 felicem
538 3002 747 3040 expeditionem
764 3001 951 3038 eorumdem,
977 3009 1028 3039 pro
1047 2999 1143 3030 nostro
1160 3001 1193 3031 ὃ(
1212 3010 1264 3030 ve-

191 3047 267 3083 stro,
281 3055 314 3075 ac
333 3044 450 3073 aliorum
468 3042 639 3072 Amicorum
656 3039 813 3069 nostrorum
833 3040 960 3078 honore,
978 3048 1007 3069 ut
1022 3038 1176 3077 speramus,
1193 3049 1262 3070 cum

192 3085 275 3115 omni
292 3082 419 3113 efficacia
439 3082 615 3116 interponere
633 3087 722 3115 partes
740 3077 848 3107 vestras,

229 3121 298 3152 Dat.
315 3120 388 3159 apud
406 3119 449 3149 W
451 3117 636 3158 yndesoram,
655 3116 771 3146 decimo
790 3115 836 3145 die
857 3114 940 3146 Maii.

361 3195 475 3226 Eodem
494 3194 584 3225 modo
603 3194 729 3224 scribitur
746 3191 922 3229 subscripti53
940 3190 1087 3230 videlicet,

232 3276 361 3316 Johanni
380 3273 412 3303 de
428 3270 598 3308 Britannib,
619 3274 715 3300 Comiti
735 3267 949 3305 Richemundiae,

233 3317 359 3344 Dominae
376 3311 537 3350 Johannae,
563 3308 704 3348 Comitiffae
723 3310 766 3338 W
764 3317 891 3345 arennae,

234 3356 351 3383 Domino
369 3350 479 3381 Orardo
497 3349 529 3377 de
548 3351 632 3376 Bare.

249 3429 350 3458 Eodem
369 3428 441 3458 modo
452 3424 581 3466 firihi'tur
595 3423 772 3465 praescriptir,
782 3422 834 3462 sub
853 3424 956 3453 nomine
975 3420 1104 3450 Gnidonis
1123 3423 1211 3450 Ferre.

198 3504 365 3536 Consimiles
383 3505 495 3535 Litterae
511 3502 546 3533 de
566 3501 716 3532 Credentiri
733 3500 816 3531 factae
834 3499 946 3530 fuerunt
968 3496 1121 3535 subscriptis
1138 3495 1188 3529 sub
1212 3505 1267 3527 no-

237 3544 314 3572 mine
330 3542 434 3580 praefati
451 3542 606 3579 Ebulonis,
624 3540 756 3570 videlicet
766 3561 776 3578 ,

238 3621 355 3648 Domino
373 3619 505 3656 Girardo,
523 3621 618 3648 comiti
635 3618 665 3646 de
683 3615 797 3656 Julers,

240 3659 356 3686 Domino
374 3657 477 3694 Odons‘,
502 3659 574 3685 Duri
591 3655 773 3694 Burgundiae,

241 3697 358 3723 Domino
375 3696 455 3722 Petro
473 3695 503 3723 de
524 3697 629 3733 Nercy,

239 3734 358 3761 Domino
377 3734 471 3760 Comiti
487 3734 517 3761 de
536 3736 638 3768 Saum,

241 3772 367 3799 Dominae
386 3771 503 3808 Maria»,
521 3769 661 3808 Comitiffae
678 3770 710 3798 de
727 3766 924 3807 Lucenburgh,

240 3811 358 3837 Domino
374 3809 475 3835 ferrico
486 3830 496 3845 ,
511 3810 580 3836 Duri
599 3810 755 3846 Lai-eugiae,

242 3848 357 3875 Domino
375 3844 496 3872 Gabar-do
511 3845 728 3884 d‘Apern.0:1-it,

242 3886 356 3913 Domino
376 3881 501 3918 Anlblmo
518 3883 548 3910 de
567 3884 710 3912 Genevilla
721 3906 730 3920 ,

241 3924 356 3951 Domino
374 3921 528 3955 Loa‘owico,
545 3924 639 3949 comiti
654 3922 686 3950 de
705 3924 843 3960 Eneners,

240 3962 353 3991 Domino
371 3956 483 3988 Roberto
498 3958 529 3987 de
547 3959 650 3997 Nercy,

594 57 2002 114 CONVENTIONES3LITERAE,

1331 148 1447 176 Domino
1467 148 1510 176 W.
1526 149 1681 187 Hanoniae,
1699 145 1845 177 Holandiae
1864 143 1902 180 ὠ
1919 143 2053 175 Selandiae
2072 145 2190 181 comiti,
2205 145 2235 173 ac*
2253 143 2368 173 Domino

1399 185 1510 226 Frzfiae,

1332 225 1448 252 Domino
1468 224 1611 253 Ladon-ico
1628 223 1660 254 de
1678 226 1763 261 Loes,
1783 225 1880 252 Comiti
1897 222 1928 251 de
1947 221 2055 261 Chyny,

1333 264 1449 291 Domino
1465 262 1595 300 Johanm·
1613 264 1645 292 de
1662 265 1773 292 Hanon.
1791 264 1906 291 Domino
1925 260 1957 290 de
1974 260 2172 297 Blancmonte,

1332 302 1450 330 Domino
1468 301 1610 339 Radulpho
1632 301 1665 330 de
1683 303 1767 340 Lopy.

1355 437 1404 469 De
1427 435 1510 469 Wlla
1532 439 1569 474 ό*
1595 434 1694 480 Castro
1716 433 1874 477 Senhorii,
1901 437 2013 468 Corona
2035 434 2153 481 Angliae
2174 403 2311 466 ata-nexis.

1398 519 1429 549 X
1446 521 1595 559 omnibus,
1612 520 1647 552 ad
1665 531 1752 565 quos,
1767 522 1829 552 &c.
1847 519 1972 551 salutem,

1297 525 1361 589 R
1402 558 1506 589 Fideles
1528 560 1560 590 &
1586 561 1660 590 bene
1680 568 1795 590 meritos
1837 568 1870 590 ac
1895 558 1997 595 Regiis
2021 556 2159 596 obsequiis
2183 557 2261 588 utiles
2284 564 2367 595 atque

1296 604 1462 640 promptos,
1481 598 1605 641 Regiam
1615 598 1698 628 decet
1712 584 1918 636 providentiam
1933 597 1985 627 suis
2003 596 2152 627 affectibus
2167 596 2267 626 talibus
2281 606 2366 626 anne-

1298 635 1373 678 c‘tere
1387 637 1504 666 Vinculis
1520 636 1562 679 &t
1574 637 1671 674 unire,
1685 645 1733 674 ut,
1751 636 1788 666 de
1807 636 1962 673 promptis,
1988 635 2022 665 ad
2045 635 2244 673 oportunitates
2264 634 2367 674 Regias

1297 682 1346 710 per
1360 672 1481 709 ipsorum
1496 675 1619 712 servuia,
1635 674 1791 704 efficiantur
1804 674 1991 712 imposterum
2008 674 2204 712 promptiores.

1334 710 1402 740 Nos
1424 713 1528 748 igitur,
1548 712 1584 741 ad
1607 720 1683 749 grata
1699 713 1732 743 &
1751 713 1827 742 utilia
1843 712 1991 750 obsequia,
2009 723 2075 750 per,
2093 712 2210 742 dilectos
2227 711 2260 742 &
2276 711 2369 742 fideles

1297 748 1420 787 nostrOS,
1438 750 1573 780 Consules
1596 750 1629 781 &
1651 749 1874 781 Universitatem
1897 751 1981 781 Villae
2003 751 2106 781 nostrae
2127 749 2218 780 Castri
2239 749 2369 781 Senhorii

1297 787 1459 832 Agenensis.
1475 788 1620 826 Diocesis,
1637 787 1796 826 frequenter
1818 789 1852 820 &
1875 789 1976 819 utiliter
1995 790 2080 819 nobis
2100 788 2240 827 impensa,
2265 789 2369 820 nostrae

1297 825 1524 870 coniiderationis
1538 828 1672 857 intuitum
1686 827 1855 865 dirigentes,
1874 826 2080 866 conceffimus,
2098 837 2150 866 pro
2164 827 2284 857 nobis&
2293 827 2367 858 Hae-

1297 865 1409 894 renibus
1425 864 1541 908 nostris,
1558 865 1662 895 eisdem
1683 865 1853 896 Consulibus
1870 866 1903 896 &
1917 866 2117 905 Universitati,
2132 875 2181 904 per
2202 866 2249 896 has
2263 865 2369 897 noſtras

1298 910 1420 938 patentes
1433 903 1548 941 litteras,
1567 905 1702 941 perpetuo
1727 904 1882 942 duraturas,
1898 903 1978 944 quod
1995 903 2099 934 Villam
2119 904 2242 935 nostram
2263 904 2368 943 praedi-

1297 940 1374 970 etam
1389 951 1437 978 per
1452 941 1652 985 donationem,
1669 943 1924 981 permutationem,
1941 942 1988 973 vel
2001 944 2102 980 quovis
2117 943 2173 974 alio
2194 944 2301 983 modo,
2320 953 2370 974 ex-

1296 986 1337 1009 tra
1354 989 1470 1009 manum
1486 979 1612 1017 Regiam
1629 990 1688 1010 non
1702 990 1847 1018 ponemus.

1335 1017 1403 1048 Hoc
1418 1018 1616 1048 tantummodo
1630 1027 1752 1056 excepto
1773 1018 1852 1057 quod
1866 1017 1940 1048 Villa
1957 1018 2092 1055 praedicta
2114 1029 2163 1056 per
2178 1030 2248 1059 nos,
2264 1019 2368 1052 Haere-

1297 1055 1362 1098 des,
1378 1056 1411 1086 ὅ(
1424 1057 1601 1087 Successores
1615 1057 1741 1095 nostros,
1759 1056 1871 1094 nostro,
1889 1057 1922 1087 &
1936 1056 2057 1094 ipsorum
2073 1056 2228 1087 Haeredum
2249 1059 2282 1089 &
2296 1059 2368 1090 Suc-

1297 1095 1437 1124 cessorum
1452 1094 1613 1126 nostrorum
1629 1095 1831 1133 primogenitis
1851 1096 1892 1131 (ut
1906 1095 2006 1125 futuris
2019 1094 2187 1126 Haeredibus
2202 1095 2299 1134 Regni
2307 1098 2370 1129 An-

1280 1135 1282 1137 '
1299 1134 1382 1170 gli-z,
1401 1134 1433 1163 ὃς
1449 1133 1575 1164 Ducatsis
1593 1134 1762 1172 Aquitaniae)
1781 1134 1839 1164 dari
1855 1133 1942 1164 valeat
1956 1134 1989 1164 &
2004 1134 2134 1164 concedi.

1334 1172 1382 1215 *Ut
1398 1172 1468 1215 Villa
1489 1173 1552 1211 illa,
1571 1182 1620 1210 per
1641 1173 1825 1203 donationem
1847 1171 2023 1210 hujusmodi,
2041 1171 2164 1203 Coronae
2187 1172 2284 1212 Regni
2306 1173 2369 1205 An-

1299 1210 1366 1247 ghae
1380 1210 1530 1254 specialiter
1543 1211 1696 1254 conjun&a
1715 1219 1852 1241 remaneat
1869 1211 1902 1242 &
1916 1220 2039 1250 annexa,
2056 1211 2125 1242 dum
2147 1220 2241 1243 tamen
2259 1212 2289 1244 id
2308 1211 2371 1244 fieri

1298 1248 1692 1325 poiffiguajblgqugczraejudicio
1707 1249 1812 1280 alterius
1826 1249 2022 1289 cujuscunque.

1373 1325 1462 1358 Teste
1473 1310 1562 1367 Rege
1574 1326 1647 1366 apud
1660 1327 1969 1367 Westmonasterium,
1986 1327 2123 1360 vicesimo
2137 1329 2184 1360 die
2200 1327 2283 1360 Maii.

1963 1407 2017 1436 Per
2034 1405 2116 1446 ipficm
2133 1409 2237 1445 Regem.

1298 1553 1317 1573 Ξ*
1342 1546 1401 1580 Ad
1424 1549 1533 1595 Regem
1559 1550 1709 1590 Franciae‚
1744 1546 1780 1580 de
1805 1550 1940 1581 Civitate
1963 1550 2076 1581 Baionae
2098 1560 2155 1580 non
2176 1546 2368 1590 molestanda.

1297 1631 1574 1688 EXcellentisfimo
1588 1632 1715 1671 Principi
1725 1656 1734 1672 ,
1752 1632 1887 1663 Domino
1902 1633 2054 1664 Ludovico
2069 1633 2195 1664 Franciae
2211 1634 2245 1665 &
2257 1633 2373 1665 Navata

1361 1682 1398 1715 rat:
1415 1671 1492 1709 Regi
1506 1671 1614 1709 illustri,
1633 1672 1717 1702 Fratri
1732 1672 1780 1703 suo
1795 1672 1952 1711 cariffitno,
1970 1671 2143 1710 Edwardus,
2158 1673 2219 1703 &c.
2239 1673 2372 1713 salutem,

1298 1709 1331 1739 ὃ(
1346 1709 1440 1740 felices
1455 1710 1489 1740 ad
1506 1719 1572 1741 vota
1587 1709 1732 1741 successus.

1337 1747 1432 1785 Reges
1449 1749 1482 1779 &
1501 1747 1648 1787 Principes
1669 1749 1821 1779 Terrarum
1835 1773 1845 1788 ,
1871 1750 1971 1788 quibus
1987 1749 2003 1779 a
2021 1747 2089 1780 Deo
2107 1747 2210 1787 Populi
2226 1749 2372 1790 Regimen

1297 1786 1338 1831 est
1353 1787 1556 1830 commissum,
1575 1797 1642 1818 cum
1653 1788 1699 1818 tali
1709 1787 1823 1826 justitiae
1837 1788 2048 1825 moderamine,
2066 1788 2117 1818 suis
2128 1789 2234 1827 juribus
2249 1790 2282 1819 &
2293 1789 2373 1827 juris-

1297 1826 1469 1895 gidtionibus
1491 1827 1531 1856 uti
1545 1826 1644 1864 decet,
1664 1834 1693 1857 ut
1707 1826 1827 1857 aliorum
1841 1828 1902 1866 jura
1918 1837 1966 1865 per
1986 1826 2059 1867 ipsos
2073 1826 2227 1865 aliqualiter
2245 1837 2307 1857 non
2322 1827 2370 1858 lae-

1318 1873 1404 1896 antur.
1537 1881 1543 1886 -

1337 1902 1446 1934 Dilecti
1460 1902 1596 1942 siquidem
1611 1904 1643 1935 &
1660 1902 1757 1948 fideles·
1768 1903 1987 1949 1³9stfi2‚Mai01
2007 1904 2040 1935 ὃ(
2058 1903 2145 1943 Jurati
2168 1903 2297 1936 Civitatis
2318 1916 2373 1936 no-

2389 134 2466 167 Ann.
2478 135 2522 167 D.

2411 183 2496 214 1317.
2510 171 2520 182 “

2403 217 2508 253 ἐΕιιυαὲ

2389 514 2465 545 Ann.
2479 512 2519 548 D.

2415 563 2503 593 1317.

2387 595 2439 619 An.
2459 602 2502 622 ιο.

2388 634 2417 657 Ε.
2438 639 2466 658 2.

2386 669 2453 706 Vasc.
2475 674 2521 699 io.'

2388 711 2421 734 E.
2436 716 2464 738 2.
2481 718 2519 742 m⁸

2393 755 2420 783 3.

2410 1568 2430 1588 *²
2449 1570 2503 1599 111.

2392 1610 2512 1677 iffi)

2411 1670 2498 1725 13¹⁵7·
2513 1669 2521 1678 ’

2389 1727 2444 1752 An.
2465 1735 2508 1752 ιο.

2392 1767 2456 1790 E.2.

2392 1805 2463 1829 Rom.
2485 1799 2521 1834 ὁ·

2394 1843 2520 1868 Fr.io.E.

2396 1888 2423 1906 2.
2437 1888 2475 1907 m.
2490 1887 2524 1914 4,-Ι

1298 1941 1362 1973 strae
1376 1942 1505 1981 Baionae,
1525 1944 1572 1981 qui
1588 1942 1691 1973 nostrae
1707 1942 1890 1980 lurisdidtioni
1906 1943 2070 1973 immediate
2083 1941 2188 1974 subesse
2203 1943 2373 1989 noscuntur,
2404 1964 2409 1968 ‹

1300 1982 1386 2012 nobis
1401 1992 1448 2020 per
1472 1982 1529 2012 suas
1548 1980 1649 2012 litteras
1667 1983 1726 2019 jam
1746 1981 1930 2020 scripserunt,
1948 1981 2028 2019 quod
2049 1991 2101 2011 vos
2123 1981 2244 2019 eisdem,
2264 1982 2373 2018 Majon

1299 2020 1466 2089 &adhuiagis³
1487 2029 1520 2051 ac
1541 2021 1625 2051 etiam
1639 2019 1838 2059 Burgensibus,
1856 2021 1889 2051 &
1904 2020 2115 2050 Habitatoribus
2129 2018 2257 2050 Civitatis
2271 2019 2376 2051 nostrae

1320 2069 1337 2088 r¹
1379 2069 1406 2089 ι,
1420 2068 1445 2088 ae

1299 2069 1320 2099 p
1338 2097 1384 2128 Ut
1408 2081 1460 2141 ipsi
1480 2106 1566 2129 certas
1582 2096 1728 2136 personas,
1754 2106 1821 2128 cum
1843 2095 1992 2127 sufficienti
2016 2095 2149 2134 potestate
2169 2095 2322 2135 tractandi,
2340 2096 2375 2128 ὃς

1301 2135 1495 2167 consentiendi
1512 2160 1522 2175 ,
1547 2146 1647 2167 coram
1671 2137 1770 2175 vobis,
1789 2136 1868 2174 super
1887 2135 2025 2173 aliquibus
2045 2134 2278 2166 Ordinationibus
2293 2158 2304 2174 ,
2326 2145 2376 2174 per

1302 2185 1353 2205 vos
1366 2175 1399 2206 &
1415 2174 1539 2206 vestrum
1555 2174 1720 2205 Concilium
1736 2174 1886 2212 faciendis,
1905 2174 1988 2205 certis
2004 2173 2101 2204 diebus
2119 2174 2152 2205 &
2169 2173 2257 2213 locis,
2274 2174 2309 2205 ad
2323 2185 2375 2206 ve-

1299 2213 1384 2244 stram
1400 2213 1575 2251 praesentiam
1588 2213 1765 2252 destinarent,

1340 2251 1442 2290 Nuper
1455 2251 1569 2282 dedistis
1583 2261 1631 2289 per
1651 2250 1751 2282 vestras
1773 2251 1872 2281 litteras
1893 2250 1922 2279 in
1945 2249 2098 2288 mandatis,
2117 2248 2194 2280 unde
2215 2249 2370 2288 plurimum

1301 2289 1472 2320 admiramur
1485 2312 1494 2328 ,
1524 2290 1673 2328 praesertim
1697 2299 1765 2320 cum
1787 2288 1915 2319 mandata
1937 2287 2026 2319 vestra
2046 2288 2181 2326 praedic'ta
2196 2311 2206 2327 ,
2239 2289 2373 2320 haestenus

1303 2328 1440 2366 inaudita,
1457 2329 1487 2358 in
1497 2328 1697 2366 jurisdictionis
1711 2326 1814 2358 nostrae
1828 2326 1972 2357 laesionem
1995 2327 2029 2358 ὃ(
2045 2326 2259 2365 derogationem
2279 2329 2373 2358 mani-

1303 2365 1374 2397 feste
1389 2367 1490 2397 cedere
1505 2366 1689 2398 dinoscantur.

1339 2404 1470 2435 Vestram
1483 2406 1569 2442 igitur
1584 2405 1786 2436 Excellentiam
1799 2403 1928 2441 Regiam
1942 2401 2098 2434 affeetuofis
2112 2404 2238 2442 precibus
2255 2405 2373 2443 requiri-

1302 2453 1365 2474 mus
1379 2444 1413 2475 &
1427 2453 1574 2483 rogamuS,
1592 2444 1718 2482 quatinus
1733 2442 1827 2481 quod,
1843 2442 1947 2480 absque
1961 2442 2044 2473 vestri
2060 2443 2246 2481 conscientia,
2265 2452 2293 2474 ut
2309 2453 2372 2473 cre-

1302 2483 1413 2520 dimus,
1430 2483 1458 2512 in
1473 2481 1560 2512 nostri
1575 2482 1771 2521 praejudiCium
1788 2481 1825 2511 fic
1840 2480 1987 2519 processit,
2006 2480 2095 2511 velitis
2115 2481 2208 2511 facere
2221 2482 2374 2520 revocari,

1302 2521 1336 2552 &
1351 2529 1380 2551 ut
1394 2519 1552 2559 hujusmodi
1567 2523 1710 2559 mandata,
1728 2519 1773 2551 seu
1788 2520 1853 2556 alia,
1871 2520 1954 2549 nobis
1967 2518 2189 2557 praejudicialia,
2203 2527 2302 2550 contra
2310 2529 2375 2558 nos,

1302 2559 1484 2630 {fisubdffff
1500 2559 1624 2598 nostros,
1643 2569 1658 2590 a
1673 2558 1766 2590 vestra
1781 2556 1871 2588 Curia
1881 2557 1918 2588 de
1932 2566 2036 2588 caetero
2058 2567 2118 2588 non
2136 2566 2268 2588 emanent
2282 2557 2374 2590 distri-

1335 2608 1418 2628 insin
1440 2608 1448 2627 i
1472 2608 1524 2628 ere.

1340 2636 1411 2668 Dar.
1427 2636 1500 2674 apud
1513 2634 1801 2667 westmonasterium
1809 2657 1820 2674 ,
1838 2633 1978 2666 vicesimo
1991 2642 2087 2673 quarto
2099 2633 2148 2665 die
2160 2633 2244 2666 Maii.

1328 2782 1373 2816 De
1391 2777 1519 2825 proceffu
1533 2778 1625 2825 fiaper
1649 2778 1797 2811 violentiis
1819 2781 1856 2817 ζῇν
1880 2776 2089 2823 depraedatione
2103 2799 2114 2816 ‚
2143 2787 2198 2823 per
2213 2775 2352 2821 fhbdisos

1593 2829 1681 2874 Regis
1706 2825 1830 2871 Castellae
1854 2830 1887 2859 in
1911 2829 1957 2860 Va
1974 2830 2068 2860 conia.

1370 2914 1432 2946 EX
1446 2938 1456 2953 ,
1478 2913 1582 2945 diledw
1604 2913 1637 2944 &
1651 2912 1735 2955 ‘fideli
1752 2912 1801 2943 suo
1825 2910 1959 2942 Gilberto
1985 2910 2114 2951 Pecche,
2137 2909 2294 2943 senescallo
2320 2909 2371 2940 suo

1387 2954 1555 2992 Vaseoniae,
1571 2952 1616 2983 vel
1631 2960 1688 2989 eJus
1704 2951 1923 2983 Locumtenenti
1931 2973 1942 2989 ,
1959 2949 2082 2981 salutem.

1342 2991 1423 3023 Cum
1438 2992 1560 3030 dudum,

1341 3031 1388 3061 Ad
1405 3031 1547 3069 querelam
1562 3028 1719 3060 Guillielmi
1742 3028 1856 3059 Arnaldi
1878 3027 1913 3058 de
1938 3025 2086 3064 Campana
2107 3024 2248 3055 servientis
2266 3025 2372 3065 nostri,

1302 3070 1473 3109 suggerentis
1487 3067 1571 3099 n‘obis
1585 3068 1675 3106 plures
1690 3067 1859 3098 Marinarios
1881 3067 1915 3096 δε
1930 3064 2050 3102 Piratas,
2066 3062 2101 3093 de
2117 3062 2198 3093 Villis
2217 3063 2252 3093 de
2266 3063 2372 3095 SanCio

1303 3108 1447 3146 Anderio,
1464 3106 1602 3146 Dordial,
1621 3107 1656 3137 de
1670 3106 1695 3136 la
1708 3106 1810 3143 Redo,
1827 3105 1860 3135 &
1876 3103 1987 3134 aliunde
2001 3102 2036 3132 de
2052 3100 2184 3139 potestate
2200 3100 2291 3139 Regis
2310 3102 2369 3134 Ca-

1304 3146 1406 3185 stellae,
1422 3146 1457 3176 ad
1472 3146 1623 3183 hospitium
1642 3145 1712 3175 dieti
1727 3143 1903 3179 Guillielmi,
1929 3142 1957 3170 in
1972 3140 2062 3170 Terra
2083 3139 2177 3170 nostra
2196 3139 2374 3172 XanCtoniae

1305 3186 1366 3221 (ubi
1387 3184 1553 3214 omnimoda
1571 3182 1724 3225 iurisdietio
1744 3182 1777 3211 &
1799 3181 1874 3218 pacis
1897 3178 2071 3209 conservatio
2096 3177 2131 3209 ad
2153 3188 2204 3209 nos
2226 3178 2369 3218 spetitant)

1304 3222 1439 3253 hostiliter
1451 3221 1609 3259 acceffisse,
1629 3221 1662 3250 &
1676 3221 1704 3249 in
1722 3220 1731 3248 i
1752 3219 1811 3249 sum
1826 3216 2026 3248 Guillielmum
2036 3239 2045 3255 ,

1343 3261 1400 3291 Pro
1415 3270 1450 3291 eo
1485 3259 1540 3290 uod
1563 3258 1681 3297 praefatis
1745 3256 1939 3287 alefactoribus
1963 3255 2022 3294 (qui
2038 3264 2090 3285 tres
2104 3254 2220 3294 Naves,
2237 3255 2271 3287 &
2292 3255 2370 3294 plura

1303 3299 1354 3330 alia
1369 3300 1443 3329 bona
1478 3298 1598 3328 ‘entibus
1611 3295 1709 3326 nostris
1724 3295 1759 3326 de
1779 3294 1883 3325 Baiona
1897 3302 1964 3324 tunc
1988 3293 2164 3331 abstulerant)
2185 3296 2318 3332 praecepit
2335 3303 2372 3326 ex

1303 3347 1381 3376 parte
1394 3336 1487 3367 nostra
1501 3336 1580 3376 quod
1599 3336 1634 3365 ab
1650 3333 1810 3372 hujusmodi
1824 3332 1962 3363 violentiis
1979 3331 2154 3370 desisterent,
2171 3332 2205 3363 &
2224 3332 2320 3362 Naves
2333 3342 2370 3363 ac

1303 3376 1442 3444 aligissbqna
1450 3398 1460 3414 ,
1476 3375 1514 3405 iic
1526 3384 1574 3415 per
1588 3383 1634 3404 eos
1646 3373 1751 3411 ablata,
1769 3371 1911 3403 Gentibus
1924 3369 2025 3401 nostris
2039 3370 2180 3409 praedietis
2197 3370 2369 3401 restituerent

1303 3425 1334 3444 iri
1374 3423 1417 3444 ate

1342 3437 1476 3482 Insultiim
1497 3450 1609 3489 fecisse,
1634 3451 1668 3481 ὃ(
1683 3449 1823 3488 quendam
1844 3447 1992 3486 Nepotem
2011 3447 2091 3479 suurn
2113 3448 2237 3486 nequiter
2256 3445 2370 3476 interfe-

1304 3491 1391 3529 cisie,
1408 3491 1441 3521 «Sc
1463 3491 1499 3521 ab
1513 3490 1617 3520 eodem
1633 3489 1801 3519 Guillielmo
1823 3487 1883 3525 (qui
1904 3488 1983 3517 vivus
2003 3488 2039 3517 ab
2055 3496 2152 3517 eorum
2173 3484 2301 3515 manibus
2320 3486 2369 3516 vix

1304 3530 1398 3565 evasit)
1419 3530 1494 3559 bona
1516 3528 1577 3567 sua,
1595 3527 1628 3558 ad
1651 3527 1799 3557 valentiam
1822 3525 1898 3556 mille
1915 3525 2064 3555 Librarum
2079 3522 2286 3554 Turonensium
2302 3522 2369 3553 Par-

1275 3592 1281 3599 .
1304 3578 1426 3605 vorum,
1444 3569 1473 3597 in
1485 3567 1606 3604 hospitio
1619 3566 1669 3596 suo
1684 3564 1822 3609 praedicsto
1836 3565 1961 3602 inventa,
1981 3562 2136 3599 abstuliffi,
2155 3561 2188 3591 &
2207 3560 2306 3590 secum
2328 3560 2369 3591 as-

1303 3605 1443 3644 portasse,
1460 3607 1491 3635 in
1505 3605 1633 3643 piaeditsti
1649 3603 1807 3633 Guillielmi
1818 3602 1955 3640 jasturam
1970 3611 2029 3632 non
2044 3600 2208 3637 modicam,
2225 3598 2369 3637 nostrique

1304 3653 1500 3682 contemptum
1515 3642 1709 3680 manifestum,
2118 3675 2123 3680 .

1345 3682 1555 3719 Rogaverimus
1576 3681 1719 3719 praefatum
1740 3679 1855 3717 Regem
1870 3702 1879 3717 ,
1905 3688 1954 3716 per
1975 3676 2079 3708 nostras
2106 3674 2203 3718 litteras
2225 3674 2370 3713 speciales,

1306 3720 1384 3759 quod
1400 3721 1514 3758 praeFato
1536 3719 1719 3756 Guillielmo,
1738 3718 1815 3756 super
1835 3716 1994 3755 praemiffis,
2014 3715 2046 3757 ᾅί
2070 3713 2211 3756 dampnis,
2229 3723 2293 3756 quae
2316 3723 2368 3743 oc-

1306 3759 1416 3790 casione
1436 3758 1571 3795 praedietssi
1592 3756 1737 3795 sustinuit,
1761 3757 1892 3787 debitum
1915 3755 1949 3785 &
1968 3752 2101 3783 festinum
2120 3751 2244 3780 exhiberi
2266 3751 2370 3783 faceret

1303 3797 1416 3836 justitiae
1432 3796 1693 3834 complementum,
2144 3827 2149 3832 ,
2214 3827 2219 3832 ,

1344 3835 1425 3865 Idem
1438 3834 1517 3873 Rex,
1533 3835 1649 3872 receptis
1670 3834 1764 3863 litteris
1783 3832 1885 3863 nostris
1905 3828 2062 3868 padicus,
2081 3827 2164 3857 nobis
2178 3849 2187 3864 ,
2211 3835 2283 3857 inter
2299 3827 2369 3866 alia,

1306 3873 1439 3910 rescripsit
1461 3873 1539 3911 quod
1558 3873 1592 3902 ad
1615 3872 1808 3909 tractandum,
1834 3867 2040 3909 ordinandum,
2054 3866 2087 3896 &
2110 3864 2298 3903 firmandum,
2317 3876 2371 3904 pro

1305 3912 1350 3949 se,
1367 3912 1400 3941 ὃ(
1420 3911 1532 3941 subditis
1553 3911 1621 3948 suis,
1641 3911 1749 3948 plenam
1764 3918 1882 3947 pacem,
1900 3903 2090 3947 concordiam
2113 3904 2146 3934 &
2167 3913 2308 3947 amorem,
2325 3904 2370 3935 su-

1306 3960 1355 3989 per
1368 3949 1528 3989 praemiffis,
1546 3950 1579 3982 ὃς
1595 3950 1654 3983 aliis
1667 3948 1811 3988 dampniS,
1827 3955 1877 3986 per
1899 3942 2009 3976 nostros
2023 3942 2056 3975 ὃς
2071 3944 2152 3980 iplius
2166 3941 2288 3975 subditos
2301 3943 2371 4012 nimie

2361 3990 2379 4011 e

2390 2926 2467 2959 Ann.
2480 2928 2522 2961 D.·

2420 2977 2506 3008 ¹317·

2389 3010 2444 3034 Aa.
2461 3017 2507 3036 ιο.

2390 3050 2422 3073 Ε.
2443 3054 2470 3072 2.

2391 3084 2456 3121 Vasc.
2478 3086 2522 3110 10.v

2392 3127 2422 3150 E.
2439 3132 2465 3149 2.
2482 3130 2521 3150 m.

2392 3169 2419 3197 5.
2432 3161 2460 3189 d.
