2562 4279
40 204 119 238 Ann.
128 204 171 237 D.

62 245 149 284 ¹338-

39 285 112 313 Ην.
131 293 156 320 3.

191 128 244 166 16

192 293 220 321 ὃ*
232 297 337 328 Litera
363 290 557 325 Bernardetto
583 288 620 323 de
638 290 670 322 la
694 291 795 323 Brette
813 291 996 337 Rogatoria,
1022 287 1103 336 quod
1116 285 1156 322 ab
1172 286 1254 332 Affi‘

657 104 1914 159 CONVENTIONE83L1TERAE‚

2378 184 2457 217 Ann.
2471 183 2514 224 D,

2400 223 2484 264 1338.

2287 272 2290 275 '
2377 266 2447 293 Edv.
2470 273 2496 299 3.

1333 194 1404 227 Dat.
1417 194 1491 235 apud
1504 194 1792 226 Westmonasterium
1800 218 1810 234 ,
1824 191 1966 225 tricesimo
1976 190 2022 223 die
2037 190 2146 232 Aprilis.

40 324 59 342 ¹*
78 324 114 351 V·
131 331 176 360 34·
229 341 341 387 stem—a
367 339 494 386 phihppi
519 338 556 371 de
579 338 688 372 Vale„
709 338 744 384 ft
769 350 887 371 omnmo
911 337 1072 381 retrahas,
1098 341 1135 376 (ᾗ,
1165 339 1255 385 Regis
1294 333 1388 378 Super
1414 333 1527 364 Literis
1551 329 1588 364 de
1617 328 1794 371 andusia,
1815 339 1870 374 per
1892 326 2108 361 cardinalium
2129 328 2286 370 Nunce‘os,
2305 335 2362 375 pro

40 479 96 507 An.
112 487 154 505 η.

41 521 74 544 Ε.
95 525 121 552 3.

42 555 109 590 Vafc.
132 562 174 581 12.

41 596 73 620 Ε.
94 600 119 627 3.

42 639 80 658 m.
90 638 117 665 5.

48 1932 180 1966 AnnD.

74 1972 158 2012 1338.

47 2016 102 2039 An.
120 2022 160 2040 12.

45 2060 124 2117 iiia?

53 3154 115 3182 ων.
133 3162 176 3190 35.

233 387 371 437 partibus
378 387 512 433 fideliter
531 384 689 420 adhereat.

190 472 332 530 REX,
351 472 472 503 Dilecto
491 473 525 503 &
546 470 634 503 Fideli
649 470 714 511 suo,
731 470 835 502 Nobili
846 471 928 511 viro,
945 469 1128 503 Bernardetto
1143 470 1255 502 Domi-

262 522 302 542 no
316 512 351 542 de
366 512 390 542 la
405 511 516 549 Brette,
535 510 669 541 Salutem.

226 550 383 581 Laudabilis
397 549 550 590 perseverat
563 549 702 579 memoria
712 547 844 588 qualiter,
861 549 948 579 bonae
963 548 1127 587 memoriae,
1146 547 1254 588 Proge—

190 590 293 620 nitores
307 588 391 619 vestri
408 588 517 626 semper
530 586 692 619 constanter
706 587 737 617 in
752 586 917 617 Dilefflone
931 588 964 618 &
977 586 1122 617 Fidelitate
1135 585 1254 617 Domi'is

191 626 296 658 nostrae
317 627 421 665 Regiae
440 626 634 665 perstiterunt,
650 625 838 656 Personarum
859 626 893 656 &
908 624 1020 656 Rerum
1034 625 1180 665 dispendiis
1192 635 1254 655 non

190 666 298 704 vitati53
316 665 351 695 de
372 675 431 705 quo
449 665 532 695 nobis
552 665 580 694 in
601 665 686 695 eritur
704 662 821 703 fiducia,
841 663 920 703 quod
932 663 1042 695 Nativa
1053 664 1144 694 vestra
1156 662 1256 694 Gene-

190 704 286 735 rositas
305 704 338 734 ὃς
360 703 525 734 strenuitatis
538 713 574 735 ve
600 713 638 733 rae
653 701 824 733 Constantia
836 703 934 740 nobis,
948 703 1027 741 juxta
1041 702 1064 732 F
1066 702 1193 733 idelitatis
1205 701 1256 732 de-

188 743 297 787 bitum,
316 742 469 780 praesertim
490 743 521 772 in
542 741 796 780 oportunitatibus,
814 739 910 779 pronis
919 739 1022 771 affistet
1036 740 1168 772 Subsidiis
1176 740 1255 779 juxta

190 790 270 812 vires.

227 819 300 850 Sane
319 819 387 850 cum
410 818 556 850 Dominus
576 815 722 859 Philippus
740 817 777 849 de
800 817 927 856 Valefio,
945 817 1058 856 Regem
1081 814 1210 848 Franciae
1228 817 1254 848 se

189 857 365 896 praetendens
379 880 388 897 ,
415 857 621 889 Haereditatem
654 856 798 892 nostram,
827 857 884 886 tam
909 857 939 886 in
963 855 1081 886 Ducatu
1106 856 1254 896 praedem,

188 898 275 941 quam
292 896 374 935 alibi,
391 905 491 928 contra
498 896 658 935 Justitiam,
676 896 724 926 sibi
739 896 841 925 nitatur
853 895 1003 933 attrahere,
1021 895 1054 924 ὃ(
1068 903 1182 935 propter
1196 894 1254 925 hoc

191 934 324 972 injustam
346 943 460 965 moveat
479 935 564 966 nobis
584 934 745 972 Guerram3
762 932 857 972 quod,
876 932 945 963 cum
967 932 999 963 sit
1017 934 1180 972 notorium,
1197 933 1256 964 satis

189 973 254 1004 fore
266 972 407 1004 credimus
421 974 504 1004 vobis
516 981 617 1004 notum
625 995 634 1011 ,

230 1011 341 1043 Contra
361 1012 477 1051 Qem,
495 1013 558 1051 quia
581 1020 629 1050 per
646 1010 751 1041 oblatas
774 1009 823 1040 sibi
837 1011 927 1050 plures
941 1010 1116 1041 rationabiles
1132 1010 1189 1041 vias
1203 1008 1257 1040 Pa-

190 1050 232 1120 {is
259 1050 396 1095 proficere
419 1060 478 1081 non
500 1049 647 1090 possumus
662 1071 672 1088 ,
700 1048 851 1080 defendere
870 1058 922 1080 nos
941 1049 1141 1087 compellimur
1164 1048 1256 1080 Manu

217 1098 270 1119 orti

229 1112 290 1158 vo}
313 1128 414 1158 intime
436 1127 603 1166 requirimus
621 1126 655 1158 ὃ(
669 1134 815 1165 rogamus,
833 1135 866 1156 ac
883 1127 983 1165 vobis,
1002 1127 1032 1156 in
1045 1134 1182 1171 quantum
1194 1136 1258 1164 pos-

190 1166 303 1204 sumus,
319 1166 488 1204 injungimus
506 1166 539 1196 ὅ(
564 1165 746 1203 mandamus,
763 1165 891 1205 quatinus
910 1165 1019 1203 statim,
1039 1165 1102 1196 Vilis
1118 1164 1259 1205 praesenti-

191 1204 262 1243 bus,
281 1205 355 1242 juxta
374 1204 524 1235 Fidelitatis
540 1204 574 1234 &
594 1203 746 1234 Probitatis
768 1202 868 1234 vestrae
880 1203 1058 1242 decentiam,
1072 1203 1108 1234 ab
1122 1202 1258 1234 Affisten-

193 1244 231 1273 tia
248 1243 318 1273 dicti
340 1242 463 1284 Philippi
482 1253 534 1273 vos
543 1242 663 1311 dpenitus
678 1242 832 1281 retrahatis,
852 1251 886 1273 ac
899 1240 1003 1272 Terras
1017 1243 1051 1273 δε
1064 1242 1178 1279 omnia,
1194 1252 1259 1283 quae

193 1283 294 1326 tenetis
317 1280 352 1311 de
371 1291 424 1325 eo,
444 1281 495 1312 sibi
514 1291 542 1312 re
562 1281 646 1319 datis,
665 1291 697 1311 ac
712 1281 748 1311 ab
760 1281 819 1319 ejus
833 1280 980 1319 Ligeantia
994 1281 1028 1312 &
1043 1279 1193 1320 Homagio
1206 1291 1258 1312 vos

190 1328 298 1350 exuatis
313 1329 455 1358 omnm03

232 1358 350 1397 Nobis,
367 1358 400 1389 &
420 1357 536 1396 nostris,
552 1358 626 1388 circa
641 1355 804 1387 nostrorum
817 1356 1009 1389 defensionem
1023 1358 1057 1390 ὃς
1070 1358 1257 1398 recuperatio-

192 1406 261 1427 nem
280 1396 409 1435 Jurium,
428 1397 477 1427 sub
500 1406 586 1436 poena
598 1396 761 1434 perditionis
771 1397 903 1427 omnium
918 1406 983 1437 quae
996 1396 1032 1427 de
1045 1398 1127 1428 nobis
1142 1397 1257 1436 terretis,

191 1445 248 1474 pro
263 1436 367 1466 viribus
380 1434 549 1472 affistentes3

231 1473 270 1505 Et
291 1483 343 1504 nos
361 1472 464 1504 vestras
486 1472 661 1503 Fidelitatem
681 1474 715 1504 &
738 1472 948 1504 Gratitudinem
975 1473 1011 1504 sic
1030 1473 1182 1513 habunde,
1208 1483 1258 1514 per

194 1510 254 1543 Dei
275 1513 410 1552 gratiam,
426 1521 603 1542 remunerare
623 1512 800 1549 curabimus,
818 1511 896 1550 quod
916 1511 1010 1542 nostra
1032 1512 1194 1544 Liberalitas
1209 1523 1259 1543 ve-

192 1550 451 1629 lgltrstlisffredundabit
472 1551 501 1581 in
521 1549 670 1590 Posteros,
688 1551 722 1582 &
746 1550 900 1590 gaudebitis
920 1559 985 1590 erga
1008 1561 1060 1583 nos
1077 1551 1194 1584 fideliter
1207 1561 1259 1583 vos

213 1599 229 1619 e
252 1600 260 1620 i
284 1599 308 1620 e.

232 1665 300 1697 Dat.
314 1664 389 1707 apud
404 1664 708 1705 westmonasterium,
727 1665 868 1698 tricesimo
883 1665 929 1697 die
942 1665 1053 1705 Aprilis.

240 1794 300 1827 Pro
321 1795 451 1828 Domino
477 1792 514 1826 de
532 1795 699 1835 Camount,
724 1792 761 1825 de
778 1792 997 1839 Indempnitate
1013 1804 1116 1827 contra
1134 1793 1209 1828 Phi-

567 1842 677 1887 lippum
699 1840 735 1873 de
757 1843 830 1874 Vale
840 1854 878 1875 to.

198 1927 283 1983 RE
292 1925 323 1957 X
341 1926 502 1965 Omnibus,
517 1926 553 1959 ad
566 1936 636 1966 quos
649 1926 709 1959 &c
723 1927 856 1960 Salutem.

305 1966 404 1996 semis
423 1966 538 2034 ΨΦ·
641 2005 675 2036 sc
690 2003 800 2036 Consta
821 2006 890 2036 tiam
922 2005 971 2037 Dil
990 2006 1028 2038 &i
1042 2007 1076 2038 ει
1090 2006 1142 2038 Fu
1161 2007 1178 2038 ι·

196 2004 436 2087 (ὶῐῇαὸἳιζέῗὶῖεξὶῖῑί
450 2012 629 2087 tReglvlrltiffidr:
648 2042 773 2074 Domini
791 2016 827 2075 dxl:
841 2017 1007 2084 Can’iounet,
1026 2046 1059 2077 &
1073 2018 1192 2085 prgffig
1203 2016 1260 2078 ’ἐξ

194 2080 391 2125 lentes-ipsum
412 2090 512 2112 contra
530 2081 698 2126 Dominum
718 2081 881 2123 Philippum
901 2083 937 2114 de
957 2083 1084 2129 ναίςίὶρ,
1098 2085 1129 2132 [ε
1146 2085 1258 2130 Regem

192 2119 465 2203 ξὲᾛίἰὴὲἱῗῗὲῗ
466 2121 692 2203 Ἓὲῖῖῑὲὲἓῗέἷ
687 2121 1260 2205 {3⁵1sffessimnssssiissi&Jiistfiosiissisniiit

193 2196 289 2266 seqpus
303 2206 437 2236 retinere,
451 2207 484 2229 ac
497 2200 578 2236 iplius
591 2199 624 2229 &
638 2198 754 2229 suorum
770 2198 973 2238 indempnitati
983 2200 1158 2241 prospicere,
1176 2210 1206 2232 ut
1219 2201 1261 2233 est

192 2246 222 2274 'u
233 2245 430 2319 &gisedimus
453 2275 487 2306 &
502 2275 708 2315 promittimus,
726 2286 779 2316 pro
794 2276 893 2315 nobis,
911 2278 945 2308 &
959 2276 1128 2309 Haeredibus
1143 2277 1261 2319 nostris,

194 2314 314 2352 praefato
335 2312 518 2357 Guillielmo,
536 2313 614 2351 quod
629 2316 778 2359 omnes&
796 2315 916 2354 singulos
930 2314 1070 2347 Redditus
1083 2317 1117 2348 &
1133 2316 1261 2348 Proven-

195 2359 254 2394 (με,
269 2360 301 2381 ac
316 2350 393 2382 Bona
408 2350 531 2395 Mobilia
543 2353 576 2382 δε
590 2351 753 2384 Immobiha
768 2363 974 2394 quaecumque,
988 2364 1053 2392 quae
1067 2355 1159 2386 dictus
1175 2355 1261 2387 Guil-

194 2389 372 2433 helmusffi&
395 2388 537 2433 Hom—ines
556 2391 609 2429 sui,
627 2400 659 2421 ac
678 2391 723 2434 alii
745 2402 793 2429 per
812 2402 896 2431 eum,
914 2392 949 2423 ad
966 2392 1154 2438 Serviendum
1176 2395 1258 2425 nobis

195 2427 418 2509 {z’nsslissffl
431 2427 722 2511 {stringitis}
753 2429 1261 2512 §gassssffsgrsfiaepgaz

197 2503 258 2534 fato
278 2502 463 2548 Guillielmo,
482 2488 660 2535 flominibiis
681 2504 748 2544 suis,
770 2507 804 2538 &
824 2507 880 2537 aliis
922 2517 950 2537 er
964 2509 1052 2548 ipsum
1066 2509 1103 2540 sic
1118 2510 1261 2549 addutstis,

197 2551 232 2573 ac
251 2551 361 2585 eorum·
372 2543 487 2587 cuilibet
499 2543 579 2587 plene
594 2543 754 2583 restituere,
770 2544 814 2575 seu
829 2544 894 2576 Red
916 2548 969 2576 itus
985 2547 1017 2577 &
1035 2546 1208 2588 Proventus,
1226 2560 1259 2579 ac

196 2579 276 2612 Bona
291 2581 498 2620 aequivalentia‚
516 2582 587 2611 infra
601 2581 746 2613 Ducatum
761 2583 891 2628 nostrum
903 2584 1088 2628 praedistum,
1105 2596 1175 2617 cum
1186 2588 1259 2619 refii-

195 2618 621 2688 gtgpeefzpclieerrss'iu3ampnorum,
639 2622 672 2652 &
693 2620 915 2659 Deperditorum
936 2623 1002 2654 inde
1016 2625 1193 2665 secutorum,
1212 2627 1262 2657 ha-

234 2681 533 2740 Promittimusetiam
553 2697 646 2742 quod,
664 2697 683 2728 fi
706 2698 848 2742 praefatoe,
865 2698 1082 2740 Guillielmum,
1102 2703 1136 2733 &
1152 2701 1261 2733 Homi-

197 2743 247 2765 nes
265 2734 342 2773 suos,
360 2744 392 2765 ac
409 2735 477 2779 alios
490 2745 538 2772 per
550 2745 616 2780 eum
634 2745 664 2766 in
680 2736 848 2781 obsequium
863 2738 993 2770 nostrum
1008 2739 1045 2769 sic
1058 2739 1208 2778 adductos,
1228 2741 1262 2771 fi-

199 2782 237 2804 ne
251 2771 343 2810 Culpa
356 2773 416 2812 sua,
431 2783 459 2803 in
471 2773 607 2818 obsequio
627 2775 784 2819 praedicto,
799 2786 848 2815 per
862 2775 1024 2808 Potentiam
1040 2778 1107 2808 dicti
1124 2777 1263 2819 Philippi,

200 2810 247 2840 vel
267 2811 397 2850 suorum,
415 2821 478 2850 capi
501 2821 668 2852 contigerit,
684 2812 753 2843 Nos
777 2815 862 2859 ipsos,
879 2815 913 2846 &
934 2826 1034 2847 eorum
1057 2816 1191 2856 singulos,
1209 2828 1264 2849 no-

198 2847 262 2918 ἓιὲε
275 2848 446 2917 nSqumptibus
467 2850 655 2890 redimemus,
674 2853 708 2883 Sc
731 2852 802 2890 ipsos
822 2863 852 2884 in
871 2855 1006 2886 omnibus
1022 2855 1188 2896 indempnes
1202 2856 1263 2887 fieri

213 2897 229 2918 a
248 2897 273 2917 ie
305 2897 343 2917 us.

238 2924 284 2955 Ad
305 2925 368 2956 haec
401 2925 524 2966 Pacem,
538 2927 702 2966 Treugam‚
720 2930 765 2959 vel
780 2929 996 2970 sufferentiam,
1014 2942 1083 2963 cum
1099 2932 1178 2963 dieto
1195 2932 1264 2964 Phi-
1300 2928 1306 2936 ¹

198 2962 292 3006 lippo,
308 2949 551 3009 vell-{ominibus
573 2965 716 3010 Franciae,
737 2978 794 2998 non
815 2969 964 3009 faciemus,
980 2981 1033 3001 nec
1053 2972 1189 3009 iniemus,
1211 2973 1261 3003 nisi

199 3002 290 3032 dietus
303 3002 503 3042 Guillielmus,
522 3003 664 3034 Homines
680 3005 734 3043 sui,
752 3007 784 3037 ὃς
798 3007 840 3038 alii
854 3008 882 3037 in
896 3009 1064 3046 obsequium
1078 3009 1208 3040 nostrum
1223 3011 1261 3042 sic

200 3039 337 3109 adducti&
356 3043 392 3110 ins
404 3041 503 3081 dictis,
523 3041 612 3081 Pace,
631 3043 764 3084 Treuga,
780 3045 813 3075 &
833 3045 1015 3087 Sufferentia,
1035 3048 1086 3078 lint
1109 3048 1262 3089 specialiter

200 3088 318 3118 compre
338 3090 372 3109 en
386 3092 402 3110 i.

237 3116 307 3147 Nec
329 3118 534 3149 consentiemus
555 3119 633 3160 quod
651 3120 766 3160 Castra,
783 3122 828 3152 vel
849 3122 929 3154 Loca
949 3124 994 3155 sua
1009 3125 1106 3164 fortia,
1126 3136 1174 3164 per
1188 3127 1262 3158 Tra-

200 3153 327 3194 ‹Statum,
349 3157 394 3187 seu
413 3158 432 3177 ⁷*
449 3157 555 3189 Pacem
571 3160 690 3198 aliquam
724 3159 866 3192 diruantur
886 3162 1105 3202 velperdantur;
1125 3165 1163 3196 set
1177 3166 1260 3197 volu-

201 3202 263 3237 mus
284 3194 496 3239 quod-Castra,
522 3197 624 3241 Loca,
646 3198 678 3228 ὃς
695 3182 775 3228 bona
795 3198 957 3232 Immobilia
997 3212 1184 3241 uaecumque,
1197 3214 1261 3243 quae

200 3231 292 3276 didius
312 3232 510 3277 Gudhelmus,
531 3234 674 3266 Homines
695 3236 751 3275 sui,
777 3238 811 3268 ὃς
830 3239 875 3269 alii
896 3239 924 3269 su
947 3250 974 3269 ra
996 3241 1043 3270 isti
1058 3263 1067 3279 ‚
1093 3241 1121 3271 in
1144 3241 1261 3273 Ducatu

200 3270 339 3315 praedic‘lo
358 3281 411 3309 lam
433 3280 546 3312 tenent,
565 3272 602 3304 de
622 3275 703 3305 nobis
725 3276 758 3306 ὃς
780 3275 880 3306 nostris
934 3278 1071 3309 aeredibus
1093 3280 1149 3309 sine
1169 3280 1262 3319 aliquo

200 3308 299 3353 medio
319 3318 481 3354 teneantur,
497 3311 529 3341 &
554 3312 631 3349 quod
653 3312 756 3343 Nobis
776 3315 809 3345 δε
828 3314 929 3345 nostris
949 3315 1132 3356 Haeredibus‚
1150 3318 1185 3348 &
1200 3328 1260 3349 non

201 3347 292 3391 alteri,
313 3348 487 3380 Fidelitatem
502 3350 535 3379 &
549 3349 728 3390 Homagium
743 3352 844 3383 faciant
859 3363 912 3393 pro
925 3354 1038 3386 eisdem.

239 3385 342 3430 Dietos
361 3388 462 3426 etiarn,
487 3387 704 3428 Guillielmum‚
719 3390 881 3429 Homines,
899 3401 930 3422 ac
951 3393 1033 3432 alios,
1051 3403 1099 3433 per
1119 3394 1210 3431 ipsum
1230 3395 1261 3425 in

202 3423 366 3467 obsequium
385 3425 514 3456 nostrum
530 3425 568 3457 fic
583 3427 732 3467 adductos,
751 3430 786 3459 ab
798 3431 902 3468 injuriis
914 3431 947 3461 &
961 3432 1167 3470 gravaminibus
1182 3432 1263 3463 inde-

202 3462 357 3506 bitis,·tam
394 3474 422 3494 er
436 3463 584 3495 Ministros
599 3465 708 3496 nostros
715 3490 725 3505 ,
740 3469 824 3507 quam
839 3478 888 3506 per
900 3468 1010 3499 dietum
1027 3470 1119 3508 Philip
1141 3480 1190 3501 um
1227 3471 1261 3501 &

203 3498 347 3543 Homines
367 3474 446 3547 ilios,
465 3503 628 3547 inferendis,
666 3513 824 3544 retegemus
844 3508 876 3538 ὃς
892 3506 1092 3547 defendemus,
1162 3494 1262 3539 orr'ines

206 3536 378 3578 Libertates,
399 3540 563 3585 privilegia,
585 3543 619 3573 &
688 3543 877 3584 nsuetudines,
902 3546 1002 3585 quibus
1021 3546 1109 3585 dieti,
1133 3547 1263 3577 Guilliel-

204 3584 267 3620 xnus
287 3577 320 3607 ὃ(
340 3578 483 3621 Homines
503 3581 540 3609 lui
576 3590 608 3610 ac
629 3582 672 3611 alii
695 3582 732 3613 sic
743 3582 873 3621 adducti,
891 3584 919 3613 in
935 3583 1053 3624 Rebus,
1071 3585 1171 3624 quibus
1185 3595 1262 3615 nunc

205 3620 351 3656 optinent,
369 3617 406 3646 uli
429 3616 490 3663 sunt
512 3602 558 3648 vel
576 3620 674 3657 gavisi,
691 3621 725 3650 ὃς
748 3621 799 3652 alia
816 3621 883 3660 Jura
903 3632 1106 3662 quaecumque,
1121 3624 1264 3663 praesentia

206 3651 241 3694 βε
257 3651 362 3692 futura,
384 3655 483 3694 plene,
508 3656 606 3696 absque
626 3657 815 3689 diminutione
838 3659 881 3689 seu
904 3660 1106 3699 interruptione
1125 3662 1264 3700 qualibet,

208 3688 292 3755 Ἑῶυέ,
310 3692 343 3722 &
365 3702 466 3723 eorum
488 3693 637 3735 Haeredes,
663 3696 765 3727 habere
788 3699 995 3737 permittemus,
1020 3700 1053 3731 &
1074 3700 1158 3731 etiarn
1180 3700 1264 3730 facie-

246 3762 284 3793 Et
304 3767 379 3803 quod
399 3768 507 3798 dietum
522 3769 736 3813 'Guillielmum
750 3796 760 3811 ,
786 3774 819 3804 &
842 3774 978 3806 Haeredes
1001 3777 1063 3807 suos
1077 3799 1087 3814 ,
1106 3777 1265 3815 juvabimus

210 3808 312 3830 contra
324 3812 424 3834 omnes
436 3805 593 3851 Homines,
609 3812 658 3848 qui
675 3811 762 3842 nostri
776 3811 886 3843 Subditi
902 3824 961 3843 non
978 3815 1105 3845 existunt.

250 3837 327 3882 Haec
345 3849 435 3872 autem
456 3854 554 3889 omnia
572 3848 606 3878 &
617 3848 721 3891 lingula
735 3851 851 3889 praesato
867 3851 1052 3891 Guillielmo,
1072 3853 1266 3890 Hominibus,

213 3875 248 3906 &
262 3886 334 3914 aniss,
353 3887 383 3907 ut
401 3889 595 3922 praemittitur,
615 3896 643 3915 in
664 3887 793 3918 nostrum
814 3889 983 3932 obsequium
1003 3892 1148 3929 adducitis,
1162 3891 1196 3921 δε
1217 3900 1267 3920 eo-

210 3923 275 3982 Eim
287 3913 468 3959 Haeredibus,
486 3920 590 3951 servare
603 3925 636 3954 &
652 3933 745 3956 tenere
760 3929 963 3966 promittimus,
982 3939 1035 3967 pro
1051 3930 1150 3968 nobis,
1163 3929 1198 3960 &
1212 3938 1266 3960 no-

238 3962 272 3982 ris
286 3951 471 3993 Haeredibus‚
490 3957 564 3989 bona
576 3959 637 3991 fide.

250 3987 285 4021 In
300 3991 394 4030 cujus,
412 3992 473 4023 &c.

1371 381 1502 412 Nunciis
1517 382 1623 427 Regis,
1650 379 1737 423 infra
1756 388 1859 424 partes
1873 376 2098 422 transmarinas
2114 375 2286 422 quaerendis.

1295 461 1444 518 REX,
1462 463 1580 495 Dieao
1601 465 1635 496 sc
1658 463 1746 495 Fiden
1767 463 1833 501 suo,
1850 461 2015 493 winieimo
2029 460 2065 492 de
2081 459 2120 492 ci
2139 469 2230 501 mon,
2247 460 2363 494 Comiti
2380 453 2434 480 ⁴¹²¹·
2457 462 2498 481 ¹2·

1369 501 1621 542 Huntyngdoniae,
1640 503 1673 534 &
1695 501 1915 532 Constabulario
1936 499 2029 531 Castri
2050 500 2090 530 sui
2142 501 2287 539 ovorriae,
2314 501 2361 533 vel
2381 493 2410 517 F..
2431 499 2458 527 3·

1295 538 1353 577 ejus
1364 539 1462 571 locum
1477 542 1599 580 tenenti,
1616 542 1646 571 in
1659 540 1749 571 Portu
1765 539 1921 571 Dovorriae
1953 538 2088 570 Salutem.
2378 527 2513 566 0¹¹⁸“s¹²·

1334 576 1415 608 Cum
1436 579 1618 610 Venerabiles
1638 578 1754 617 Patres,
1781 579 1906 609 Domini
1925 561 1958 608 P.
1981 576 2055 608 tituli
2079 576 2194 608 Sanetae
2213 577 2362 617 Praxedis,
2377 570 2407 594 E.
2428 576 2454 603 3·

1296 611 1435 647 Presbiter
1448 640 1458 655 ,
1485 619 1518 648 ὃς
1539 617 1571 648 Β.
1593 617 1706 648 Sancitae
1727 616 1830 647 Mariae
1850 619 1880 647 in
1904 615 2013 656 Aquiro
2060 615 2223 655 Diaconos,
2249 616 2362 648 SanCtae
2377 611 2402 642 P·
2426 614 2448 632 ¹·

1296 652 1440 685 Romanae
1460 654 1594 686 Ecclesiae
1614 655 1776 686 Cardinales
1790 678 1800 693 ,
1817 655 1852 686 ad
1874 655 1942 686 Nos
1962 656 1992 685 in
2014 639 2165 695 Angliam,
2182 665 2232 695 per
2255 656 2362 686 Domi-
2379 652 2416 692 Ψ·
2432 643 2495 678 9³¹·

1295 701 1367 723 num
1383 693 1536 724 Summum
1557 693 1727 724 Pontificem
1742 703 1830 732 nuper
1844 694 1934 732 miffi,
1952 693 2086 733 quosdam
2098 692 2236 724 Nuncios
2249 693 2312 725 suos
2325 695 2361 725 ad

1296 739 1385 767 partes
1399 731 1590 763 transmarinas
1599 755 1609 771 ,
1627 739 1678 770 pro
1692 731 1792 762 Literis
1805 732 1842 763 de
1855 731 2013 763 Conductu
2022 755 2031 770 ,
2048 742 2101 770 pro
2111 730 2239 762 Nunciis
2250 733 2364 773 nostris,

1295 778 1366 808 quos
1386 770 1422 801 ad
1442 769 1552 801 easdem
1574 779 1665 811 partes
1683 770 1808 801 celeriter
1827 771 1935 802 miffuri
1955 771 2066 809 sumus,
2094 770 2270 810 quaerendis,
2296 773 2363 804 mit-

1294 815 1371 847 tant,

1334 846 1390 885 Et,
1417 857 1470 886 pro
1493 858 1529 878 eo
1566 845 1627 876 uod
1648 845 1793 877 Marinatii
1809 846 1840 877 R
1897 847 1906 877 i
1926 847 2015 878 nostri
2036 855 2168 879 metuunt
2211 848 2364 880 occasione

1298 883 1442 924 Guerrae,
1466 888 1538 917 inter
1597 895 1629 915 os
1649 886 1682 916 &
1704 885 1764 915 illos
1782 885 1818 916 de
1863 886 1957 917 rancia
1975 894 2062 918 motae
2077 910 2086 926 ,
2110 886 2144 917 ad
2164 871 2253 917 dietas
2276 897 2367 928 partes

1299 923 1427 955 Franciae
1440 924 1631 961 seidivertere,
1648 923 1857 955 concordatum
1871 925 1904 954 sit
1915 934 1964 964 per
1977 924 2046 956 Nos
2080 926 2115 956 &
2128 924 2298 957 Concilium
2311 936 2367 957 no-

1298 961 1386 992 strum
1409 963 1496 999 (sicut
1520 963 1592 993 scitis
1631 962 1710 1001 quod
1723 962 1882 1002 Paffagium
1895 963 2020 1002 ipsorum
2033 948 2220 995 hluncioriim
2235 974 2285 1004 per
2297 964 2366 997 Ho-

1301 1002 1393 1032 mines
1405 1001 1441 1032 de
1453 1001 1585 1032 Whitsan
1612 1023 1622 1039 ,
1640 1000 1716 1041 apud
1731 999 1908 1032 Dovorriam
1922 1001 2067 1040 arestatos,
2084 1001 2131 1033 fiat
2144 1002 2196 1033 ista
2209 1004 2291 1042 vice,

1338 1039 1429 1070 Vobis
1448 1040 1615 1071 mandamus
1634 1039 1712 1079 qnod
1732 1040 1852 1077 praefatis
1870 1038 1998 1071 Nunciis
2008 1040 2153 1071 dierorum
2166 1040 2361 1073 Cardinalium

1300 1078 1390 1109 celere
1411 1077 1482 1109 Pais
1511 1079 1571 1110 ium
1591 1086 1642 1119 per
1661 1077 1754 1108 dictos
1772 1077 1916 1108 Homines
1936 1077 1972 1108 de
1993 1076 2163 1119 withsand,
2181 1090 2229 1118 per
2251 1091 2302 1112 vos
2322 1081 2362 1112 fic

1300 1117 1432 1148 arestatos
1447 1140 1457 1156 ,
1489 1127 1523 1147 eu
1547 1127 1596 1156 per
1616 1116 1684 1147 alios
1704 1115 1889 1154 Marinarios,
1914 1124 1998 1154 prout
2017 1117 2146 1154 expedire
2165 1118 2288 1150 videritis
2334 1120 2363 1150 in

1301 1153 1390 1199 Portu
1410 1155 1549 1194 praediCto
1569 1155 1672 1199 habere
1693 1153 1814 1199 faciatis,
1833 1156 1870 1186 ita
1881 1155 1976 1194 quod,
2016 1165 2049 1185 ro
2062 1155 2176 1187 defectu
2188 1155 2281 1188 celeris
2296 1140 2366 1189 Pas-

1300 1193 1318 1224 s
1346 1195 1363 1225 ii
1376 1194 1550 1233 hujusmodi,
1570 1193 1664 1224 miffio
1676 1193 1816 1224 dictarum
1831 1195 1972 1224 literarum
2007 1204 2023 1225 e
2037 1194 2122 1226 Salvo
2137 1193 2310 1236 Conduetu,
2327 1196 2362 1227 ad

1300 1232 1329 1274 ip
1339 1242 1371 1263 os
1385 1232 1522 1264 Nuncios
1533 1232 1659 1271 nostros,
1677 1231 1832 1264 nullatenus
1844 1231 2005 1264 retardetur.

1336 1308 1426 1340 Teste
1446 1309 1530 1350 Rege
1544 1309 1618 1350 apud
1631 1308 1935 1350 W'estmonasterium,
1953 1311 2051 1351 primo
2063 1308 2110 1341 die
2122 1309 2208 1342 Maii.

1747 1389 1802 1418 Per
1816 1385 1899 1427 ipfitm
1915 1389 2014 1426 Regem
2025 1384 2064 1423 ό
2078 1385 2233 1418 Concilium.

1331 1525 1492 1558 Revocatio
1510 1524 1676 1572 Ceffatiom’s
1692 1524 1832 1572 conceffie‚
1857 1527 1896 1564 ὠ·
1913 1527 2094 1558 Securitatis
2114 1525 2334 1573 Confinguineo

1648 1574 1707 1621 fito
1726 1577 1858 1608 Francia
1868 1571 2006 1621 praestitae.

1303 1657 1451 1715 REX,
1467 1657 1590 1705 DileEm
1603 1660 1637 1692 δε
1658 1658 1748 1690 Fideli
1769 1659 1832 1692 suo,
1844 1658 2016 1705 'Willielmo
2034 1658 2070 1690 de
2084 1658 2232 1706 Clynton,
2249 1657 2364 1704 Comiti
2383 1666 2460 1698 Anu,
2473 1667 2518 1701 Ι),

1358 1697 1452 1742 ,Hun
1484 1698 1635 1738 ngdomae,
1652 1697 1872 1729 Constabulario
1895 1697 1987 1729 Castri
2000 1697 2175 1737 Dovorriae,
2192 1699 2227 1730 δε
2240 1696 2365 1729 Custodi
2405 1707 2491 1747 1338,

1297 1735 1442 1806 &235¹oe

1336 1812 1420 1844 Licet
1434 1823 1537 1859 nuper,

1487 1746 1603 1769 ortuum
1624 1737 1758 1775 suorum,
1776 1735 1821 1768 vel
1839 1738 1898 1775 ejus
1919 1736 2036 1768 Locum
2050 1738 2156 1768 tenenti
2174 1737 2301 1775 ibidem,
2315 1736 2366 1769 Sa-
2383 1749 2437 1775 An,
2456 1756 2499 1775 η,

2110 1854 2116 1859 ,
2308 1852 2314 1859 ,
2379 1823 2501 1852 Alcman.

1336 1851 1383 1882 Ad
1406 1851 1532 1883 Domini
1551 1851 1665 1884 Summi
1679 1852 1829 1885 Pontificis
1842 1853 1877 1886 δε
1890 1851 1970 1885 Sedis
1985 1852 2162 1894 Apostolicae
2176 1861 2363 1885 reverentiam
2386 1870 2427 1889 η,
2442 1865 2472 1889 F..
2490 1870 2515 1898 3,

1300 1891 1335 1922 &
1355 1890 1390 1920 ad
1409 1890 1545 1922 solicitam
1566 1891 1744 1931 instantiam,
1761 1891 1972 1924 venerabilium
1993 1892 2126 1930 Patrum,
2145 1891 2365 1930 Dominorum,
2382 1904 2406 1937 p,
2425 1908 2449 1928 ι,
2461 1909 2497 1929 m,

1301 1928 1335 1960 P.
1356 1929 1430 1960 tituli
1446 1929 1560 1961 Sanctae
1577 1929 1708 1960 Praxedis
1743 1929 1907 1969 presbiteri,
1924 1931 1957 1962 &
1979 1930 2011 1960 B.
2033 1930 2146 1961 SanCtae
2166 1929 2268 1961 Mariae
2281 1931 2311 1960 in
2324 1930 2363 1960 A·
2386 1946 2429 1974 ¹9·

1301 1968 1401 2007 quito,
1418 1967 1560 2007 Diaconi,
1579 1968 1693 2000 Sancitae
1708 1952 1854 2000 Romanae
1866 1968 2001 1999 Ecclesiae
2015 1967 2212 1999 Cardinalium
2247 1968 2283 1998 ad
2295 1967 2364 1999 Nos

1302 2007 1333 2036 in
1355 2006 1488 2046 Angliam
1507 2017 1555 2047 per
1575 2008 1666 2047 ipsum
1680 2007 1848 2038 Dominum
1864 2007 2017 2038 Summum
2030 2006 2201 2039 Pontificem
2213 1992 2367 2038 destinato-

1300 2054 1365 2076 rum

1339 2069 1567 2116 Cdncefferimus
1588 2084 1666 2126 quod
1681 2108 1691 2124 ‚
1722 2085 1791 2116 citra
1811 2084 1888 2116 diem
1918 2082 2087 2115 Nativitatis
2102 2082 2210 2115 Sancti
2229 2081 2368 2122 Johannis

1301 2122 1451 2163 Baptistae,
1467 2125 1599 2162 proximo
1619 2122 1765 2163 futurum,
1781 2123 1855 2154 nulla
1875 2122 1952 2154 fieret
1964 2122 2088 2161 invasio,
2105 2132 2160 2153 nec
2176 2122 2368 2162 Dampnum,

1302 2168 1348 2192 aut
1371 2161 1488 2201 Iniuria,
1509 2162 1554 2193 vel
1567 2162 1751 2200 Gravamen,
1768 2163 1796 2192 in
1812 2161 1939 2193 Personis
1952 2162 1997 2192 vel
2012 2161 2128 2199 Rebus,
2146 2160 2368 2198 consanguineo

1304 2200 1406 2231 nostro
1427 2201 1557 2232 Franciae
1591 2210 1682 2239 neque
1700 2200 1754 2231 suis
1775 2200 1916 2238 Subditis,
1936 2200 1955 2220 *ἵ
1977 2210 2031 2232 nec
2054 2199 2161 2239 Locis,
2179 2203 2234 2230 nec
2254 2200 2369 2239 Terris,

1304 2249 1358 2270 nec
1375 2238 1517 2270 Gentibus
1552 2224 1648 2280 Regni
1664 2240 1807 2278 Franciae,
1827 2250 1877 2278 per
1887 2238 2024 2278 Terram,
2043 2237 2089 2268 vel
2103 2247 2152 2275 per
2165 2237 2268 2277 Mare,
2285 2239 2302 2268 a
2315 2248 2370 2269 no-

1305 2278 1364 2316 bis,
1386 2278 1433 2309 vel
1454 2263 1578 2309 Subditis
1599 2277 1700 2308 nostris
1736 2288 1790 2309 nec
1810 2279 1846 2309 ab
1863 2278 1936 2316 aliis,
1955 2278 2072 2309 nomine
2084 2276 2202 2316 nostre,
2217 2277 2264 2308 seu
2281 2276 2370 2309 Man-

1303 2317 1387 2354 dato,
1409 2316 1522 2347 Malum
1534 2316 1649 2355 aliquod
1665 2301 1830 2356 inf'erretur,

1342 2356 1388 2386 Ac
1409 2356 1511 2394 etiam,
1530 2365 1583 2395 pro
1606 2355 1723 2393 Nobis,
1740 2357 1774 2386 ὅ(
1789 2355 1932 2386 Gentibus
1946 2354 2062 2393 nostris,
2098 2353 2226 2386 raefatum
2240 2352 2370 2387 Consan-

1305 2395 1444 2431 guineum
1466 2394 1614 2433 nostrum,
1638 2395 1671 2425 ὅτ
1694 2395 1755 2425 suos
1781 2393 1930 2432 Subditos,
1950 2393 2047 2433 Loca,
2097 2403 2186 2432 erras,
2205 2393 2238 2424 ὅτ,
2256 2393 2368 2424 Gentes

1303 2432 1432 2472 praediffl
1452 2432 1547 2472 Regni
1568 2432 1712 2472 Franciae,
1731 2432 1963 2472 securaverimus,
1978 2433 2070 2471 eisque
2092 2432 2275 2463 Securitatem
2295 2441 2369 2470 prae-

1303 2471 1453 2502 stiterimus
1473 2481 1522 2510 per
1543 2479 1654 2512 tempus
1674 2470 1882 2509 supradidtumg
1903 2473 2097 2510 promittentes
2117 2470 2193 2500 bona
2210 2469 2266 2500 fide
2277 2469 2370 2508 hujus-

1303 2510 1384 2540 modi
1403 2509 1596 2540 Cessationem
1611 2511 1643 2541 &
1657 2510 1843 2540 Securitatem
1859 2512 1981 2548 servare,
1997 2510 2030 2540 &
2047 2511 2140 2539 facere
2155 2507 2310 2547 observari,

1341 2548 1387 2579 Ac
1409 2549 1508 2587 quod,
1524 2549 1543 2579 si
1562 2559 1610 2586 per
1629 2549 1731 2587 aliquas
1744 2549 1890 2586 personaS,
1910 2547 2044 2577 Domino
2057 2546 2102 2577 seu
2115 2545 2368 2589 PotestatiDnostrae

1303 2587 1453 2624 subjectas,
1472 2587 1632 2624 huiusmodi
1646 2586 1838 2617 Cessationem
1849 2586 1883 2616 ὃς
1896 2585 2079 2616 Securitatem
2089 2584 2309 2624 quomodolibet
2324 2586 2368 2616 in-

1305 2626 1389 2665 fringi
1411 2626 1455 2655 vel
1475 2625 1574 2655 violari
1595 2626 1789 2664 contingeret,
1808 2624 1842 2654 &
1864 2623 1922 2652 hoc
1943 2623 1978 2653 ad
1993 2623 2081 2653 nostri
2094 2624 2223 2653 notitiam
2239 2624 2370 2662 perveni-

1304 2672 1362 2702 ret,
1387 2664 1541 2694 faceremus
1562 2662 1622 2693 fieri
1641 2662 1776 2730 Damssna
1797 2660 1883 2692 Paffis
1901 2661 2028 2692 debitam
2048 2660 2271 2692 Restitutionem
2287 2685 2298 2701 ,
2321 2662 2369 2693 seu

1305 2702 1549 2738 Satisfatfftionem,
1568 2700 1604 2731 de
1617 2700 1701 2731 Bonis
1749 2700 1969 2738 elinquentium,
1987 2708 2122 2739 quatenus
2138 2699 2313 2739 sufficerent,
2334 2701 2369 2732 &

1303 2739 1338 2770 ad
1363 2750 1414 2770 nos
1434 2741 1600 2777 pertineret,
1617 2741 1650 2771 &
1671 2747 1771 2769 contra
1790 2738 1995 2776 Delinquentes
2014 2738 2191 2777 hujusmodi,
2212 2738 2369 2770 secundum

1306 2778 1415 2818 Legem
1436 2779 1470 2809 &
1490 2777 1734 2808 Consuetudinem
1750 2777 1849 2814 Regni
1863 2776 1969 2816 nostri,
1986 2787 2019 2808 ac
2033 2777 2117 2807 etiam
2130 2786 2231 2808 contra
2243 2777 2371 2808 Violato-

1306 2827 1348 2848 res
1370 2816 1537 2848 Cessationis
1556 2817 1590 2847 &
1613 2816 1772 2847 Securitatis
1792 2814 1992 2855 praedictarum
2007 2839 2018 2852 ,
2040 2815 2257 2853 procederemus
2280 2825 2366 2856 prout

1302 2854 1414 2894 Justitia
1434 2855 1575 2894 suaderet,
1598 2853 1762 2886 Cessatione
1781 2855 1814 2885 ὅ(
1834 2854 1992 2886 Securitate
2013 2853 2156 2893 praedictis
2168 2854 2371 2886 nichilominus

1306 2897 1335 2925 in
1348 2893 1397 2924 suo
1412 2895 1517 2924 robore
1531 2894 1682 2932 duraturis,

1342 2932 1381 2962 Et
1404 2933 1485 2963 vobis
1500 2932 1728 2964 mandaverimus
1741 2930 1841 2970 quod,
1857 2940 1907 2971 per
1923 2930 2034 2962 dictum
2046 2939 2174 2970 tempus,
2192 2939 2251 2962 non
2263 2931 2369 2963 facere·

1305 2972 1356 3008 tis,
1376 2981 1429 3001 nec
1451 2971 1643 3011 permitteretis
1655 2970 1728 3010 fieri,
1747 2971 1776 3001 in
1788 2970 1879 3001 Terra
1892 2970 1937 3000 vel
1951 2971 1980 3000 in
1993 2970 2089 3008 Mari,
2107 2969 2225 3010 praefato
2237 2968 2369 3000 Consan-

1326 3011 1409 3040 uineo
1431 3010 1530 3040 nostro
1545 3033 1554 3048 ,
1577 3010 1633 3040 five
1651 3010 1702 3040 suis
1724 3008 1847 3040 Subditis
1859 3032 1870 3048 ,
1891 3018 1944 3039 nec
1966 3008 2070 3047 Locis,
2095 3016 2150 3038 nec
2174 3006 2288 3047 Terris,
2311 3018 2367 3040 nec

1338 3049 1445 3079 entibus
1466 3047 1560 3078 Reoni
1574 3048 1715 3087 Franciae,
1735 3048 1766 3078 in
1778 3046 1906 3078 Personis
1916 3046 1961 3078 vel
1975 3046 2094 3086 Rebus,
2112 3045 2302 3087 Dampnum,
2319 3046 2369 3078 1n⁴

1300 3087 1420 3125 juriam,
1436 3087 1480 3117 vel
1496 3072 1661 3118 &ravamen
1671 3110 1680 3125 ‚

1339 3125 1375 3156 Et
1395 3126 1498 3163 etiam,
1517 3135 1550 3156 ex
1569 3133 1646 3166 parte
1668 3124 1782 3164 nostra,
1797 3123 1922 3155 Subditis
1944 3122 2058 3161 nostris,
2078 3121 2115 3153 de
2135 3122 2241 3155 Balliva
2259 3116 2365 3164 vestra,

1303 3164 1430 3195 faceretis
1451 3164 1567 3203 publice
1586 3164 1744 3205 prohiberi,
1768 3164 1804 3193 ne
1827 3162 1902 3201 Qiis
1921 3171 2039 3201 eorum,
2056 3161 2106 3191 sub
2124 3161 2211 3200 poena
2231 3164 2367 3194 omnium

1322 3212 1365 3232 uae
1386 3203 1468 3233 nobis
1489 3203 1649 3233 forisfacere
1670 3201 1777 3241 posset,
1795 3201 1966 3239 quicquam,
1981 3208 2081 3230 contra
2100 3200 2206 3232 nostras
2220 3201 2370 3239 praedic‘tas

1301 3213 1470 3271 {effationis
1482 3240 1709 3277 concessionem,
1728 3239 1762 3270 δε
1776 3238 1934 3270 Securitatis
1949 3237 2175 3277 praestationern,
2193 3239 2295 3271 faceret
2319 3239 2368 3271 ali·

1303 3279 1419 3317 qualiter
1431 3279 1475 3309 vel
1491 3287 1680 3317 attemptaret,

1338 3316 1379 3347 Ita
1402 3326 1495 3348 tamen
1517 3316 1597 3355 quod
1616 3315 1708 3347 dietus
1722 3313 1953 3357 Consanguineus
1967 3315 2062 3346 noster
2074 3315 2233 3347 consimiles
2269 3313 2368 3348 Cessa-

1302 3357 1412 3386 tionem
1427 3357 1460 3423 {c
1474 3355 1653 3386 Securitatem
1662 3377 1672 3393 ‚
1690 3354 1787 3393 nobis,
1806 3357 1850 3385 ieu
1863 3353 1987 3385 Subditis
2000 3354 2117 3393 nostris,
2137 3339 2310 3386 concederet
2323 3363 2368 3387 at-

1324 3404 1358 3423 UC
1392 3404 1429 3423 ΓΞ
1455 3401 1511 3424 aret

1303 3404 1322 3432 q
1341 3404 1389 3462 Etp
1400 3431 1481 3470 quod
1502 3416 1637 3463 lx'tlandata
1658 3431 1692 3463 &
1713 3429 1922 3462 Prohibitiones
1941 3430 2098 3463 consimiles
2118 3430 2263 3470 Personis,
2281 3430 2316 3463 δε
2334 3430 2368 3461 in

1303 3470 1390 3509 locis,
1409 3471 1457 3500 ubi
1473 3469 1630 3510 expediret,
1645 3468 1704 3501 fieri
1720 3470 1840 3509 faceret,

1340 3508 1378 3539 Et
1395 3509 1475 3548 quod
1495 3508 1575 3548 Ipse,
1588 3510 1621 3541 ὃς
1646 3509 1686 3539 sui
1707 3509 1836 3547 Subditi,
1855 3508 1900 3540 vel
1917 3509 1980 3546 alii,
1998 3508 2048 3540 suo
2071 3510 2207 3546 nomine,
2225 3505 2270 3538 vel
2283 3515 2365 3537 man-

1303 3545 1385 3585 dato,
1412 3547 1506 3585 nohis,
1528 3546 1574 3578 seu
1594 3546 1694 3578 nostris
1711 3546 1852 3586 Subditis,
1876 3548 1905 3577 in
1926 3547 2028 3579 Balliva
2045 3546 2138 3578 vestra
2157 3544 2311 3586 praediffi,
2329 3545 2366 3576 &

1303 3585 1362 3615 aliis
1381 3585 1477 3616 Terris
1497 3585 1530 3617 &
1551 3585 1640 3616 Locis
1662 3585 1778 3623 nostris,
1796 3596 1845 3624 per
1866 3585 1988 3616 Terram
2009 3585 2054 3617 vel
2074 3594 2124 3625 per
2143 3583 2247 3622 Mare,
2261 3582 2365 3614 nullam

1304 3623 1480 3655 Invasionem
1489 3646 1499 3662 ,
1513 3634 1566 3655 nec
1580 3624 1694 3654 Malum
1707 3623 1821 3662 aliquod
1830 3647 1840 3663 ,
1857 3623 1960 3655 faceret
1973 3633 2019 3654 aut
2033 3622 2213 3660 Gravamen,

1343 3662 1507 3702 Quodque,
1524 3662 1544 3693 si
1564 3661 1640 3692 idem
1662 3660 1892 3703 Consanguineus
1904 3662 2013 3701 noster,
2031 3660 2180 3704 postquam
2191 3659 2233 3690 ad·
2243 3659 2299 3696 ejus
2313 3668 2367 3703 no-

1304 3701 1393 3730 titiam
1414 3700 1554 3739 praemissa
1573 3701 1767 3741 pervenerint,
1790 3701 1947 3731 consimiles
1967 3699 2159 3730 Cessationem
2182 3699 2216 3729 &
2229 3696 2368 3728 Securita-

1303 3746 1361 3768 tem
1383 3749 1436 3776 pro
1458 3747 1534 3778 parte
1556 3738 1601 3770 sua
1622 3738 1782 3769 concedere
1802 3738 1834 3770 &
1852 3738 1982 3777 praestare
1996 3745 2121 3767 renueret
2155 3734 2261 3779 nostrae
2274 3736 2367 3766 inten-

1304 3777 1389 3806 tionis
1407 3779 1514 3816 extitit,
1529 3776 1563 3809 &
1585 3776 1678 3808 adhuc
1699 3777 1803 3815 existit,
1822 3777 1900 3818 quod
1920 3785 1954 3807 ex
1973 3785 2042 3806 tunc
2063 3760 2257 3818 Cesl’ationem
2270 3775 2303 3805 &
2316 3774 2367 3818 Se-

1306 3816 1451 3861 curitatem
1473 3815 1635 3856 praedic‘tas,
1649 3816 1664 3846 a
1686 3816 1768 3846 nobis
1782 3814 1927 3847 conceffis
1945 3815 1978 3845 &
1991 3812 2140 3854 praestitas,
2158 3811 2263 3842 servare
2282 3822 2370 3843 mini-

1308 3862 1356 3883 me
1367 3860 1522 3884 teneremur
1529 3877 1540 3893 ,
1997 3870 2003 3877 »
2149 3887 2154 3893 ,

1353 3890 1432 3930 Qia
1453 3900 1548 3922 tamen
1568 3891 1658 3923 dietus
1678 3889 1911 3932 consanguineus
1930 3888 2026 3920 noster
2049 3886 2243 3931 Ceffanooem
2266 3888 2371 3925 praedi-

1308 3929 1384 3960 ‹Etam
1392 3930 1442 3967 ,&
1450 3932 1549 3961 omnia
1556 3938 1690 3961 contenta
1697 3931 1727 3961 in
1741 3930 1859 3968 eadem,
1867 3937 1898 3959 ut
1910 3937 1963 3966 pro
1977 3934 2055 3957 certo
2066 3924 2231 3965 didicimus,
2239 3926 2371 3958 observa-

1310 3976 1340 3996 re
1360 3976 1394 3996 ex
1417 3975 1494 4005 parte
1513 3969 1558 4000 sua
1580 3968 1700 3999 totaliter
1718 3967 1840 4006 recusat,
1864 3967 1897 3997 &
1919 3964 2004 4008 N9⁵a
2030 3964 2064 3994 &
2084 3962 2213 4003 nostrOS,
2240 3965 2299 3995 tam
2319 3974 2374 4003 per.

1313 4003 1454 4043 Terram,
1471 4007 1557 4046 quam
1570 4016 1619 4047 per
1635 4003 1736 4044 Mare,
1757 4015 1811 4044 pro
1824 4005 1930 4037 viribus
1941 4010 2037 4034 nititur
2053 4010 2295 4071 1iraegravare‚Di
2369 4003 2374 4014 '

2385 2207 2406 2229 *Ψ
2416 2211 2452 2238 V.
2471 2210 2517 2248 36.
