2562 4279
810 190 919 235 ET
1003 186 1271 233 ACTAE
1353 184 1822 234 PUBLICA.
2316 203 2389 248 141

1331 280 1434 304 ratores
1449 274 1576 314 nostros,
1593 278 1626 308 &
1641 277 1772 308 Nuncios
1784 278 1908 316 speciales
1921 299 1931 317 ,
1950 278 1995 310 seu
2016 285 2117 310 eorum
2131 272 2265 317 alterum,
2282 279 2383 312 bostro
2399 268 2475 305 Anii.
2489 270 2531 308 DA·

84 278 163 312 Ann.
173 274 216 310 D.

104 324 189 357 1325.
265 319 268 322 ⁴
330 324 462 356 Illielmus
480 319 550 355 filius
569 318 720 354 Willielmi
737 312 871 350 Porteref
880 339 890 357 ,
915 311 963 355 qui
985 325 1054 347 cum
1073 312 1234 344 Wiiiielmo
1252 310 1288 340 de

2428 321 2510 353 1325,

85 358 154 386 zdv.
170 367 197 386 2.

91 1896 111 1915 ἒ
133 1899 186 1925 IV.

89 1937 155 1974 163.

103 3111 179 3144 Ann.
190 3109 232 3141 D.

125 3158 208 3190 1325.

102 3194 155 3218 An.
175 3198 217 3223 ¹9-

104 3233 135 3256 E.
155 3237 180 3255 2.

104 3266 223 3295 Alcman.

108 3314 152 3339 ¹9-
172 3308 240 3332 ΕΛ..

106 3351 143 3371 m.
162 3351 186 3379 i!

341 363 420 395 Bello
435 362 566 401 Campo,
581 370 651 392 curn
665 358 747 399 Rege
760 367 791 389 ut
802 358 881 395 supra
892 354 1069 393 profetiurus
1080 352 1130 383 est.

233 436 392 502 HUgo
405 441 441 471 de
456 439 636 482 Courtenaye
645 437 748 473 senior,
765 434 893 478 quicum
903 430 986 470 Rege
999 439 1029 461 ut
1049 429 1126 472 supra
1143 426 1289 470 profestu-

325 489 371 509 rus
391 478 432 509 est
445 501 456 517 ,
476 478 560 508 habet
581 477 687 507 Literas
707 474 792 511 Regis
812 471 848 501 de
868 468 1016 499 Attornatu
1032 490 1042 505 ,
1063 469 1111 497 iub
1124 466 1288 496 nominibus

234 515 368 555 Hugonis
385 516 434 547 filii
452 515 585 555 Hugonis
602 514 636 544 de
658 513 837 549 Courtenay,
856 508 889 539 &
911 507 1028 537 Ricardi
1046 506 1082 536 de
1098 502 1288 539 Chiffebech,

234 553 286 584 sub
299 556 494 593 alternatione,
510 555 650 584 duraturas
660 559 689 582 ut
702 550 786 588 supra.

273 593 362 624 Teste
382 593 467 630 Rege
479 601 510 622 ut
526 592 612 630 supra.

274 670 408 700 Ohannes
426 669 463 699 de
485 666 637 701 Herlaston
650 660 770 695 Persona
790 661 922 692 Ecclefiae
935 660 970 691 de
987 660 1190 695 Normanton,
1207 656 1291 686 habet

288 709 393 739 Literas
407 706 538 744 Regisde
553 703 733 734 protectione
747 701 905 738 duraturas,
924 700 985 730 &c.

272 745 361 776 Teste
374 755 404 777 ut
414 746 497 784 supra.
1202 773 1207 777 Ι
1233 771 1237 776 ⁴

276 783 356 814 Idem
366 784 506 822 johannes
518 780 601 810 habet
616 779 722 809 Literas
733 777 820 816 Regis
834 777 870 807 de
880 776 1044 812 Attornatu,
1062 773 1112 803 sub
1127 771 1292 803 nominibus

237 821 369 853 Thomae
383 822 418 852 de
431 819 614 859 Cotyngham
627 840 638 856 ,
656 817 688 848 &
706 814 778 846 Eliae
799 815 834 846 de
857 814 1034 855 Grymesby,
1051 812 1189 842 duraturas
1203 818 1234 840 ut
1249 811 1293 845 su:

237 870 297 898 pra.

273 897 362 930 Teste
381 904 411 927 ut
424 895 514 933 supra.

279 973 425 1010 Ohannes,
443 967 514 1001 filius
527 970 647 1001 Henrici
660 970 687 1000 le
699 969 805 1009 Spycer
817 968 852 999 de
866 968 958 999 Nova
973 967 1089 1003 Sarum,
1106 964 1155 1004 qui
1168 962 1293 999 cumJo-

232 973 270 1055 J
284 1012 375 1040 hanne
397 1011 433 1040 de
453 1009 573 1040 Curzon
588 1009 762 1047 profeciturus
773 1007 831 1047 est,
846 1007 930 1038 habet
952 1007 1057 1037 Literas
1070 1004 1157 1043 Regis
1169 1002 1204 1032 de
1222 1000 1294 1030 Pro-

231 1050 359 1081 tefflone
367 1071 376 1086 ,
394 1048 535 1079 duraturas
547 1056 578 1079 ut
589 1049 686 1086 supra,

271 1086 361 1118 Teste
374 1087 501 1125 utsupra.

293 1164 378 1195 Etrus
389 1163 424 1194 de
437 1163 602 1203 Saltmersh,
621 1164 670 1202 qui
684 1164 713 1193 in
727 1161 875 1193 Comitivi
886 1154 1009 1191 Henrici
1023 1155 1155 1200 detssello
1172 1154 1295 1198 Monte,

243 1213 245 1217 ⁴
305 1204 332 1233 'n
351 1202 516 1242 obsequium
538 1202 644 1242 Regis,
660 1201 836 1241 profeecurus
859 1198 916 1238 est,
935 1199 1019 1229 habet
1036 1196 1142 1226 Literas
1155 1192 1242 1232 Regis
1259 1191 1295 1221 de

234 1242 418 1274 Protefflone
431 1250 462 1272 ut
475 1241 564 1280 supra.

274 1319 418 1359 Johannes
432 1319 464 1348 de
478 1317 607 1358 Lymbiry
614 1339 625 1356 ,

663 1317 748 1380 }qui
769 1325 837 1346 cum
860 1313 960 1345 eodem
983 1311 1115 1342 Henrico
1140 1306 1296 1347 profecturi

273 1357 418 1398 Johannes
429 1355 539 1388 Tur'vill
543 1379 554 1395 ,

735 1354 797 1385 sunt
805 1377 814 1393 ,
829 1354 889 1385 &c.
907 1361 936 1383 ut
949 1352 1036 1389 supra.

235 1435 372 1498 SImon
386 1430 523 1479 Croyser,
542 1432 591 1471 qui
604 1441 672 1475 curn¹
685 1430 786 1471 Rege,
805 1430 865 1474 &o
886 1437 915 1460 ut
931 1428 1016 1468 supra.
1243 1462 1248 1466 ¹
1275 1460 1279 1465 ⁵

333 1473 412 1504 Idem
426 1472 527 1503 Simon
540 1472 624 1501 habet
640 1470 742 1500 Literas
758 1469 845 1512 Regis
863 1467 898 1498 de
918 1468 1085 1502 Attornatu‚
1103 1463 1152 1493 sub
1170 1470 1296 1491 nomini-

236 1513 290 1544 bus
304 1511 452 1542 Alexandri
467 1510 501 1542 de
515 1509 603 1548 Stok,
621 1509 654 1540 &
667 1507 820 1539 willielmi
838 1506 942 1546 Trayly
957 1528 967 1544 ,
984 1505 1020 1535 de
1034 1502 1199 1538 Yevelden,
1216 1499 1296 1529 dura-

237 1551 408 1620 tuissgstdgcg,
421 1587 506 1625 supra.

238 1665 429 1723 RObertus
449 1664 485 1695 de
504 1659 592 1708 Insula
613 1662 697 1693 habet
716 1659 822 1691 Literas
843 1655 931 1702 Regis
951 1653 987 1688 de
1003 1654 1167 1690 Attornatu‚
1182 1652 1230 1682 sub
1242 1660 1296 1680 no-

318 1703 439 1734 minibus
449 1702 588 1742 Johannis
602 1699 737 1737 Blundel,
753 1699 786 1730 &
797 1697 933 1735 Johanms
954 1696 990 1727 de
1004 1693 1149 1725 Welleton
1158 1714 1167 1729 ,
1182 1690 1296 1721 duratu-

239 1744 407 1812 ms'i‘efficg'ut
420 1779 506 1818 supra.

274 1856 408 1887 ohannes
421 1855 456 1885 de
471 1853 596 1885 Amwell
630 1852 751 1883 Persona
765 1849 901 1882 Ecclefiae
915 1849 951 1880 de
965 1845 1127 1888 Westrasen
1136 1867 1145 1882 ,
1161 1845 1209 1883 qui
1225 1852 1294 1888 cum

285 1895 367 1934 Rege
380 1917 391 1932 ,
415 1894 474 1924 &c.
498 1893 580 1923 habet
602 1876 707 1921 Literas
720 1890 808 1928 Regis
828 1889 864 1919 de
876 1889 1045 1923 Attornatu,
1064 1884 1082 1903 *θ
1102 1884 1152 1913 iub
1169 1892 1297 1912 nomini-

293 1934 343 1963 bus
360 1932 480 1962 Roberti
492 1932 528 1962 de
540 1930 659 1969 Barton,
676 1930 710 1961 &
723 1928 866 1959 Hamonis
881 1926 1002 1964 Raven,
1019 1924 1175 1960 duraturas,
1191 1922 1252 1952 &ci

273 1971 364 2003 Teste
379 1979 409 2002 ut
423 1971 509 2009 supra.

237 2048 314 2110 M
323 2047 432 2088 Agister
447 2046 567 2077 Pontius
579 2046 615 2076 de
630 2046 795 2082 Coutrone,
810 2042 956 2080 Clericus,
974 2040 1023 2078 qui
1037 2047 1106 2082 curn
1119 2036 1219 2080 Rege,
1235 2036 1296 2080 &a

334 2087 417 2117 habet
431 2085 537 2116 Literas
552 2084 640 2122 Regis
654 2083 689 2114 de
710 2083 863 2114 Attornatu
877 2104 888 2120 ,
906 2081 956 2111 sub
970 2086 1086 2110 nomine
1102 2074 1243 2113 Peregrini
1260 2073 1297 2104 de

237 2126 409 2163 emmone,
424 2123 564 2154 duraturas
581 2130 614 2152 ut
627 2121 713 2160 supra.

277 2162 366 2196 Teste
380 2170 412 2192 ut
425 2162 512 2200 supra.

240 2241 304 2304 O
316 2240 433 2271 Liverus
447 2238 482 2268 de
493 2238 616 2282 Burdeus
628 2258 638 2276 ,
656 2238 705 2275 qui
726 2245 792 2266 cum
804 2236 903 2275 Rege,
919 2234 980 2266 δίε.
995 2233 1077 2263 habet
1092 2231 1196 2261 Literas
1210 2228 1298 2267 Regis

325 2279 361 2309 de
374 2277 558 2307 Protedhone
571 2277 727 2314 duraturas,
744 2275 803 2306 &c-

274 2317 364 2349 Teste
377 2324 408 2346 ut
419 2315 504 2355 supra.

322 2392 440 2424 Enricus
459 2392 496 2423 de
511 2392 590 2423 Bello
610 2391 731 2429 Monte,
747 2391 796 2430 qui
813 2399 883 2420 cum
896 2388 994 2427 Rege,
1013 2387 1042 2417 in
1057 2384 1225 2422 obsequium
1239 2382 1300 2412 Re-

276 2470 326 2502 Te
351 2443 400 2500 2521
401 2431 575 2509 [ὅῗξρἶξεὺεῑ
590 2431 695 2461 Literas
709 2430 796 2469 Regis
809 2429 844 2459 de
858 2427 1057 2463 Protedtione,
1071 2424 1229 2482 duraturas,
1239 2422 1299 2452 &c.

241 2554 421 2615 Rlcardus
435 2554 471 2585 de
485 2553 674 2591 Hakenthorp
690 2552 799 2596 Capell.
819 2551 867 2589 qui
888 2551 918 2580 in
934 2547 1082 2592 Comitivjssi
1095 2545 1203 2585 praefati
1216 2544 1301 2575 Hen-

322 2603 374 2625 nel
393 2593 568 2633 profesturus
588 2592 647 2630 est,
663 2592 746 2622 habet
762 2591 867 2621 Literas
886 2589 922 2620 de
945 2587 1144 2624 Protestione,
1161 2584 1302 2614 duraturas

243 2641 275 2663 ut
280 2632 410 2702 'Islldiig'ut
422 2670 509 2710 supra.

282 2749 414 2777 Henricus
429 2747 460 2776 de
475 2750 598 2786 Ferrers,

283 2788 328 2816 W
326 2784 448 2814 illielmus
463 2787 616 2826 Marmyon.

248 2920 306 2956 Ad
323 2923 431 2966 Regem
457 2923 587 2953 Franciae
607 2945 617 2961 ‚
643 2915 680 2950 de
702 2919 778 2962 Rege
788 2913 893 2960 fhbita
918 2910 1122 2947 invaletudine
1135 2939 1144 2954 ‚
1169 2916 1200 2944 in
1216 2916 1302 2945 itine-

294 2969 388 3003 rancia
402 2996 412 3010 ‚
435 2967 592 3014 impedito,
617 2968 653 3004 (9²-
677 2964 712 2997 de
731 2961 979 2998 Procuratoribus
1004 2961 1047 2995 ad
1071 2960 1106 2994 id
1115 2958 1304 3007 probandum

295 3021 332 3056 ῥ’
343 3016 529 3063 jurandum.

248 3109 541 3173 EXcellentiffimo
561 3107 688 3146 Principi
703 3128 713 3144 ,
730 3104 864 3135 Domino
885 3102 1008 3142 Karolo,
1027 3102 1085 3133 Dei
1099 3102 1200 3142 gratia,
1220 3103 1305 3133 Fran-

327 3150 380 3180 ciae
394 3151 427 3181 &
441 3150 580 3180 Navarrae
594 3146 672 3184 Regi
686 3143 803 3182 Illustri,
822 3142 992 3181 Edwardus,
1010 3142 1109 3172 eadem
1124 3141 1225 3180 gratia,
1240 3142 1304 3172 Rex

253 3188 385 3227 Angliae,
403 3188 463 3219 &c.
476 3187 610 3218 Salutem.

288 3227 335 3258 Ad
354 3225 572 3264 proponendum
586 3247 596 3262 ,
611 3221 788 3260 allegandum
802 3243 811 3258 ,
829 3220 862 3251 &
873 3216 1071 3258 probandum,
1090 3217 1109 3248 fi
1122 3218 1230 3248 necesse
1244 3218 1305 3248 fue-

251 3268 304 3305 rit,
322 3274 420 3296 coram
434 3264 514 3294 vobis
529 3286 539 3302 ‚
555 3263 601 3293 seu
615 3260 837 3300 quibuscumque
851 3258 1026 3296 Deputandis
1042 3268 1057 3287 a
1071 3256 1167 3296 vobis,
1187 3257 1305 3294 impedi-

254 3312 384 3337 mentum
401 3301 519 3333 adversae
530 3300 706 3337 valetudinis,
723 3298 768 3328 seu
782 3297 999 3335 infirmitatis‚in
1013 3295 1156 3335 personam
1170 3295 1304 3334 nostram,

252 3345 325 3376 dum
337 3351 445 3372 eramus
459 3341 489 3370 in
503 3337 659 3370 itinerando
671 3336 762 3367 versus
775 3345 844 3373 VOS,
862 3336 972 3366 noviter
986 3335 1018 3365 &
1031 3335 1121 3365 subito
1134 3335 1304 3373 contingen-

252 3384 300 3414 tis:
320 3380 391 3411 Nec
412 3389 473 3409 non
493 3377 555 3408 alias
573 3376 674 3407 Causas
694 3374 791 3412 justas,
809 3383 901 3412 veraS,
920 3372 953 3404 &s
973 3372 1164 3410 rationabiles,
1177 3382 1235 3412 quo
1251 3373 1304 3402 mi-

252 3431 305 3453 nus
325 3419 418 3456 (iuxta
436 3416 622 3450 Tractatum,
637 3415 709 3444 inter
728 3411 906 3442 Consiliarios
926 3413 959 3442 ὃς
973 3410 1171 3442 Procuratores
1184 3410 1304 3449 vestros,

252 3461 287 3491 &
306 3456 439 3496 quosdam
458 3453 569 3484 nostros
588 3451 724 3482 Nuncios
744 3450 777 3480 &
795 3449 1006 3487 Procuratores,
1025 3459 1113 3487 nuper
1125 3447 1251 3479 habiturn
1269 3450 1302 3480 δί

254 3494 415 3531 firmatum)
435 3501 512 3523 certo
524 3491 588 3529 die,
606 3490 640 3520 ad
653 3490 712 3519 hoc
726 3486 918 3530 concordam,
935 3487 1010 3525 apud
1024 3487 1145 3518 Beauves
1158 3488 1306 3525 personali-

254 3545 298 3568 ter
314 3531 440 3565 interesse
456 3529 609 3571 possimus:
628 3528 661 3558 &
678 3526 712 3556 ad
726 3524 956 3557 conveniendum
975 3526 1008 3555 &
1027 3525 1257 3556 consentiendum
1276 3527 1306 3556 in

253 3575 324 3606 alios
337 3572 414 3603 diem
429 3571 461 3601 ἃ
475 3570 589 3606 locum,
606 3567 636 3596 in
649 3565 702 3595 hac
717 3573 793 3602 parte
805 3563 1020 3595 concordandos
1032 3586 1041 3601 ,
1058 3565 1131 3600 juxta
1152 3565 1210 3594 vim
1220 3586 1229 3601 ,
1247 3564 1306 3594 for-

255 3621 334 3644 mam
348 3634 358 3648 ,
376 3610 409 3641 &
427 3606 560 3638 effeetum
583 3602 741 3634 Consenifis
754 3625 763 3640 ,
782 3602 811 3632 in
832 3602 885 3632 hac
899 3610 974 3639 parte
988 3601 1072 3632 habiti
1086 3614 1097 3638 ς
1115 3602 1147 3632 &
1160 3602 1193 3632 ad
1208 3603 1305 3632 omnia

254 3651 307 3682 alia
319 3650 351 3680 ὃ(
363 3647 483 3688 singula,
501 3653 565 3683 quae
577 3644 606 3673 in
621 3641 765 3680 praemiffis
778 3639 925 3671 necessaria
938 3640 1056 3678 fuerint,
1072 3640 1117 3670 seu
1130 3641 1214 3670 etiam
1223 3650 1307 3679 opor-

357 3685 529 3717 faciendum·

255 3698 492 3757 t[llijleinerabilem
509 3707 636 3757 Ratrem,
652 3717 924 3757 J.Wynt0niensem
938 3715 1127 3754 Episcopum,
1143 3716 1194 3753 ὃς,
1208 3715 1309 3746 discre-

256 3773 320 3797 tum
336 3763 438 3794 Virum
475 3759 646 3799 Magistrum
657 3756 818 3795 Johannem
831 3755 866 3785 de
879 3755 1003 3793 Bruton,
1022 3753 1203 3785 Canonicum
1212 3755 1240 3783 in
1252 3754 1309 3784 Ec-

257 3803 338 3834 clefia
357 3802 430 3832 beati
447 3785 524 3830 Petri
541 3795 700 3828 Exoniensis
716 3817 725 3833 ,
742 3794 934 3831 conjunctim,
950 3794 983 3822 &
1000 3792 1123 3829 divisim,
1142 3793 1175 3823 &
1192 3793 1310 3832 quemli-

258 3842 310 3872 bet
320 3848 421 3871 eorum
435 3838 465 3869 in
485 3836 605 3867 solidum
618 3841 623 3861 ι’
636 3835 672 3864 ita
685 3831 765 3871 quod
780 3841 838 3875 non
852 3832 883 3862 sit
899 3832 1001 3861 melior·
1015 3830 1142 3861 conditio
1155 3830 1309 3869 Occupan-

260 3880 312 3917 tis,
330 3879 368 3909 set
382 3878 460 3917 quod
471 3886 541 3906 unus
556 3883 656 3905 eorum
670 3873 821 3909 inceperit,
839 3869 904 3899 alius
917 3869 1000 3907 poffit
1018 3869 1182 3898 continuare
1201 3869 1234 3900 ὃς
1248 3868 1310 3898 fini-

260 3917 307 3954 re)
327 3915 439 3946 nostros
450 3924 532 3946 veros
546 3912 744 3943 Procuratores
781 3909 813 3939 &
831 3907 966 3938 Nuncios
980 3906 1106 3947 speciales
1119 3907 1249 3945 facimus,
1262 3917 1309 3937 or-

261 3954 404 3992 dinamus,
423 3955 456 3984 &
471 3951 667 3983 constituimus
680 3959 728 3986 per
742 3932 910 3983 Praesentes3
927 3945 1102 3988 eisdemque,
1120 3944 1260 3984 Episcopo
1276 3945 1309 3975 &

260 3991 402 4031 johanni,
419 3991 454 4021 &
467 3996 567 4021 eorum
580 3987 670 4024 alteri,
686 3986 831 4026 specialem
846 3983 1018 4014 Potestatem
1037 3983 1073 4013 ad
1084 3983 1246 4021 Jurandum,
1266 3983 1309 4013 su-

264 4039 315 4070 per
327 4029 472 4066 praemiffis
488 4027 727 4065 excusationibus,
745 4026 773 4055 in
789 4024 923 4053 Animam
937 4021 1060 4052 nostram
1069 4043 1079 4059 ,
1098 4021 1117 4051 si
1130 4031 1201 4058 opus
1213 4022 1310 4059 fuerit,

264 4065 467 4105 concedentes,
485 4075 576 4100 ratum
590 4066 623 4099 &
635 4073 745 4106 gratum
756 4063 875 4095 habituri
887 4060 1019 4101 quicquid
1033 4069 1081 4099 per
1092 4059 1186 4091 diuos
1199 4058 1309 4091 Procu-

1332 313 1465 388 ῃοΙῑὲᾱιέεἰ
1483 321 1513 380 isit
1528 316 1718 382 igcaemittitur,
1735 316 1831 347 aetum
1845 318 1926 348 fuerit
1941 318 1996 349 five
2009 318 2127 357 gestum.

1389 382 1391 384 ,
1438 361 1454 380 u
1468 361 1484 380 u
1505 373 1515 388 ,
1568 363 1595 382 c.

1329 386 1437 464 ἔαξε-ιε.
1458 389 1529 428 apud
1544 390 1698 430 Langedon
1709 392 1785 430 juxta
1799 392 1990 433 Dovorriam,
2007 396 2140 426 vicesimo
2155 400 2254 435 quarto
2265 388 2311 426 die
2326 394 2386 426 Au-

2400 353 2469 381 Edv.
2484 361 2511 383 2,

1379 547 1535 583 Edwardo
1547 577 1556 593 ‚
1580 552 1777 598 Primogcnito
1799 557 1883 600 Regis
1895 582 1904 597 ,
1931 558 2060 588 Domitio
2075 558 2240 589 Comitatus
2258 561 2335 591 Pon-

1667 604 1728 633 tivi
1746 604 1780 639 ὠ
1801 606 1921 634 Montis
1940 605 2053 637 Strolli.

1335 682 1597 743 UNtvrszsI
1608 694 1620 714 s
1641 692 1746 723 pateat,
1765 695 1813 722 per
1834 687 1995 725 praesentes,
2012 689 2090 724 quod
2111 689 2195 727 Nos,
2213 689 2383 729 Edwardus,
2399 674 2476 706 Arm·
2492 672 2534 711 D·

1386 758 1391 763 .
1421 718 1478 750 Dei
1492 731 1595 766 gratia,
1614 722 1675 752 Rex
1690 723 2144 764 Angliae,DominusHiberniie,
2162 729 2194 758 &
2210 728 2280 758 Dux
2292 729 2383 766 Aqui·
2424 723 2506 753 ¹325⁰

1335 765 1435 803 tgnlaej,
1453 761 1610 805 oniniJure
1624 761 1657 792 ὃς
1670 761 1774 800 modo,
1792 763 1891 800 quibus
1904 763 2061 802 poffumuS,
2078 766 2187 796 meliori
2222 767 2256 797 ὃς
2271 776 2305 796 ex
2320 777 2382 797 cer÷
2398 757 2450 782 Aa.
2475 765 2517 790 ¹9-

1336 804 1363 826 ta
1377 796 1505 836 seientia,
2195 790 2203 804 ²
2400 796 2431 819 E.
2448 802 2473 819 2·

1373 834 1404 864 D
1414 843 1433 865 ο
1445 844 1467 880 ist
1478 845 1583 881 Atii-us
1602 838 1635 868 ἃ
1649 836 1901 881 ΟοΝςΕυῐΜυ
1912 848 1924 869 s
1934 862 1942 877 ,
1961 839 2044 877 pleno
2059 842 2131 879 iure,
2152 841 2308 881 Edwardo,
2324 842 2385 873 Pri-
2400 834 2459 857 ¹²³³·
2473 840 2515 865 19-

1338 882 1485 912 mogenito
1506 876 1575 905 Filio
1595 876 1692 905 nostro
1707 876 1847 906 carissimo
1861 899 1870 914 ,
1890 877 2000 907 Comiti
2015 877 2149 916 Cestriae,
2167 880 2332 912 Haeredibus
2352 883 2385 912 &
2403 873 2432 895 E.
2453 878 2479 895 ²·

1337 911 1547 957 Successoribus
1566 914 1616 944 suis
1627 937 1636 952 ,
1656 914 1781 952 Regibus
1794 914 1909 952 Angliae
1924 938 1932 953 ,
1948 915 1978 945 T
1988 926 2007 945 o
2017 924 2067 946 τυ
2076 924 2103 946 Μ
2123 928 2164 947 co
2174 927 2199 947 M
2211 929 2223 948 1
2233 928 2255 949 T
2266 930 2284 949 A
2295 929 2316 950 T
2326 928 2348 949 U
2359 928 2385 949 M
2399 913 2425 943 Ρ·
2449 916 2473 933 ¹·

1340 958 1547 982 NOSTRUM
1564 961 1675 982 PoNT
1689 961 1770 991 1v1,
1791 956 1840 982 ΕΤ
1859 962 2019 984 MONTis
2038 963 2240 994 STROLLI,
2260 958 2389 988 Liberta-
2402 954 2438 972 m.
2453 953 2497 979 ²5·

1339 996 1394 1025 tes,
1407 989 1634 1035 Jurisaietioncs,
1653 990 1761 1028 Feoda,
1779 990 1966 1028 Retrofeoda,
1985 991 2141 1032 Civitates,
2160 993 2272 1031 Castra,
2290 996 2390 1034 villas,

1339 1026 1640 1071 Burg0s‚,Redd1tus‚
1659 1029 1752 1067 Loca,
1768 1028 1931 1068 Homagia‚
1950 1030 2130 1061 Obedientias·
2145 1054 2154 1069 ,
2174 1031 2325 1070 Dominia‚
2341 1035 2392 1071 Ju-

1340 1075 1386 1108 ra,
1405 1065 1555 1110 SerVitutes
1568 1090 1578 1105 ,
1598 1068 1631 1098 &
1653 1077 1752 1098 caetera
1773 1077 1975 1107 quaecumque,
1993 1068 2157 1106 Corporalia
2174 1071 2205 1100 &
2225 1070 2393 1109 Incorpora-

1339 1103 1373 1132 lia
1387 1127 1408 1147 ,.
1422 1105 1454 1134 δε
1474 1105 1522 1135 alia
1538 1115 1741 1143 quaecumque,
1761 1105 1779 1124 *³
1801 1105 1834 1136 ad
1849 1106 1957 1136 dietum
1972 1106 2148 1137 Comitatum
2164 1110 2342 1148 pertinentia,
2362 1112 2393 1140 ἃ
2408 1107 2427 1126 ²*
2447 1108 2500 1134 IV,

1339 1150 1476 1187 pertinere
1490 1142 1634 1182 debentia,
1653 1154 1832 1182 quocumque
1847 1146 1964 1174 nomine
1977 1145 2154 1184 censeantur,
2172 1148 2198 1175 in
2213 1148 2393 1185 quibuscum—
2412 1147 2475 1181 ¹54·

1340 1190 1394 1219 que
1407 1180 1473 1212 locis
1487 1182 1651 1220 consistant,
1671 1192 1739 1213 cum
1752 1183 1801 1212 suis
1812 1182 1941 1221 Juribus,
1958 1185 1991 1214 ὃς
2005 1183 2178 1214 Pertinentiis
2194 1187 2340 1224 universis,

1378 1218 1410 1248 H
1420 1229 1438 1249 Α
1449 1229 1468 1250 Β
1477 1228 1526 1264 ,ΕΝ
1539 1224 1588 1250 Do
1598 1229 1625 1250 M
1651 1220 1683 1251 &
1707 1220 1762 1251 TE
1774 1229 1797 1250 N
1806 1229 1823 1251 E
1833 1229 1856 1250 N
1868 1229 1916 1250 Du
1928 1229 1954 1251 M
1984 1230 2075 1251 toturn
2096 1224 2272 1254 Comitatum
2293 1225 2393 1261 praedi>-

1341 1257 1422 1287 &um
1434 1258 1500 1302 sibl,
1518 1258 1702 1297 Haeredibus,
1719 1260 1750 1289 δε
1765 1259 1973 1290 Successoribus
1987 1260 2053 1297 suis,
2071 1259 2196 1299 Regibus
2210 1262 2393 1301 Angli‘e,Ju-

1341 1306 1372 1325 re
1393 1296 1566 1328 haereditario
1581 1321 1591 1336 ‚
1614 1298 1661 1327 IM
1670 1306 1687 1327 P
1697 1307 1714 1328 E
1726 1307 1748 1328 R
1757 1307 1774 1327 P
1784 1307 1801 1328 E
1811 1306 1834 1327 T
1843 1306 1865 1328 U
1874 1307 1896 1328 U
1907 1307 1934 1328 ixi
1958 1299 1994 1329 ita
2021 1298 2108 1328 libere
2129 1300 2161 1329 δε
2181 1302 2271 1338 quiete
2286 1324 2295 1339 ,
2324 1302 2393 1331 iicut

1342 1334 1410 1364 Nos
1419 1358 1432 1379 ἡ,
1459 1336 1491 1366 &
1515 1336 1711 1367 Antecessores
1730 1335 1841 1375 nostri,
1862 1336 1982 1366 eundem
2005 1336 2183 1367 Comitatum
2199 1341 2337 1369 tenuimus
2358 1340 2392 1369 &

1343 1372 1506 1412 habuimus,
1524 1383 1620 1405 tenere
1633 1376 1665 1405 ὃς
1678 1375 1780 1405 habere
1793 1374 1957 1413 debuimus,
1975 1375 2019 1405 seu
2032 1375 2182 1405 debemus:

1381 1411 1604 1443 CEDENTEs
1631 1414 1664 1444 &
1690 1411 2001 1443 CoNcEDENTEs
2028 1414 2117 1443 eidem
2140 1414 2210 1443 Filio
2228 1414 2342 1453 nostro,
2362 1426 2395 1446 ac

1342 1450 1552 1494 Transferentes
1568 1453 1595 1482 in
1617 1451 1754 1488 eundem,
1773 1451 1842 1490 Jure
1863 1452 1895 1483 &
1916 1451 2022 1489 modo,
2041 1453 2140 1491 quibus
2159 1453 2317 1491 postumus,
2335 1463 2395 1484 rne-

1342 1488 1456 1533 lioribus
1472 1512 1481 1528 ,
1504 1491 1601 1520 omnia
1620 1491 1688 1529 Jura
1702 1514 1711 1528 ,
1737 1490 1859 1520 Deveria
1876 1514 1886 1530 ,
1903 1491 1935 1521 ὃ(
1958 1490 2088 1520 Auiones
2109 1491 2312 1531 quascumque,
2333 1502 2396 1530 quae

1341 1527 1423 1557 nobis
1445 1537 1612 1565 competunt
1623 1552 1632 1566 ,
1651 1529 1694 1558 vel
1714 1537 1894 1568 competere,
1907 1530 1940 1559 ad
1956 1539 2006 1558 nos
2024 1529 2178 1568 pertinent,
2198 1530 2242 1560 vel
2259 1531 2397 1567 pertinere

1341 1564 1446 1609 debent
1460 1568 1530 1609 ,qvel
1550 1567 1659 1606 possent
1674 1577 1750 1609 ,pro
1770 1567 1989 1607 quibuscumque
1999 1591 2007 1605 ,
2024 1568 2056 1597 ὃ(
2069 1576 2166 1598 contra
2188 1569 2397 1607 quoscumque,

1341 1612 1449 1634 ratione
1463 1609 1508 1634 ieu
1531 1605 1608 1635 causa
1630 1606 1698 1635 dieti
1717 1604 1894 1643 Comitatus,
1913 1616 1945 1636 ac
1962 1614 2122 1636 caeterarum
2144 1617 2237 1637 rerum
2250 1607 2397 1646 praedicta-

1342 1651 1405 1672 rum
1414 1665 1423 1680 ,
1441 1652 1487 1673 aut
1500 1643 1652 1683 aliquarum
1666 1643 1823 1674 earundem.

1380 1679 1587 1712 VoLtJMth
1603 1682 1728 1721 insuper,
1747 1682 1779 1712 &
1800 1682 2055 1712 CONCEDIMU
2068 1692 2079 1712 s
2095 1706 2104 1720 ‚
2123 1683 2200 1721 quod
2218 1683 2294 1714 idem
2312 1684 2398 1714 Filius

1342 1719 1439 1750 noster
1462 1720 1530 1751 dic'ti
1546 1719 1721 1758 Comitatus,
1742 1720 1937 1759 Libertatum,
1952 1721 2202 1759 Jurisdffitionum,
2216 1721 2344 1761 Jurium,
2363 1721 2407 1754 ὅς’

1341 1767 1510 1789 caeterorum
1530 1761 1662 1790 omnium
1683 1760 1716 1790 ὃς
1737 1759 1911 1796 singulorum
1935 1759 2134 1797 praedictorum
2152 1782 2160 1796 ,
2176 1759 2377 1791 Poffessionetn

1342 1797 1390 1844 vel
1402 1798 1492 1836 quasi,
1513 1808 1561 1837 per
1577 1798 1617 1837 se,
1636 1798 1682 1828 vel
1694 1797 1778 1827 alium
1794 1798 1998 1836 apprehendere
2011 1798 2043 1828 &
2058 1798 2178 1827 nancisci
2198 1798 2285 1829 valeat
2301 1822 2310 1838 ,
2324 1784 2400 1830 null}

1340 1835 1393 1880 alia
1414 1846 1428 1866 a
1442 1837 1529 1880 'uobis
1548 1837 1677 1867 Licentia
1696 1836 1772 1876 super
1794 1836 1851 1865 hoc
1866 1858 1876 1874 ,
1895 1837 1941 1866 seu
1953 1836 2117 1867 auetoritate
2134 1836 2294 1876 expediatfi,
2313 1837 2398 1876 petita

1342 1874 1492 1911 aliqualiter
1500 1898 1509 1913 ,
1527 1876 1571 1905 vel
1585 1874 1699 1913 optenta}
1706 1898 1714 1912 ,

1378 1912 1485 1944 Dantes
1508 1914 1616 1952 insuper
1639 1914 1756 1944 firmiter
1777 1914 1805 1943 in
1826 1912 1958 1943 mandatis
1971 1936 1979 1951 ,
1999 1920 2097 1943 tenore
2110 1912 2266 1944 nostrarum
2281 1914 2400 1953 praesen-

1342 1952 1414 1985 tlum
1436 1951 1593 1983 Literarum
1607 1976 1616 1990 ,
1638 1953 1770 1982 omnibus
1792 1952 1824 1982 &
1846 1951 1955 1990 lingulis
1977 1951 2217 1990 Archiepiscopis‚
2235 1952 2396 1993 Episcopis,

1344 1990 1579 2031 Marchionibus,
1600 1991 1778 2028 Comitibus,
1795 1989 2023 2020 Vicecomitibus
2036 2013 2046 2028 ,
2065 1990 2234 2028 Batonibus,
2252 1990 2399 2021 Commu-

1342 2030 1489 2066 nitatibus,
1506 2029 1679 2067 Maioribus,
1697 2028 1847 2067 Collegiis,
1862 2027 2036 2067 Corporibus
2047 2051 2057 2066 ,
2075 2027 2215 2058 Militibus
2226 2051 2236 2066 ,
2254 2029 2400 2068 Vaffallis,

1343 2067 1526 2106 Feodatariis,
1542 2068 1576 2099 &
1597 2069 1652 2098 aliis
1672 2067 1894 2105 quibuscumque
1906 2066 2084 2103 singularibus
2097 2067 2234 2106 personis,
2251 2068 2401 2099 occasione

1344 2106 1412 2136 dieti
1427 2105 1605 2145 Comitatus,
1621 2116 1733 2136 necnon
1748 2106 1854 2135 ratione
1868 2105 2089 2143 praemissorum,
2107 2105 2152 2135 vel
2161 2105 2272 2143 alicujus
2287 2116 2400 2145 eorum,

1344 2145 1427 2174 nobis
1447 2145 1576 2183 subjeistis
1590 2168 1599 2183 ,
1624 2145 1668 2176 vel
1690 2144 1823 2182 astriffls,
1839 2144 1942 2182 subici,
1958 2144 2002 2174 vel
2020 2144 2135 2174 obedire
2149 2144 2314 2174 debentibus
2328 2155 2403 2184 quo-

1345 2183 1518 2221 quom0d03
1535 2184 1613 2222 quod
1629 2207 1639 2222 ,
1656 2183 1691 2214 de
1713 2191 1834 2220 caeterO,
1852 2181 1932 2212 dieto
1948 2182 2019 2212 Filio
2039 2182 2138 2212 nostro
2149 2206 2158 2220 ,
2180 2182 2350 2213 Haeredibus
2368 2184 2402 2214 &

1345 2221 1554 2253 Successoribus
1568 2223 1635 2261 suis,
1654 2221 1780 2260 Regibus
1794 2221 1921 2259 Angliae,
1941 2222 1969 2250 in
1981 2221 2113 2251 omnibus
2128 2221 2303 2259 supradic‘lss,
2322 2223 2354 2252 δε
2366 2232 2399 2253 ea

1344 2260 1584 2300 qualitercumque
1596 2260 1785 2300 tangentibus,
1801 2267 1929 2297 pareant,
1945 2259 2093 2297 obediant,
2109 2260 2142 2289 ὃς
2156 2259 2399 2299 intendanttprae-

1346 2298 1436 2337 stent,
1454 2299 1572 2337 faciant,
1589 2300 1622 2330 ὃς
1636 2299 1813 2339 persolvant,
1832 2297 1906 2327 solita
1925 2296 2102 2336 juramenta,
2119 2297 2282 2336 Homagia,
2300 2297 2402 2329 Fideli-

1346 2346 1413 2368 tates
1428 2361 1436 2375 ,
1462 2337 1644 2368 Obedientias
1658 2361 1667 2376 ,
1690 2336 1797 2368 Census
1811 2358 1821 2374 ,
1845 2335 1983 2366 Redditus
1996 2359 2007 2374 ,
2030 2336 2063 2366 &
2077 2337 2175 2366 omnia
2187 2345 2220 2366 ac
2234 2336 2334 2375 lingula
2351 2337 2402 2368 alia

1346 2376 1480 2413 Servitia,
1500 2379 1557 2406 tam
1570 2378 1598 2406 in
1613 2376 1796 2406 Mutamento
1810 2374 1940 2404 Dominii
1950 2398 1959 2413 ,
1977 2375 2060 2414 quam
2075 2374 2153 2412 alius,
2172 2373 2263 2404 debita
2276 2375 2321 2404 vel
2329 2385 2401 2405 con-

1347 2415 1435 2453 sueta,
1454 2414 1488 2445 &
1504 2423 1602 2445 caetera
1617 2415 1728 2452 omnia,
1744 2423 1927 2452 quocumque
1943 2414 2059 2442 nomine
2070 2413 2248 2449 censeantur,
2266 2412 2334 2443 sicut
2346 2424 2401 2444 no·-

1349 2454 1408 2491 bis,
1433 2454 1465 2484 ὅτ.
1486 2453 1712 2484 Anteceffotibus
1731 2451 1847 2489 nostris,
1864 2461 1958 2490 parere
1971 2473 1980 2488 ,
1999 2450 2128 2488 obedire,
2147 2451 2307 2489 intendere,
2327 2461 2400 2489 prae-

1347 2492 1434 2530 stare,
1453 2493 1543 2523 facere
1558 2493 1590 2523 ὃς
1603 2492 1707 2523 solvere
1720 2491 1937 2526 consueverunt,
1958 2489 2002 2519 vel
2015 2489 2163 2528 aliqualiter
2174 2489 2339 2519 debuerunt.

1386 2531 1427 2561 Ita
1447 2539 1540 2562 tamen
1558 2531 1638 2569 quod
1653 2554 1662 2568 ,
1687 2531 1705 2560 si
1725 2528 1872 2568 praedietus
1890 2528 1973 2558 Filius
1994 2527 2088 2557 noster
2101 2551 2111 2566 ,
2127 2528 2209 2557 nobis
2230 2529 2404 2567 viventibus,

1349 2571 1501 2608 moriatur,
1526 2569 1676 2609 praedistus
1697 2567 1857 2598 Comitatus
1870 2589 1880 2604 ,
1906 2567 1939 2597 δε
1961 2575 2061 2596 caetera
2076 2567 2173 2596 omnia
2188 2566 2221 2596 &
2241 2566 2344 2603 singula
2363 2566 2405 2596 su-

1348 2608 1488 2647 praditfta,
1511 2618 1580 2639 cum
1601 2607 1735 2637 omnibus
1754 2606 1808 2635 suis
1824 2604 1936 2643 Juribus
1956 2605 1987 2635 &
2004 2604 2180 2634 Pertinentiis
2192 2627 2201 2642 ,
2219 2604 2253 2634 ad
2267 2604 2352 2641 Nos,
2369 2605 2403 2634 δε

1348 2646 1484 2677 Haeredes
1499 2646 1625 2685 nostrus,
1644 2645 1738 2684 Reges
1754 2645 1880 2683 Angliae,
1895 2644 1950 2673 sine
1963 2643 2052 2682 aliqui}
2068 2642 2292 2673 coiitmdic‘tioue
2305 2666 2314 2679 ,
2333 2643 2403 2672 libe-

1350 2687 1380 2715 re
1395 2694 1564 2716 revertantur
1579 2697 1588 2721 ς
1608 2684 1724 2722 antiqua
1739 2682 1852 2719 natura,
1871 2682 2016 2720 qualitate,
2034 2682 2066 2712 &
2083 2681 2257 2711 Conditione
2273 2680 2405 2719 Feudafi,

1349 2724 1497 2755 occasione
1511 2724 1713 2764 praedietorum
1723 2744 1732 2759 ,
1747 2722 1792 2751 vel
1804 2721 1917 2758 alicujus
1929 2729 2045 2758 eorum,
2060 2720 2106 2749 seu
2119 2718 2208 2758 aliqua
2222 2718 2273 2749 alia
2287 2720 2405 2757 ratione,

1349 2764 1394 2794 vel
1411 2762 1506 2800 cauta,
1526 2764 1554 2792 in
1568 2762 1645 2792 nullo
1658 2759 1771 2791 mutatcl.

1385 2802 1418 2832 In
1435 2811 1557 2839 quorum
1571 2802 1703 2831 omnium
1723 2797 1935 2828 Testimonium
1950 2796 1996 2826 has
2012 2795 2116 2825 Literas
2134 2794 2239 2825 nostras
2263 2795 2322 2826 fieri
2338 2795 2405 2826 feei-

1352 2851 1415 2871 mus
1430 2839 1573 2876 Patenres,
1589 2838 1676 2877 Sigilli
1690 2836 1776 2866 nostri
1796 2836 1954 2865 munimine
1969 2836 2117 2864 roboratas.

1352 2905 1371 2947 d
1388 2879 1455 2909 Dat.
1474 2878 1550 2944 apud³
1568 2876 1720 2907 Abbatiarn
1739 2875 1775 2905 de
1789 2873 1964 2913 Langedon,
1978 2874 2056 2911 juitta
2072 2871 2265 2910 Dovorriam,
2281 2872 2403 2904 secundo

1374 2918 1398 2947 ie
1412 2917 1529 2954 Septem
1552 2916 1594 2944 ris.

1399 3045 1505 3077 Litera
1530 3044 1616 3088 Regis
1628 3041 1758 3074 Francia:
1769 3065 1779 3082 ‚
1796 3034 1886 3084 fhper
1901 3041 2058 3084 receptione
2076 3039 2221 3082 Homagii
2236 3046 2255 3067 a
2270 3035 2357 3079 Regis

1778 3089 1989 3134 primogenito:

1417 3175 1535 3213 Harles,
1553 3185 1600 3213 par
1615 3174 1639 3205 la
1653 3183 1736 3214 grace
1750 3172 1786 3203 de
1798 3172 1875 3202 Dieu
1884 3195 1893 3210 ,
1913 3171 1973 3201 Roi
1988 3170 2022 3201 de
2036 3169 2142 3200 France
2156 3169 2189 3200 &
2203 3168 2239 3199 de
2253 3167 2402 3207 Navarre,
2412 3173 2487 3203 Αῃῃ,
2504 3171 2548 3204 Ι),-

1429 3226 1444 3245 a
1460 3223 1529 3245 touz
1543 3223 1646 3251 ceaux,
1665 3214 1713 3251 qui
1731 3222 1775 3241 ces
1788 3211 1877 3241 lettres
1891 3218 2021 3245 verront,
2034 3208 2137 3238 Salutz.
2435 3216 2520 3252 ¹325·

1369 3258 1372 3260 '
1386 3253 1474 3284 Nous
1487 3252 1611 3283 faiffoms
1626 3251 1739 3281 assavoir
1753 3261 1767 3279 a
1780 3259 1866 3286 touz,
1886 3259 1939 3286 que
1953 3256 2052 3284 come,
2411 3253 2462 3278 An.
2485 3260 2529 3286 ¹9·

1388 3292 1496 3323 Solone
1515 3291 1643 3328 l'Acort,
1663 3290 1712 3319 fait
1733 3297 1811 3318 entre
1832 3296 1888 3317 noz
1907 3294 2008 3325 gentz,
2024 3294 2074 3322 pur
2091 3294 2179 3322 nous,
2196 3283 2280 3314 d’une
2298 3284 2401 3322 partie,
2414 3293 2443 3317 E.
2461 3297 2488 3317 2,
2527 3284 2531 3287 '

1351 3331 1383 3361 &
1402 3331 1439 3361 les
1463 3329 1601 3369 Meffages
1624 3329 1657 3359 δε
1679 3328 1848 3358 Procureu1·s
1869 3326 1920 3361 de,
1940 3323 2034 3353 nostre
2056 3320 2151 3353 Chere
2172 3322 2270 3358 Frere,
2287 3322 2312 3350 le
2337 3321 2406 3361 Roy

1350 3369 1544 3406 d'Engleterre
1566 3367 1671 3398 d’autre
1692 3366 1795 3406 partie,
1815 3363 1961 3394 coiiferme
1983 3372 2029 3401 par
2052 3372 2122 3391 nous
2141 3361 2174 3391 &
2196 3370 2243 3399 par
2257 3360 2283 3388 le
2295 3359 2337 3389 dit
2352 3369 2407 3389 no-

1351 3407 1406 3437 stre
1423 3408 1506 3438 Frere

1388 3445 1411 3475 Il
1435 3445 1497 3475 dust
1514 3430 1597 3475 ’venir
1617 3454 1632 3474 a
1648 3453 1735 3481 nous,
1749 3441 1814 3471 faire
1830 3440 1967 3479 homage,
1988 3438 2083 3469 solone
2100 3437 2123 3467 la
2137 3436 2247 3466 foui-me
2261 3434 2331 3466 &la
2345 3442 2405 3467 ma-

1352 3481 1428 3515 niere
1442 3484 1478 3514 du
1491 3482 1532 3514 dit
1546 3490 1643 3513 accort
1661 3491 1667 3510 :
2417 3482 2420 3485 ·

1390 3522 1444 3561 Et,
1460 3522 1496 3552 de
1518 3520 1621 3558 nouel,
1640 3529 1727 3557 nous,
1744 3529 1759 3548 a
1781 3517 1805 3547 la
1823 3515 1947 3555 requeste
1960 3515 2010 3552 de,
2028 3513 2121 3543 nostre
2135 3511 2291 3542 Treschere
2311 3511 2403 3551 Soet,

1351 3562 1376 3591 la
1397 3560 1510 3599 Roigne
1530 3559 1718 3598 d’Engleterie
1738 3558 1810 3586 aiens
1831 3555 1919 3585 voulu
1940 3563 1994 3592 qe,
2029 3563 2064 3581 en
2085 3562 2130 3581 cas
2152 3561 2205 3588 que
2230 3550 2255 3580 le
2275 3550 2315 3581 dit
2339 3550 2401 3580 Roi

1351 3598 1541 3638 d'Engleterre
1561 3596 1740 3633 transportem
1759 3605 1808 3631 en,
1834 3592 1926 3622 nostre
1949 3592 2032 3620 chere
2054 3599 2162 3626 neveu,
2189 3588 2327 3626 Edward,
2351 3589 2402 3619 son

1353 3638 1425 3668 aisne
1449 3637 1525 3675 fuiz,
1543 3643 1605 3665 tout
1626 3635 1652 3664 le
1675 3634 1763 3670 droit,
1781 3631 1827 3670 q'il
1845 3641 1861 3659 a
1880 3640 1909 3659 es
1930 3629 2049 3666 Ten-es,
2066 3638 2122 3669 pur⁴
2137 3628 2176 3670 lest
2191 3626 2283 3664 queles
2297 3627 2316 3655 il
2332 3636 2407 3657 nous

1353 3676 1415 3706 doit
1435 3675 1501 3705 faire
1523 3675 1549 3704 le
1571 3674 1611 3703 dit
1632 3673 1753 3707 homage
1778 3671 1953 3705 (excepteeS,
1973 3668 2005 3697 δε
2029 3675 2075 3703 par
2090 3665 2203 3702 eipecial
2217 3664 2350 3694 reservees
2366 3665 2406 3696 les

1352 3723 1451 3752 terres,
1468 3722 1522 3751 que
1543 3722 1613 3741 nous
1632 3719 1745 3741 tenoms
1765 3709 1798 3738 δε
1816 3708 1935 3737 dei-oms
1953 3705 2038 3739 tenir)
2060 3704 2093 3734 ὃς
2116 3704 2154 3733 lui
2174 3712 2209 3732 en
2231 3702 2297 3732 faire
2315 3703 2407 3741 droit,

1354 3753 1452 3782 solone
1467 3751 1490 3780 la
1504 3751 1597 3780 forme
1613 3748 1651 3778 du
1664 3748 1705 3777 dit
1717 3754 1811 3776 accort
1820 3768 1829 3783 ,
1847 3754 1917 3774 nous
1930 3752 2089 3773 receuroms
2102 3742 2125 3771 le
2137 3741 2177 3771 dit
2190 3733 2284 3770 nostre
2296 3740 2403 3772 Neveu

1354 3801 1388 3820 au
1401 3790 1441 3819 dit
1456 3789 1592 3826 homage,
1610 3786 1677 3815 souz
1689 3785 1725 3814 les
1740 3784 1878 3819 fourmes,
1897 3782 2047 3818 nianieres,
2065 3781 2097 3810 ὅ(
2112 3779 2313 3818 condiciouns,
2331 3780 2398 3810 souz

1353 3829 1391 3858 les
1410 3827 1501 3866 queles
1516 3834 1587 3855 nous
1600 3823 1726 3853 deviorns
1742 3831 1852 3851 receure
1865 3820 1915 3849 soii
1931 3820 2014 3856 Pere,
2031 3827 2184 3848 contenues
2195 3828 2234 3848 ou
2251 3817 2290 3848 dit
2305 3827 2402 3856 acorr,

1392 3865 1444 3903 Et,
1462 3872 1497 3895 en
1520 3870 1615 3899 outre,
1630 3861 1720 3900 parmi
1735 3859 1841 3889 sexante
1857 3858 1937 3888 Mille
1950 3859 2009 3888 libr.
2022 3856 2101 3886 Paris.
2117 3866 2164 3894 par
2179 3856 2258 3886 cause
2273 3856 2344 3887 dela
2357 3855 2402 3885 di-

1357 3913 1384 3935 te
1398 3904 1578 3942 receptioun,
1605 3900 1694 3929 savoir
1716 3898 1826 3928 faii‘oms
1840 3907 1890 3936 qe,

1393 3943 1411 3961 ³*
1421 3941 1466 3971 En
1479 3950 1523 3970 cas
1539 3949 1578 3968 ou
1592 3938 1617 3967 le
1632 3937 1673 3967 dit
1689 3936 1843 3974 Transport
1858 3935 1925 3965 serra
1940 3933 2004 3971 fait,
2022 3933 2055 3963 &
2071 3943 2142 3963 nous
2156 3943 2269 3963 auroms
2284 3943 2365 3963 receu
2380 3931 2432 3962 le*
2448 3937 2498 3964 IV„

1354 3981 1396 4011 dit
1417 3977 1512 4009 nostre
1533 3976 1636 4006 Neveu
1652 3985 1687 4005 en
1702 3974 1796 4005 nostre
1808 3974 1950 4011 homage,
1967 3972 2034 4002 souz
2047 3972 2084 4002 les
2099 3974 2249 4009 manieres,
2267 3972 2405 4007 sci-armes,
2438 3974 2500 4010 165,

1354 4021 1387 4051 &
1400 4016 1584 4048 condiciouns
1597 4013 1737 4044 dessusdits
1744 4036 1754 4051 ,

1393 4055 1453 4087 Des
1475 4053 1576 4094 quelles
1596 4062 1669 4084 nous
1686 4061 1723 4083 ne
1738 4061 1811 4082 nous
1824 4049 2009 4120 eristendoms,
2027 4059 2065 4080 en
2083 4050 2171 4087 riens,
2188 4057 2204 4078 a
2218 4047 2352 4114 ἀερεηίἓ
2372 4054 2407 4075 ne

1889 4096 1904 4127 3
2349 4093 2410 4113 ero-1
