2562 4279
748 179 861 221 ET
942 179 1211 223 ACTA
1292 179 1773 223 PUBLICA.

62 267 179 302 Ann.D

59 314 179 419 ξἰίέἶῖξι
323 347 351 374 ²*
372 352 422 385 De
437 351 588 397 Homagio
605 351 679 397 Regi
687 349 772 396 fac'lo
782 361 837 397 per
852 354 970 386 Ducem
988 352 1155 384 Britannice.

59 426 113 452 Aa·
132 431 174 455 ¹9·
265 436 324 464 ΑΙ
329 437 357 464 Τ
376 446 395 466 a
408 434 566 465 remembrer
580 445 630 474 que
640 457 650 473 ‚
675 433 699 464 Ie
712 436 864 475 Vendredy,
880 447 912 465 en
925 435 953 464 la
969 438 1099 472 Simaigne
1113 436 1145 465 de
1159 436 1258 465 Pente>-

59 464 194 534 {jags‘tm-
279 472 345 512 cost,
363 472 581 523 cJefl-affavertle
595 473 727 519 vyntifme
732 475 798 513 jour
811 477 842 503 de
856 476 942 511 May,
960 472 1031 502 I'An
1042 472 1170 518 present,
1185 484 1216 519 era
1229 472 1258 501 la

62 540 91 563 E·
122 558 127 563 ι
153 555 160 562 ·
173 545 182 562 ¹
207 511 343 556 presence,
360 510 373 540 l
380 511 508 541 onurable
521 514 583 541 Pter
596 522 628 540 en
644 515 734 551 Dzeu,
751 511 849 550 Johan
861 512 1030 551 Ercevesque
1041 513 1074 541 de
1088 511 1260 549 Cantzrbzrs,

61 545 114 601 m}
135 542 150 572 p
190 557 196 564 “
213 548 337 579 Wll1am
356 550 388 579 de
410 550 508 579 Bohun
524 551 625 580 Counte
646 549 678 579 de
700 550 888 587 Norhampton
901 572 911 586 ,
936 552 1036 578 Robert
1056 550 1087 579 de
1108 551 1260 587 Sadyngton

116 582 157 609 ¹4·
171 574 196 601 d*
212 586 402 626 chaunceller,
422 587 550 617 William
572 588 603 616 de
625 589 675 616 Ed
687 595 769 626 ngton
787 586 908 625 Trefirrer
921 587 1006 625 nostre
1021 592 1143 624 Seigneur
1156 588 1180 617 le
1194 591 1259 625 Roi,

210 624 395 654 Berthelmew
411 627 442 656 de
456 624 624 664 Burgheifh,
667 626 737 655 ohan
748 629 840 664 Darcy
852 624 875 653 le
891 627 955 654 Fitz
970 648 979 663 ,
998 626 1099 663 Mestre
1114 626 1213 664 Johan
1227 625 1258 655 de

210 663 364 702 Thoresby,
379 665 506 704 Gardeyn
519 665 563 694 des
576 666 670 694 Roules
685 665 717 693 de
734 663 764 693 la
782 662 978 693 Chaunrellerie
989 688 998 701 ,
1012 664 1109 702 Johan
1124 665 1154 693 de
1169 667 1258 693 Scint-

207 700 269 740 pol,
287 699 326 735 ὠ·
339 701 446 740 Ρίκβνς
464 709 557 732 autres
575 703 610 731 du
634 700 736 740 Confi’il
748 713 781 731 no
805 712 833 731 re
845 702 886 730 dit
901 704 1023 738 Seigneur
1039 702 1063 731 le
1077 706 1142 740 Roi,
1160 701 1258 740 Johan

209 740 243 769 de
257 739 413 779 Montfort,
430 743 492 771 Duc
504 741 536 770 de
548 744 710 778 Bretaigne,
729 751 760 769 en
784 751 802 769 a
816 739 948 769 chambre
960 741 991 769 de
1012 741 1053 770 dit
1068 740 1228 779 Ercevesq'ue
1243 751 1261 768 a

212 777 387 816 Lambheth,
399 787 461 817 pres
474 779 506 808 de
520 777 625 817 Wstm.
642 777 686 817 fist
706 777 756 816 son
770 780 888 816 Homage
902 789 920 806 a
933 778 1016 817 nostre
1031 782 1154 817 Seigneur
1169 785 1193 808 le
1206 781 1260 818 Roy

210 827 245 846 en
257 815 294 845 les
302 817 409 855 paroles
420 828 471 858 que
487 816 625 854 s’enluent.

285 892 366 924 Mon
378 893 533 932 Seigneur,

249 969 306 1008 Jeo
320 979 388 999 vous
404 967 538 1007 reconoiffi’
559 968 690 999 droiturel
707 968 757 998 Roi
775 969 807 998 de
821 970 924 999 Frante
937 992 946 1007 ,
973 965 1010 1004 ὦ·
1032 980 1050 998 a
1064 979 1149 1008 vous,
1167 980 1234 1000 come
1246 980 1265 999 a

212 1018 273 1038 mon
286 1011 408 1044 Seigneur
420 1009 490 1044 Lige
503 1005 541 1041 (ὧν
554 1007 684 1037 dreiturel
694 1011 744 1037 Roi
757 1008 788 1036 de
802 1010 921 1045 France,
931 1006 996 1046 face
1010 1018 1069 1040 mon
1084 1011 1203 1045 Homage
1213 1017 1266 1047 pur

217 1045 247 1074 la
267 1047 323 1074 dite
337 1044 432 1074 Duche
449 1047 481 1074 de
500 1048 648 1083 Bretaigne
661 1069 670 1084 ,
694 1045 757 1086 quel
766 1046 806 1083 jeo
819 1045 915 1083 clayme
927 1049 999 1075 tenir
1013 1046 1045 1075 de
1058 1057 1124 1075 vous
1137 1056 1196 1075 mon
1208 1050 1266 1075 Sei-

211 1092 314 1120 gneur,
329 1080 368 1117 &⁵
390 1082 505 1113 devienk
525 1083 613 1123 vostre
626 1086 712 1113 Home
733 1087 802 1121 Lige
813 1084 844 1113 de
858 1087 886 1113 V
888 1088 911 1113 ie
924 1083 962 1118 ὠ
978 1084 1010 1112 de
1024 1085 1163 1123 Membre,
1181 1083 1219 1119 &¹
1234 1086 1266 1114 de

212 1124 323 1151 Terrien
339 1122 466 1160 Honure,
483 1133 502 1151 a
516 1126 596 1152 viure
610 1121 647 1157 ᾤ’
663 1125 759 1161 morir,
775 1129 864 1152 contre
876 1129 961 1152 toutes
975 1124 1076 1152 Gentz.

366 1246 416 1277 De
430 1243 590 1277 Fidelitate
606 1243 703 1276 Eleb'z‘i
722 1244 924 1287 Dunolmetfis
942 1242 1119 1290 recipienda.

66 1332 146 1364 Ann.
156 1330 198 1362 D.
216 1326 367 1384 REX,
384 1327 506 1359 Dilec'tis
527 1328 561 1359 &
582 1327 724 1358 Fidelibus
743 1328 794 1358 suis
806 1350 815 1365 ,
841 1327 946 1358 Abbati
966 1328 1057 1359 Beatae
1072 1327 1172 1359 Mariae
1186 1328 1269 1360 Ebo-

63 1367 570 1444 Jn34f§.Sc12ffl5u{cleIenr¹c⁰
585 1366 622 1397 de
635 1365 773 1406 Ingelby,
791 1366 923 1398 Salutem.

62 1452 161 1523 2:331»
175 1497 203 1516 1.
249 1442 530 1520 ffissgicffli’f'nuper
557 1482 704 1513 celebratae
724 1482 753 1512 in
774 1481 900 1512 Ecclesia
920 1480 1133 1525 Dunolmensin,
1147 1481 1194 1525 'de
1213 1480 1269 1511 Di-

64 1533 101 1553 m.
126 1533 169 1554 io.
212 1519 291 1551 lecto
311 1520 430 1559 nostro,
447 1520 564 1551 Thoma
585 1521 621 1551 de
642 1520 776 1558 Hatfeld‚
794 1522 821 1550 in
837 1520 1011 1558 Episcopum
1026 1520 1100 1550 Loci
1115 1519 1201 1557 illius,
1220 1529 1270 1557 pe-

211 1558 263 1626 }ita
278 1568 294 1589 a
303 1560 389 1627 ἓὲξίς
403 1558 484 1596 super
497 1559 555 1590 hoc
571 1558 685 1590 licentia
701 1559 734 1590 &
755 1559 871 1598 optenta
884 1583 894 1597 ,
918 1559 1001 1589 faetae
1012 1582 1022 1596 ,
1043 1559 1152 1597 regium
1168 1558 1270 1588 Aflen-

224 1607 275 1627 um
288 1607 304 1627 a
343 1607 351 1626 i
373 1605 450 1627 entes

251 1621 484 1666 Mandaverimi’is
495 1659 506 1674 ,
529 1635 691 1666 Venerabili
706 1635 781 1666 Patri
796 1658 806 1674 ,
833 1635 883 1665 W.
902 1634 1122 1672 Archiepiscopo
1137 1633 1269 1664 Eborum

214 1673 262 1704 An
283 1674 329 1704 liae
342 1673 477 1712 Primati,
495 1681 527 1704 ut
539 1675 616 1711 quod
632 1673 710 1704 suum
726 1673 766 1703 est
780 1674 808 1703 in
822 1674 875 1704 hac
890 1682 966 1711 parte
979 1682 1147 1710 exequatur,

288 1723 320 1743 os
337 1712 475 1750 (volentes
491 1712 638 1749 praefatum
660 1711 793 1742 Electum
808 1711 905 1742 favore
924 1711 1054 1749 prosequi
1068 1710 1200 1749 gratioso)
1218 1709 1268 1741 de-

211 1750 304 1782 dimus
316 1751 416 1788 vobis,
431 1751 465 1781 &
479 1751 557 1781 alteri
570 1749 713 1787 vestrum,
730 1750 860 1787 plenam,
877 1758 976 1779 tenore
998 1748 1193 1786 praesentium,
1212 1748 1269 1779 Po-

210 1788 359 1827 testatem,
377 1788 552 1819 Fidelitatem
566 1789 648 1826 ipsius
659 1788 771 1825 Elem,
789 1788 857 1818 cum
872 1788 955 1818 vobis
972 1796 1020 1823 per
1042 1787 1147 1816 Literas
1165 1786 1269 1817 Paten-

210 1835 253 1858 tes
273 1828 380 1866 praefati
403 1826 632 1864 Archiepiscopi,
653 1826 735 1856 nobis
755 1825 889 1863 dimetas,
908 1824 1064 1856 constiterit
1078 1825 1187 1855 mestum
1203 1825 1269 1855 Ele-

208 1866 292 1934 &usrgi
312 1867 342 1896 in
363 1865 539 1933 Episcgpum
561 1863 792 1895 Dunolmensem
812 1864 975 1895 confirmari
989 1886 999 1902 ,
1021 1864 1084 1895 vice
1102 1864 1135 1894 ὃς
1149 1864 1269 1894 nomine

209 1912 252 1935 no
279 1912 313 1934 ro
325 1913 380 1935 reci
402 1913 447 1933 ien
469 1913 493 1933 i:

247 1941 287 1972 Et
298 1942 365 1972 ideo
381 1914 464 1972 gobis
476 1941 640 1973 mandamus
660 1941 740 1979 quod
755 1964 765 1980 ,
782 1940 864 1979 capta
878 1940 1024 1971 Fidelitate
1037 1939 1189 1978 praedicta,
1207 1938 1270 1971 Cu-

208 1979 304 2012 stodes
319 1979 537 2017 Temporalium
554 1979 735 2018 Episcopatus
757 1979 883 2017 praediffl
904 1989 938 2010 ac
960 1978 1121 2009 Escaetores
1140 1978 1269 2017 nostros,

208 2020 242 2049 in
260 2018 453 2049 Comitatibus
474 2017 696 2049 Northumbriae
712 2018 745 2048 &
770 2017 900 2048 Eborum
913 2040 924 2056 ,
948 2016 983 2047 de
997 2017 1095 2047 eadem
1110 2016 1269 2055 Fidelitate,

232 2066 261 2087 et
273 2066 326 2087 vos
340 2057 378 2087 sic
393 2056 523 2095 recepta,
539 2056 699 2087 certificetis
736 2065 767 2087 ut
781 2057 892 2086 ulterius
904 2079 914 2093 ,
938 2055 1017 2092 super
1034 2054 1226 2086 Restitutione
1237 2056 1270 2086 &

209 2065 394 2125 {iberatione
403 2094 621 2132 Temporalium
635 2079 837 2132 praedierorum
851 2094 944 2124 eidem
960 2093 1080 2131 Eleeto,
1098 2093 1131 2123 ad
1149 2093 1268 2124 Manda-

210 2140 240 2164 ta
255 2133 368 2172 nostra,
386 2132 444 2163 fieri
459 2133 560 2164 faciant
574 2133 652 2171 quod
669 2134 706 2164 eis
719 2142 754 2164 ex
768 2141 845 2171 parte
859 2131 954 2162 nostra
968 2133 1140 2171 injungetur:

250 2171 374 2209 Nosque
388 2171 472 2209 inde,
490 2181 523 2202 ac
536 2172 572 2202 de
587 2180 649 2202 toto
665 2172 743 2202 faeto
762 2171 859 2202 vestro
875 2172 904 2200 in
926 2171 977 2200 hac
996 2179 1090 2208 parte,
1108 2169 1225 2201 reddatis
1240 2172 1270 2201 in

211 2209 388 2241 cancellaria
402 2209 515 2248 nostra,
531 2209 580 2240 sub
592 2209 693 2249 Sigillis
711 2209 807 2240 vestris
821 2233 831 2248 ,
859 2208 993 2240 distinete
1008 2209 1040 2239 ὃς
1054 2219 1069 2238 a
1090 2212 1149 2239 erte
1164 2210 1270 2240 certio-

213 2257 272 2285 res,
289 2248 377 2278 dietas
390 2247 495 2278 Literas
510 2248 638 2278 Patentes
652 2249 759 2288 praefati
771 2247 1000 2285 Archiepiscopi,
1017 2246 1053 2276 de
1095 2246 1273 2278 onfirmatio-

211 2296 250 2317 ne
263 2285 417 2317 Elefflmns
437 2286 581 2324 praedictae
593 2310 604 2324 ‚
626 2287 726 2324 nobis,
742 2295 773 2317 ut
787 2286 983 2324 praemittitur,
1001 2285 1119 2316 directas
1135 2286 1211 2324 (quae
1222 2296 1273 2326 per

211 2334 265 2356 vos
276 2326 363 2392 rfcipi
376 2324 520 2394 yolurgciis)
537 2325 620 2356 nobis
634 2326 776 2356 mittentes
791 2333 859 2355 cum
873 2324 931 2355 hoc
945 2323 1037 2356 Brevi.

303 2373 323 2392 n
338 2372 416 2400 cujus
488 2373 514 2394 c.

248 2400 339 2433 Teste
354 2385 435 2441 Rege'
447 2403 522 2442 apud
535 2401 841 2441 Westmonasterium,
857 2401 996 2435 vicesimo
1012 2408 1112 2440 quarto
1127 2400 1174 2432 die
1189 2400 1271 2432 Maii.

897 2481 950 2509 Per
965 2475 1045 2517 ipftcm
1058 2479 1162 2515 Regem.

442 2604 501 2634 Pro
519 2600 668 2646 Comittffiz
686 2599 722 2633 de
740 2600 802 2645 th
812 2598 847 2632 de
869 2600 1058 2634 Proteffione.

70 2685 148 2718 Ann.
160 2683 203 2716 D.
216 2678 347 2739 REX
373 2683 510 2714 omnibus
528 2682 638 2715 Ballivis
659 2684 693 2715 ὃς
716 2684 857 2715 Fidelibus
879 2684 946 2723 suis,
965 2684 999 2715 ad
1013 2694 1101 2724 quos,
1119 2684 1180 2716 ὅτε.
1199 2683 1277 2714 Salu-

93 2735 107 2756 1
173 2746 181 2754 .
293 2729 361 2752 tetn.

71 2732 188 2797 An3.4i59.
254 2759 355 2789 Sciatis
370 2758 468 2796 quod,

72 2806 105 2830 Β.
126 2811 151 2838 3.
256 2795 355 2835 Cum,
374 2796 476 2827 dilecta
497 2795 713 2835 Consanguinea
734 2796 847 2836 nostra,
868 2798 960 2828 Maria
979 2799 1016 2830 de
1030 2798 1137 2830 Monte
1152 2798 1278 2829 Herme-

71 2843 133 2868 Pat.
150 2848 194 2874 ¹9·
218 2833 268 2873 rii,
286 2834 440 2865 Comitiffa
451 2834 488 2864 de
502 2834 566 2871 Fif,
586 2844 651 2878 quae
663 2833 713 2864 diii
726 2835 755 2864 in
772 2835 875 2874 Regno
890 2836 990 2867 nostro
1005 2837 1116 2875 Angliae
1129 2837 1162 2867 ad
1178 2837 1278 2866 Fidem

72 2882 103 2906 Ε.
114 2883 172 2914 34²·
183 2885 207 2903 i.
219 2872 375 2920 &APacem
392 2872 517 2904 nostram
532 2871 624 2911 stetit,
637 2882 699 2911 Jam
714 2872 748 2904 sit
759 2873 796 2904 ad
810 2883 898 2912 partes
909 2874 1014 2905 Scotiae
1027 2874 1062 2904 de
1077 2874 1206 2905 Licentia
1224 2884 1279 2905 no-

217 2911 458 2988 Ιῂὲιῖίςςέΐὶξῗιῗξί
481 2949 536 2980 sam
550 2948 735 2979 Comitiflam
745 2972 754 2987 ,
773 2949 916 2981 Homines
931 2951 964 2982 δε
978 2950 1135 2981 Familiares
1147 2949 1227 2988 suos,
1245 2960 1278 2981 ac

222 2987 432 3032 Equum-Res,
496 2987 648 3031 Hernesia,
665 2988 698 3018 &
711 2987 789 3018 Bona
809 2989 854 3018 sua
866 3012 876 3026 ,
895 2989 990 3019 eundo
1006 2989 1097 3019 versus
1108 2997 1195 3032 partes
1209 2999 1280 3026 prae-

220 3026 326 3064 dietas,
343 3037 372 3056 in
388 3026 608 3056 Proteehonem
622 3026 655 3055 ὃς
670 3025 877 3057 Defensionem
892 3027 1036 3065 nostram,
1055 3036 1168 3057 necnon
1184 3036 1215 3056 in
1229 3027 1280 3057 sal-

222 3074 294 3096 vum
310 3066 344 3096 &
357 3065 486 3095 securum
500 3063 688 3094 Conduetum
701 3063 845 3094 nostrum:

259 3103 299 3133 Et
314 3103 380 3134 ideo
403 3103 486 3133 vobis
503 3102 668 3132 mandamus
688 3103 769 3139 quod
781 3103 873 3133 eidem
889 3103 907 3123 *
924 3101 1103 3142 Comitiffae,
1122 3100 1183 3138 &a
1195 3109 1279 3141 prout

219 3144 252 3172 in
267 3144 372 3170 caeterix
385 3142 417 3170 de
430 3142 599 3170 ProteHione
615 3143 727 3170 Literis.

260 3177 296 3209 In
311 3179 406 3217 cujus,
423 3180 485 3210 &c.
505 3178 591 3216 usque
610 3178 646 3209 ad
667 3178 783 3210 Festum
803 3179 900 3210 Sanffl
910 3179 987 3210 Petri
1002 3179 1037 3210 ad
1058 3179 1172 3211 vincula
1186 3181 1282 3217 proxi-

225 3219 279 3249 mo
292 3216 420 3247 futurum
433 3217 585 3247 duraturas.

261 3254 352 3286 Teste
367 3254 454 3293 Rege
466 3254 540 3292 apud
554 3254 863 3293 Westmonasterium,
880 3255 1017 3288 vicesimo
1031 3263 1131 3294 quarto
1146 3255 1193 3286 die
1201 3254 1281 3286 Maii.

74 2924 111 2944 m.
128 2924 169 2943 11.

78 3113 208 3152 ‘'V-453·

916 3335 969 3363 Per
979 3331 1062 3373 ipfhm
1073 3335 1176 3369 Regem.

229 3455 289 3491 Ad
301 3460 437 3504 Papam,
454 3457 546 3504 fitper
564 3457 689 3503 Treugis
714 3458 744 3488 in
764 3457 924 3490 Britannia
945 3462 1055 3492 notorie
1081 3459 1220 3502 violatis,
1244 3463 1281 3499 &-

506 3502 639 3551 Philippo
655 3503 690 3537 de
706 3504 814 3547 Valtfio
831 3503 1001 3550 dtffidando.

82 3608 212 3643 'Ann.D.
227 3588 399 3651 PAPAE
423 3589 505 3628 Rex,
521 3590 585 3621 &c.

314 3627 348 3658 In
363 3628 506 3666 publicam
519 3637 578 3658 non
591 3627 760 3663 ambigimus
777 3628 909 3657 notitiam
923 3627 1084 3667 devenisse,
1101 3629 1233 3667 qualiter,

36 3695 38 3697 ,
82 3657 192 3716 Αἶῇῒῖ·
266 3665 395 3710 Celebris
407 3667 571 3703 memoriae,
589 3665 696 3709 Carolo
714 3665 793 3709 Rege
806 3665 829 3695 F
831 3667 949 3710 tanciae,
969 3666 1080 3705 Fratre,
1097 3667 1285 3698 Sereniffimae

82 3728 114 3753 E·
129 3697 197 3762 ’3.9·
230 3704 390 3744 Dommae,
408 3704 529 3735 Isabellae
542 3704 668 3740 Regmae
684 3702 813 3742 Angliae,
833 3703 933 3734 Matris
945 3704 1067 3743 nostrae,
1086 3707 1160 3736 viam
1174 3707 1286 3736 univer-

82 3767 117 3791 Ro
232 3744 268 3775 sae
279 3742 382 3774 Carnis
394 3742 424 3773 in
444 3742 534 3780 reffo,
551 3742 687 3779 dictoque
707 3740 817 3778 Regno
839 3741 876 3772 sic
897 3742 931 3772 ad
943 3753 1010 3780 nos,
1029 3752 1058 3773 ut
1072 3743 1106 3774 ad
1121 3746 1286 3781 proximum

83 3805 106 3829 E
119 3773 155 3792 m.
175 3772 217 3829 ¹31⁸
233 3780 390 3813 Haeredem
443 3779 565 3811 asculum
581 3779 651 3810 dicu
665 3779 773 3818 Regis,
792 3788 861 3810 tunc
883 3781 913 3810 in
934 3781 1062 3812 humanis
1076 3791 1225 3821 agentem,
1244 3783 1287 3813 in-

109 3820 115 3828 '
134 3811 159 3839 3·
212 3822 220 3828 '
235 3820 475 3852 commutabiliter
490 3818 626 3849 devoluto

84 3848 113 3867 ²·
268 3853 416 3889 Dominus
427 3857 572 3895 Philippus
585 3855 621 3886 de
633 3842 763 3894 valesio,
781 3855 866 3887 Filius
880 3857 1024 3888 Avuncuii
1036 3857 1103 3888 dieu
1119 3858 1205 3898 Regis
1218 3881 1228 3896 ‚
1253 3859 1288 3889 sc

234 3896 272 3926 fic
290 3896 380 3933 ipsum
400 3897 429 3926 in
444 3894 543 3926 Gradu
563 3895 710 3925 remotiori
724 3892 976 3934 Consanguinitatis
993 3898 1126 3935 attingens
1141 3920 1150 3935 ,
1177 3896 1288 3927 dietum

234 3934 388 3972 Regnum,
410 3934 481 3965 dum
496 3943 606 3964 eramus
620 3933 649 3962 in
664 3932 753 3962 Annis
768 3933 923 3964 minoribus
937 3934 1099 3973 constituti,
1112 3935 1162 3965 fibi
1175 3945 1224 3972 per
1230 3935 1289 3965 Po-

233 3972 368 4010 tentiam,
387 3982 487 4003 contra
501 3971 600 4002 Deum
614 3973 646 4002 ὃς
660 3970 816 4009 Justitiam,
835 3972 989 4010 usurpavit,
1004 3974 1037 4004 &
1053 3973 1090 4004 sic
1104 3973 1170 4004 illud
1183 3973 1290 4004 detinet

234 4017 424 4049 occupatum,
443 4010 577 4041 invadens
599 4011 729 4049 ulterius,
746 4008 854 4040 vastans
870 4011 903 4041 &
915 4021 1059 4049 occupans
1071 4011 1172 4042 Terras
1185 4011 1290 4042 nostras

234 4046 406 4121 ἱηπξγὲᾖτέ
422 4049 526 4120 ῐὲοίὶιτὲ
544 4048 722 4088 Aquitaniae,
737 4048 772 4081 &
794 4056 893 4082 contra
911 4059 964 4081 nos
982 4049 1075 4082 Scotis
1089 4073 1100 4090 ,
1125 4049 1291 4082 Rebellibus

2276 193 2351 236 177

1303 265 1405 296 nostris
1419 265 1446 296 se
1459 266 1661 306 adjungens,&
1678 267 1740 298 alias
1753 267 1788 298 ad
1801 266 1888 298 nostri
1905 268 1939 299 &
1953 265 2114 298 nostrorum
2130 263 2351 307 subversionem,
2371 266 2445 299 Ann.
2455 265 2503 299 D:

1303 305 1361 334 tam
1377 306 1406 334 in
1418 304 1523 342 Terra,
1542 305 1627 343 quarn
1642 307 1671 335 in
1686 306 1780 344 Mari,
1793 306 1921 336 laborans
1936 317 1986 345 pro
2004 307 2109 337 viribus
2123 307 2155 336 ὃ(
2170 307 2298 336 innitens.
2397 315 2480 345 1345.

1340 341 1379 372 Et
1394 342 1459 372 licet
1475 352 1543 381 nos,
1561 354 1613 380 pro
1629 344 1748 374 vitandis
1759 346 1885 381 dampnis
1901 344 2151 382 inaestimabilibus‚
2169 354 2233 382 quae
2247 346 2350 374 timeri->-
2369 346 2432 373 Edv.
2455 355 2483 381 3-

1302 387 1347 410 tur
1359 389 1393 409 ex
1408 379 1617 411 Commotione
1632 382 1752 412 Guerrae
1766 384 1836 412 inter
1850 393 1901 412 nos
1914 384 1946 413 ὃς
1964 383 2052 419 ipsum
2076 383 2155 420 poffe
2169 383 2351 413 verisimiliter

1303 419 1470 457 provenire,
1488 420 1670 457 optulerimus
1685 421 1801 457 praefato
1814 421 1944 458 Philippo
1956 422 2045 458 plures
2058 421 2216 451 amicabiles
2232 422 2288 451 vias
2297 421 2351 451 Pas

1302 458 1341 486 cis
1352 479 1361 494 ,
1379 466 1437 486 non
1451 458 1506 487 sine
1527 467 1631 496 magno
1651 458 1813 488 nostrorum
1825 458 1936 497 jurium
1951 459 2137 496 detrimento,
2157 468 2186 488 ut
2200 459 2236 489 sic
2250 468 2351 489 contra

1302 494 1479 531 Blasphemos
1494 494 1646 526 Christiani
1662 496 1818 534 Nominis,
1837 499 1865 526 in
1880 497 1985 527 Sancto
1998 496 2129 533 Paisagio
2138 498 2352 535 Transmarino,

1302 533 1445 570 possemus
1467 534 1547 570 (sicut
1567 534 1705 571 cupimus)
1732 535 1875 564 intendere
1897 534 2017 565 Guerrae
2040 535 2162 573 Christi,
2182 546 2245 572 quse
2262 536 2352 573 negli-

1301 572 1375 638 fiitur
1396 571 1480 609 (proh
1499 571 1615 609 dolori)
1634 573 1662 601 in
1683 574 1868 610 ignominiam
1891 583 1952 602 non
1975 573 2119 603 modicam
2139 574 2251 603 Militiae
2266 574 2351 604 Chri-

1327 619 1413 647 ianae,

1339 647 1401 685 Ipse
1423 656 1535 686 tamen,
1552 648 1668 686 vulpina
1691 649 1836 679 calliditate
1851 649 1899 679 diu
1917 648 1966 678 sub
1980 650 2090 679 incerto
2105 658 2156 679 nos
2172 650 2352 687 protrahens,

1303 685 1391 716 nichil
1414 687 1497 716 nobis
1513 687 1604 716 facere
1626 687 1715 717 voluit
1735 689 1762 716 in
1786 687 1908 725 effeChi,
1928 687 1965 716 set
1977 687 2100 725 semper,
2119 689 2304 724 pendentibus
2317 689 2352 717 iia

1304 723 1412 754 mulatis
1424 723 1619 761 Tractatibus,
1638 725 1791 755 cumulavit
1807 725 1973 763 peramplius
1989 727 2058 755 mala
2072 728 2157 755 malis.

1343 761 1463 800 Propter
1480 762 1557 800 quod
1575 762 1684 792 donum
1703 762 1778 800 Dei,
1797 765 1845 801 qui
1866 763 2014 793 nobiscum
2035 765 2063 793 in
2084 764 2265 794 devolutione
2285 763 2355 795 dieti

1306 798 1402 838 Regni
1422 800 1496 830 suam
1518 800 1676 830 mirificavit
1694 803 1826 839 gratiam,
1853 802 1978 831 nolentes
1998 802 2133 840 negligere
2148 826 2157 839 ,
2174 802 2213 832 set
2228 803 2354 832 volentes

1307 838 1350 874 (ut
1364 838 1509 875 convenit)
1526 840 1598 869 circa
1612 839 1798 876 recuperanda
1810 841 1842 870 δε
1859 839 2031 869 defendenda
2041 841 2107 876 jura
2128 840 2219 870 nostra
2238 841 2356 870 hieredi-

1307 877 1391 914 tana,
1410 876 1459 907 sub
1472 877 1517 914 spe
1532 876 1665 907 Coelestis
1680 877 1801 915 Auxilii,
1816 878 1849 907 &
1860 877 1979 915 Juititie
1994 878 2097 907 nostrie
2113 878 2231 915 firlucifi,
2247 880 2356 908 tabora-

1308 923 1356 952 re,
1371 923 1404 944 ex
1417 925 1476 953 quo
1496 925 1545 952 per
1561 916 1666 945 oblatas
1680 917 1736 946 vias
1757 916 1882 953 pacificas
1897 915 2032 952 proficere
2045 918 2235 953 nequinum,
2254 917 2355 953 impel-

1308 952 1383 983 lente
1403 953 1562 984 neceffitate
1577 978 1586 991 ,
1613 955 1672 984 vim
1689 964 1822 984 armatam
1837 953 1995 991 induimus,
2015 956 2154 984 venientes
2172 955 2355 992 Britanniam,

1331 1001 1363 1020 ro
1385 991 1569 1021 reformandis
1590 991 1667 1022 illatis
1682 1015 1691 1029 ,
1715 993 1748 1023 &
1764 992 1952 1030 propulsandis
1967 992 2116 1022 inferendis
2133 994 2211 1021 nohis
2228 1003 2275 1030 per
2291 1003 2358 1023 eum

1325 1029 1417 1066 njuriis
1452 1030 1485 1060 &
1503 1029 1616 1068 Juribus
1638 1030 1739 1060 nostris
1759 1031 1947 1060 Haereditariis
1965 1031 2124 1067 optinendis
2140 1055 2148 1067 ,
2168 1032 2293 1060 volentes
2307 1042 2360 1069 po·-

1310 1068 1380 1105 tius,
1397 1051 1435 1097 ad
1453 1067 1623 1098 Succursum
1643 1069 1724 1098 nobis
1737 1068 1967 1107 Adhaerenrium,
1986 1069 2035 1098 libi
2051 1077 2176 1106 patenter
2191 1079 2358 1108 occurrere,

1310 1106 1397 1144 quam
1412 1107 1585 1135 comminata
1598 1106 1680 1136 nobis
1696 1107 1816 1143 pericula
1830 1108 1858 1136 in
1874 1107 1989 1137 Laribus
2004 1107 2156 1144 expectare.

1348 1143 1403 1182 Et,
1419 1145 1489 1174 curn
1504 1144 1607 1174 ibidem
1623 1145 1652 1173 in
1665 1143 1851 1181 Expeditione
1866 1145 1985 1175 Guerrae
2001 1145 2104 1175 nostra:
2123 1146 2265 1184 ageremus
2280 1169 2290 1184 ,
2315 1146 2358 1177 su-

1332 1190 1513 1220 ervenerunt,
1532 1181 1677 1212 reverendi
1697 1181 1788 1212 Patres
1804 1206 1813 1220 ,
1838 1183 1869 1212 P.
1889 1183 2043 1213 Penestrini
2057 1206 2067 1222 ,
2085 1184 2118 1213 ὃς
2135 1185 2169 1213 Α.
2190 1184 2359 1222 Tusculani,

1337 1219 1442 1257 piscopi
1455 1219 1631 1257 Cardinales,
1649 1220 1732 1250 vestri
1745 1222 1778 1251 &
1793 1220 1870 1250 Sedis
1883 1221 2056 1258 Apostolicoe
2071 1222 2197 1259 Nunciiv,
2215 1222 2250 1251 de
2265 1222 2360 1252 Treu-

1311 1260 1372 1296 gis,
1390 1268 1457 1288 cum
1475 1258 1590 1298 praefato
1606 1258 1728 1296 Phillipo
1741 1259 1774 1288 ad
1791 1268 1915 1296 tempus,
1934 1260 2003 1289 insta
2016 1260 2093 1297 quod
2112 1270 2209 1290 corani
2226 1261 2361 1291 Sanfflta-

1312 1305 1341 1327 te
1361 1296 1452 1326 vestra
1473 1296 1583 1327 tradtari
1605 1297 1696 1334 poffet
1717 1296 1753 1327 de
1769 1297 1843 1327 Pace
1866 1297 1961 1334 finali,
1980 1297 2120 1334 ineundis,
2138 1308 2172 1327 ex
2186 1307 2261 1335 parte
2273 1299 2359 1329 dictae

1311 1334 1482 1373 Sanetitatis,
1500 1345 1569 1365 cum
1585 1334 1712 1365 instantia
1727 1345 1778 1365 nos
1792 1344 1938 1374 rogantes,
1957 1336 2158 1370 adicientesque
2173 1337 2250 1374 quod
2262 1340 2361 1367 eadem

1312 1373 1458 1441 Sapstitas·
1470 1373 1594 1404 crederet
1615 1375 1742 1405 invenire
1757 1375 1848 1412 viam,
1866 1383 1917 1412 per
1930 1383 2014 1412 quam
2030 1372 2087 1403 Pax
2098 1375 2187 1411 postet
2204 1376 2363 1406 commode

1313 1421 1343 1441 re
1355 1420 1468 1441 ormari.

1350 1449 1404 1488 Et,
1423 1449 1472 1480 sub
1486 1449 1532 1487 spe
1545 1449 1624 1481 Pacis
1639 1450 1725 1481 bonae
1740 1460 1789 1488 per
1809 1450 1942 1481 Sanctam
1965 1449 2172 1480 Mediationem
2186 1451 2305 1479 vesti-arn
2321 1450 2363 1481 fass

1313 1488 1437 1526 ciendae,
1456 1488 1604 1525 specialiter
1623 1489 1664 1519 ob
1682 1489 1765 1519 vestri
1787 1489 1927 1526 di&aeque
1950 1489 2028 1518 Sedis
2048 1487 2249 1519 Reverentiazd
2263 1512 2270 1526 ,
2290 1499 2362 1528 con-

1313 1525 1442 1556 sensimus
1455 1526 1535 1556 dietis
1551 1526 1690 1565 Treugis;
1709 1529 1741 1558 &
1759 1536 1871 1568 propter
1886 1529 1942 1557 hoc
1959 1527 2092 1556 Nuncios
2106 1549 2116 1564 ‚
2135 1536 2204 1556 cum
2221 1526 2363 1557 Poteitate

1313 1564 1477 1602 sufficienti,
1495 1565 1529 1594 ad
1543 1565 1696 1595 Sanctitatis
1710 1565 1809 1596 vestrae
1825 1564 1998 1603 praesentiam
2010 1564 2152 1595 destinare.

1351 1602 1531 1640 Fueruntque
1552 1603 1676 1642 Treugae
1696 1603 1733 1633 sic
1755 1604 1830 1634 initae
1853 1605 1923 1633 inter
1942 1613 1993 1633 nos
2007 1605 2039 1634 &
2052 1603 2163 1633 dietum
2178 1602 2366 1642 Philippum,

1313 1642 1350 1670 ita
1364 1640 1443 1678 quod
1458 1641 1627 1672 servarentur
1640 1642 1743 1679 ubique
1754 1642 1823 1671 infra
1838 1641 2010 1671 Potestatem
2032 1643 2150 1679 partium
2166 1663 2174 1678 ,
2193 1643 2225 1672 &
2242 1642 2366 1679 speciali-

1314 1687 1355 1709 ter
1370 1680 1397 1708 in
1414 1678 1530 1709 Ducatu
1544 1679 1708 1717 Britannice,
1726 1681 1796 1710 inter
1809 1689 1860 1710 nos
1875 1681 1907 1710 &
1921 1680 2026 1717 ipsum,
2045 1679 2268 1710 &Adhaerentcs
2283 1681 2368 1710 nobis

1313 1717 1359 1748 vel
1382 1717 1451 1755 fibi,
1469 1718 1552 1747 etiam
1574 1717 1593 1746 si
1611 1716 1662 1755 Jus
1683 1719 1712 1747 in
1735 1718 1816 1747 dicito
1838 1717 1951 1748 Ducatu
1966 1717 1992 1747 se
2008 1718 2108 1747 habere
2125 1726 2312 1756 praetendant,
2331 1719 2365 1748 &

1314 1755 1394 1794 quod
1418 1764 1517 1785 omnes
1538 1753 1723 1794 Coadjutores
1742 1758 1775 1787 &
1798 1755 1909 1795 Alligati
1929 1757 2046 1794 partium
2076 1765 2252 1786 remanerent
2273 1758 2301 1786 in
2324 1756 2371 1786 tali

1314 1793 1489 1823 Poffeffione
1501 1793 1612 1823 Rerum
1628 1795 1660 1824 &
1674 1793 1819 1824 Bonorum
1829 1818 1838 1832 ,
1856 1794 1912 1832 qua
1926 1795 2032 1824 fuerant
2044 1803 2173 1831 tempore
2186 1794 2367 1833 Treugarum

1313 1833 1446 1900 infigarum
1456 1856 1465 1869 ,
1484 1831 1518 1862 &
1537 1831 1586 1862 sub
1600 1832 1656 1862 aliis
1670 1831 1770 1862 Modis
1792 1833 1825 1863 &
1839 1830 2062 1863 Condicionibus
2075 1832 2203 1870 expreffis
2218 1833 2324 1870 plenius
2339 1835 2369 1863 in

1313 1880 1339 1900 ei
1371 1879 1426 1900 em.

1351 1908 1388 1938 Et
1401 1908 1470 1939 cum
1485 1908 1539 1946 fic,
1555 1908 1601 1946 spe
1615 1908 1695 1939 Pacis
1707 1908 1861 1948 arridente,
1878 1908 1929 1940 sub
1946 1908 2085 1939 dietarum
2105 1908 2282 1948 Treugarum
2297 1906 2369 1940 fidu-

1314 1945 1358 1978 cia
1373 1946 1518 1977 redeuntes
1532 1948 1560 1977 in
1577 1947 1726 1986 Angliam‚
1743 1946 1858 1978 dimissis
1882 1948 1975 1986 paucis
1997 1946 2135 1977 Ministris
2147 1948 2248 1978 nostris
2262 1949 2291 1977 in
2308 1947 2370 1978 Bri-

1309 1986 1406 2015 tannia
1420 1995 1472 2023 pro
1486 1986 1625 2028 regimine
1637 1986 1775 2016 distamm
1788 1985 1913 2016 Partium
1928 1987 1961 2017 &
1977 1985 2185 2024 Coadjutorum
2205 1985 2369 2016 nostrorum

1316 2023 1441 2062 ibidem,
1457 2023 1662 2054 ordinassemus
1674 2023 1808 2055 Nuncios
1821 2023 1934 2054 nostros
1953 2023 1987 2054 ad
2009 2024 2164 2054 Sancutatis
2179 2024 2278 2055 vestrae
2292 2034 2368 2063 prse-

1315 2062 1429 2092 sentiam
1443 2071 1496 2099 pro
1512 2062 1649 2093 Tractatu
1664 2062 1763 2101 Pacis,
1782 2070 1864 2100 prout
1878 2062 2057 2093 Condictum
2071 2062 2368 2101 fuerat,transmitten-

1315 2100 1383 2139 dos,
1402 2100 1620 2138 supervenerunt
1640 2101 1723 2131 nobis
1738 2111 1812 2131 nova
1825 2110 1916 2139 certa,
1934 2109 1994 2131 non
2008 2101 2105 2131 leviter
2120 2102 2274 2139 punge-ntia
2288 2110 2369 2131 men-

1316 2147 1376 2170 tem
1396 2138 1538 2179 nostram,
1558 2139 1593 2169 de
1614 2148 1707 2170 morte
1729 2138 1881 2177 (videlicet)
1905 2138 2095 2177 quorumdam
2110 2140 2267 2177 nobilium,
2286 2140 2370 2169 nobis

1316 2177 1530 2208 Adhaerentium
1581 2186 1729 2216 captorum
1752 2179 1780 2207 in
1801 2177 1964 2216 Britannia,
1989 2179 2021 2208 δε
2045 2177 2081 2208 de
2095 2177 2201 2215 speciali
2218 2177 2369 2215 Praecepto

1315 2216 1384 2246 dieti
1405 2215 1526 2256 Philippi
1545 2201 1662 2246 Pariiius
1682 2216 1877 2256 ignominiosae
1898 2216 2009 2253 morti,
2028 2224 2127 2246 contra
2141 2215 2265 2246 formam
2281 2217 2371 2247 didra-

1317 2264 1380 2285 rum
1403 2254 1585 2292 Treugarum
1600 2279 1609 2293 ,
1633 2256 1769 2284 tirannice
1786 2254 1954 2285 traditorum
1971 2266 1980 2292 ε,
2007 2255 2026 2274 ’¹‘
2045 2263 2159 2285 necnon
2174 2254 2210 2285 de
2224 2255 2321 2292 Strage
2333 2256 2368 2286 &

1317 2292 1546 2331 Depopulatione
1559 2293 1660 2332 magna
1675 2293 1698 2322 F
1700 2293 1812 2323 idelium
1825 2293 1858 2323 &
1878 2293 2010 2324 locorum
2031 2293 2191 2323 nostrorum
2214 2294 2243 2323 in
2259 2293 2369 2324 Britan-

1317 2331 1380 2370 nia,
1401 2331 1555 2369 Vasconia,
1573 2333 1606 2363 &
1621 2332 1705 2368 alibi,
1722 2341 1755 2362 ac
1770 2331 1950 2362 Tractatibus
1970 2330 2092 2362 subdolis
2115 2332 2148 2362 ὃς
2165 2331 2284 2362 occultis
2300 2341 2370 2362 cum

1318 2370 1443 2409 Alligatis
1455 2370 1487 2400 &
1500 2370 1623 2400 Subditis
1638 2369 1740 2400 nostris
1754 2369 1870 2407 habitis,
1888 2379 1959 2407 quos
1972 2370 2008 2399 fic
2023 2379 2038 2399 a
2059 2370 2139 2400 nobis
2153 2370 2258 2400 auferre
2272 2371 2304 2401 &
2319 2371 2368 2400 fibi

1317 2408 1453 2438 attrahere
1467 2408 1622 2445 nitebatur,
1637 2418 1671 2438 ac
1685 2408 1758 2446 aliis,
1776 2407 1812 2437 de
1826 2407 1901 2438 facili
1915 2417 1974 2437 non
1995 2408 2172 2438 numerandis
2187 2431 2196 2444 ,
2214 2408 2323 2445 Iniuriis
2336 2411 2371 2440 &C

1318 2446 1456 2484 Flagitiis,
1475 2456 1574 2476 contra
1587 2446 1674 2476 didias
1688 2446 1833 2483 Treugas,
1853 2456 1902 2484 per
1918 2454 2023 2484 partem
2040 2447 2145 2483 praefati
2158 2446 2294 2485 Philippi,
2313 2447 2372 2478 tam

1318 2486 1348 2514 in
1369 2485 1477 2522 Terra,
1496 2486 1583 2522 quam
1603 2485 1634 2514 in
1657 2483 1735 2514 Mari
1750 2509 1759 2521 ,
1785 2484 1864 2514 factis
1881 2485 1914 2514 &
1937 2486 2126 2522 attemptatis3
2146 2494 2193 2521 per
2209 2495 2271 2522 quae
2287 2484 2373 2516 diCtae

1318 2523 1449 2560 Treugae
1462 2523 1634 2561 noscuntur,
1652 2532 1700 2561 per
1715 2530 1823 2563 partem
1837 2522 1906 2552 dieti
1920 2522 2056 2560 Philippi,
2074 2525 2185 2552 notorie
2199 2523 2347 2553 dissolutae.

1356 2561 1393 2591 Et
1414 2562 1496 2599 licet,
1512 2562 1634 2600 Treugis
1654 2571 1702 2599 per
1725 2561 1839 2597 culpam
1859 2560 1928 2590 dieti
1947 2559 2039 2598 Philip
2062 2562 2069 2590 i
2094 2561 2131 2590 sic
2146 2561 2296 2599 dissolutis,
2316 2572 2369 2598 po-

1318 2599 1464 2630 tuissemus
1479 2622 1489 2637 ,
1513 2600 1582 2630 sicut
1603 2599 1694 2629 adhuc
1715 2599 1752 2629 de
1766 2600 1835 2638 Jure
1856 2598 2018 2636 possumus,
2071 2609 2179 2629 uerram
2194 2608 2291 2629 contra
2305 2609 2373 2630 eum

1319 2637 1411 2668 statim
1427 2637 1503 2668 licite
1520 2637 1708 2675 resumpsisse,
1724 2637 1758 2667 ad
1773 2638 1918 2668 vitandum
1932 2646 2027 2667 tamen
2042 2636 2216 2667 Guerrarum
2237 2638 2373 2668 discrimi-

1318 2686 1354 2706 na
1363 2699 1373 2714 ,
1390 2676 1516 2706 volentes
1531 2677 1660 2714 primitus
1673 2677 1790 2712 experiri
1805 2675 1824 2705 fi
1839 2675 1981 2712 possemus
1995 2675 2225 2705 reformationem
2239 2676 2372 2713 Attemp-

1319 2723 1444 2746 tatorum
1465 2714 1624 2753 hujusmodi
1645 2714 1825 2744 amicabiliter
1847 2715 1974 2751 optinere
1987 2737 1996 2751 ,
2020 2715 2158 2751 milimus,
2177 2714 2287 2743 diversis
2300 2716 2372 2744 vici-

1320 2753 1387 2790 bus,
1405 2753 1526 2783 diversos
1546 2752 1680 2782 Nuncios
1702 2751 1812 2782 nostros
1835 2752 1868 2781 ad
1891 2752 2047 2781 SanCtitatis
2068 2751 2166 2782 vestrae
2181 2752 2372 2790 pioei'eiitiam,

1321 2791 1379 2822 tam
1394 2790 1429 2821 ad
1445 2790 1619 2822 tra&andum
1641 2790 1676 2820 de
1697 2789 1770 2820 Pace
1789 2789 1922 2827 praedicta
1936 2812 1946 2827 ,
1964 2790 2051 2827 quam
2064 2789 2098 2819 ad
2121 2790 2266 2819 verendum
2282 2790 2372 2820 refor-

1322 2830 1476 2859 mationem
1489 2829 1727 2866 Attemptatorum
1743 2828 1941 2865 praedictorum
1956 2851 1966 2864 ,
1985 2826 2098 2858 statutos
2145 2830 2268 2857 erininos
2283 2830 2316 2858 ad
2334 2829 2372 2859 sic

1322 2867 1496 2898 tractandum
1537 2867 1617 2897 luries
1637 2865 1839 2905 prorogando,
1867 2865 1999 2895 reservata
2020 2866 2126 2905 semper
2147 2867 2229 2895 nobis
2248 2867 2374 2896 libertate

1322 2906 1478 2936 resumendi
1532 2914 1638 2935 uerram
1652 2928 1662 2943 ,
1686 2914 1735 2942 per
1757 2905 1870 2942 culpmi
1885 2903 1990 2942 praefati
2003 2903 2126 2942 Philippi
2140 2906 2238 2943 nobis,
2257 2913 2286 2935 ut
2300 2914 2373 2942 prae-

1323 2944 1440 2981 dicitur,
1458 2942 1597 2981 adquisita.

1357 2982 1395 3012 Et
1410 2983 1471 3019 quia
1483 2984 1540 3020 jam
1555 2980 1635 3019 elapsi
1648 2981 1707 3012 sunt
1723 2980 1815 3011 statuti
1829 2979 1960 3011 Termini
1983 2980 2017 3011 ad
2031 2980 2241 3011 Tractandum:
2262 2981 2296 3012 &
2309 2980 2373 3011 nul-

1323 3020 1349 3050 la
1371 3021 1417 3050 via
1438 3019 1516 3050 Pacis
1535 3019 1701 3050 rationabilis
1718 3020 1809 3049 adhuc
1832 3020 1913 3049 nobis
1929 3043 1938 3057 ‚
1961 3019 2007 3050 seu
2021 3019 2101 3049 dictis
2115 3019 2215 3049 nostris
2229 3019 2371 3059 Nunciis‚

1323 3057 1365 3088 est
1387 3067 1479 3095 aperta
1496 3068 1502 3087 τ
1530 3068 1583 3088 nec
1604 3058 1680 3087 idem
1693 3056 1836 3095 Philippus
1856 3065 2017 3094 attemptata
2032 3057 2163 3094 praedicta
2177 3059 2205 3087 in
2219 3057 2314 3095 aliquo
2329 3067 2373 3088 re-

1323 3097 1445 3126 formare
1457 3097 1579 3133 curavit,
1598 3096 1663 3126 licet
1678 3106 1725 3133 per
1741 3096 1895 3126 Sanctitatis
1908 3095 2007 3126 vestrae
2022 3096 2155 3133 Litteras,
2174 3096 2251 3133 super
2266 3096 2324 3126 hoc
2339 3096 2372 3126 si-

1323 3135 1352 3164 bi
1371 3134 1462 3164 miffas
1478 3157 1487 3172 ,
1511 3142 1621 3173 rogatus
1642 3134 1735 3164 fuiffet
1757 3135 1790 3165 &
1808 3135 1932 3164 monitus
1946 3156 1955 3172 ,
1980 3134 2048 3164 sicut
2062 3134 2160 3175 eadem
2176 3134 2310 3164 Sanctitas
2325 3143 2377 3172 per

1323 3173 1385 3202 alias
1409 3172 1530 3210 ejusdem
1551 3172 1708 3202 Sanctitate
1732 3171 1848 3202 Litteras
1871 3172 1951 3201 nobis
1964 3172 2085 3211 scripsit,
2105 3175 2143 3202 set
2158 3171 2214 3202 sem
2236 3182 2264 3202 er
2281 3173 2375 3203 multi-

1324 3211 1460 3250 plicantur
1479 3218 1578 3241 contra
1600 3221 1651 3240 nos
1672 3210 1841 3241 Tirannides
1855 3234 1864 3247 ,
1890 3209 2134 3248 Conspirationes,
2152 3211 2185 3240 &
2231 3211 2376 3250 lligantiae‚

1325 3252 1353 3279 in
1373 3249 1580 3280 subversionem
1602 3248 1726 3279 nostram
1742 3271 1752 3286 ,
1778 3258 1826 3286 per
1847 3248 1992 3285 praefaturn
2005 3247 2185 3287 Philippum,
2202 3258 2300 3279 contra
2315 3249 2376 3279 for-

1325 3297 1402 3318 mam
1426 3286 1563 3317 dic‘tarum
1579 3287 1755 3325 Treugarum
1771 3310 1781 3325 ,
1798 3286 1915 3317 subdole
1936 3286 2119 3324 machinatae,
2136 3296 2166 3317 ut
2188 3296 2328 3317 taceamus
2339 3287 2377 3318 de

1325 3324 1488 3356 Exceffibus
1504 3335 1553 3363 per
1565 3324 1719 3356 Nuncium
1732 3325 1887 3355 Sanctitatis
1899 3324 1997 3354 vestrae
2006 3347 2016 3362 ,
2034 3324 2143 3362 pridem
2164 3334 2215 3362 pro
2229 3326 2377 3356 conserva-

1325 3365 1405 3394 tione
1417 3363 1595 3401 Treugarum
1611 3363 1805 3400 praeditstarum
1820 3362 1934 3392 missum
1948 3364 1976 3392 in
1991 3362 2157 3393 Britanniam
2172 3385 2181 3400 ,
2199 3364 2377 3402 perpetratis;

1325 3403 1373 3440 qui
1390 3401 1468 3440 quod
1481 3401 1585 3432 sedasse
1597 3401 1694 3432 debuit
1707 3400 1861 3431 Diffidium
1877 3401 2038 3438 propenfius
2058 3402 2203 3439 excitavit,
2219 3411 2279 3431 non
2293 3400 2379 3432 Con-

1325 3441 1493 3471 servatorem
1516 3439 1695 3478 Treugarum
1714 3440 1751 3469 set
1771 3448 1878 3476 partem
1891 3447 1988 3469 contra
2003 3449 2054 3469 nos
2067 3441 2099 3470 δε
2114 3438 2224 3469 nostros
2240 3441 2333 3478 potitis
2349 3441 2377 3470 se

1326 3477 1476 3509 ostendens
1491 3490 1501 3515 ε,
1527 3478 1604 3515 super
1625 3488 1683 3516 quo
1705 3477 1839 3508 Sanctitas
1847 3476 1945 3507 'vestra
1962 3477 2044 3514 (salva
2057 3476 2131 3507 Pace
2146 3476 2202 3514 suci.)
2219 3478 2378 3509 remedium

1327 3526 1388 3547 non
1408 3516 1533 3546 adhibuit
1547 3539 1557 3554 ,
1583 3515 1647 3546 licet
1669 3515 1747 3552 super
1762 3515 1819 3545 hoc
1834 3515 1945 3553 fuisset,
1962 3524 1993 3545 ut
2007 3515 2116 3551 decuit,
2133 3516 2275 3553 requisita,
2294 3526 2380 3554 penes

1327 3554 1444 3591 Deum,
1461 3554 1493 3585 &
1511 3554 1692 3584 sanctitatem
1705 3552 1842 3590 vestram,
1859 3553 2029 3590 Ecclesiam,
2048 3555 2081 3584 ἃ
2098 3553 2250 3591 Seculum,
2268 3554 2382 3584 excusa-

1328 3594 1352 3623 ri
1365 3592 1499 3623 debemus
1514 3593 1532 3622 si
1545 3592 1627 3622 illatas
1642 3592 1724 3621 nobis
1739 3590 1808 3621 Vim
1821 3593 1854 3622 δε
1869 3591 1999 3629 injuriam
2021 3592 2101 3627 (cum
2122 3591 2195 3621 aliud
2218 3601 2276 3622 non
2300 3603 2379 3630 repe-

1329 3632 1430 3661 riamus
1453 3630 1637 3667 Remedium)
1661 3629 1872 3667 propulsemus,
1898 3629 2047 3666 praesertim
2061 3639 2128 3659 cum
2142 3629 2249 3660 causam
2260 3630 2379 3669 Justiffi-

1330 3679 1408 3700 mam
1422 3670 1455 3700 &
1472 3667 1588 3698 Mundo
1602 3667 1771 3698 notissimam
1786 3668 1946 3697 habeamus.

2388 2257 2408 2277 ³*
2416 2259 2521 2293 V-4541

1366 3707 1404 3737 Et
1424 3707 1490 3736 ideo
1505 3729 1515 3745 ,
1541 3714 1698 3744 reputantes
1711 3729 1721 3744 ,
1746 3705 1815 3735 sicut
1830 3705 1906 3743 sunt,
1923 3705 2050 3745 Treugas
2065 3705 2229 3744 praedic'ias,
2249 3715 2281 3736 ex
2297 3708 2382 3738 causis

1328 3745 1484 3783 praedietis,
1502 3754 1567 3782 quas
1582 3744 1700 3781 scimus,
1719 3744 1753 3775 &
1769 3753 1821 3780 pro
1835 3743 1902 3773 loco
1919 3744 1951 3774 &
1968 3752 2098 3781 tempore
2112 3745 2230 3783 probare
2250 3745 2383 3776 volumus

1331 3783 1387 3814 effe
1402 3793 1495 3819 veras,
1514 3792 1563 3820 per
1577 3782 1722 3820 praefatum
1737 3780 1918 3819 Philippum,
1936 3782 2159 3812 &Adhaerentes
2174 3784 2239 3820 libi,
2257 3786 2381 3814 maxime

1331 3824 1360 3890 {n
1374 3822 1453 3852 dieto
1467 3820 1582 3851 Ducatu
1596 3820 1741 3854 Britanniae
1756 3819 1954 3857 praetendentes
1968 3821 1994 3851 se
2005 3820 2056 3859 Jus
2076 3820 2178 3851 habere
2191 3845 2202 3859 ,
2218 3822 2280 3852 fore
2292 3822 2380 3852 disso-

1342 3869 1398 3890 utas

1369 3883 1492 3936 Nosque
1504 3897 1539 3927 ab
1552 3906 1647 3927 earum
1661 3896 1854 3928 observatione
1875 3897 1977 3927 liberos
1992 3897 2026 3927 &
2047 3905 2144 3928 exutos
2158 3920 2168 3936 ‚
2185 3906 2216 3929 ut
2229 3908 2296 3929 cum
2312 3907 2379 3936 pace

1333 3937 1366 3968 &
1380 3935 1532 3967 reverentia
1545 3935 1700 3966 Sanctitatis
1716 3934 1813 3967 vestrae
1828 3935 1991 3972 loquamur,

1369 3974 1521 4005 Praefatum
1538 3974 1698 4011 Philippum
1715 3997 1724 4012 ,
1748 3982 1779 4003 ut
1793 3972 1968 4003 Violatorem
1980 3973 2121 4005 dictarum
2136 3975 2329 4014 Treugarum,
2346 3983 2380 4004 ac

1334 4012 1485 4044 Inimicum
1508 4013 1541 4043 &
1563 4011 1772 4042 Persecutorem
1793 4011 1921 4041 nostium
1942 4010 2099 4050 Capitalem
2111 4037 2120 4050 ,
2139 4015 2171 4044 &
2185 4014 2280 4051 Regni
2293 4011 2380 4043 nostri

1334 4051 1462 4085 Franciae
1478 4049 1693 4089 occupatorem
1714 4049 1872 4118 injustumz,¹
1898 4050 1932 4082 ὃς
1952 4050 2072 4083 aliorum
2089 4051 2201 4090 Jurium
2217 4050 2381 4081 nosti-orum

2304 4096 2394 4119 teme-
