2562 4279
62 182 71 277 l
765 201 871 243 ET
956 202 1222 244 ACTA

50 278 146 318 ='Ann.
157 285 198 317 D.
211 294 292 329 rum,
311 284 547 316 Informationem
562 283 621 316 fieri
635 286 770 326 fecimus,
789 288 822 319 δε
836 288 983 320 veritatem
996 287 1206 327 praemissorum
1226 287 1270 316 in-

69 333 180 401 1:534}
214 334 304 400 quffi,
322 362 384 392 vifis
397 363 430 393 ὅτ,
443 362 589 402 diligenter
603 362 731 403 inspeetis
745 364 937 395 Submiffione
959 366 993 396 ὃς
1016 362 1269 395 Informationibus

233 401 368 439 raediffls,
387 411 437 439 per
449 411 514 439 quas
527 401 636 432 dietum
654 401 880 441 Vicecomitem,
899 405 932 434 ὃς
951 403 1102 433 nonnullos
1123 401 1189 431 alios
1213 402 1269 438 ejus

248 441 357 470 omines
376 441 409 470 &
429 439 546 478 Socios,
565 450 615 478 per
634 439 744 471 dietum
767 440 986 472 Procuratorem
1007 439 1138 478 Regium
1152 440 1270 479 partium

214 479 324 509 illarum
338 477 473 516 Delatos,

249 516 415 547 Invenimus
428 526 460 546 ac
473 517 646 554 reperuirnus
660 517 688 546 in
699 517 836 554 aliquibus
851 515 1027 555 Culpabiles,

250 555 370 593 Attento
381 563 476 585 tamen
492 555 571 592 quod
587 555 641 593 ipse
657 554 847 592 Vicecomes,
866 555 1085 592 comprehensus
1101 555 1215 586 Dolore
1228 555 1272 585 di-

218 593 259 624 {ti
273 593 312 623 sui
327 592 467 623 Germani
481 593 672 631 Consobrini,
687 595 721 624 ὃς
736 592 780 630 Ira
794 601 903 630 motus,
914 592 1022 631 justum
1036 594 1116 625 suum
1129 593 1273 624 Dolorem

216 630 414 669 prosequendo
433 631 525 669 aliqua
547 631 583 662 de
605 630 749 671 praemissis
767 633 917 668 perpetrari
930 631 1043 671 fecerit,
1060 642 1095 663 ex
1113 634 1212 671 quibus
1233 631 1274 662 se-

216 669 345 700 cundum
362 669 527 700 Humanam
543 670 685 700 Naturam
700 669 932 706 compatiendum
948 670 989 701 est
1003 672 1070 710 fibi,
1083 672 1116 702 ὃς
1129 670 1274 711 gratiosius

215 708 296 746 super
310 707 359 737 illis
374 717 443 738 cum
456 709 558 739 eodem
573 708 689 738 tractare
704 705 856 747 habemus,

254 745 374 776 Attento
385 748 469 777 etiam
485 748 542 783 eius
556 745 722 783 Obsequio,
742 755 790 782 per
804 757 870 777 eum
884 747 1009 786 praestito
1022 747 1116 778 eidem
1139 747 1274 777 Domino

217 784 318 815 nostro
332 784 409 822 Regi
425 786 458 815 ὃς
473 785 553 816 Duci
566 786 594 814 in
610 784 754 821 praeteritis
767 784 885 816 Guerris
897 786 1124 824 Vasconiae,pro
1139 796 1197 824 quo
1211 785 1274 816 Ser-
1292 805 1295 811 ·

215 824 287 854 vitio
297 834 366 861 ,pro
378 824 502 854 emendo
515 822 612 860 Equos
624 822 653 851 in
667 821 757 859 prima
771 822 884 855 Guerra
897 824 1054 863 praeterita,
1063 825 1180 855 Locum
1195 823 1275 854 suum

220 863 371 899 proprium
385 861 420 892 de
434 861 577 892 Cannelha
593 860 782 897 impignorare
797 862 911 901 habuit,

257 900 374 931 Attenta
393 901 478 930 etiam
502 900 558 936 ejus
577 899 655 929 bona
677 899 763 930 Fama
784 900 817 931 &
839 899 1023 941 Constantia,
1042 911 1107 940 quas
1124 901 1220 932 habuit
1242 900 1275 931 &

219 938 320 976 habet,
336 948 402 976 erga
422 937 533 968 dictum
556 936 720 968 Dominum
740 938 870 969 nostrum
892 939 1009 978 Regem
1031 941 1064 971 δε
1089 940 1223 977 Ducem,
1242 940 1276 969 &

218 977 346 1045 gebaliis,
365 986 429 1015 quae
444 975 480 1005 de
500 975 648 1014 AEquitate
669 975 801 1008 nostrum
820 978 959 1010 Animum
978 989 1097 1011 movere
1117 975 1222 1017 poffint
1242 978 1276 1008 &

241 1025 257 1045 e
280 1023 344 1053 ent,
378 1026 379 1029 ¹

257 1053 401 1084 Nolentes
422 1061 530 1092 tamen,
548 1053 617 1084 ficut
634 1064 689 1085 nec
710 1057 860 1095 convenit,
879 1057 1003 1087 omnino
1024 1055 1085 1087 talia
1106 1056 1223 1086 crimina
1244 1054 1294 1085 &12

217 1090 353 1123 Exceffus
367 1101 512 1122 remanere
525 1093 696 1131 impunitos,

255 1129 353 1161 Sciatis
365 1140 417 1160 nos
430 1130 521 1170 Vice,
537 1132 569 1162 &
585 1130 722 1162 Nomine
736 1131 806 1163 dicti
820 1131 944 1164 Domini
959 1133 1048 1164 nostri
1062 1133 1152 1172 Regis
1166 1132 1199 1163 &
1215 1130 1280 1161 Du-

220 1169 278 1206 cis,
297 1170 354 1199 tam
366 1178 400 1198 ex
413 1169 512 1200 nostro
526 1169 627 1200 Debiti
641 1169 769 1210 Officio,
789 1172 875 1209 quam
888 1173 986 1212 vigore
999 1172 1197 1203 Submiffionis
1209 1179 1280 1208 prae-

219 1206 306 1237 dietae
316 1231 324 1245 ,
341 1208 438 1238 habito
452 1207 522 1238 dieti
536 1208 682 1239 Senescalli
697 1209 861 1241 Landarum
874 1221 907 1241 ac
918 1210 1096 1248 quorundam
1118 1209 1280 1240 Peritorum

220 1245 368 1287 Consilio,
382 1246 471 1284 ipsum
484 1246 700 1278 Vicecomitem
712 1258 764 1286 pro
779 1248 833 1286 Se,
852 1249 886 1280 &
907 1249 964 1279 aliis
984 1249 1175 1294 Hom'qibus,
1191 1247 1281 1277 Sociis

219 1285 254 1316 &
273 1285 324 1316 suis
347 1286 564 1325 eomplicibus,
581 1286 732 1317 occasione
754 1286 928 1317 Exceffuum
951 1289 985 1319 δε
1002 1287 1166 1318 Crimtnum
1179 1286 1282 1324 praedi-

221 1324 334 1355 <storum
343 1349 352 1363 ,
370 1325 404 1355 &
419 1335 472 1363 pro
485 1322 622 1362 Offensa,
640 1325 791 1355 occasione
804 1325 1014 1364 praemifforum
1028 1325 1102 1356 faeta
1115 1325 1193 1356 dicto
1214 1325 1280 1355 Do-

222 1364 302 1393 mino
324 1362 424 1394 nostro
446 1363 523 1402 Regi
543 1364 578 1394 &
598 1363 617 1383 ³*
640 1362 738 1401 Duci,
765 1364 1002 1403 condempnasse,
1022 1365 1072 1402 δε,
1090 1374 1190 1394 tenore
1209 1374 1280 1401 prae—

220 1402 359 1441 sentium,
377 1401 622 1441 condempnamus
639 1402 668 1431 in
688 1401 807 1433 Duabus
827 1402 910 1433 Mille
929 1403 1021 1434 Libris
1040 1402 1183 1442 Burdegal.
1202 1403 1282 1433 dieto

223 1441 359 1472 Domino
384 1440 483 1471 nostro
503 1441 576 1480 Regi
594 1441 628 1471 &
646 1439 727 1471 Duci
780 1450 827 1472 aut
842 1442 892 1471 suo
910 1440 1127 1472 Constabulario
1147 1441 1284 1480 But-dega-

223 1480 284 1550 lsiae,
311 1479 408 1511 dandis
430 1480 463 1511 ὃ(
482 1478 634 1518 solvendis,
657 1490 710 1518 pro
733 1465 863 1510 fimenda
881 1480 914 1510 ὅτ
941 1480 1134 1511 Satisiac'tionc
1159 1481 1286 1518 praemis-

234 1529 328 1549 orum.

264 1557 379 1597 Qubus
393 1557 502 1595 solutis,
520 1556 611 1595 ipsum
627 1555 860 1596 Vicecomitem,
877 1558 911 1589 &
927 1557 1023 1596 Alios,
1042 1567 1110 1588 cum
1128 1557 1229 1588 eodem
1245 1556 1288 1587 su-

225 1607 276 1636 per
294 1596 438 1634 praemiffis
458 1595 592 1634 Delatos,
610 1595 656 1626 seu
675 1595 844 1634 Accusatos,
863 1605 909 1627 aut
924 1598 971 1634 qui
986 1597 1146 1627 viderentur
1162 1597 1289 1634 praemis—

226 1636 323 1666 sorum
342 1634 521 1672 Culpabiles,
539 1636 602 1665 vice
620 1635 653 1665 &
669 1636 786 1665 nomine
805 1636 905 1673 quibus
925 1635 1019 1673 supra,
1038 1635 1053 1664 a
1067 1635 1208 1672 praedic‘iis
1224 1644 1290 1663 om—

226 1675 310 1705 nibus
325 1673 359 1704 &
377 1673 486 1713 singulis
505 1672 680 1704 Criminibus
695 1674 728 1705 &
749 1672 913 1704 Exceslibus
931 1673 1106 1711 supradictis,
1124 1674 1157 1704 &
1177 1674 1211 1703 ab
1226 1682 1292 1702 om-

227 1713 310 1743 nibus
330 1713 470 1743 contentis
489 1713 517 1742 in
538 1711 689 1742 Delatione
707 1713 740 1742 ὃς
754 1711 945 1742 Submiffione
958 1711 1116 1748 praedictis,
1134 1711 1167 1742 &
1179 1711 1214 1741 ab
1228 1720 1294 1740 orn-

226 1752 257 1782 ni
276 1751 370 1782 Poena
388 1749 538 1790 Corporali
555 1760 588 1780 ac
602 1749 781 1788 Pecuniatia,
799 1751 832 1780 &
845 1750 880 1780 ab
894 1750 1030 1780 omnibus
1045 1749 1138 1780 Vadiis
1175 1760 1207 1780 to
1222 1747 1294 1779 Por-

228 1791 336 1821 tatione
351 1790 523 1827 Armorum,
543 1790 576 1820 &
592 1788 686 1827 Alias,
706 1789 724 1818 li
738 1798 821 1828 quaS,
839 1789 875 1818 de
886 1788 955 1827 Jure
970 1788 1003 1818 &
1016 1787 1117 1818 Patriae
1164 1788 1295 1819 onsuetu-

233 1827 365 1867 dinibus,
383 1828 566 1866 viderentur,
583 1836 630 1857 aut
643 1827 739 1864 aliquo
754 1837 884 1865 tempore
905 1826 1047 1864 incidisse,
1064 1827 1109 1857 seu
1133 1827 1294 1865 incurriffe,

228 1868 301 1906 'erga
315 1866 426 1898 dictum
440 1865 607 1902 Dominum
623 1865 751 1895 nostrum
766 1864 878 1904 Regem
893 1867 925 1896 ὃς
952 1865 1087 1903 Ducem,
1103 1865 1148 1895 seu
1170 1864 1295 1896 Consta-

234 1902 375 1935 bularium
398 1905 479 1935 suum
502 1903 689 1943 Burdegaliae,
706 1913 738 1934 ac
755 1903 940 1942 Praepositum
955 1903 990 1934 de
1005 1904 1093 1942 Aquis
1109 1904 1294 1942 praedistum,

229 1945 269 1975 ’ἃ
287 1944 481 1981 quoscumque
498 1941 646 1973 Offi'ciales
662 1942 788 1982 Regios,

274 1982 312 2012 Et
329 1983 414 2012 etiam
430 1982 445 2011 31
457 1991 641 2019 quocumque
655 1980 856 2019 Bannimento,
872 1979 1029 2018 eorumque
1042 1979 1176 2011 Haeredes
1192 1981 1225 2011 &
1239 1979 1296 2011 Bo-

229 2022 272 2052 'na
281 2043 291 2059 ,
309 2030 343 2050 ex
357 2019 433 2050 certi
448 2019 543 2049 nostra
557 2019 684 2056 scientia,
699 2019 828 2057 Qitaffe
844 2020 876 2050 &
889 2018 1074 2056 Pardonaffe,

274 2060 319 2089 Ac
341 2060 425 2089 etiam
448 2058 484 2088 de
504 2058 606 2088 Gratia
622 2058 717 2088 nostra
730 2058 839 2095 speciali
854 2058 1021 2095 Remiliffe,
1040 2058 1090 2095 &,
1108 2065 1206 2088 tenore
1226 2068 1299 2096 prae-

237 2097 374 2135 sentium,
393 2106 469 2126 nunc
484 2096 517 2127 &
532 2097 741 2136 imperpetuum
765 2096 950 2136 Qietamus,
968 2096 1166 2135 Absolvimus,
1185 2097 1300 2128 Remit-

238 2137 341 2174 timus,
359 2137 391 2166 &
406 2135 615 2172 Pardonamus,

277 2174 410 2212 ipsosque
424 2174 457 2203 ad
472 2173 581 2204 Bonam
597 2173 710 2204 Famam
726 2174 910 2210 remittimus,

231 2214 234 2216 ’
277 2213 315 2243 Et
329 2222 430 2242 omnes
443 2212 608 2251 processus,
626 2213 658 2243 &
676 2212 879 2251 instrumenta,
897 2212 1054 2250 Defectus,
1076 2213 1110 2244 &
1128 2212 1301 2243 Bannimen-

231 2259 284 2290 ta,
303 2251 439 2288 Habitos,
459 2250 578 2288 Facios,
599 2251 702 2289 Latos,
721 2261 754 2281 ac
766 2250 973 2282 Pronunciatos
988 2260 1088 2282 contra
1109 2252 1195 2289 ipsos,
1214 2251 1302 2282 Vice-

242 2291 382 2322 comitem
406 2290 439 2320 ὃ(
460 2289 605 2319 Homines
627 2291 683 2328 ejus
704 2288 874 2328 Consortes,
892 2290 992 2320 Socios
1014 2298 1060 2320 aut
1074 2291 1157 2328 alios,
1177 2290 1301 2327 ipsorum

241 2329 448 2371 praemissorum
462 2328 632 2359 Exceffuum
646 2329 813 2366 occasione,
833 2339 881 2367 per
895 2339 965 2367 vos,
983 2327 1167 2359 senescallum
1193 2329 1304 2359 Landa-

235 2378 305 2398 zum
319 2368 352 2398 δε
368 2366 555 2404 Praepositum
570 2367 606 2397 de
621 2367 724 2405 Aquis,
744 2375 791 2398 aut
803 2368 922 2398 alterurn
946 2367 1073 2398 vestrum
1083 2391 1092 2406 ,
1110 2367 1155 2398 vel
1176 2370 1306 2405 quemvis

240 2407 326 2477 ‘Elium
351 2405 518 2474 Qffifialem
540 2405 684 2445 Regium,
710 2406 913 2445 Revocamus,
938 2405 1100 2444 cassamus,
1118 2407 1306 2438 Annullamus

266 2455 276 2459 ”
292 2454 400 2482 penitus
431 2454 570 2475 tritamus:

282 2483 351 2522 Jure
366 2493 459 2514 tamen
474 2483 608 2521 Darnpna
623 2482 725 2522 Paffis,
742 2483 822 2522 super
835 2483 982 2522 praemiffis
996 2485 1187 2522 competenti,
1201 2485 1227 2514 in
1242 2494 1307 2515 orn-

245 2523 329 2553 nibus
342 2522 450 2559 semper
463 2521 546 2553 salvo.

286 2561 436 2628 (ffiiocirca
455 2561 555 2599 vobis,
573 2561 607 2592 ὃς
626 2559 755 2592 vestriirn
777 2559 901 2598 fingatis,
925 2559 1050 2590 districte
1069 2562 1250 2598 praecipimus
1275 2561 1308 2592 &

248 2610 315 2630 man
336 2609 414 2629 amus
426 2598 476 2628 sub
490 2598 583 2629 Poena
596 2609 629 2637 ac
642 2599 807 2629 Donatione
820 2598 904 2629 Mille
920 2598 1088 2629 Marcarum
1112 2599 1251 2637 Argenti,
1268 2599 1310 2629 di-

249 2638 301 2668 &o
313 2636 450 2667 Domino
463 2637 561 2666 nostro
573 2636 647 2675 Regi
663 2637 694 2668 ὅ(
710 2637 790 2667 Duci
810 2635 1054 2675 applicandarum,
1072 2638 1189 2675 qualiter
1209 2638 1312 2675 praedi-

249 2677 327 2707 &am
342 2674 467 2706 nostram
480 2676 747 2714 pronunciationem
760 2685 838 2705 nunc
851 2676 885 2706 &
904 2675 1113 2715 imperpetutim
1132 2677 1263 2714 teneatis,
1278 2676 1312 2706 δε

249 2714 449 2745 inviolabiliter
461 2714 620 2744 observetis.

289 2753 327 2783 Et
345 2752 456 2782 dictum
475 2751 703 2790 Vicecornitem,
721 2759 768 2782 aut
788 2752 866 2784 Alios
884 2752 1044 2791 Homines,
1062 2752 1231 2791 consortes,
1260 2752 1315 2783 So-

252 2792 329 2828 cios,
348 2791 381 2820 &
399 2791 447 2828 qui
464 2788 625 2820 viderentur
643 2788 805 2827 Culpabiles
824 2791 990 2821 Criminum
1007 2793 1041 2822 &
1056 2790 1228 2822 Excessuum
1244 2802 1316 2829 pree-

251 2829 413 2866 dititorum,
432 2827 517 2865 usque
532 2827 567 2858 ad
586 2828 664 2858 diem
683 2828 768 2859 Datae
785 2829 980 2867 praesentium,
997 2831 1066 2859 citra
1084 2829 1315 2860 Commifforum

252 2869 287 2899 &
303 2867 531 2904 Perpetratorum
546 2866 736 2904 quovismodo
749 2868 868 2897 minime
887 2868 997 2905 citetis,
1013 2867 1180 2906 adjornetis,
1194 2870 1316 2906 vexetis,

253 2905 406 2943 arrestetis,
425 2904 470 2935 seu
483 2905 611 2943 capiatis,
624 2904 670 2935 vel
686 2905 761 2935 aliter
777 2913 876 2936 contra
887 2906 974 2944 ipsos,
989 2905 1034 2936 vel
1047 2906 1165 2936 alterum
1181 2906 1317 2945 ipsorum,

253 2954 287 2975 ac
301 2954 402 2974 eorum
416 2943 511 2982 Bona,
528 2944 680 2981 aliqualiter
693 2944 861 2981 procedatis:

294 2981 456 3012 Inhibentes
473 2983 608 3012 omnibus
627 2981 805 3012 Officialibus
817 3006 827 3020 ,
853 2981 995 3012 Ministris
1008 3004 1018 3020 ,
1046 2983 1079 3013 &
1099 2982 1221 3014 Subditis
1238 2983 1319 3021 ipsius

257 3021 382 3052 Domini
399 3019 487 3050 nostri
503 3020 595 3058 Regis
612 3022 645 3051 ὃς
664 3020 757 3050 Ducis
774 3043 782 3057 ,
807 3022 844 3050 ne
862 3029 962 3051 contra
977 3021 1050 3050 hanc
1074 3021 1240 3058 praesentem
1263 3032 1318 3052 no-

257 3060 343 3090 stram
363 3058 586 3089 Conceffionem
604 3058 650 3089 seu
667 3059 856 3097 Sententiam,
873 3060 907 3089 &
926 3066 1059 3089 contenta
1076 3061 1105 3089 in
1124 3059 1243 3098 eisdem,
1269 3061 1319 3091 ali-

258 3108 316 3136 qua
331 3099 469 3128 innovent
481 3097 526 3128 seu
541 3105 724 3136 attemptent,
738 3100 810 3135 ymo
825 3106 888 3127 eam
904 3097 1079 3128 Sententiam
1094 3099 1128 3129 &
1149 3097 1321 3129 Conceffio-

260 3146 345 3174 nem,
363 3137 397 3166 &
412 3144 546 3166 contenta
559 3136 587 3166 in
601 3136 719 3174 eisdem,
737 3135 853 3166 firmiter
867 3135 1026 3166 custodiant
1042 3136 1075 3166 ὃς
1089 3135 1247 3167 observent.

298 3175 328 3205 Si
342 3174 410 3212 quid
426 3176 541 3205 veroin
558 3176 730 3206 contrarium
744 3175 835 3204 facere
855 3173 901 3204 se'u
919 3181 1083 3212 attemptare
1101 3176 1270 3214 contigerit,
1289 3176 1322 3205 il-

261 3213 309 3243 lud
321 3222 454 3250 tanquam
469 3213 576 3244 nullum
585 3238 594 3252 ,
609 3223 659 3252 per
674 3213 747 3243 hanc
762 3213 926 3251 praesentem
939 3213 1130 3251 Sententiam,
1144 3213 1323 3245 decernimus

261 3253 296 3282 &
309 3253 399 3281 inane.

301 3289 470 3320 Mandantes
487 3290 689 3320 nichilominus
707 3289 865 3329 Magistris,
879 3290 1004 3328 johanni
1022 3289 1058 3320 de
1074 3289 1202 3329 Ardirio,
1217 3291 1325 3328 Johan-

262 3329 293 3358 ni
311 3328 346 3357 de
364 3327 474 3365 Podio,
491 3338 523 3357 ac
543 3327 630 3358 Petro
645 3329 681 3357 de
701 3329 857 3367 Moffieto,
874 3329 1005 3359 Notatiis
1025 3329 1129 3368 Regis,
1147 3330 1181 3360 &
1194 3330 1250 3360 aliis
1265 3332 1326 3368 qui-

262 3367 437 3404 buscumque
455 3366 584 3397 Notariis
602 3368 635 3397 ὃς
655 3366 843 3403 Scriptoribus
858 3391 867 3406 ,
893 3368 1039 3406 praesentes
1058 3368 1164 3398 Literas
1188 3369 1327 3406 inspectu-

264 3406 317 3443 ris,
337 3406 370 3435 δε
388 3415 489 3435 eorum
507 3405 623 3435 cuilibet
640 3405 668 3434 in
687 3405 824 3444 solidum,
842 3407 890 3443 qui
906 3406 984 3444 super
1003 3406 1149 3444 praemiffis
1168 3415 1267 3437 contra
1285 3406 1326 3436 di-

264 3444 344 3474 &um
364 3442 592 3481 Vicecomitem,
616 3443 673 3480 ejus
692 3443 809 3482 Socios,
834 3444 994 3481 Homines,
1018 3446 1051 3475 &
1071 3444 1226 3476 Consortes
1241 3468 1251 3484 ,
1278 3446 1326 3475 ali-

263 3492 336 3521 quos
351 3480 519 3519 Processus,
540 3481 695 3519 Defeffitus,
713 3481 916 3520 Bannimenta,
930 3481 1118 3513 Instrumenta
1135 3485 1262 3522 publica,
1277 3484 1326 3514 Ιη-

263 3520 391 3559 qucstas,
409 3519 643 3558 informationes,
667 3528 713 3549 aut
730 3520 792 3550 alias
812 3519 963 3558 Scripturas
982 3522 1127 3560 fecerunt,
1150 3523 1194 3552 seu
1213 3523 1327 3560 scripse-

266 3569 332 3590 runt
346 3582 355 3597 ,
379 3568 412 3588 ac
430 3567 596 3596 receperunt
614 3559 643 3588 in
663 3559 804 3596 publicam
824 3559 947 3589 formam
960 3582 969 3597 ,
995 3559 1040 3589 vel
1058 3560 1133 3590 aliter
1150 3583 1159 3596 ,
1183 3561 1263 3598 quod
1283 3561 1327 3590 illa

265 3599 364 3628 omnia
379 3596 500 3634 cassent,
524 3598 644 3635 irritent,
668 3598 826 3635 annullent,
850 3598 882 3628 &
902 3599 929 3626 in
948 3607 1048 3627 eorum
1068 3597 1204 3636 Registris
1221 3609 1253 3629 ac
1272 3599 1327 3629 Pa-

266 3638 331 3675 piris
350 3635 505 3666 cancellent
517 3659 526 3674 ,
551 3635 688 3666 satisfacto
707 3636 768 3674 ipsis
787 3636 913 3673 primitus
931 3635 968 3666 de
985 3646 1086 3667 eorum
1105 3637 1209 3667 Salario
1228 3637 1329 3668 mode-

267 3685 335 3706 rate.

306 3711 339 3743 In
370 3723 494 3751 quorum
517 3713 650 3743 omnium
671 3710 887 3742 Testimonium
908 3712 1036 3752 Sigillum
1059 3712 1157 3744 Curiae
1180 3714 1329 3745 Vasconiae

267 3753 447 3792 praesentibus
463 3752 561 3782 Literis
576 3751 704 3782 duximus
716 3751 928 3788 apponendum.

77 1373 212 1411 *γάρῳ

308 3829 376 3860 Dat.
395 3827 566 3866 Burdegaliae
575 3851 584 3867 ,
596 3828 646 3858 sub
660 3827 756 3866 Sigillo
771 3827 870 3858 Curiae
885 3828 1052 3867 Vasconiae,
1067 3829 1167 3861 ultima
1181 3829 1228 3862 die
1242 3829 1331 3861 Men-

249 3868 251 3871 '
272 3867 305 3898 fis
319 3867 515 3907 Novembris,
533 3867 621 3899 Anno
634 3865 758 3897 Domini
774 3865 822 3897 M.
843 3865 940 3898 CCC.
959 3867 1043 3899 XLI.

1304 200 1781 244 PUBLICA.

2287 216 2303 247 1
2316 214 2364 261 '17

2377 291 2452 323 Ann.
2465 286 2508 325 D.

2321 338 2325 342 “
2398 337 2483 370 1341.

1337 371 1386 402 De
1402 371 1548 404 Solatione
1565 376 1788 418 Denariorum,
1812 379 1927 409 nomine
1942 379 2044 420 Finis,
2064 387 2183 425 propter
2202 377 2341 424 Excefflcs
2378 372 2442 397 Ην·
2465 380 2490 407 3·

1752 423 1920 458 mnedit‘los.

1310 503 1506 572 UINEversis
1520 513 1608 543 pateat
1624 517 1671 545 per
1685 507 1829 545 praesentes
1843 510 1922 555 quod
1937 510 2022 554 Nos,
2042 512 2193 556 Antonius⁴
2203 511 2362 558 Ususmaris
2376 525 2427 551 An.
2451 532 2492 559 ¹5⁴·

1427 552 1514 572 ocum
1530 553 1642 583 tenens,
1654 546 1689 576 de
1705 547 1835 578 mandato
1849 550 1955 586 ipeciall
1971 549 2093 580 Domini
2107 550 2291 588 nostriRegis
2301 552 2361 582 An·
2381 565 2399 588 Ε

1312 580 1394 617 gliae,
1412 581 1502 624 Ducis
1518 582 1694 626 Aquitaniae,
1712 586 1851 629 prudentis
1868 585 1928 616 Viri
1943 587 1975 617 N
1980 589 2079 618 icholai
2103 588 2266 630 Ususmaris.
2281 589 2363 620 Con·
2381 571 2486 628 χωλὴ..

1309 618 1445 664 stabulatu
1467 619 1656 663 B‘urdegahae,
1681 623 1825 654 habuimus
1845 625 1878 654 &
1900 627 2070 664 recepimus,
2096 628 2217 665 ejusdem
2239 627 2363 657 Domini

1310 656 1398 701 nostri
1419 657 1507 701 Regis
1527 660 1560 690 &
1583 658 1673 703 Ducis
1693 663 1826 700 nomine,
1847 662 1919 693 Duo
1940 663 2020 694 Milia
2034 665 2181 695 Librarum
2195 665 2365 706 Burdegaliae

1311 695 1495 734 simplicium,
1513 707 1545 735 a,
1563 697 1669 727 Nobili
1685 697 1773 738 Viro,
1792 701 1917 731 Arnaldo
1932 701 2103 742 Reimundi,
2123 704 2302 734 Vicecomite
2322 704 2363 734 A-

1311 742 1419 772 nortae,

1350 772 1368 791 *²
1389 772 1423 816 In
1443 773 1542 810 quibus
1564 774 1640 818 idern
1662 774 1833 806 Vicecomes
1853 775 2087 816 Condempnatus
2103 780 2188 811 fuerat
2201 788 2265 818 per,
2282 779 2364 809 nobi-

1310 810 1372 856 lemn
1390 821 1502 854 virum,
1519 811 1680 843 Dominum
1703 813 1854 844 Oliverum
1869 816 1904 845 de
1921 815 2039 856 Ingham
2054 816 2178 848 Militem
2189 842 2198 857 ,
2216 818 2285 848 diCti
2301 817 2365 848 Du-

1312 858 1391 878 catus
1412 849 1599 881 Seneicallum
1613 875 1622 889 ,
1646 852 1680 881 ad
1700 853 1865 883 solvendum
1888 855 1921 885 &
1940 855 2112 886 reddendum
2131 857 2211 887 dicto
2231 856 2366 887 Domino

1313 887 1412 917 nostro
1432 888 1503 928 Regi
1518 890 1551 920 ὃς
1571 889 1667 928 Duci,
1685 890 1729 921 seu
1749 889 1966 923 Constabuiario
1987 893 2035 924 suo
2053 893 2143 924 Burde
2165 895 2240 933 aliae,
2260 895 2368 925 ratione

1314 926 1347 955 &
1365 926 1513 957 occasione
1532 929 1719 965 quorumdam
1738 928 1926 969 Excessuum,
1944 941 1992 968 per
2009 933 2130 962 eundem
2176 935 2368 971 icecomitem,

1315 964 1347 1008 βε
1363 966 1514 1008 nonnullos
1530 967 1598 996 alios
1612 968 1669 1006 ejus
1684 967 1850 1006 Complices
1860 992 1870 1006 ,
1887 969 1944 999 tam
1958 969 2098 1008 Nobiles,
2117 972 2201 1008 quarn
2217 971 2370 1009 innobiles,

1313 1013 1342 1031 in
1357 1002 1554 1041 Jurisdictione
1567 1005 1668 1035 Terrae
1682 1007 1715 1037 ὃς
1728 1005 1838 1037 Ballivae
1853 1006 1888 1036 de
1902 1006 1993 1037 Goffa
2005 1009 2038 1038 &
2054 1009 2089 1038 de
2101 1009 2280 1047 Senhans,&
2298 1020 2370 1047 quo-

1317 1041 1446 1071 rumdam
1467 1043 1586 1072 aliorum
1606 1044 1757 1083 locorum,
1777 1046 1806 1074 in
1825 1046 1946 1082 partibus
1960 1047 1993 1077 &
2008 1047 2179 1077 Senescalcia
2192 1047 2371 1085 Laudarum,

1316 1079 1352 1108 de
1373 1079 1556 1111 hobedientia
1579 1082 1686 1118 praefati
1706 1081 1830 1113 Domini
1853 1083 1942 1114 nostri
1955 1083 2043 1123 Regis
2055 1085 2088 1116 ὅ(
2103 1085 2197 1116 Ducis
2210 1086 2373 1124 existentes,

1314 1118 1534 1162 commissorum
1548 1120 1582 1150 &
1591 1128 1835 1163 perpetratorum,
1854 1130 1884 1152 ut
1898 1123 2056 1154 dicebatur:

1357 1156 1404 1187 De
1427 1158 1527 1194 quibus
1550 1157 1665 1194 quidem
1685 1157 1809 1189 Duobus
1829 1159 1948 1191 Milibus
1963 1162 2056 1193 Libris
2069 1162 2153 1193 dictae
2167 1161 2316 1200 Monetae,
2335 1162 2372 1192 sic

1318 1203 1370 1233 per
1383 1194 1451 1225 Nos
1472 1205 1531 1234 quo
1552 1196 1630 1234 supra
1649 1198 1765 1227 nomine
1784 1197 1883 1227 habitis
1897 1199 1929 1229 ὃς
1947 1202 2082 1239 receptis,
2101 1211 2153 1239 pro
2173 1202 2247 1231 bene
2271 1200 2373 1231 Soluto

1317 1234 1351 1264 ὃς
1371 1233 1523 1264 Contento
1542 1234 1664 1272 plenarie
1679 1235 1748 1265 Nos
1767 1236 1913 1274 habentes,
1932 1238 2297 1283 eundemyicecomitem,
2316 1238 2374 1269 Bo-

1317 1282 1351 1301 na
1374 1272 1435 1310 sua,
1459 1272 1595 1303 Haeredes
1616 1274 1649 1305 δε
1672 1273 1845 1304 Executores
1863 1274 1925 1305 suos
1945 1276 2154 1315 quoscumque,
2179 1288 2242 1316 erga
2263 1279 2374 1308 dictum

1319 1310 1483 1342 Dominum
1497 1311 1628 1342 nostrum
1644 1313 1676 1343 &
1693 1312 1828 1351 Ducem,
1845 1323 1878 1343 ac
1893 1314 2085 1353 quoscumque
2097 1316 2162 1346 alios
2178 1316 2375 1354 Absolvimus,

1320 1359 1378 1387 quo
1399 1349 1476 1387 supra
1492 1350 1624 1388 nomine,
1642 1353 1778 1390 perpetuo
1790 1352 1824 1382 &
1840 1351 2009 1390 Qietamus
2021 1363 2070 1391 per
2090 1353 2136 1383 has
2157 1355 2301 1392 praesentes
2323 1354 2375 1384 Li-

1318 1395 1403 1455 }eras,
1422 1388 1521 1428 Sigillo
1543 1388 1642 1419 nostro
1664 1389 1784 1429 figillatas
1803 1392 1832 1420 in
1853 1391 1953 1421 Fidem
1971 1392 2004 1423 &
2019 1391 2235 1423 Testimonium
2248 1393 2375 1430 praemis-

1331 1436 1425 1456 orum.

1324 1464 1424 1533 Xlfift.
1444 1464 1630 1504 Burdegaliae,
1648 1467 1732 1497 tertio
1745 1466 1791 1497 die
1804 1466 1976 1498 Decembris
1987 1478 2063 1499 anno
2074 1467 2200 1500 Domini
2214 1467 2260 1498 M.
2280 1467 2375 1499 CCC.

2381 789 2399 810 ’ἢ
2411 791 2516 826 V.295.

1354 1631 1410 1660 Pro
1426 1627 1563 1673 Epiftopo
1583 1627 1619 1660 de
1639 1627 1753 1671 Lastale
1766 1633 1802 1668 (θ’
1820 1631 1906 1674 aliis,
1924 1631 2015 1677 fitpcr
2033 1630 2138 1665 Vadiis
2155 1635 2192 1670 ὠ·
2211 1631 2360 1679 ExpetfiS.

1335 1711 1451 1768 REX
1466 1712 1668 1751 ThesaurariO,
1686 1714 1719 1744 &
1735 1713 1900 1744 Camerariis
1919 1715 1987 1751 suis,
2005 1714 2135 1745 Salutem.

1431 1749 1585 1789 Volentes,
1605 1750 1767 1782 Venerabili
1784 1751 1877 1790 Patri,
1894 1752 2039 1791 Episcopo
2053 1753 2088 1783 de
2103 1752 2226 1792 Lastale,
2406 1727 2531 1808 ᾚῙΠ

1367 1820 1508 1850 Bernardo
1527 1821 1558 1851 de
1576 1824 1669 1850 Bearn
1683 1820 1753 1850 Αίέῖο
1767 1820 1868 1861 Laspes
1876 1844 1887 1861 ,
2405 1813 2457 1836 ⁶4⁷¹·
2474 1815 2506 1841 ¹5
2509 1825 2516 1832 ·

1369 1860 1521 1889 Fortenerio
1538 1860 1569 1889 de
1587 1859 1706 1898 Lescun,
2404 1851 2438 1891 E..
2457 1855 2481 1881 3·

1369 1898 1397 1924 V
1398 1897 1460 1926 itali
1476 1898 1506 1928 de
1521 1898 1646 1935 Podeux,
2408 1885 2519 1913 Lzberat.

1369 1935 1499 1965 Arnala'o
1513 1937 1545 1966 de
1564 1935 1721 1974 Dureffird,
2413 1930 2454 1960 ¹5·
2465 1926 2493 1949 Ε·
2504 1931 2527 1958 3·

1370 1973 1520 2004 Guillielmo
1535 1975 1677 2014 Reymondi
1688 1975 1720 2003 de
1735 1973 1898 2013 Dureffims‘,
2406 1971 2444 1990 m·
2462 1969 2486 1988 ¹·

1373 2013 1401 2040 Ε
1405 2019 1418 2040 t
1432 2013 1574 2043 Nicholino
1588 2014 1619 2043 a'e
1631 2012 1709 2050 Flysk
1718 2035 1727 2051 ,

1375 2083 1437 2122 Qi
1454 2092 1505 2120 pro
1521 2082 1685 2120 quibusdam
1702 2082 1854 2122 Negotiis,
1873 2092 1926 2113 nos
1937 2082 1970 2113 &
1989 2081 2098 2114 Statum
2121 2081 2253 2113 Ducatfis
2275 2081 2390 2120 Aquita-

1335 2122 1392 2152 niae
1408 2122 1603 2160 tangentibus,
1620 2121 1653 2152 ad
1669 2131 1720 2151 nos
1734 2122 1763 2151 in
1777 2121 1909 2160 Angliam
1921 2130 2009 2159 nuper
2023 2121 2215 2160 accesserunt,
2233 2122 2266 2152 &
2286 2122 2316 2151 in
2337 2119 2391 2150 Ci-

1335 2161 1420 2228 v1itate
1439 2159 1535 2190 nostra
1556 2159 1717 2191 Londoniae
1739 2159 1856 2190 Moram
1878 2160 2014 2191 diutinam
2037 2168 2071 2190 ex
2095 2160 2181 2191 causis
2203 2159 2343 2198 praedietis
2357 2161 2392 2190 &

1335 2208 1350 2228 a
1362 2209 1391 2229 ns
1407 2206 1547 2229 traxerunt

1375 2237 1424 2267 De
1436 2221 1573 2274 aliquibtis
1587 2237 1813 2274 competentibus
1827 2236 2017 2267 Pecuniarum
2029 2237 2171 2276 Summis,
2190 2237 2248 2267 tam
2269 2237 2299 2266 in
2319 2235 2393 2266 Sub-

1337 2277 1504 2306 ventionem
1516 2274 1705 2313 Expensarum
1718 2275 1840 2313 suarum,
1859 2275 1944 2312 quam
1958 2277 1985 2305 in
1998 2285 2104 2313 partem
2118 2276 2315 2307 Satisfafflonis
2331 2274 2394 2304 De-

1339 2315 1484 2349 bitorum,
1509 2314 1538 2343 in
1561 2314 1660 2351 quibus
1681 2313 1818 2351 praeiatis,
1842 2313 1999 2352 Bernardo,
2025 2314 2207 2353 Fortenerio,
2223 2312 2307 2343 Vitali
2342 2312 2397 2342 Ar-

1340 2352 1440 2389 naldo,
1459 2351 1647 2390 Guillielmo,
1663 2352 1695 2382 &
1710 2350 1889 2390 Nicholino,
1908 2361 1941 2382 ex
1954 2354 2035 2383 certis
2049 2354 2133 2384 causis
2148 2361 2297 2391 tenemur,
2311 2338 2397 2383 Solu·-

1341 2393 1449 2422 tionem
1466 2390 1524 2420 fieri
1540 2398 1623 2428 prout
1639 2390 1739 2427 decet,

1381 2429 1472 2460 Vobis
1487 2429 1650 2459 mandamus
1663 2428 1743 2466 quod
1752 2453 1761 2466 ,

1345 2467 1667 2537 CP‘aef²t{·{pi¹h⁰P⁰
1682 2489 1693 2505 ,
1718 2468 1748 2496 in
1770 2466 1996 2498 Subventionem
2018 2465 2209 2506 Expensarum
2238 2465 2401 2506 hujusmodi

1375 2515 1473 2537 entum
1518 2516 1525 2535 l
1548 2515 1587 2535 ras
1597 2530 1606 2542 ,

1383 2544 1422 2576 Et
1444 2544 1561 2582 praefato
1575 2542 1716 2574 Bernardo
1725 2567 1734 2580 ,
1749 2544 1778 2573 in
1792 2543 2015 2574 Persolutionem
2029 2544 2136 2576 illarum
2157 2544 2286 2575 Centum
2305 2543 2403 2575 Libra-

1346 2594 1426 2621 rum,
1444 2593 1510 2621 quas
1531 2584 1556 2612 ei
1579 2592 1645 2620 per,
1663 2581 1799 2612 dilectum
1822 2581 1968 2612 Clericum
1990 2582 2136 2621 nostrum,
2155 2583 2348 2613 Willielmum
2368 2581 2404 2611 de

1348 2622 1502 2660 Edyngton
1512 2645 1521 2658 ,
1537 2620 1732 2658 Receptorem
1748 2619 1940 2650 Denariorum
1955 2620 1991 2651 de
2004 2621 2096 2652 Nona
2113 2623 2145 2652 &
2167 2619 2406 2659 Qintadecima,

1350 2670 1399 2698 per
1423 2659 1573 2698 Magnates
1593 2659 1626 2689 ὃς
1643 2659 1710 2689 alios
1730 2659 1797 2688 citra
1819 2659 1977 2698 Trentam,
1995 2670 2028 2690 ac
2055 2660 2181 2690 Decima
2198 2659 2336 2695 Biennali,
2357 2666 2405 2694 per

1351 2698 1470 2730 Cierum
1492 2698 1652 2728 Cantuariae
1671 2697 1850 2735 Provinciae,
1870 2698 1951 2728 nobis
1971 2707 2058 2735 nuper
2077 2696 2213 2728 concessis
2237 2697 2406 2735 provenien-

1350 2738 1440 2776 tium,
1459 2736 1496 2766 de
1520 2736 1612 2766 Dono
1631 2735 1731 2765 nostro
1751 2735 1943 2766 mandavimus
1962 2736 2072 2766 liberari
2093 2736 2237 2776 Sexaginta
2252 2735 2368 2772 Libras,
2385 2733 2405 2763 fi

1350 2776 1478 2807 Tantum
1494 2774 1560 2804 inde
1572 2774 1662 2804 adhuc
1674 2773 1757 2803 restet
1771 2773 1936 2804 solvendum
1944 2798 1953 2811 ,
2233 2769 2287 2825 ‘'ffl-

1389 2814 1435 2845 Ac
1450 2813 1544 2843 eidem
1559 2812 1715 2848 Bernardo,
1733 2811 1878 2842 Ducentas
1894 2812 2009 2851 Libras,
2268 2827 2270 2829 >

1392 2852 1429 2882 Et
1443 2851 1561 2889 praefato
1575 2851 1598 2880 F
1599 2851 1739 2880 ortenerio
1753 2850 1897 2881 Ducentas
1912 2850 2027 2889 Libras,

1391 2891 1429 2920 Et
1444 2890 1560 2927 praefato
1576 2888 1677 2927 Vitali,
1695 2888 1888 2927 Qadraginta
1901 2888 2015 2928 Libras,

1393 2929 1432 2959 Et
1449 2927 1564 2966 praefato
1579 2927 1722 2964 Arnaldo,
1741 2926 1867 2957 Centum
1881 2926 1998 2965 Libras,

1391 2967 1429 2997 Et
1444 2966 1559 3004 praefato
1574 2965 1742 2995 Guillielmo
1757 2964 1884 2996 Centum
1900 2964 2030 3003 Marcas,

1391 3005 1430 3036 Et
1443 3004 1557 3042 praefato
1572 3003 1736 3034 Nicholino
1749 3003 1877 3034 Centum
1894 3003 2008 3042 Libras,

1393 3044 1426 3074 In
1441 3053 1547 3080 partem
1561 3042 1748 3072 satisfactionis
1761 3041 1936 3072 Debitorum
1945 3065 1956 3081 ,
1973 3043 2001 3071 in
2016 3042 2115 3079 quibus
2131 3043 2168 3072 eis
2181 3051 2233 3081 pro
2246 3039 2340 3071 Vadiis
2361 3040 2412 3085 suis

1356 3083 1390 3113 ὃς
1411 3083 1468 3112 aliis
1487 3080 1572 3112 caUfiS
1591 3089 1738 3119 tenemur,
1755 3080 1792 3110 de
1809 3081 1954 3111 Thesauro
1975 3081 2073 3110 nostro
2096 3080 2220 3117 solvatis,
2246 3081 2279 3110 &
2300 3079 2414 3108 ulterius

1357 3120 1424 3150 inde
1440 3120 1497 3149 fieri
1513 3119 1633 3157 faciatis,
1652 3119 1743 3157 Qod
1757 3120 1785 3148 in
1800 3118 1890 3149 nostri
1905 3118 2144 3150 Exonerationem
2158 3119 2187 3148 in
2202 3119 2255 3148 hac
2271 3126 2345 3155 parte
2368 3117 2413 3146 fo-

1358 3169 1390 3189 re
1403 3158 1524 3189 videritis
1540 3157 1713 3187 faciendum.

1362 3197 1496 3266 DTestt{³
1506 3195 1590 3239 Rege
1609 3195 1684 3234 apud
1700 3194 1827 3227 Novum
1849 3194 1983 3226 Castrum
2002 3195 2081 3233 super
2098 3195 2214 3234 Tynam
2228 3216 2238 3232 ,
2264 3194 2346 3224 tertio
2368 3192 2414 3222 die

1396 3245 1476 3266 ecem
1499 3244 1543 3264 r1s.

1890 3274 1945 3301 Per
1958 3270 2062 3301 Billam
2077 3272 2109 3301 de
2120 3271 2310 3310 Thesauraria.

1517 3408 1574 3438 Pro
1595 3403 1731 3450 Epiftopo
1752 3401 1958 3444 Dunolmenfi,
1987 3399 2022 3433 de
2038 3400 2264 3446 Indempnitate.

1367 3488 1486 3558 RE}
1501 3488 1660 3556 Omnibusd,
1678 3487 1712 3517 ad
1727 3497 1814 3526 quos,
1833 3487 1894 3518 &c.
1914 3486 2046 3517 Salutem.
2443 3507 2509 3539 Am
2526 3505 2559 3539 D

1485 3529 1560 3558 ciatis
1598 3530 1636 3558 uo
2513 3532 2519 3537 ·
2560 3532 2562 3538 ·

1403 3566 1502 3603 Cum,
1521 3538 1690 3596 Vencirabii'is
1704 3562 1802 3601 Pater,
1821 3562 1860 3593 R.
1876 3561 2076 3592 Dunolmensis
2092 3560 2263 3600 Episcopus,
2276 3562 2303 3591 in
2320 3561 2423 3593 instan-
2462 3555 2549 3585 ¹34¹⁴

1367 3605 1388 3634 ti
1402 3604 1586 3635 professione
1603 3603 1698 3633 nostra
1713 3602 1802 3631 versus
1818 3610 1905 3638 partes
1917 3601 2040 3637 Scotiae,
2061 3601 2143 3630 nobis
2157 3609 2293 3639 gratanter
2305 3610 2424 3633 conces-
2441 3589 2493 3614 A⁷¹⁴
2513 3594 2554 3621 Π·

1366 3644 1427 3674 serit
1451 3644 1594 3680 invenire,
1610 3643 1640 3672 in
1662 3641 1803 3671 Auxilium
1826 3638 1945 3669 Guerrae
1967 3639 2070 3668 nostrae
2091 3639 2216 3677 ibidem,
2235 3639 2259 3668 V
2264 3639 2342 3677 iginti
2357 3639 2424 3671 Ho-
2442 3628 2472 3651 E.
2493 3633 2518 3660 3·

1368 3683 1456 3712 mines
1477 3682 1512 3711 ad
1533 3690 1626 3718 arma,
1643 3680 1676 3709 &
1696 3677 1815 3709 totidem
1834 3677 1990 3715 Saginai-ios
2011 3676 2141 3715 Equites,
2168 3677 2202 3707 ad
2223 3672 2326 3707 Custus
2345 3679 2352 3707 i
2375 3679 2425 3709 lius
2442 3666 2499 3728 {an
2524 3667 2562 3696 ‘5'

1368 3720 1392 3750 E
1416 3720 1501 3757 iscopi
1523 3720 1669 3756 proprios,
1689 3717 1773 3753 usque
1795 3714 1828 3744 ad
1852 3714 1966 3745 Festum
1990 3715 2191 3746 Purificationis
2212 3716 2301 3746 beatae
2378 3718 2426 3747 riae
2472 3705 2559 3763 '33²3

1369 3731 1496 3794 Virginis
1509 3757 1643 3795 proximo
1655 3756 1796 3791 futurum,
1815 3753 1893 3791 super
1906 3753 2004 3783 eadem
2020 3752 2133 3784 Guerrft
2150 3763 2324 3793 moraturOS,
2446 3749 2481 3767 ⁷⁷¹·
2520 3757 2527 3764 “

1408 3797 1475 3827 Nos

1406 3819 1541 3866 Veleiates
1556 3832 1755 3870 indempnitati
1768 3830 1848 3869 ipsius
1865 3828 2013 3868 Episcopi,
2032 3830 2068 3859 ne
2091 3830 2163 3868 ipse,
2181 3838 2228 3861 aut
2251 3830 2430 3862 Successores

1371 3874 1428 3912 sui,
1455 3873 1490 3902 de
1509 3872 1529 3891 ³*
1553 3869 1711 3909 hujusmodi
1735 3868 1832 3899 Onere
1855 3868 2024 3898 inveniendo
2045 3877 2145 3899 contra
2163 3868 2339 3901 Libertatem
2360 3871 2430 3900 dieti
2448 3881 2462 3898 ae
2475 3878 2562 3914 v‚29⁶

1375 3909 1575 3951 Episcopatus,
1592 3909 1716 3940 indebite
1730 3916 1896 3944 onerentur,
2021 3945 2026 3950 .

1409 3950 1445 3980 Et
1459 3951 1497 3979 ne
1519 3947 1617 3979 eadem
1637 3947 1761 3977 Libertas
1783 3947 1830 3984 (eo
1855 3944 1935 3980 Quod
1950 3943 2076 3975 Ministri
2089 3943 2211 3986 Hospitii
2225 3945 2328 3984 nostri,
2345 3953 2433 3975 trans-

1371 3988 1466 4020 eundo
1488 3989 1516 4017 in
1537 3984 1688 4016 Comitivi
1704 3983 1797 4015 nostra
1813 3983 1902 4013 versus
1915 3992 2004 4021 partes
2019 3984 2180 4023 praedietas,
2195 3983 2301 4015 Officia
2325 3984 2369 4014 sua
2389 3984 2434 4013 in-

1372 4028 1415 4057 fra
1432 4026 1630 4066 Episcopatum
1645 4024 1813 4063 praedictum
1832 4023 1865 4052 &
1888 4021 2064 4054 Libertatem
2078 4023 2200 4061 ejusdem
2221 4022 2432 4059 excercuerunt)

1374 4066 1506 4102 laedatur,
1523 4072 1569 4094 aut
1583 4064 1617 4093 aii
1640 4062 1733 4092 ualiter
1748 4061 1886 4098 violetur,
1904 4061 2073 4100 providere,

1411 4103 1552 4134 Volumus
1572 4102 1606 4134 &
1655 4099 1825 4133 oncedimus
1847 4098 1927 4168 qugd
1943 4099 1988 4138 id,
2006 4099 2084 4139 quod
2096 4099 2187 4132 dietus
2202 4096 2374 4138 Episcopus,
2392 4096 2435 4167 ίὲσι
