2562 4279
711 187 819 230 ET
907 187 1172 229 ACTA

13 281 87 313 Ann.
99 277 140 309 D.
152 285 183 310 ut
198 286 266 309 cum
282 275 496 308 Flandrenfibus
509 274 592 306 nimis
605 276 840 313 communicent,
858 274 982 304 maxime
993 272 1072 311 supra
1085 271 1178 302 Mare.

34 317 117 359 1338.
193 317 223 347 Si
236 325 331 347 tamen
346 315 437 353 (cp-33
456 315 532 352 ..bsit)
550 314 609 351 Ipsis
623 313 758 351 Darnpna
772 313 816 343 seu
830 312 1021 349 Gravamina,
1040 321 1089 349 per
1105 311 1217 340 nostros

14 360 79 387 zdv.
100 366 126 394 3.
155 355 290 387 Subditos
305 355 476 392 inserantur,
494 353 628 383 faciemus
644 351 702 382 fieri
716 350 965 389 Coriq‚.crentibtis
977 350 1076 379 celeris
1087 349 1218 385 comple-

158 401 289 424 mentum
328 392 428 423 ustiriae
448 401 517 423 carr:
538 390 654 428 favore,
675 389 753 428 quod
774 400 857 420 etiam
879 399 932 427 pro
945 387 1047 418 nostris
1059 387 1220 425 credimus,

158 434 189 463 in
201 431 275 462 Cesti
323 432 463 469 (insimili,
478 429 615 460 benivole
628 439 680 460 vos
693 427 827 458 fac‘turos.

199 470 274 502 Data
286 469 361 509 apud
373 469 492 501 Turrim
510 467 645 499 London.
657 467 764 498 octavo
778 466 825 496 die
834 465 969 505 Januarii.

284 591 343 627 Ad
362 594 475 639 Reginae
501 591 722 638 Hispaniarum
752 591 872 622 Literas
895 587 1093 634 Responsbria.

16 689 84 721 Arm
106 686 139 718 D
163 676 383 740 SEreniffimae
400 675 703 714 Dominae,Dominae
717 672 837 711 Mariae,
856 671 915 702 Dei
928 672 1033 713 gratia,
1051 670 1224 703 Castellae&

34 711 123 768 133'3·
143 710 149 718 “
225 716 363 753 Legionis
376 715 497 755 Reginae
534 711 809 756 Edwardus,e?1dem
823 711 927 750 gratia,
942 709 1224 755 Rex'Angliae,Do-

16 771 70 795 An.
91 775 132 793 Η,
162 756 254 786 minus
268 753 434 793 Hiberniae,
452 755 485 785 &
500 739 571 783 Dux
587 750 876 789 Aquitaniae,votivis
888 751 1018 789 gratulari
1030 748 1224 787 Succeffibus,

15 809 47 834 Ε,
65 814 91 841 3,
163 802 232 825 cum
244 794 421 824 incremento
435 792 574 823 continuo
588 789 700 820 Gloriae
713 789 746 820 &
761 788 899 820 Honoris.

15 843 81 872 mu,
200 831 302 862 Missas
315 831 400 861 nobis
413 829 551 869 praecelsae
560 827 725 859 Nobilitatis
739 827 841 859 vestrae
850 828 956 858 Literas
970 827 1128 865 recepimus
1136 834 1226 866 ,con-

457 868 592 898 Domino
611 867 707 898 vestro
720 890 730 905 ,
751 866 830 904 Regi
850 865 982 897 Castellae
1000 864 1104 896 Illustri
1120 887 1130 903 ,
1154 873 1223 895 curn

424 891 539 945 Regem
554 905 725 946 Portugaliae
740 906 769 935 in
783 906 899 936 remotis
919 905 1031 943 agenti,
1049 914 1100 942 per
1120 902 1225 934 vestras

163 947 272 978 Literas
292 943 463 985 supplicastis
477 969 487 982 ,
512 953 544 977 ut
564 944 644 982 super
665 953 734 976 com
756 943 844 974 lendis
857 968 866 982 ,
894 953 958 982 quae
979 943 1052 974 inter
1072 941 1168 981 Ipsum
1190 941 1224 973 &

162 985 302 1017 Nuncios
314 982 423 1014 nostros
437 983 549 1014 tractata
562 983 690 1022 fuerant,
707 992 742 1014 ce
753 983 834 1014 eriter
848 981 999 1013 ordinaret.

202 1024 265 1063 Qii
285 1021 422 1060 rescripfit
455 1022 553 1060 quod,
570 1031 624 1061 pro
640 1021 868 1053 Turbationibus
889 1021 940 1052 fibi
962 1021 1066 1058 motis,
1081 1017 1226 1057 hucusque

162 1061 244 1100 super
263 1061 323 1093 hoc
343 1061 378 1090 ad
399 1045 469 1091 N’os
486 1060 622 1092 Nuncios
642 1060 692 1091 fibi
713 1061 825 1092 mittere
845 1069 907 1090 non
924 1060 1054 1097 vacavit,
1070 1058 1109 1089 set
1128 1056 1226 1096 quod,

163 1099 333 1131 cessantibus
353 1098 579 1130 Turbationibus
598 1098 758 1138 hujusmodi
782 1098 872 1138 (quod
895 1097 1019 1129 creditur
1041 1099 1072 1127 in
1114 1097 1227 1127 roxirno

163 1137 327 1176 provenire)
343 1137 511 1176 Solempnes
530 1138 685 1176 Nuncios,
703 1146 789 1176 prout
811 1137 912 1176 decet,
925 1136 960 1167 de
979 1135 1080 1167 firman
1102 1136 1122 1165 is
1146 1135 1227 1165 tantis

163 1176 199 1208 N
237 1177 302 1208 otiis
315 1176 350 1207 ad
364 1186 416 1207 nos
430 1178 531 1207 mittet.

230 1225 241 1246 t
253 1214 290 1245 de
305 1214 396 1252 prona
415 1215 608 1254 solicitudine,
627 1225 714 1254 quam
733 1215 809 1246 circa
828 1213 1053 1252 completionem
1073 1211 1228 1242 Tractato-

164 1264 229 1285 rum
245 1254 423 1293 impenditis,
441 1263 474 1285 ac
488 1253 699 1292 Benivolentia,
717 1263 802 1292 quarn
815 1252 849 1283 ad
862 1262 914 1282 nos
929 1252 962 1282 ὃς
976 1250 1089 1282 nostros
1105 1249 1229 1280 effectu-

165 1293 245 1324 aliter
259 1293 408 1331 optinetis,
428 1292 530 1324 Grates
545 1293 627 1326 vobis
639 1293 801 1331 referimus,
819 1299 850 1322 ut
864 1290 1017 1328 poffimus,
1036 1289 1183 1327 speciales,

204 1331 336 1362 Vestram
359 1330 561 1363 Excellentiam
583 1341 617 1362 ex
637 1331 727 1362 corde
747 1338 892 1369 rogante5‚
912 1330 1040 1367 quatinus
1062 1328 1230 1359 continuare

168 1370 259 1401 velitis
272 1377 341 1401 curn
355 1369 482 1401 efficacia
495 1370 574 1409 quod
587 1370 714 1408 coepistis
747 1370 780 1400 &
789 1393 799 1406 ,
816 1378 869 1406 pro
883 1367 1021 1398 Miffione
1034 1367 1118 1397 celeri
1140 1365 1230 1395 Nun-

167 1410 284 1439 ciorum
299 1408 472 1447 hujusmodi,
490 1418 554 1448 erga
575 1408 686 1440 dictum
708 1393 872 1438 Dominum
892 1406 1018 1437 vestrum
1034 1405 1151 1442 Regem
1167 1404 1231 1434 insi-

168 1447 241 1477 stere
263 1448 328 1485 viis,
347 1448 449 1485 quibus
468 1448 610 1486 poteritis,
630 1448 798 1485 oportune,
817 1445 1015 1476 Rescribentes
1036 1444 1118 1474 nobis
1133 1468 1142 1482 ,
1161 1453 1231 1474 cum

168 1485 288 1530 fiducia,
297 1485 316 1515 sl
332 1485 410 1531 Qae
425 1485 516 1517 facere
529 1488 687 1525 poterimus
699 1485 783 1518 vobis
796 1492 887 1525 grata,
902 1483 936 1514 ad
950 1494 1013 1522 quae
1026 1482 1136 1521 semper
1150 1483 1231 1514 inve-

169 1533 250 1554 nietis
266 1533 300 1554 ex
313 1534 411 1554 animo
425 1535 478 1555 nos
492 1533 610 1564 paratos

206 1562 283 1594 Data
295 1562 370 1600 apud
385 1562 506 1595 Turrim
522 1563 655 1595 London.
669 1563 790 1602 septimo
804 1561 850 1594 die
862 1561 997 1602 Januarii.

162 871 281 902 tinentes
302 869 418 908 qualiter

161 909 299 940 Exercitu
311 915 412 939 contra

394 1693 446 1726 De
466 1693 603 1740 Mgotiis
618 1691 774 1725 antedielis
785 1689 1006 1738 promovendis,

22 1780 101 1814 Ann.
113 1779 154 1812 D.

50 1820 138 1861 1338.

21 1863 75 1888 An.
97 1869 139 1888 Η.

223 1777 301 1818 EX,
319 1776 427 1809 Nobili
438 1776 527 1816 Viro,
545 1777 690 1809 Ferrando
711 1776 871 1814 Rodriges,
887 1775 1013 1806 Domini
1035 1773 1123 1814 Regis
1141 1773 1234 1815 Ispan-

242 1818 354 1848 uiarum
370 1816 554 1856 Camerario,
572 1817 681 1848 Amico
693 1815 743 1846 suo
755 1814 918 1853 carissimo,
935 1814 1078 1853 Salutem,
1096 1814 1130 1845 δε
1144 1814 1235 1845 since-

172 1864 212 1885 rae
224 1855 384 1886 dilectionis
396 1854 544 1885 affetffmm.

210 1894 330 1925 Gratam
350 1893 593 1932 Benivolentiam‚
611 1902 697 1932 quam
717 1892 752 1923 ad
772 1902 824 1923 nos
839 1893 873 1923 &
889 1891 999 1922 nostros
1013 1891 1166 1922 didicimus
1181 1901 1233 1922 vos

172 1931 292 1970 habere,
312 1932 438 1969 plurimis
452 1932 650 1970 prosequimur
663 1931 834 1963 Afflonibus
846 1931 1031 1969 Gratiarum,
1050 1930 1190 1962 Gerentes
1202 1931 1233 1960 in

172 1973 248 2003 votis
261 1970 383 2002 vestram
399 1970 611 2001 Gratitudinem
624 1971 700 2010 grate
714 1969 866 2008 respicere,
884 1969 956 2000 sicut
969 1969 1061 2000 decet.

210 2009 414 2047 Unde,cum,
423 2011 495 2039 inter
508 2009 656 2047 praefatum
671 2008 837 2039 Dominum
851 2006 978 2039 vestrum
991 2006 1234 2047 Regem&Nos,

173 2048 303 2087 quaedarn
319 2047 420 2085 ardua,
438 2048 508 2078 ficut
521 2047 609 2085 scitis,
627 2047 879 2078 intervenientibus
897 2046 932 2076 N
935 2047 1043 2085 unciis,
1061 2047 1113 2077 sint
1133 2046 1235 2078 tradia-

172 2096 216 2125 ta,
233 2086 337 2125 velitis,
356 2087 494 2124 petimus,
513 2086 532 2106 *¹³
551 2086 585 2117 ad
598 2086 711 2117 felicem
725 2088 759 2116 &
779 2086 903 2117 celerem
925 2083 1163 2123 Completionem
1184 2095 1235 2116 eo-

173 2125 314 2163 rundem,
333 2134 416 2163 penes
431 2123 541 2154 dictum
554 2124 719 2155 Dominum
732 2124 863 2163 Regem,
882 2123 976 2154 Partes
991 2123 1095 2155 vestras
1112 2125 1238 2162 interpo-

175 2173 243 2195 nere
258 2173 325 2195 cum
339 2162 467 2194 efficacia
482 2162 680 2202 Promotivas3
699 2162 897 2195 Rescribentes
910 2163 993 2194 nobis
1007 2171 1077 2194 cum
1091 2162 1238 2201 fiducia,s1

175 2213 242 2243 quae
257 2202 401 2234 volueritis
414 2211 466 2231 nos
481 2202 613 2233 fasturos.

215 2240 283 2274 Dat.
299 2239 372 2280 apud
386 2240 507 2271 Turrim
523 2241 659 2272 London.
674 2239 780 2272 octavo
793 2240 839 2272 die
847 2239 980 2279 Januarii.

23 1920 155 1975 Vascfn.

23 1979 55 2003 Ε.
75 1984 144 2012 3.m.

28 2101 42 2117 ²¹
66 2101 122 2127 IV.

29 2137 97 2174 841.

214 2320 329 2353 Eodem
342 2320 433 2352 modo
446 2320 572 2353 scribitur
584 2321 754 2362 subscriptis,
773 2321 823 2353 sub
838 2321 939 2353 eadem
951 2320 1033 2360 datz'i3
1052 2320 1201 2360 videlicet,

214 2400 386 2441 Gundifalvo
405 2405 527 2432 Martin.
544 2406 626 2441 Magi
649 2414 678 2433 ro
693 2402 896 2443 d’Alcantare‚

218 2441 358 2471 Ferrando
375 2440 494 2471 Sanches
508 2441 540 2471 de
558 2442 613 2472 Val
621 2442 731 2483 ethery‚

218 2481 326 2509 Garciae
344 2478 417 2519 Lafia
435 2480 468 2510 de
483 2478 512 2509 la
527 2483 619 2520 Vena,

217 2519 330 2548 Decano
348 2518 380 2547 de
398 2517 517 2558 Tolleto,

219 2555 391 2595 Gundifizlvo
409 2557 572 2596 Rotheriges.

432 2688 492 2724 Ad
505 2691 615 2737 Regem
631 2689 737 2722 Siciliae
749 2715 760 2732 ,
785 2688 822 2722 de
838 2687 1001 2722 credentia.

39 2775 118 2807 Ann.
132 2774 173 2805 D.
186 2771 401 2832 MAgnifico
414 2772 559 2812 Principi,
579 2773 714 2804 Domino
728 2773 769 2803 R.
786 2773 844 2804 Dei
860 2771 965 2812 gratia,
980 2773 1134 2812 Jerusalem
1150 2775 1185 2807 &
1205 2774 1250 2807 Si-

61 2813 147 2854 1338.
281 2812 354 2842 ciliae
374 2811 476 2850 Regi,
502 2812 583 2842 Duci
602 2811 732 2850 Capuae,
751 2811 877 2850 Principi
897 2813 1010 2850 Apuliae
1026 2836 1036 2851 ,
1060 2813 1224 2845 Provinciae
1240 2837 1251 2854 ,

39 2857 94 2882 An.
115 2862 157 2880 ιι.
188 2849 369 2888 Folcalcarii,
386 2851 420 2881 &
435 2849 613 2880 Pedimontis
624 2849 757 2888 Comiti,
775 2850 998 2890 Consanguineo
1015 2852 1065 2882 suo
1080 2851 1234 2883 Cariffimo

40 2895 72 2920 Ε.
93 2900 120 2929 3.
189 2887 362 2927 Edwardus,
379 2888 501 2926 ejusdem
516 2887 618 2928 gratia,
637 2888 702 2919 Rex
718 2888 847 2928 Angliae,
865 2890 928 2920 &c-
947 2889 1090 2929 Salutem,
1106 2891 1141 2922 &
1155 2876 1251 2923 felice}

40 2929 129 2967 Claus.
189 2926 225 2958 ad
239 2935 307 2957 vota
321 2926 479 2957 Successus.

45 2978 88 2996 n.
103 2972 131 2996 Ε.
153 2976 179 3004 3.
228 2964 379 2996 Dileetum
393 2965 426 2996 δε
441 2965 569 2996 Fidelem
585 2964 717 2996 nostrum
730 2964 889 2996 Arnaldurn
903 2965 940 2997 de
962 2965 1049 2998 Duro
1070 2966 1148 2998 Forti
1169 2966 1250 2999 Mili-

40 3012 67 3044 p.
84 3014 112 3035 2.
123 3015 161 3034 m.
191 3012 267 3042 tem,
284 3004 319 3035 ad
334 3014 439 3043 quern,
458 3012 573 3041 propter
588 3012 731 3042 expertam
746 3005 776 3033 in
791 3014 827 3034 eo
841 3004 1040 3035 Strenuitatem
1056 3006 1090 3036 &
1106 3004 1251 3037 Constan-

45 3053 74 3080 4.
89 3043 115 3074 d.
190 3043 278 3082 tiam,
296 3042 418 3081 quadam
440 3042 633 3082 Praerogativfi
653 3042 797 3073 afficimur
818 3042 1020 3074 Benivolentiae
1033 3044 1173 3084 specialis,
1190 3044 1250 3076 Ex-

190 3081 328 3112 cellentiae
343 3081 444 3120 Regiae
457 3082 560 3112 votivo
574 3081 842 3111 recommendamus
855 3080 990 3120 Affectu,

228 3118 337 3150 Intime
350 3130 403 3150 vos
417 3129 546 3158 rogantes
557 3128 692 3158 quatenus
704 3119 814 3158 eidem,

228 3157 289 3188 Cui
310 3158 390 3196 super
411 3158 594 3196 quibusdam,
611 3157 691 3188 cordi
715 3158 799 3188 nobis
820 3157 1018 3197 insidentibus,
1036 3159 1254 3191 &Sublimitati

192 3195 295 3227 vestrae
308 3206 356 3234 per
371 3196 446 3228 Eum
460 3206 495 3227 ex
508 3205 585 3235 parte
603 3195 700 3227 nostra
720 3205 852 3228 oretenus
870 3197 1074 3237 exprimendis,
1091 3200 1254 3236 aperuimus

197 3234 304 3272 plenius
319 3234 453 3265 Mentem
466 3236 610 3273 nostram,

233 3272 322 3309 Super
338 3272 375 3302 sic
390 3273 528 3303 Dicendis
543 3274 611 3304 velit
624 3273 715 3304 vestra
729 3273 843 3314 Regalis
865 3273 1040 3306 Excellentia
1054 3274 1120 3307 dare
1142 3275 1252 3307 Fidem.

235 3309 311 3342 Data
324 3312 396 3349 apud
413 3311 534 3342 Turrim
548 3312 686 3342 London.
704 3313 812 3345 oetavo
825 3312 1010 3352 dieJanuarii.

233 3385 347 3431 Eodem
359 3387 449 3432 modo
462 3388 588 3419 scribitur
602 3388 737 3419 Domino
751 3389 888 3430 Alfonso,
904 3389 963 3421 Dei
984 3390 1087 3430 gratia,
1105 3389 1257 3431 Castellae,

196 3425 350 3494 ὃῑεῠὲεὲὲ
357 3425 526 3502 ἶᾷἷὲφωο
539 3426 762 3465 Consanguineo
774 3428 834 3459 suo.

551 3587 609 3622 Ad
632 3591 779 3636 Reginam
793 3589 910 3623 Sicilie.

59 3670 136 3703 Ann.
144 3668 184 3700 D.

79 3708 155 3748 1338
203 3672 421 3734 SErenissimae
443 3672 600 3711 Dominae,
618 3672 773 3712 Dominae,
792 3675 851 3704 Dei
870 3673 972 3714 gratie,
986 3673 1138 3712 Jerusalem
1160 3674 1195 3706 &
1215 3673 1261 3705 Si-

262 3713 334 3742 cilire
356 3711 477 3751 Reginae
496 3710 707 3749 Illustriffimae,
726 3712 880 3743 Edwardus
896 3737 905 3751 ,
924 3713 1045 3751 ejusdem
1070 3712 1155 3752 gratia
1168 3736 1178 3751 ,
1197 3712 1259 3746 δερ,

58 3751 110 3775 An.
132 3757 173 3774 ¹1-
202 3751 328 3782 Salutem
338 3773 347 3788 ,
365 3751 398 3780 δε
411 3751 513 3780 votivis
528 3750 637 3788 semper
652 3750 831 3781 Succeffibus
843 3752 979 3790 gratulari.

58 3789 132 3829 323·
243 3789 391 3819 Diledmm
415 3790 447 3819 ὃς
467 3788 579 3818 fidelem
601 3788 730 3818 nostrum
750 3789 894 3820 Nobilem
917 3790 1032 3829 virum,
1049 3788 1208 3821 Arnaldum
1225 3788 1262 3821 de

58 3823 124 3851 1⁶¹¹l-
208 3826 293 3857 Duro
305 3827 385 3857 Forti
402 3827 547 3866 Militem,
565 3825 625 3862 ὥσ.
639 3834 669 3856 ut
675 3826 770 3866 ficpra.

245 3864 312 3896 Dat.
327 3874 358 3897 ut
369 3866 456 3904 supra.

275 4127 348 4158 Tam.
358 4128 399 4157 11.
418 4117 455 4158 PL
470 4131 530 4160 m.

1256 184 1733 227 PUBLica.
2247 198 2319 227 202:

2330 299 2407 330 Ann.
2422 294 2463 332 D.-

1586 356 1644 390 Ad
1657 357 1811 403 Duciffizm
1828 357 1864 392 de
1880 361 1996 394 Daras.
2330 340 2446 416 Εἴλῖ383

1259 438 1394 495 REX,
1413 439 1520 471 Nobili
1539 442 1573 473 ὃς
1595 440 1721 473 Dileetae
1742 443 1772 472 in
1791 443 1908 475 Christo
1929 443 2083 484 Dominae,
2100 461 2186 470 —-
2205 445 2313 478 Domi-
2330 446 2382 472 An.
2404 452 2445 471 1¹0

1336 488 1383 509 nae
1394 478 1528 523 .D.u‘³iffae
1543 480 1580 510 de
1593 479 1877 519 Durache,Salutem
1889 483 1922 514 &
1937 484 2041 515 votivis
2054 485 2160 523 semper
2173 485 2313 517 Succeffi-
2335 486 2360 509 E.
2386 492 2410 517 3·

1256 513 1311 546 bus
1327 517 1449 554 gloriari.
2330 520 2433 548 Ibidem,

1258 555 1445 623 IisDiletstum
1463 557 1497 588 &
1519 556 1646 587 Fidelem
1662 556 1809 596 nostrum,
1826 557 1887 593 (γε.
1906 566 1937 588 ut
1951 558 2037 599 fhpra
2057 560 2136 602 usqne
2151 561 2189 592 ibi
2208 562 2314 601 specia-

1294 618 1451 664 Nobilitati
1469 632 1569 664 vestrae
1588 633 1855 666 recommendamus
1872 635 1976 667 affeetu
2011 635 2072 671 &c.
2089 638 2168 679 afilae
2188 639 2226 668 ibi
2248 640 2312 671 infi-

1258 670 1388 715 dentibus
1394 693 1405 709 ,
1422 671 1456 702 &
1468 672 1550 715 vobis
1563 681 1613 709 per
1628 671 1722 711 Eum,
1740 671 1800 708 &c.
1815 673 1894 714 usque
1907 674 1960 713 ibi,
1981 659 2135 716 Dicendis,
2153 678 2242 710 velitis
2264 680 2309 708 ina

1260 709 1377 740 dubiam
1392 709 1459 740 dare
1474 709 1583 740 Fidem.

1297 746 1367 778 Dat.
1383 755 1414 779 ut
1428 747 1516 788 supra.

1727 827 1753 834 .-.

1607 873 1666 909 Ad
1684 876 1803 908 Ducem
1818 874 1855 909 de
1871 878 1988 910 Duras.

1264 958 1401 1015 REX,
1420 959 1572 992 Nobili&
1586 960 1701 992 Potenti
1712 961 1792 999 viro,
1810 960 1946 992 Domino
1964 961 2092 1001 Karon,
2111 964 2191 997 θηρὶ
2208 967 2319 1000 deDu-
2339 946 2415 978 Am·
2429 947 2473 978 D*

1286 1035 1292 1041 ·
1341 1000 1440 1038 rache,
1460 999 1568 1030 Amico
1583 999 1633 1030 suo
1647 997 1820 1039 Cariffimo,
1838 999 1980 1039 Salutem,
1997 1001 2030 1032 ὃς
2053 1002 2168 1034 sincerae
2188 1005 2317 1038 dileetio-
2360 987 2447 1026 ¹338·

1262 1045 1305 1065 ms
1315 1037 1462 1069 affcelbum.
2339 1029 2390 1053 An·
2413 1036 2421 1052 ¹
2431 1036 2454 1052 ¹·

1302 1075 1450 1107 Dilectum
1459 1098 1469 1114 ‚
1487 1074 1548 1111 &c.
1562 1082 1593 1106 ut
1608 1079 1638 1106 in
1645 1074 1773 1114 proxima
1788 1075 1890 1107 Literd
1896 1077 2067 1116 precedenti.
2339 1068 2379 1107 E..
2392 1073 2417 1099 3'

1301 1114 1372 1146 Dat.
1383 1123 1415 1146 ut
1427 1115 1516 1152 supra.
2342 1100 2447 1129 Imm·

1427 1235 1456 1264 ’κ’
1480 1235 1539 1271 Ad
1555 1235 1748 1270 Guirardnm
1766 1237 1912 1284 Spinula,
1936 1237 1972 1271 de
1988 1238 2156 1275 Credentia.
2344 1244 2360 1261 ⁴*
2386 1246 2439 1273 1v.

2346 1283 2412 1318 842.

1321 1323 1396 1363 EX,
1414 1322 1548 1355 Discreto
1563 1324 1643 1362 viro,
1662 1321 1807 1355 Guirardo
1820 1322 1934 1362 spinula
1946 1323 1984 1355 de
1996 1324 2128 1364 Luculo,
2143 1326 2240 1367 Regni
2254 1328 2326 1361 Sici-
2348 1320 2424 1353 Ann-
2435 1319 2477 1350 Π

1341 1364 1385 1394 liae
1402 1362 1571 1393 Marescallo
1606 1362 1740 1393 Salutem.
2373 1360 2459 1399 1338.

1304 1401 1348 1434 Ex
1369 1401 1555 1446 Testimonio
1575 1384 1722 1445 faudabili,
1740 1400 1849 1432 Dilesti
1868 1401 1902 1433 &
1924 1401 2027 1432 Fidelis
2046 1401 2160 1443 nostri,
2187 1405 2328 1440 Nicholai
2347 1401 2400 1426 ‘47¹‘
2420 1407 2461 1426 ¹¹·

1268 1440 1345 1472 Usus
1362 1440 1468 1478 Maris,
1486 1439 1698 1470 constabularii
1711 1439 1800 1470 nostri
1813 1439 2003 1480 Burdegaliae,
2021 1440 2173 1474 didicimus
2187 1445 2266 1482 quod
2274 1456 2326 1478 vos
2348 1441 2377 1464 E.
2400 1446 2426 1474 3·

1267 1479 1303 1511 ad
1317 1479 1386 1510 Nos
1407 1480 1440 1509 &
1463 1478 1602 1522 Nostros.
1614 1477 1812 1510 Affecstionem
1831 1479 1926 1518 geritis
1944 1480 2107 1519 specialem,
2124 1481 2161 1512 de
2173 1492 2232 1521 quo
2243 1485 2328 1516 vobis
2349 1476 2414 1512 Vasc.
2438 1484 2465 1502 ¹¹

1269 1528 1357 1559 grates
1370 1517 1517 1548 referimus
1529 1517 1674 1555 speciales,
2350 1518 2381 1542 Ε.
2397 1523 2421 1551 3.
2438 1523 2472 1541 m,

1306 1557 1468 1596 Specialiter
1488 1566 1541 1588 vos
1560 1564 1690 1594 rogantes
1710 1557 1854 1595 quatinus,
1869 1557 1899 1586 in
1919 1555 2087 1589 Dilecstione
2110 1558 2208 1591 nostra
2220 1560 2330 1601 semper
2351 1561 2368 1589 5
2373 1573 2380 1579 -

1269 1606 1339 1628 cum
1352 1595 1532 1625 incremento
1548 1594 1638 1624 solido
1659 1593 1845 1632 persistentes,
1864 1595 1982 1633 praefato
2002 1596 2152 1629 Nicholao
2177 1600 2236 1637 (cui
2250 1601 2331 1639 super

1270 1633 1409 1666 Dicendis
1423 1633 1504 1665 vobis
1517 1640 1550 1662 ex
1566 1640 1642 1670 parte
1655 1631 1752 1663 nostra
1766 1634 1923 1671 aperuimus
1939 1632 2076 1666 Mentem
2089 1637 2227 1676 nostram)
2242 1640 2333 1673 velitis

1270 1673 1419 1705 indubiam
1434 1671 1501 1702 dare
1516 1671 1625 1701 Fidem.

1309 1712 1378 1744 Dat.
1392 1710 1466 1749 apud
1478 1710 1598 1741 Turrim
1613 1708 1751 1740 London.
1762 1709 1870 1741 octavo
1886 1709 1932 1741 die
1941 1710 2074 1750 Januarii.

1308 1789 1421 1822 Eodem
1433 1786 1524 1818 modo
1539 1787 1668 1818 scribitur
1679 1785 1852 1825 subscriptis,
1870 1786 1921 1818 sub
1934 1787 2034 1818 eadem
2047 1787 2125 1828 data,
2142 1790 2293 1832 videlicet,

1310 1864 1443 1911 Nicholao
1463 1862 1574 1903 Spinula
1595 1863 1628 1893 de
1649 1861 1753 1893 Luculo
1769 1859 1808 1897 &⁵
1828 1862 1963 1893 Frederico
1976 1863 2090 1904 Spinula
2104 1866 2136 1896 de
2153 1867 2257 1898 Luculo
2271 1879 2332 1899 con-

1311 1906 1531 1983 Cgfflegissuriae

1310 1981 1455 2014 Edwardo
1468 1982 1570 2011 Auriae
1581 1976 1619 2013 ό·
1632 1976 1766 2015 Hugolino
1780 1980 1880 2008 Auriae
1895 1979 2071 2019 conjmffim,

1308 2022 1425 2068 Hefirico
1445 2016 1606 2061 Squazafito
1626 2015 1665 2053 ὦ*
1684 2016 1823 2047 Precinalo
1845 2019 1920 2048 Ricio
1939 2015 1977 2053 ὀ·
1999 2021 2113 2049 Lucano
2132 2019 2244 2059 spinula
2271 2032 2333 2053 con-

1272 2062 1396 2102 junlhm.

1545 1928 1583 1975 ὀ·
1600 1938 1711 1970 Carloto
1725 1942 1825 1969 Auriae
1840 1939 2016 1979 conjum‘lim,

1309 2183 1368 2220 Ad
1383 2183 1641 2217 Communitatem
1661 2179 1698 2213 de
1717 2182 1836 2223 Genoa,
1874 2190 1946 2227 uper
1964 2180 2066 2214 GaleIs
2086 2180 2227 2226 Hostibus
2243 2194 2300 2216 non

1538 2227 1783 2272 commodandis,
1807 2232 1843 2268 ω’·
1861 2228 1898 2262 de
1918 2228 2086 2264 Credentia.

1466 2316 1496 2323 '⁹
1531 2314 1648 2346 Proii
1737 2313 1823 2345 Discr
1853 2315 1858 2321 '
1909 2314 1935 2345 P
1968 2325 1984 2345 e
2038 2316 2044 2322 '
2146 2318 2152 2324 ·
2219 2318 2226 2326 ·
2355 2307 2491 2339 AnnDL

1280 2317 1416 2389 REggt}
1433 2317 1558 2393 ggguli’
1576 2315 1729 2392 igniisangis,
1745 2364 1778 2385 ac
1798 2315 2339 2396 Coetrliir’nurfi’itmst'tiandivffitalgismdglsjssnffiz
2376 2347 2460 2387 1338·

1278 2397 1390 2429 Amicis
1402 2396 1453 2427 suis
1464 2393 1637 2432 Carissimis,
1656 2393 1781 2425 Salutem
1792 2416 1802 2431 ,
1818 2394 1852 2424 δε
1866 2392 1979 2424 fincerae
1994 2393 2151 2425 dilefflonis
2164 2395 2313 2427 affeetum.
2358 2388 2411 2414 An.
2432 2396 2440 2412 ¹
2450 2395 2473 2414 ¹·

1317 2435 1490 2468 Recolentes
1512 2432 1657 2463 Amicitias
1676 2431 1794 2470 solidas,
1835 2432 1915 2461 uibus
1936 2430 2053 2463 Domus
2073 2433 2170 2464 nostra
2190 2433 2282 2474 Regia
2304 2436 2338 2467 ὃς
2361 2428 2398 2469 Ε,
2413 2434 2438 2461 3·

1280 2474 1483 2507 Communitas
1495 2470 1624 2502 Civitatis
1638 2470 1738 2502 vestrae
1753 2470 1796 2508 se,
1841 2469 1912 2500 riscis
1925 2470 2139 2510 Temporibus,
2155 2476 2259 2504 mutuo
2268 2483 2341 2512 prae-
2362 2463 2463 2493 ¹⁶¹‘1W'1

1281 2521 1439 2551 venerunt,
1459 2512 1540 2550 Qas
1555 2510 1638 2540 etiam
1653 2510 1734 2539 nobis
1748 2509 1843 2547 pronis
1858 2507 2021 2540 Affetstibus
2041 2509 2216 2549 ostendistis,
2235 2513 2272 2546 de
2294 2511 2343 2550 lp-

1283 2553 1334 2591 fis,
1351 2562 1384 2584 ac
1401 2551 1557 2582 Oblatione
1571 2547 1661 2579 vestr&⁴
1673 2547 1809 2587 gratuita,
1827 2548 1911 2577 nobis
1928 2547 2019 2585 faeta,
2038 2548 2141 2580 Grates
2161 2550 2248 2581 vobis
2269 2552 2342 2581 refe-

1283 2594 1387 2659 rimtsss,
1405 2599 1435 2621 ut
1448 2588 1608 2629 possumus,
1627 2586 1772 2625 speciales,
1789 2595 1918 2626 gerentes
1929 2587 1960 2616 in
1974 2588 2047 2618 votis
2060 2589 2142 2619 vobis
2162 2588 2279 2620 reddere
2298 2590 2344 2622 vi-

1285 2641 1332 2663 ces
1359 2638 1458 2661 Jratas.

1320 2668 1359 2700 Et
1371 2667 1523 2706 specialiter
1535 2675 1588 2696 vos
1602 2674 1730 2702 rogantes
1744 2665 1872 2702 quatinus
1883 2664 2051 2695 continuare
2065 2664 2156 2696 velitis
2176 2665 2345 2697 Benivolen-

1284 2709 1352 2739 tiam
1369 2717 1455 2745 quam
1467 2704 1604 2743 caepisti53
1623 2703 1795 2741 Credentes,
1813 2703 1919 2733 dilecto
1940 2704 1973 2733 &
1994 2703 2081 2733 Fideli
2096 2704 2211 2742 nostro,
2227 2704 2346 2736 Nicho-

1284 2747 1330 2777 lao
1350 2746 1428 2777 Usus
1452 2743 1555 2782 Maris,
1574 2742 1793 2774 Constabulario
1811 2741 1913 2772 nostro
1933 2741 2119 2780 Burdegaliae,
2138 2752 2225 2781 quem
2243 2743 2278 2773 ad
2292 2753 2345 2774 vos

1285 2785 1366 2823 super
1379 2784 1539 2815 Intentione
1554 2780 1650 2813 nostra
1666 2782 1804 2812 mittimus
1815 2780 2004 2811 informatum
2018 2781 2047 2810 in
2060 2780 2129 2819 hiis,
2141 2791 2205 2820 quae
2219 2791 2253 2812 ex
2269 2790 2346 2820 parte

1287 2823 1385 2855 nostra
1399 2823 1480 2854 vobis
1494 2820 1618 2852 retulerit
1631 2820 1698 2852 viva
1711 2829 1794 2850 voce.

1324 2861 1436 2893 Verum
1449 2883 1460 2900 ,
1478 2860 1549 2891 curn
1568 2858 1652 2895 aliqui
1673 2858 1821 2888 Concives
1842 2856 1952 2894 vestri,
1969 2856 2004 2887 ad
2024 2855 2199 2895 Requestam
2219 2868 2346 2898 quorun-

1286 2901 1372 2939 dam,
1386 2901 1467 2931 nobis
1487 2897 1723 2934 Adversantium,
1742 2896 1926 2926 Armaverint
1965 2904 1996 2926 ut
2017 2895 2119 2927 dicitur
2131 2921 2142 2934 ,
2162 2904 2271 2928 certum
2295 2908 2349 2928 nu-

1288 2948 1401 2970 merum
1415 2937 1588 2973 Galearum,
1607 2934 1831 2974 profedieurarum
1845 2935 1874 2964 in
1887 2919 1977 2964 nostri
1991 2933 2167 2972 dispendium
2181 2936 2215 2966 &
2234 2936 2347 2966 nostro-

1287 2988 1371 3016 rum,
1387 2977 1495 3014 velitis,
1513 2975 1533 3005 fi
1554 2974 1663 3012 placet,
1677 2973 1817 3003 diCtarum
1838 2972 1992 3003 Galearum
2013 2972 2178 3004 Transitum
2192 2974 2346 3012 impedire3

1287 3016 1413 3054 Taliter,
1426 3017 1504 3054 juxta
1515 3013 1640 3044 nostram
1655 3011 1876 3049 confidentiam,
1894 3021 1946 3042 vos
1957 3011 2109 3049 habentes,
2128 3012 2207 3050 quod
2229 3022 2280 3042 vos
2303 3012 2346 3042 A-

1288 3056 1381 3086 micos
1400 3054 1512 3084 nostros
1527 3052 1591 3083 fore
1610 3051 1718 3081 realiter
1734 3049 1888 3080 ostendatis
1901 3073 1911 3087 ,
1929 3050 1963 3080 &
1977 3072 1987 3088 ,
2005 3060 2055 3087 per
2075 3049 2135 3080 Dei
2155 3051 2289 3089 gratiam,
2308 3051 2346 3081 sic

1287 3104 1341 3127 vos
1353 3101 1528 3124 remunerare
1540 3091 1699 3121 curabimus
1732 3089 1812 3127 quod
1825 3088 1962 3119 debebitis
1979 3089 2082 3118 merito
2095 3089 2261 3120 contentari.

1326 3131 1394 3163 Dat.
1409 3129 1482 3169 apud
1495 3129 1615 3160 Turrim
1628 3112 1765 3159 London.
1780 3127 1886 3158 octavo
1899 3126 1946 3157 die
1954 3125 2086 3166 Januarii.

1407 3276 1502 3319 Super
1525 3274 1652 3319 antiqua
1670 3273 1825 3304 Amicitia
1843 3281 1912 3303 cum
1932 3272 2064 3302 civitate
2084 3269 2232 3312 Genuenst.

1294 3357 1596 3428 ΚΕὶξεὶξῙῄῐὲίνῗὲἱὲ,
1611 3355 1757 3395 praesentes
1770 3354 1888 3386 Litteras
1901 3353 2076 3392 inspecturis,
2094 3353 2229 3385 Salutem.
2372 3340 2498 3421 Q?

1330 3436 1412 3468 Cum
1431 3406 1535 3473 nupecrl,
1590 3420 1599 3434 ²
2369 3424 2420 3448 An.
2443 3437 2485 3454 Η.

1331 3476 1379 3506 Ad
1392 3475 1557 3505 fomentum
1570 3471 1713 3502 Amicitiae
1725 3470 1833 3508 solidae,
1842 3470 1913 3501 inter
1925 3479 1978 3500 nos
1992 3470 2025 3500 &
2043 3467 2291 3498 Communitatem
2299 3467 2353 3499 Ci-
2368 3463 2406 3509 Eg,
2422 3471 2447 3497 Ξ.

1294 3514 1388 3547 vitatis
1398 3512 1543 3551 Januensis
1555 3511 1681 3541 faeliciter
1693 3509 1855 3545 dilatandae,
2370 3502 2432 3528 zmil,

1333 3552 1466 3583 Gratiose
1488 3550 1569 3588 (cum
1589 3558 1670 3579 mero
1687 3549 1748 3585 jure
1768 3557 1828 3576 non
1848 3546 2031 3581 tenebamur)
2057 3544 2277 3575 concesserimus
2299 3555 2352 3584 pro

1296 3590 1396 3622 Nobis
1429 3590 1462 3619 δί
1477 3587 1647 3619 Haeredibus
1659 3586 1776 3624 nostris,
1795 3585 1901 3616 Yvano
1916 3584 2054 3621 Luciani,
2072 3584 2106 3614 ὃς
2120 3583 2212 3613 Sociis
2231 3584 2282 3614 suis
2300 3583 2355 3615 Ci-

1296 3630 1380 3663 vibus
1392 3612 1478 3658 diehe
1492 3625 1621 3657 Civitatis
1629 3649 1639 3662 ,
1797 3662 1801 3667 Ι
1877 3662 1882 3667 .

1331 3668 1366 3699 In
1381 3664 1690 3703 Recompensationem
1701 3663 1735 3692 ὃ(
1747 3661 1972 3692 Satisfaehonem
1980 3659 2184 3697 Dampnorum
2193 3683 2202 3697 ,
2220 3669 2285 3698 quae
2298 3660 2354 3692 sus-

1294 3708 1434 3739 tinuerant
1454 3713 1489 3735 ex
1510 3701 1731 3740 Depraedationc
1758 3700 1897 3738 cujusdam
1921 3698 2013 3730 Navis
2056 3698 2217 3741 roffaeQseu
2230 3699 2363 3740 Cochae,

1297 3744 1372 3784 apud
1386 3743 1486 3774 Dunas
1500 3742 1535 3772 de
1549 3740 1732 3776 Sandewim,
1751 3748 1801 3776 per
1814 3738 1976 3774 Hugonem
1992 3738 2017 3767 le
2067 3737 2358 3776 espenler,tempore,

1297 3784 1414 3815 celebris
1432 3781 1596 3818 memoriae,
1614 3778 1739 3808 Domini
1752 3776 1786 3806 E.
1800 3786 1887 3816 nuper
1901 3775 1989 3815 Regis
2002 3775 2130 3813 Angliae,
2150 3775 2238 3806 Patris
2252 3775 2361 3816 nostri,

1297 3831 1330 3854 ut
1366 3819 1526 3851 raetenditur
1560 3816 1745 3855 depraedatae,

1370 3860 1420 3890 &0
1434 3856 1518 3887 Milia
1532 3842 1701 3886 Marcamm
1713 3853 1921 3892 sterlingorum
1933 3851 2144 3883 allocandarum
2158 3852 2261 3884 eisdem
2282 3854 2362 3885 Yva-

1299 3909 1341 3930 no
1355 3899 1389 3929 &
1404 3896 1496 3927 Sociis
1517 3894 1584 3932 suis,
1604 3894 1637 3924 ὃς
1656 3902 1757 3924 eorum
1772 3891 1941 3922 Haeredibus
1976 3892 2005 3920 in
2019 3890 2168 3922 Custumis
2181 3914 2191 3930 ,
2216 3893 2299 3923 nobis
2311 3892 2361 3923 de-

1300 3937 1364 3968 bitis
1384 3935 1421 3966 de
1442 3933 1668 3972 quibuscumque
1694 3930 1842 3961 Mercibus
1862 3930 1896 3960 ὃς
1952 3930 2136 3969 ercimoniis,
2154 3940 2204 3968 per
2219 3930 2363 3962 Homines

1297 3973 1447 4014 januenses
1460 3971 1530 4002 infra
1543 3970 1655 4001 dietum
1672 3969 1810 4008 Regnum
1825 3967 1955 3999 nostrum
1968 3968 2123 4007 Addua-is,
2143 3969 2188 3999 vel
2206 3969 2243 4000 ab
2263 3979 2300 4000 eo
2322 3968 2361 3998 E-

1301 4014 1409 4050 dud'tis,
1428 4019 1513 4049 prout
1528 4010 1558 4039 in
1573 4009 1685 4040 Litteris
1700 4008 1801 4039 nostris
1813 4005 1994 4045 Patentibus,
2010 4006 2077 4038 inde
2092 4008 2246 4046 confectis,
2250 4008 2362 4048 plenius

1303 4058 1464 4084 continetur

1339 4088 1410 4120 Nos
1419 4072 1693 4127 ,ad’ostendendum
1706 4085 1815 4154 plenigs
1829 4085 2037 4117 excrescentem
2053 4094 2138 4124 penes
2154 4084 2258 4115 didiam
2269 4082 2371 4113 Com-

1821 4133 1839 4156 c
2291 4129 2359 4151 mua
