2562 4279
150 143 201 185 30

0 215 78 248 Ann.
91 215 132 247 D.
147 226 202 254 pro
220 214 411 252 persecutione
430 209 566 249 praediffl‘i
581 233 591 248 ,
615 208 658 240 Ca
681 209 760 239 tione
778 207 968 239 Personarum
979 229 991 247 ,
1017 207 1205 246 Castrorum,

21 265 105 295 1329.

0 297 66 322 Edv.
89 304 114 330 3.

0 334 15 348 ⁸*
36 334 88 359 iv.

0 378 65 406 397·

0 3406 6 3422 *
21 3407 74 3433 IV.

0 3465 66 3510 nnn.
74 3479 114 3510 D.

5 3526 92 3558 1329.

0 3560 42 3604 aa.
61 3568 86 3593 3.

0 3636 50 3659 {om
55 3654 60 3659 .

0 3690 27 3736 ἶ».
42 3718 68 3746 3.

79 3642 104 3669 3.

146 255 193 284 vel
213 254 377 289 Bonorum,
396 259 443 281 aut
462 260 515 288 pro
532 256 626 279 morte
675 248 782 278 ominis
793 270 803 286 ,
821 247 867 277 seu
883 256 1004 285 quacum
1027 257 1061 276 ue
1072 247 1125 277 alifi,
1138 247 1203 284 Re,

145 292 221 323 facia
242 293 269 322 in
292 290 392 320 eadem
412 288 604 326 persecutione
618 310 628 324 ,
653 295 669 315 a
689 285 734 316 die
750 309 760 324 ,
779 296 838 324 quo
850 284 919 316 Nos
933 286 968 316 ὃς
980 285 1024 315 dic
1040 295 1055 314 a
1070 285 1089 305 ²*
1106 285 1203 315 Mater

145 330 240 360 nostra
258 329 443 367 applicuimus
463 325 534 355 infra
553 324 691 363 Regnum
706 323 852 362 nostrum,
868 324 954 362 usque
967 323 1000 353 ad
1015 323 1092 354 diem
1105 323 1202 353 Coro·-

144 368 264 399 mtionis
287 366 410 403 iiostrae,
429 366 465 394 ita
486 372 581 394 tamen
601 363 681 401 quod
698 362 912 400 Malefarfftores,
929 363 977 400 qui
991 361 1203 399 Transgreffio-

143 416 194 436 nes
215 407 248 436 &
267 405 319 434 alia
338 403 410 433 mala
425 425 434 440 ,
460 410 536 432 extra
557 403 781 439 persecutionem
796 401 975 440 praedffitam,
992 400 1203 439 perpetrarunt,

142 454 192 482 per
209 443 349 473 Statutum
365 440 536 478 praedietum
549 450 609 470 non
629 448 840 478 cooperentur,
854 439 899 470 seii
912 440 1060 478 juventur,
1078 446 1162 477 prout
1175 440 1206 469 in

142 483 257 513 statuto
272 479 410 520 praedicto
423 479 531 517 plenius
547 480 730 518 continetur,

182 520 251 550 Nos

180 543 380 594 Inderiipnitari
396 555 535 587 Lewel'ini
548 566 583 594 ap
597 554 774 593 Kenewrik,
793 555 843 594 qui
856 554 890 585 ad
898 554 1026 594 Nos,&
1042 554 1127 593 ipsam
1137 553 1206 584 Ma—

142 606 216 629 trem
238 595 363 626 nostram
377 619 387 632 ,
411 596 441 625 in
459 595 629 625 Succursum
648 594 798 632 nostrum,
817 593 851 624 ad
867 593 1090 632 persequendum
1105 593 1206 632 praedi-

144 636 224 705 istos,
240 634 401 674 Hugonem
422 633 456 664 &
468 633 644 674 Hugonem‚
661 641 731 664 tunc
745 633 841 671 venit,
859 631 985 664 volentes
997 633 1156 671 prospicere
1176 632 1206 661 in

142 684 197 704 viac
230 682 285 703 arte

181 683 402 742 Papi-donivimus
421 711 446 741 ei
467 710 582 741 Sec'tam
601 710 681 741 Pacis
693 710 815 748 nostrae,
833 710 867 741 &
880 709 1016 748 quicquid
1029 708 1062 738 ad
1074 718 1128 738 nos
1141 718 1206 746 per-

141 751 231 788 tinet,
250 759 303 787 pro
325 748 469 787 Captione
482 749 672 780 Personarum
687 773 696 787 ,
720 748 907 785 Castrorum,
925 748 971 778 seu
986 747 1152 785 Bonorum,
1169 757 1204 777 ac

141 799 196 829 pro
212 796 306 818 morte
317 787 473 827 Hominis,
490 796 537 818 aut
551 797 733 827 quacumque
746 787 799 817 alia
811 786 858 816 Re
868 786 942 816 fasta
957 787 985 816 in
998 785 1097 816 eadem
1112 784 1203 823 perse-

141 828 261 858 cutione
280 837 296 856 a
317 825 397 857 dieto
419 827 465 857 die
479 851 488 865 ,
507 826 666 865 quoNos,
685 828 718 857 &
731 826 805 856 dicta
822 824 917 855 Mater
933 823 1042 867 nostra,
1062 824 1099 854 fic
1115 823 1202 862 appli-

143 866 255 896 cuimus
271 865 341 895 ins-ra
354 865 493 905 Regnum
507 864 652 902 nostruin,
672 864 757 902 usque
772 863 805 893 ad
819 862 986 901 praedietum
1000 861 1203 906 Diem-Coro-

142 905 266 934 nationis
279 903 402 941 nostrae,
421 904 453 934 ὃς
470 903 582 934 firmam
597 904 703 934 Pacem
715 902 840 933 nostram
855 903 881 931 ei
898 901 964 931 ind‘e
979 900 1176 931 concedimus.

181 942 326 973 Nolentes
347 942 425 980 quod
444 942 593 982 praedid'tus
613 941 790 978 Lewelinus,
805 941 913 970 ratione
927 939 1155 982 praemissorum,
1174 940 1203 968 in

141 980 232 1012 Curia
254 980 351 1011 nostra
366 1005 375 1019 ,
400 981 446 1011 seu
467 981 573 1011 alterius
587 1004 597 1018 ,
614 979 809 1010 occasionemr
828 979 858 1008 in
871 978 983 1016 aliquo,
1000 980 1044 1008 ieu
1059 985 1204 1017 gravetur,

141 1020 180 1050 ita
192 1028 287 1050 tamen
303 1018 381 1057 quod
403 1019 440 1050 de
460 1017 735 1058 Transgreffionibus
756 1018 790 1049 &
808 1017 866 1047 aliis
882 1017 958 1046 malis
973 1016 1005 1053 (fi
1019 1026 1084 1058 quae
1098 1025 1146 1053 per
1162 1017 1204 1053 ip-

141 1058 205 1088 sum
219 1067 297 1088 extra
313 1057 535 1096 persecutionem
555 1056 721 1095 praedietam
743 1062 898 1094 perpetrata
917 1054 1032 1098 fuerint)
1046 1057 1078 1084 iit
1091 1053 1206 1092 respon—

141 1095 213 1165 defs
228 1096 383 1165 secundtgcri
397 1096 510 1134 Legem
524 1096 558 1126 &
572 1094 818 1126 Consuetudinem
833 1093 930 1133 Regni
944 1093 1043 1124 nostri.

195 1145 214 1165 n
230 1145 326 1173 cujus,
377 1144 403 1165 c.

178 1210 269 1242 Teste
282 1210 365 1251 Rege
377 1210 452 1251 apud
467 1210 667 1250 Cantuariam,
685 1210 822 1243 vicesimo
835 1209 882 1241 die
891 1209 968 1249 Julii.

828 1287 881 1315 Per
894 1283 977 1324 t‘pfitm
988 1287 1094 1323 Regem.

191 1413 300 1445 Litera
321 1410 366 1444 ad
382 1411 496 1446 David
514 1415 622 1458 Regem
641 1414 741 1444 Scotia
752 1410 842 1457 fhper
861 1420 950 1454 5000
969 1410 1161 1442 Marcarum

587 1458 751 1506 fhlvendis.

116 1576 122 1582 ,
143 1545 361 1607 MAgnifico
377 1544 521 1584 Principi‚
538 1543 674 1576 Domino
688 1544 783 1576 David
797 1568 806 1584 ,
824 1544 902 1583 Regi
914 1544 1068 1575 Scotorum
1085 1542 1205 1581 Illustri,

238 1585 326 1616 Fratri
340 1584 438 1616 nostro
452 1583 594 1615 carissimo
611 1608 621 1623 ,
638 1583 794 1615 Edwardus
811 1607 820 1621 ,
840 1583 939 1614 eadem
953 1582 1058 1623 gratia,
1076 1583 1137 1613 &c.
1156 1582 1206 1612 Sa-

96 1617 102 1623 ’
125 1661 127 1664 ¹
141 1622 245 1662 lutem,
264 1624 297 1654 &
311 1623 347 1654 ad
360 1633 428 1654 vota
440 1622 578 1654 successus
593 1622 739 1661 prosperos
753 1633 786 1653 ac
802 1622 905 1652 felices.

126 1661 161 1683 ³..
181 1661 260 1692 Cum
275 1663 439 1700 mittamus,
455 1661 592 1691 dilectum
605 1660 753 1691 Clericum
767 1660 897 1691 nostrum
907 1683 916 1698 ‚
936 1658 1110 1697 Magistrum
1118 1658 1204 1690 Tho-

120 1730 124 1736 .
143 1709 219 1730 mam
243 1700 280 1731 de
301 1700 416 1732 Gai-ton
429 1724 439 1738 ,
456 1699 754 1731 Contrarotulatorem
767 1699 891 1737 Hospitii
905 1698 1012 1735 nostri,
1029 1697 1064 1728 ad
1080 1697 1204 1728 vestram

100 1754 119 1777 ,·
142 1739 316 1776 praesentiam
330 1764 340 1778 ,
358 1738 394 1770 ad
408 1738 601 1777 recipiendum
610 1762 619 1777 ,
637 1738 671 1768 ad
685 1748 757 1778 opus
769 1737 912 1775 nostrum,
931 1737 975 1766 illa
989 1737 1128 1774 Quinque
1140 1737 1204 1766 mil-

141 1778 178 1807 lia
193 1777 375 1816 Marcarum,
394 1787 458 1817 quae
475 1777 572 1815 nobis,
590 1777 617 1807 in
634 1776 746 1806 instanti
759 1775 845 1806 Festo
861 1775 1029 1805 Nativitatis
1043 1774 1139 1804 Saneti
1150 1775 1204 1814 Jo-

142 1816 241 1846 hannis
256 1815 404 1855 Baptistae,
422 1815 530 1846 solvere
548 1816 700 1851 tenemini,
714 1816 792 1853 juxta
806 1814 934 1844 formam
949 1812 1142 1850 Concordiae,
1161 1815 1204 1844 in-

141 1861 182 1884 ter
205 1854 290 1892 Nos,
309 1856 360 1892 80,
379 1855 466 1883 bonae
486 1855 649 1891 memoriae,
667 1853 832 1883 Dominum
854 1852 1019 1882 Robertum
1042 1850 1079 1881 de
1099 1850 1204 1893 Briiys,

141 1901 232 1931 nuper
258 1893 371 1931 Regem
392 1892 514 1929 Scoriae,
531 1891 647 1922 Patrem
667 1890 812 1930 vestrum,
830 1891 906 1921 initae
919 1891 953 1922 &
966 1889 1101 1929 firmatae,
1119 1891 1153 1922 &
1168 1891 1204 1922 :id

139 1930 283 1962 Denarios
297 1931 359 1961 illos
373 1929 407 1960 ad
425 1940 477 1960 nos
491 1931 588 1960 cariari
602 1930 782 1960 faciendum:

179 1968 423 2008 Magnificentiam
445 1967 566 1999 vestram
589 1970 757 2007 requirimus
777 1968 810 1999 &
823 1976 974 2007 rogamu8‚
992 1976 1127 2005 quatenus
1142 1967 1205 1999 De-

139 2008 231 2038 narios
247 2007 310 2038 illos
323 2007 442 2045 praefato
456 2006 573 2037 Clerico
586 2007 687 2038 nostro
707 2006 777 2037 solvi
792 2006 912 2044 faciatis,
928 2004 1075 2036 ducendos
1086 2005 1121 2036 ad
1135 2016 1204 2046 nos,

139 2055 225 2084 proiit
248 2047 274 2076 ei
295 2056 344 2086 per
365 2055 417 2076 nos
435 2045 476 2075 est
497 2045 673 2083 injunrstum,
692 2046 857 2083 recipientes
870 2045 906 2076 ab
922 2053 958 2073 eo
974 2044 1080 2073 Literas
1096 2044 1204 2076 nostras

138 2083 345 2122 Aequietantiae
361 2109 370 2123 ,
404 2084 619 2121 Receptionem
646 2084 732 2115 dietae
752 2085 880 2122 pecuniae
903 2081 1081 2114 testificantes
1095 2107 1105 2121 ,
1130 2093 1198 2122 quas

139 2123 222 2154 vobis
237 2123 376 2154 mittimus
389 2132 438 2164 per
451 2122 583 2154 eundem.

174 2198 251 2230 Data
264 2199 338 2240 apud
352 2199 474 2231 Roffien.
492 2199 629 2232 vicesimo
645 2209 746 2239 quarto
760 2199 807 2230 dic
816 2199 904 2239 Junii.

298 2336 454 2385 Johannis
469 2338 504 2373 de
518 2340 664 2372 Hanonia
680 2341 788 2372 Litera
803 2337 840 2371 de
859 2340 1034 2372 Attornato.

177 2421 277 2453 Ohans
296 2421 333 2453 de
347 2422 408 2462 Hay
425 2445 432 2452 ,
455 2433 474 2453 τι
487 2446 497 2460 ,
519 2423 593 2453 Sires
613 2422 649 2453 de
672 2422 848 2461 Beaumont,
865 2423 967 2453 faisons
979 2422 1069 2454 (avoir
1083 2433 1099 2453 a
1112 2431 1200 2463 touz,

190 2462 238 2499 qui
254 2471 326 2491 nous
339 2471 439 2491 avonis
451 2462 503 2491 mis
517 2461 551 2491 &
564 2460 708 2499 estaublis,
726 2470 862 2491 mettoms
876 2463 909 2492 &
926 2460 1135 2500 estaublissons,
1148 2473 1200 2500 pur

141 2507 231 2536 nous,
249 2500 282 2530 ὃ(
303 2509 340 2529 en
360 2499 456 2537 nolrn,
476 2499 563 2538 Dyne
586 2499 682 2529 Forset
717 2501 752 2531 &
774 2499 851 2529 Piers
871 2499 894 2530 B
912 2509 949 2530 ne
963 2523 972 2538 ,
993 2499 1099 2530 &leur
1113 2509 1201 2531 autres

141 2535 380 2578 Compaignons,
406 2537 566 2568 Marchanz
585 2537 622 2568 de
635 2537 659 2567 la
676 2521 870 2576 Compaignie
905 2548 920 2569 e
934 2537 959 2568 la
974 2536 1063 2568 Barde
1083 2538 1119 2569 de
1133 2538 1201 2571 Flo—

113 2595 119 2602 -
140 2576 265 2615 renche,
283 2575 452 2606 demorantz
467 2586 482 2606 a
499 2575 665 2615 Loundres,

176 2613 236 2645 Pur
259 2614 407 2645 rechevoir
429 2615 467 2644 les
486 2614 564 2644 mille
587 2613 691 2645 Marcz
713 2613 838 2645 esterlins
860 2614 897 2645 de
917 2614 1014 2646 Rente
1047 2616 1113 2654 qui,
1129 2625 1200 2647 nous

140 2652 220 2683 chers
241 2652 314 2683 Sires
329 2675 340 2692 ,
363 2653 381 2684 li
403 2652 476 2683 Rois
500 2652 691 2691 d’Engleterre
712 2663 784 2684 nous
803 2653 838 2683 ad
859 2653 935 2684 done
955 2653 1010 2684 che
1022 2664 1079 2684 cun
1100 2654 1165 2692 An,
1183 2665 1199 2685 a

139 2690 278 2730 prendre,
295 2691 359 2722 sour
371 2691 410 2722 les
428 2690 581 2721 Custumes
595 2690 631 2721 de
644 2691 668 2721 la
681 2691 756 2722 Ville
772 2691 808 2722 de
823 2691 991 2729 Loundres,
1008 2701 1042 2722 au
1057 2701 1148 2723 terme
1161 2692 1199 2723 de

138 2730 165 2760 la
178 2729 297 2769 Pasque,
315 2730 350 2761 &
362 2729 399 2760 de
414 2728 439 2760 la
454 2729 532 2760 Seint
550 2728 654 2759 Mikiel
670 2727 757 2761 suiant
771 2740 859 2768 apres:

176 2766 213 2798 Et
251 2778 283 2798 ur
298 2769 448 2799 rechevoir
462 2769 543 2806 auxi,
562 2767 685 2798 chescun
699 2768 746 2798 An
755 2792 764 2807 ‚
782 2769 821 2799 les
834 2776 900 2800 cent
916 2768 1060 2799 Marchies
1074 2768 1111 2800 de
1125 2770 1199 2801 Ter-

136 2815 169 2836 re
183 2816 199 2836 a
212 2805 229 2835 l’
258 2805 359 2836 strellin
395 2808 462 2844 qui,
480 2816 532 2836 nos
544 2806 624 2836 chers
638 2806 717 2845 Sire,
735 2807 754 2837 li
770 2807 843 2838 Rois
856 2807 980 2838 diffusdlt
989 2831 998 2845 ,
1011 2807 1088 2838 dona
1101 2818 1116 2838 a
1125 2809 1199 2839 Phe-

137 2843 250 2882 lippron
272 2843 330 2874 dou
352 2831 485 2882 Chastel,
503 2854 542 2874 no
563 2845 659 2882 valet,
683 2847 731 2876 cui
746 2845 821 2875 Diez
834 2846 951 2886 absolle,
968 2855 984 2876 a
999 2846 1120 2885 prendre
1135 2847 1198 2878 10111

136 2882 177 2912 les
192 2881 345 2913 Custumes
362 2882 398 2913 de
415 2882 563 2912 Loundres
578 2892 605 2913 as
617 2892 720 2914 termes
734 2884 880 2915 deffusdis:

176 2919 215 2951 Et
236 2921 272 2951 de
291 2929 368 2960 tant,
386 2921 435 2959 qui
456 2921 477 2950 li
492 2919 656 2951 Custumier
677 2921 712 2952 de
732 2922 881 2954 Loundres
901 2933 937 2953 en
956 2924 1085 2962 paieront
1105 2934 1133 2954 as
1153 2925 1196 2955 dis

139 2958 302 2989 Marchanz
316 2970 368 3000 pur
382 2969 472 2997 nous,
490 2959 524 2989 ὅ(
540 2969 575 2989 011
591 2970 651 2990 non
666 2959 725 2990 dou
739 2961 780 2992 dit
795 2961 967 2999 Phelippron
982 2987 992 3000 ,
1010 2972 1082 2993 nous
1095 2973 1148 2994 nos
1162 2974 1198 2994 en

137 3004 239 3028 tenoris
262 2997 331 3029 asols
352 2998 387 3029 &
409 3008 425 3028 a
446 2998 512 3027 bien
525 2998 622 3036 paiez,
640 2999 673 3029 &
687 3009 724 3028 en
740 3001 864 3037 quittons
879 3001 916 3030 les
930 3001 990 3031 ditz
1004 3000 1197 3041 Custumiers,

135 3036 172 3066 δε
190 3044 261 3067 touz
281 3037 377 3067 chiaus
391 3060 401 3074 ‚
425 3045 441 3065 a
461 3037 508 3066 cui
528 3037 690 3074 quittanche
702 3047 737 3067 en
751 3039 921 3077 appartient,
938 3048 1010 3070 touz
1024 3041 1144 3079 quitteS,
1163 3043 1197 3073 &

136 3074 177 3103 les
196 3073 288 3105 ferons
308 3076 411 3113 quitter
433 3073 469 3104 de
490 3082 549 3104 tant
572 3075 631 3112 quil
645 3085 680 3105 en
695 3077 820 3113 paieront
834 3087 887 3114 pur
900 3087 986 3116 110115,
1003 3078 1037 3109 &
1051 3089 1104 3117 pur
1119 3080 1144 3109 ie
1157 3079 1199 3111 dit

136 3110 218 3156 Plieli
239 3123 312 3151 pron
326 3136 336 3152 ,
362 3113 471 3143 enviers
498 3122 539 3142 no
566 3111 607 3144 dit
631 3113 708 3143 chier
736 3114 853 3152 Seignur
866 3139 875 3153 ,
897 3116 923 3146 le
944 3116 1003 3146 Roi
1017 3139 1027 3155 ,
1053 3118 1087 3147 &
1102 3126 1198 3155 portet

138 3150 224 3189 paism
237 3161 266 3181 es
370 3161 418 3189 par
433 3151 460 3181 le
471 3150 641 3189 Tiesmoign
655 3153 691 3183 de
705 3162 751 3183 ces
766 3153 856 3184 lettres
872 3154 980 3185 scellees
994 3154 1030 3186 de
1045 3165 1086 3185 no
1099 3156 1170 3187 Seel.

138 3265 144 3270 .
172 3225 274 3273 Donn.
294 3227 346 3257 l'an
366 3228 427 3258 mil,
444 3228 511 3273 trois
529 3238 596 3259 cens
611 3251 622 3268 2
639 3230 702 3261 vint
722 3230 756 3261 &
770 3230 845 3269 nies,
863 3230 890 3262 le
903 3230 1066 3273 Merquedy
1078 3243 1157 3272 apres
1170 3234 1197 3265 le

134 3274 199 3303 Jour
214 3266 292 3296 beint
301 3265 395 3304 johan
410 3266 541 3304 Baptiste.

321 3398 349 3426 'k
373 3402 468 3446 Super
486 3401 578 3433 Malo
598 3400 685 3445 Gesta
703 3404 836 3450 Epiftopi
852 3404 1024 3451 Offiarieffis.

137 3481 289 3551 RES)1<,
306 3483 413 3516 (111οἃ0
436 3485 555 3517 Clerico
575 3487 642 3526 suo,
661 3487 804 3528 Magistro
825 3488 988 3521 Willielmo
1005 3490 1041 3522 de
1055 3490 1201 3530 weston,

175 3548 177 3550 .
239 3533 253 3552 a
266 3531 352 3553 utem.

174 3559 389 3601 Transcriptum
403 3563 588 3599 quarumdam
604 3564 774 3596 Litterarum
786 3565 962 3605 nostrarum,

176 3597 255 3641 Qas
275 3598 409 3644 Domino
430 3601 553 3632 Summo
574 3602 730 3642 Pontifici,
754 3604 834 3641 super
855 3604 938 3636 Malo
953 3604 1046 3636 Gestu
1060 3605 1198 3636 Richardi

146 3632 312 3680 Qssorienlis
324 3637 471 3683 Episcopi,
491 3642 539 3678 qui
554 3642 640 3672 multa
647 3641 763 3680 Nobis,
783 3643 936 3681 &Populo
949 3643 1067 3683 nostro,
1084 3646 1114 3674 in
1123 3644 1200 3674 Ter-

143 3680 173 3700 ra
193 3672 338 3716 Hiberniae
352 3700 361 3714 ,
385 3678 579 3721 praejiidicialia
603 3682 636 3711 &
656 3681 811 3718 dampnosa
828 3690 993 3720 attemptare
1007 3706 1017 3721 ,
1035 3684 1199 3721 excogitatis

140 3706 357 3783 fflagffisssfnpon·
370 3718 494 3754 expavit,
513 3719 591 3748 sicuti
606 3728 656 3757 per
669 3719 886 3758 Transcriptum
902 3720 1071 3759 praedictum
1085 3720 1199 3759 potestis

235 3771 252 3791 ¹.
303 3761 375 3794 qefb

176 3782 266 3829 Vobis
280 3796 417 3830 mittimus
431 3792 611 3835 praesentibus
625 3796 804 3826 interclusum
814 3820 823 3835 ,
843 3798 876 3828 &
893 3797 1009 3828 Litteras
1024 3798 1096 3836 ilias,
1114 3797 1198 3829 simul

137 3830 207 3851 cum
226 3821 336 3864 Litteris
355 3827 455 3858 nostris
470 3853 479 3868 ,
505 3831 538 3860 δε
559 3833 910 3874 confimiliTranscripto,
930 3836 1089 3867 Venerabili
1104 3836 1198 3875 Patri,

137 3858 274 3902 Domino
288 3860 373 3904 Petro
389 3865 424 3893 de
436 3866 536 3897 Coelio
552 3869 676 3909 Monte,
691 3871 852 3904 Presbitero
860 3872 1005 3905 Cardinali
1039 3884 1091 3912 per
1105 3874 1197 3913 ipsum

136 3897 217 3952 (11ξῖ10
232 3897 505 3942 ,Domino-Summo
513 3906 645 3949 Pontifici
663 3910 881 3951 praesentandas,
900 3922 986 3952 prout
1001 3897 1053 3945 sibi
1067 3913 1100 3944 ὃ(
1115 3913 1198 3944 vobis

137 3933 272 3979 expedire
285 3937 445 3980 yidebitur,
462 3942 589 3975 duximus
603 3947 783 3978 destinandas.

149 4012 155 4017 ¹
176 3972 266 4020 Vobis
283 3983 365 4013 igitur
385 3978 567 4018 mandamus,
584 3983 700 4015 firmiter
718 3987 911 4026 injungentes,
929 3988 1026 4027 quod,
1045 3987 1139 4020 habita
1148 3988 1200 4020 de-

135 4010 301 4045 hberauorie
323 4021 390 4046 cum
405 4016 523 4053 praefato
538 4018 694 4063 Cardinali,
709 4026 769 4056 tarn
783 4026 862 4066 supet
877 4025 1095 4060 Praesentauone
1107 4027 1202 4060 Litte-

584 119 1387 169 CONVENTIONES,

1457 115 1844 167 LITERAE,

1243 215 1337 237 rarum
1353 204 1569 246 praedicfitarum,
1587 204 1675 242 quam
1690 202 1771 240 super
1784 202 1858 238 aliis,
1876 208 1941 238 quae
1961 197 1996 229 ad
2010 197 2208 245 repellendum
2224 199 2310 231 Maii-
2326 198 2402 229 Ann.
2417 199 2460 232 [λ

1243 246 1314 275 tiam
1327 245 1410 282 ipsius
1423 243 1557 281 Episcopi
1573 242 1636 272 fore
1650 242 1772 272 videritis
1794 247 1936 278 oportuna
1950 260 1960 276 ,
1985 237 2101 267 ulterius
2114 247 2262 277 negotium
2276 240 2309 269 il-
2347 247 2432 278 1329.

1244 283 1293 313 lud
1329 293 1384 321 pro
1404 282 1514 312 honore
1533 280 1633 311 nostro
1647 303 1657 317 ,
1684 280 1773 309 taliter
1790 278 1919 316 prosequi
1933 275 2078 313 studeatis,
2096 277 2176 313 quod
2187 277 2308 308 vestram
2325 279 2392 306 Edv.
2413 288 2440 314 3.

1245 305 1383 359 possimus
1398 321 1576 351 Fidelitatern
1592 321 1625 350 ὃς
1639 317 1830 354 Diligentiam
1845 317 1950 346 merito
1965 314 2177 344 commendare.

1283 359 1321 390 Et
1336 359 1405 390 Nos
1418 359 1454 390 de
1467 359 1537 396 hiis,
1553 368 1618 395 quae
1631 356 1696 386 inde
1711 356 1771 386 fieri
1785 355 1952 394 contigerit,
1969 362 2039 397 curn
2055 353 2137 382 omni
2151 352 2309 399 celeritate,

1245 397 1301 435 qua
1322 399 1448 437 poteritis
1461 420 1470 436 ,
1495 396 1668 433 certificetis,
1683 404 1730 433 iit,
1748 404 1799 432 per
1812 403 1864 425 vos
1878 392 2039 429 informati,
2058 390 2212 422 consultius
2226 394 2308 429 ipsius

1246 436 1369 467 Maiiriae
1384 437 1503 467 obviare
1516 435 1665 466 valeamus.

1281 512 1372 543 Teste
1387 494 1471 551 Rege
1484 510 1558 552 apud
1571 510 1702 548 Eltham,
1719 508 1861 540 tricesimo
1875 507 1922 538 die
1930 506 2016 546 Junii.

1244 653 1302 687 Ad
1328 655 1447 687 Ducem
1477 654 1637 685 Britanniae
1654 680 1664 695 ‚
1698 652 1735 686 de
1759 665 1815 686 non
1829 647 2031 698 attemptando
2045 660 2151 699 contra
2161 652 2304 697 formam

1599 700 1762 734 Concordia
1778 699 1955 735 Ambianis.

1245 786 1333 844 RE
1344 786 1393 824 X,
1408 785 1515 817 Nobili
1528 785 1620 824 Viro,
1638 784 1771 817 Domino
1892 786 1974 818 Duci
1985 788 2152 825 Britannias,
2171 784 2300 817 Consan-
2324 773 2454 809 ABR-D-

1243 863 1274 892 ἃ
1318 826 1424 863 guineo
1446 825 1496 855 suo
1517 823 1659 855 carissimo
1674 846 1685 863 ,
1710 824 1836 857 Salutem
1849 849 1860 863 ,
1883 828 1918 858 &
1936 826 2050 859 fincerae
2068 826 2224 857 dilectionis
2236 825 2306 856 affe-
2321 824 2430 893 A¹3239·

1277 873 1334 892 um.
2349 866 2372 884 ¹⁷·
2412 877 2419 884 ·

1280 900 1324 931 Ex
1344 901 1539 939 frequentibus
1560 899 1734 932 diversorum
1756 901 1953 935 Mercatorum
1974 905 2008 936 &
2028 903 2248 935 Marinariorum
2268 902 2306 933 de
2319 896 2350 919 E.
2370 903 2395 930 3·

1244 939 1350 979 Regno
1363 939 1461 969 nostro
1476 940 1609 977 querelis,
1626 939 1661 970 ad
1674 940 1805 971 nostrum
1820 944 1948 978 pervenit
1961 943 2090 975 auditum
2103 941 2184 982 quod
2192 940 2304 972 Homi-
2325 931 2411 968 Claus·
2430 942 2456 969 3·

1244 987 1292 1008 nes
1305 978 1339 1008 &
1353 977 1464 1008 Subdiu
1480 978 1581 1016 vestri,
2313 973 2358 1006 .Ε·
2378 981 2403 1006 3·
2417 979 2456 999 Μ·

1284 1016 1355 1046 Post
1368 1016 1618 1047 Reformationem
1634 1015 1812 1047 Concordiae
1833 1017 1908 1048 inter
1923 1019 2114 1060 Magnificum
2130 1019 2308 1059 Principem,
2327 1016 2374 1046 ¹3·
2388 1009 2415 1037 s·

1245 1054 1412 1085 Dominum
1435 1054 1578 1085 Karolum
1590 1078 1599 1093 ,
1619 1054 1734 1094 Regem
1749 1055 1874 1086 Franciae
1888 1056 2045 1097 Illustrem,
2063 1060 2096 1089 &
2111 1058 2198 1097 Nos,
2217 1068 2306 1096 nuper

1246 1093 1345 1132 factae,
1363 1093 1397 1124 &
1421 1092 1661 1124 proclamationes
1709 1093 1769 1124 tam
1789 1102 1823 1123 ex
1844 1104 1920 1132 parte
1942 1096 2022 1133 ipfius
2045 1095 2132 1135 Reg‘is
2147 1106 2196 1134 per
2210 1105 2308 1128 toturn

1246 1131 1387 1170 Regnum
1406 1131 1503 1171 suum,
1522 1133 1610 1171 quam
1623 1116 1719 1162 11011111
1734 1141 1784 1169 per
1798 1139 1893 1164 totum
1911 1133 2048 1178 Regnum
2062 1134 2209 1173 nostrum,
2227 1135 2309 1173 quod

1246 1180 1347 1201 omnes
1368 1171 1546 1201 Mercatores
1567 1172 1599 1201 ὅ(
1621 1171 1681 1210 alii,
1701 1180 1770 1200 cum
1793 1169 1996 1203 Mercimoniis
2009 1196 2019 1212 ,
2041 1172 2157 1210 Rebus,
2174 1174 2207 1205 &
2221 1173 2308 1204 Bonis

1246 1209 1316 1247 suis,
1335 1209 1402 1240 hinc
1421 1209 1507 1249 inde,
1525 1209 1603 1240 salvi>
1623 1210 1656 1240 &
1671 1209 1768 1240 secure
1780 1211 1924 1248 venirent,
1941 1213 1974 1242 ὃς
1989 1211 2177 1242 Mercandisas
2190 1212 2224 1242 &
2238 1212 2273 1243 N
2276 1223 2306 1243 e-

1246 1249 1326 1287 gotia
1339 1247 1383 1278 sua
1399 1256 1561 1279 exercerent
1575 1247 1678 1286 absque
1691 1247 1796 1278 Caium
1819 1249 1863 1279 nia
1878 1249 1924 1279 seu
1939 1250 2061 1288 Aresto,

1283 1287 1474 1324 Qamplures
1491 1286 1668 1317 Mercatores
1677 1309 1687 1326 ,
1703 1286 1740 1317 de
1754 1296 1790 1317 eo
1812 1297 1858 1317 em
1871 1287 1978 1327 Regno
1991 1288 2108 1326 nostro,
2124 1288 2153 1318 in
2165 1288 2306 1320 transeun-

1246 1323 1286 1354 do
1300 1334 1349 1363 per
1366 1324 1467 1363 Mare,
1487 1325 1577 1356 versus
1591 1334 1679 1364 partes
1692 1324 1825 1356 Ducatfis
1839 1325 1926 1357 nostri
1942 1327 2087 1365 praediffl,
2101 1326 2135 1357 δε
2148 1327 2249 1357 exinde
2264 1337 2310 1359 re·-

1244 1362 1359 1394 deundo
1374 1387 1384 1402 ,
1410 1363 1568 1395 voluntarie
1582 1388 1591 1401 ,
1615 1364 1649 1394 &
1668 1363 1772 1402 absque
1791 1364 1874 1396 causa
1887 1366 2060 1404 rationabili,
2077 1364 2179 1403 pluries
2192 1364 2305 1396 arestari

1248 1401 1392 1441 fecerunt,
1410 1411 1505 1441 graves
1521 1403 1558 1433 ab
1571 1404 1608 1432 eis
1625 1402 1850 1440 Redemptiones
1869 1414 1924 1444 pro
1937 1404 2141 1435 deliberatione
2153 1402 2200 1433 sua
2212 1412 2308 1434 011101-

1245 1440 1362 1478 quendo
1375 1463 1385 1480 ,
1408 1442 1441 1472 ὃς
1463 1441 1555 1471 adhuc
1575 1441 1663 1471 indies
1676 1441 1832 1472 consimilia
1845 1450 2012 1482 attemptare
2025 1443 2193 1482 praesumant
2206 1451 2309 1474 contra.

1245 1480 1370 1510 formam
1385 1478 1561 1510 Concordiae
1575 1479 1758 1519 supraditstae3

1282 1517 1332 1549 De
1355 1528 1413 1556 quo
1433 1528 1493 1549 non
1515 1519 1650 1549 inmerito
1670 1528 1898 1550 commovemur
1911 1542 1921 1558 ,
1944 1520 2097 1559 praesertim
2121 1521 2192 1551 ciim
2207 1542 2217 1558 ,
2234 1520 2307 1550 inter

1244 1557 1395 1594 praelatum
1410 1556 1524 1597 Regem
1539 1557 1573 1588 ὃς
1586 1556 1673 1596 Nos,
1691 1557 1801 1596 fuisset,
1816 1558 1887 1588 ficut
1899 1568 1952 1590 vos
1966 1560 2051 1590 latere
2065 1569 2125 1589 non
2148 1559 2308 1596 credimus,

1244 1596 1316 1625 inter
1328 1595 1378 1625 alia
1387 1618 1395 1634 ,
1410 1594 1632 1627 Concordatum
1645 1595 1726 1635 quod
1741 1605 1827 1627 certae
1849 1596 1974 1635 personae
1988 1621 1997 1636 ,
2015 1598 2182 1629 sufficientes
2196 1597 2229 1627 &
2244 1596 2309 1627 ido-

1244 1644 1306 1664 neae
1320 1657 1330 1671 ,
1356 1634 1414 1664 tam
1436 1644 1470 1665 ex
1492 1642 1568 1673 parte
1588 1634 1652 1674 sua,
1671 1635 1758 1673 quam
1780 1644 1815 1665 ex
1836 1643 1913 1673 parte
1926 1636 2040 1675 nostra,
2059 1635 2256 1675 assignarentur
2271 1634 2308 1666 ad

1244 1671 1445 1711 inquirendum
1466 1673 1545 1711 super
1566 1673 1707 1712 Dampnis
1752 1673 1820 1703 datis
1839 1673 1919 1712 supra
1942 1675 2026 1706 Mare
2042 1675 2111 1705 hinc
2123 1675 2156 1705 &
2171 1674 2257 1712 ind'e,
2272 1675 2308 1706 δε

1243 1710 1277 1741 ad
1294 1711 1417 1741 celerem
1435 1711 1578 1750 Justitiam
1597 1696 1798 1750 dampnificatis
1820 1712 1982 1744 faciendum
1998 1726 2008 1752 ·,
2027 1713 2106 1752 quod
2117 1714 2176 1752 jam
2188 1713 2307 1743 inchoa-

1244 1757 1305 1779 tum
1327 1749 1369 1780 est
1389 1749 1450 1780 fieri
1469 1760 1538 1781 cum
1557 1749 1663 1781 effenu
1677 1774 1687 1789 ,
1704 1751 1738 1782 ὅ(
1754 1750 1848 1782 forma
1861 1750 2049 1791 assignationis
2062 1750 2223 1790 hujusmodi
2235 1761 2309 1789 conf

1243 1787 1357 1818 cordata
1370 1787 1438 1818 hinc
1453 1789 1487 1820 &
1502 1789 1578 1819 inde.

1281 1826 1484 1866 Qamobrem
1497 1827 1693 1858 Dilectionem
1706 1827 1828 1859 vestram
1843 1838 1977 1868 rogamus
1990 1830 2024 1861 &
2039 1830 2207 1868 requirimus
2221 1837 2256 1860 ex
2262 1829 2306 1860 af-

1243 1864 1338 1902 fectu,
1357 1866 1494 1903 quatenus
1514 1865 1660 1896 Homines
1680 1867 1714 1898 &
1739 1867 1873 1899 Subditos
1896 1868 2003 1899 vestros
2042 1868 2173 1898 raedietos
2185 1892 2196 1906 ,
2219 1876 2250 1898 ut
2268 1867 2308 1898 ab

1243 1903 1403 1942 hujusmodi
1425 1904 1533 1942 Injuriis
1555 1904 1590 1935 ὃ(
1611 1903 1830 1936 Gravaminibus
1845 1929 1855 1945 ,
1887 1907 1990 1937 nostris
2033 1906 2134 1937 ubditis
2155 1905 2308 1943 faciendis,

1214 1958 1221 1964 ·
1243 1943 1366 1973 omnino
1380 1941 1526 1981 desistant,
1539 1943 1579 1987 .&
1593 1953 1641 1981 ea,
1660 1952 1726 1987 quae
1739 1953 1788 1983 per
1800 1944 1889 1984 ipsos,
1907 1953 2006 1976 contra
2025 1946 2148 1977 formam
2170 1943 2309 1975 Concor-

1243 1980 1298 2011 diae
1320 1980 1482 2049 prffdisstae,
1501 1981 1588 2013 taliter
1602 1981 1704 2013 fuerint
1718 1990 1800 2023 capta
1812 1982 1857 2013 seu
1870 1991 2027 2022 occupata,
2043 1983 2139 2014 debite
2153 1982 2310 2021 restituant,

1244 2028 1462 2098 coffilliibeaiiise’s,
1481 2058 1501 2089 fi
1524 2059 1633 2098 placet,
1651 2060 1690 2089 ne
1704 2058 1931 2098 Mercatoribus,
1949 2059 1994 2090 seu
2008 2059 2065 2090 aliis
2079 2058 2115 2090 de
2129 2058 2240 2096 Regno
2254 2068 2310 2088 no·-

1242 2095 1320 2166 Ῑὲω,
1339 2096 1373 2127 ad
1385 2097 1449 2128 loca
1465 2097 1600 2129 Dominii
1612 2097 1696 2130 vestri
1707 2097 1925 2137 declinantibus,
1943 2098 2114 2137 Dampnum
2127 2097 2248 2129 inferant
2261 2098 2308 2128 seu

1277 2145 1456 2213 Ἔῖῗῐῃίῗηᾷυἰ
1476 2184 1510 2205 ex
1525 2175 1668 2206 Gentibus
1691 2174 1789 2207 vestris
1804 2175 1842 2206 de
1856 2175 2014 2215 Dampnis,
2032 2175 2083 2206 fibi
2120 2185 2149 2205 er
2159 2174 2308 2205 Homines

1241 2211 1278 2243 de
1293 2212 1434 2244 Potestate
1450 2213 1545 2244 nostra
1557 2215 1629 2252 latis,
1647 2215 1787 2253 conqueri
1801 2213 1961 2253 voluerint,
1973 2223 2073 2245 coram
2107 2213 2249 2252 udicibus‚
2268 2213 2307 2244 fic

1241 2250 1422 2291 affignandis,
1439 2252 1591 2290 accedant,
1611 2253 1748 2292 Qierelas
1762 2253 1820 2283 suas
1835 2253 2003 2292 exposituri,
2028 2253 2063 2283 &
2076 2251 2218 2290 justitiam
2232 2251 2308 2282 cele-

1242 2300 1304 2320 rem
1324 2292 1464 2328 recepturi
1485 2291 1639 2322 secundum
1658 2291 1782 2322 formam
1807 2291 1842 2322 &
1861 2291 1999 2323 effestum
2021 2290 2195 2322 Corcordiae
2211 2290 2307 2329 supra-

1241 2328 1336 2359 di&ae.

1279 2368 1298 2387 '¹‘
1307 2367 1414 2415 Taliter
1425 2377 1522 2412 autem
1536 2368 1614 2413 1111110
1628 2367 1779 2413 Rogaturn
1795 2367 1926 2413 nostrum
1941 2367 2072 2412 exaudire
2085 2368 2174 2412 velitis
2188 2369 2216 2412 in
2233 2365 2305 2397 effe*
2323 2386 2344 2407 ⁸
2361 2389 2417 2416 IV..

1240 2405 1290 2436 &u
1299 2430 1308 2444 ,
1327 2405 1409 2444 quod
1423 2416 1452 2436 iii
1468 2406 1600 2438 reeidivae
1614 2405 1817 2438 Contentionis
1829 2406 1969 2445 dispendia
1983 2407 2138 2438 nullatenus
2151 2405 2304 2443 incidatur,
2407 2409 2415 2417 ⁹

1242 2446 1276 2513 li&
1297 2444 1549 2513 quodspraefatum
1570 2445 1737 2476 Dominum
1757 2445 1872 2485 Regem
1889 2455 1950 2476 non
1971 2445 2004 2476 fit
2025 2455 2098 2483 opus
2113 2444 2250 2474 solicitare
2263 2444 2304 2473 ob
2327 2435 2393 2464 399·

1263 2493 1318 2552 aflet
1326 2493 1442 2560 ,cztiiiadn
1443 2507 1510 2553 inde
1533 2522 1665 2554 duxeritis
1686 2521 1849 2554 faciendum
1866 2546 1876 2560 ,
1894 2522 1976 2552 nobis
1989 2520 2138 2552 rescribere
2149 2519 2239 2551 velitis
2253 2530 2303 2559 per

1240 2560 1420 2598 praesentium
1433 2559 1619 2591 Portitorem.

1279 2636 1355 2668 Data
1367 2636 1440 2674 apud
1454 2636 1625 2676 Windsore,
1643 2636 1780 2668 vicefimo
1795 2645 1875 2667 nono
1890 2635 1937 2666 die
1949 2635 2026 2676 julii.

1472 2767 1532 2801 Ad
1552 2771 1661 2816 Regem
1677 2769 1836 2814 Aragoniae
1852 2767 1889 2801 de
1907 2767 2074 2802 Credentia.

1242 2851 1460 2914 SEreniffimo
1476 2852 1620 2893 Principi,
1638 2852 1774 2885 Domino
1941 2853 2000 2885 Dei
2019 2853 2123 2894 gratia,
2141 2852 2219 2892 Regi
2233 2852 2305 2884 Ara-
2323 2850 2399 2882 Ann.
2414 2851 2458 2889 D.

1302 2894 1399 2929 goniae
1414 2892 1517 2922 Illustri
1527 2917 1536 2930 ,
1554 2892 1727 2931 Edwardus,
1744 2893 1843 2923 eadem
1856 2892 1960 2932 gratia,
1976 2893 2037 2924 &c.
2053 2893 2179 2924 Salutem
2191 2893 2225 2924 ὃς
2244 2892 2305 2922 suc·
2346 2900 2429 2929 1329.

1240 2930 1346 2970 cessus,
1364 2931 1398 2961 ad
1412 2939 1476 2962 vota
1485 2954 1495 2970 ,
1513 2932 1622 2970 semper
1636 2931 1782 2970 prosperos
1796 2932 1830 2962 &
1846 2931 1969 2962 foelices.
2322 2932 2375 2957 Aa·
2396 2939 2424 2966 3-

1280 2968 1429 3000 Accedens
1445 2969 1479 3000 ad
1494 2980 1562 3008 nos,
1582 2970 1701 3000 Nobilis
1716 2970 1784 3008 Vir,
1800 2970 1901 3007 Fidelis
1914 2969 2023 3008 vester,
2035 2967 2221 3008 Reymundus
2229 2967 2306 2999 Cor·
2324 2972 2354 2995 E·
2378 2977 2404 3004 3.

1240 3007 1320 3046 nelii,
1339 3008 1442 3039 cunCta
1457 3018 1541 3046 penes
1555 3019 1608 3039 vos
1619 3009 1752 3048 prospere
1765 3010 1846 3048 dirigi
1860 3009 1945 3039 nobis
1957 3007 2083 3039 seriosius
2096 3007 2242 3037 nunciavit
2255 3007 2302 3044 (de
2321 3006 2386 3035 Ibid-

1262 3056 1300 3077 uo
1316 3047 1399 3077 laetati
1415 3047 1530 3085 fuimus)
1545 3047 1728 3078 desiderantes
1744 3057 1777 3078 ex
1789 3047 1877 3078 corde
1890 3047 1927 3077 de
1940 3045 2136 3077 incolumitate
2151 3044 2237 3076 status
2253 3056 2303 3078 ve-

1241 3087 1252 3115 1
1267 3086 1288 3115 ri
1301 3085 1441 3122 jocundos
1454 3085 1616 3124 frequenter
1631 3086 1726 3116 audire
1738 3095 1876 3116 rumores.

1278 3122 1316 3154 Et
1329 3123 1558 3162 Magnificentiae
1570 3125 1671 3156 vestrae
1684 3123 1816 3155 duximus
1828 3121 2017 3153 intimandum
2026 3145 2036 3161 ,
2054 3122 2133 3160 quod
2149 3132 2235 3161 penes
2249 3133 2303 3154 nos

1240 3162 1275 3192 &
1288 3162 1418 3201 nostros,
1437 3170 1568 3201 tempore
1581 3163 1655 3193 datae
1669 3162 1865 3199 praesentium,
1884 3161 2053 3198 providente
2065 3161 2217 3201 Domino,
2234 3172 2304 3202 pro-

1241 3201 1318 3238 spere
1341 3202 1474 3240 agebatur
1487 3224 1496 3240 ,
1521 3201 1590 3232 sicut
1610 3200 1739 3238 praefatus
1763 3198 1953 3238 Reymundus
1974 3199 2058 3230 vobis
2080 3200 2185 3231 referre
2198 3201 2304 3239 poterit

1240 3239 1349 3277 plenius
1361 3250 1413 3270 ore
1426 3248 1515 3269 tenus.

1279 3276 1315 3307 Et
1331 3278 1396 3314 quia
1407 3277 1484 3308 idem
1499 3275 1687 3316 Reymundus
1702 3275 1806 3307 nostrae
1822 3276 1937 3307 Domui
1949 3276 2071 3316 Regiae,
2089 3277 2158 3309 ficut
2173 3287 2227 3316 pro
2240 3287 2304 3309 cer-

1241 3323 1273 3344 to
1287 3314 1456 3353 didicimus,
1473 3316 1581 3351 semper
1597 3315 1732 3346 haetenus
1744 3315 1891 3346 benivolus
1906 3316 2011 3354 exritit,
2029 3317 2063 3347 &
2079 3325 2185 3354 paratus
2200 3317 2253 3347 fuit
2273 3317 2304 3346 in

1242 3353 1480 3390 oportunitatibus
1500 3352 1653 3384 efficaciter
1668 3353 1824 3391 deservire,
1843 3352 1933 3391 ipsum
1947 3353 1983 3384 de
2000 3353 2139 3385 Concilio
2154 3354 2254 3385 nostro
2268 3354 2302 3384 &

1241 3391 1422 3422 familiaritate
1436 3391 1532 3422 nostra
1547 3392 1630 3429 (saiva
1649 3391 1758 3430 semper
1770 3391 1899 3423 fidelitate
1912 3392 1969 3430 qua
1982 3393 2064 3423 vobis
2078 3392 2245 3432 astringitur)
2261 3399 2306 3420 re-

1241 3430 1375 3460 tinuimus
1388 3453 1399 3469 ,
1425 3431 1507 3460 certis
1530 3430 1580 3460 fibi
1603 3430 1754 3468 Stipendiis
1776 3429 1936 3462 constitutis
1949 3454 1959 3470 ,
1979 3432 2061 3469 eique
2074 3432 2153 3470 super
2167 3428 2304 3467 aliquibus

1242 3469 1400 3505 aperuimus
1421 3470 1525 3500 secreta
1545 3468 1639 3499 cordis
1661 3468 1768 3507 nostri,
1785 3470 1867 3499 vobis
1879 3479 1929 3509 per
1943 3469 2065 3500 eundern
2078 3468 2201 3500 seriosnis
2213 3475 2302 3509 cirpe—

1242 3506 1352 3544 nenda,
1370 3506 1448 3546 Cui,
1463 3507 1483 3536 fi
1496 3507 1588 3546 placet
1601 3531 1610 3545 ,
1628 3507 1709 3544 super
1723 3508 1789 3546 hiis,
1804 3507 1890 3538 fidem
1905 3508 2034 3546 praebere
2047 3508 2135 3539 velitis
2147 3504 2302 3541 indubiam,

1242 3544 1396 3613 {obisque
1408 3570 1418 3584 ,
1444 3546 1515 3577 curn
1535 3554 1713 3584 oportunum
1735 3546 1861 3578 videritis
1874 3570 1885 3585 ,
1910 3546 1976 3577 inde
1998 3545 2146 3577 rescribere
2166 3541 2239 3574 velle
2252 3551 2303 3574 ve-

1271 3593 1342 3614 rum.
2004 3590 2009 3593 “

1282 3657 1357 3691 Data
1371 3660 1445 3698 apud
1460 3659 1659 3699 wyndesore‚
1676 3660 1815 3693 vicesimo
1829 3670 1911 3692 nono
1922 3658 2052 3698 dieJulii.

1433 3792 1594 3839 Ejusmodi
1609 3795 1716 3828 Litera
1729 3793 1774 3827 ad
1786 3795 1933 3840 Reginam
1950 3791 2121 3837 Aragoniae.

1245 3875 1470 3936 SEreniffimae
1482 3877 1636 3917 Dominae,
1655 3878 1795 3911 Dominae
1809 3876 1971 3913 Leonorae,
1988 3873 2047 3904 Dei
2061 3872 2165 3912 gratia,
2181 3872 2209 3917 R
2249 3874 2302 3905 inae
2320 3890 2386 3921 An„
2409 3889 2443 3920 D

1305 3914 1474 3956 Aragoniae,
1492 3915 1723 3955 Consanguineae
1739 3915 1795 3946 suae
1809 3913 1972 3950 cariffimae‚
1989 3911 2163 3950 EdeffdUS,
2180 3921 2224 3951 eiu
2236 3912 2303 3944 dem
2341 3913 2415 3968 13²:9
2444 3912 2451 3920 ⁸

1244 3953 1348 3992 gratia,
1366 3955 1427 3985 &c-
1446 3954 1618 3987 Salutem&
1634 3955 1763 3991 frances,
1783 3952 1890 3990 semper
1903 3949 1938 3981 ad
1951 3957 2034 3994 VQtfia
2052 3949 2199 3995 su‘fcessus*
2319 3971 2371 3996 An.
2390 3950 2426 4005 3:

1284 3989 1334 4021 De
1348 3992 1543 4024 incolumitate
1556 3994 1590 4025 &
1624 3994 1783 4030 rosperitate
1797 3988 1891 4020 Statfis
1904 3987 1989 4020 vestri
2024 3989 2105 4019 nobis
2120 3999 2185 4028 per,
2203 3988 2306 4020 Nobi-
2324 4009 2345 4034 Ε
2371 4014 2385 4042 3

1245 4028 1304 4061 lem
1315 4027 1438 4070 virum,
1455 4030 1594 4070 Reymun
1615 4039 1665 4063 um
1677 4028 1809 4062 Cornelii
1823 4025 1974 4060 certitudin
2002 4028 2006 4033 '
2022 4036 2051 4059 er
2065 4028 2308 4096 nunciatis2gihan-
2328 4025 2399 4073 lb‘fflj

2269 4073 2317 4097 em
2385 4077 2395 4080 '
