2562 4279
659 143 770 188 ET
853 142 1120 186 ACTA
1207 143 1679 195 PUBLICA.

0 236 64 268 Anu.
80 232 120 263 D.
137 232 286 272 burdeare,
316 232 400 272 justas
413 230 666 272 facere,aventuras
680 239 819 270 quaerere,
836 230 882 261 seu
896 230 948 261 alia
958 228 1030 259 fadia
1045 226 1200 259 Armorum

12 282 93 313 1320.
136 281 280 303 excercere
294 273 452 312 praesumat,
471 273 526 302 fine
535 270 649 302 licentia
663 269 758 300 nostra
771 269 887 306 speciali.
1065 305 1070 310 .
1174 305 1179 311 ’

0 314 57 341 Edv.
77 320 103 338 2.
176 309 228 348 Et,
246 310 266 340 si
280 311 344 349 qui,
400 310 423 341 st
447 309 701 340 proclamationem
715 330 726 345 ,
750 308 784 338 &
802 306 1002 337 Inhibitionem
1023 304 1197 343 hujusmodi,

139 349 212 386 apud
225 348 329 379 dietam
374 349 448 379 illam
460 347 504 378 seu
518 347 582 377 alibi
595 347 624 375 in
638 345 741 376 Balliva
757 345 823 383 tua,
840 344 930 383 aliqua
949 344 1023 374 faita
1038 341 1195 385 Armorum

141 396 268 417 exercere
281 386 519 424 praesumpserint,
534 393 600 415 tunc
615 393 714 417 omnes
729 383 803 421 illos,
820 383 853 413 &
869 381 990 418 singulos
1007 389 1105 410 eorum
1140 383 1196 410 nne

141 424 291 463 dilatione,
308 434 355 462 per
366 434 465 455 eorum
481 422 609 460 Corpora
621 443 630 460 ,
649 421 809 464 Equos,.&
824 419 956 450 Hernesia
972 415 1086 462 arestes,
1102 402 1136 448 ἐξ
1153 420 1197 456 ip-·

141 462 183 492 sos
194 464 222 492 in
239 462 350 493 Prisona
363 461 456 492 nostra
466 461 541 491 salvo
565 459 695 490 custodiri
717 459 800 489 facias
814 481 823 496 ,
848 457 988 499 quousque
1001 456 1080 500 aliud.
1095 455 1162 486 inde
1182 466 1198 486 a

143 501 225 530 nobis
238 500 361 530 habueris
374 501 402 529 in
416 498 562 536 mandatis,
580 498 692 535 sumpto
705 498 740 528 ad
755 497 812 526 hoc
823 518 833 534 ,
851 498 870 526 ii
884 495 996 526 necesse
1011 494 1107 532 fuerit,
1123 494 1201 524 iuffi-

145 540 233 569 cienti
247 537 324 575 posse
337 535 496 567 Comitatus
507 537 561 566 tui:

180 576 217 606 Et
235 580 271 606 de
287 585 337 612 eo,
354 575 431 613 quod
446 574 513 604 inde
527 574 641 611 feceris,
658 582 770 602 necnon
778 571 812 601 de
825 571 989 601 nominibus
1003 580 1201 608 eorum,quos

146 613 184 644 sic
198 613 369 650 arestaveri's,
384 622 435 642 nos
449 613 498 642 sub
511 611 599 649 figillo
612 619 662 640 tuo
676 610 806 640 distinete
822 610 854 640 δε
871 618 961 646 aperte
984 610 1078 639 reddas
1099 610 1202 638 certio-

146 662 199 682 res:
219 651 254 681 Et
268 651 341 688 hoc,
355 650 424 681 ficut
439 649 556 687 teipsum
570 648 753 688 indempnem
767 647 874 678 servare
885 647 1024 685 volueris,
1041 646 1118 677 nullo
1135 656 1200 676 mo-

146 690 185 720 do
199 690 315 718 omittas.

182 725 269 758 Teste
289 725 372 763 Rege
388 725 461 764 apud
480 723 782 763 Westmonasterium,
799 722 917 762 septimo
935 724 981 754 die
993 723 1079 762 Junii.

824 806 877 834 Per
894 804 974 842 ipfitm
993 806 1097 841 Regem.

2215 163 2296 202 199

1237 232 1426 264 attachiandos
1439 232 1547 278 ulterius
1560 238 1728 277 procedant,
1747 238 1780 269 &
1794 237 1865 276 ipsos
1881 238 1994 276 puniant
2012 227 2166 267 secundum
2181 228 2295 274 Legem
2319 224 2394 259 Asm-
2408 224 2451 262 D,-

1237 271 1270 300 &
1283 269 1523 303 Consuetudinem
1537 275 1634 312 Regni
1650 276 1744 306 nostri.
2336 275 2418 305 1320*

1272 307 1361 339 Teste
1375 309 1458 347 Rege
1471 312 1543 349 apud
1558 313 1730 345 Dovorriam
1739 337 1749 353 ,
1766 313 1880 344 decimo
1894 313 1999 344 odiavo
2013 312 2059 343 die
2070 307 2158 351 Junii.
2314 309 2381 332 Ην·
2402 314 2429 330 Μ

1704 386 1758 419 Per
1774 390 1855 429 ipsum
1870 392 1966 428 Regem
1982 387 2020 424 ὠ
2041 388 2190 419 concilium.

1293 458 1402 491 Eodem
1416 462 1506 493 modo
1520 462 1647 495 scribitur
1660 463 1771 502 singulis
1785 464 2011 496 Vicecomitibus
2031 475 2079 503 per
2095 464 2238 502 Angliam„

1239 585 1288 616 De
1301 586 1536 620 Proclama-tione
1553 600 1587 621 ne
1603 592 1669 634 quis
1686 600 1823 621 armatus
1839 586 1958 623 accedat
1981 603 2081 623 coram
2096 589 2297 636 Justiciariis.

1239 669 1382 722 REX,
1402 671 1510 702 diiecris
1523 673 1555 703 sc
1571 671 1697 703 fidelibus
1710 673 1759 703 suis
1773 696 1783 710 ,
1801 672 1961 710 Justiciariis
1975 675 2041 713 suis,
2066 676 2100 706 aa
2116 674 2230 713 Affisas,
2247 673 2297 713 Ju-
2320 660 2394 693 Arm·
2407 654 2450 690 D*

1311 718 1393 748 rataS,
1411 711 1445 740 &
1461 710 1679 741 Certificationes
1693 713 1722 740 in
1744 710 1890 742 Comitatu
1905 711 2031 742 Eborum
2053 713 2195 751 capiendas
2215 713 2298 750 affig-
2340 709 2425 739 ¹3²0·

1239 749 1327 786 natis,
1344 747 1466 778 salutern.
2318 742 2371 765 An.
2392 747 2433 774 13„

1279 786 1399 825 Regiam
1411 787 1491 817 decet
1509 785 1684 824 Majestatem
1699 785 1824 824 Pacem,
1841 787 1918 824 cujus
1933 788 2134 819 conservatores
2149 790 2181 820 &
2197 799 2299 820 execu-
2322 781 2352 803 E.
2368 785 2394 802 2‘
2421 815 2426 820 .
2451 816 2453 820 .

1239 832 1311 855 tores
1324 824 1476 862 praecipui,
1494 824 1641 864 Regimini
1657 823 1872 854 provinciarum
1896 824 2072 856 Praeiidentes
2086 852 2095 865 ,
2118 838 2173 864 prae
2195 829 2301 858 caeteris
2320 818 2360 841 Ex
2380 818 2452 858 OQ*

1240 864 1278 893 eis
1290 863 1536 901 incumbentibus,
1553 863 1612 894 sunt
1628 874 1642 892 a
1658 862 1791 892 Domino
1807 861 1947 892 constituti
1963 886 1973 900 ,
1998 864 2033 893 sic
2051 866 2078 893 in
2094 866 2142 895 suis
2158 866 2295 895 Ministris
2317 860 2345 890 P·
2363 860 2452 878 '‘⁷²¹⁰“

1180 935 1190 943 -
1239 902 1274 932 &
1289 900 1410 932 Subditis
1423 901 1602 939 conservare,
1622 900 1698 939 quod
1715 900 1834 938 ipsorum
1847 900 2014 943 tranquilitas
2026 903 2058 931 &
2072 905 2175 940 requies
2190 904 2301 934 uberius
2321 900 2358 918 ⁷⁷¹·
2378 899 2405 916 ²·

188 949 350 981 Renovatio
369 945 535 979 Condut'lns
548 957 602 992 pro
621 950 697 994 Rege
710 973 720 989 ‚
744 950 775 979 in
792 949 955 980 franciam
967 946 1146 993 profeffnro.

0 1038 68 1071 Ann.
82 1036 124 1068 D.

14 1086 97 1117 13²0.

0 1119 44 1144 An.
64 1124 106 1151 ¹3·

0 1159 60 1182 Ea..

0 1190 80 1224 Claus.

0 1238 41 1266 13.
55 1232 119 1255 ΕΑ..

0 1266 100 1303 m.7.d.

142 1029 285 1094 PHfflp,
302 1040 351 1068 par
365 1030 389 1062 la
402 1040 484 1075 grace
497 1031 532 1062 de
546 1031 623 1062 Dieu
635 1054 644 1070 ,
660 1031 732 1062 Rois
752 1031 788 1062 de
810 1031 934 1070 France,
953 1032 987 1062 &
1001 1031 1037 1061 de
1052 1030 1203 1067 Navarre,

206 1079 223 1099 a
236 1077 304 1099 touz
318 1079 369 1099 nos
380 1069 524 1108 Justiciers
538 1071 571 1102 ὃς
584 1070 718 1109 Subgez,
734 1081 782 1101 aus
802 1070 879 1109 quels
900 1080 946 1100 ces
966 1069 1101 1108 presentes
1117 1069 1205 1099 lettres

143 1114 277 1175 veggffig
290 1106 385 1176 gagatie
392 1145 541 1177 Treschier
549 1145 619 1177 frere
625 1145 771 1184 Edewait,
788 1146 860 1177 Rois
866 1145 1075 1183 d‘Engleterre,
1091 1143 1202 1176 &Duc

140 1181 176 1214 de
191 1183 360 1223 Aquitaine,
376 1192 470 1215 entent
482 1195 498 1216 a
518 1186 595 1215 venir
611 1196 626 1215 a
646 1195 717 1216 nous
729 1207 740 1223 ,
764 1183 823 1219 &c.
838 1192 920 1223 prout
940 1183 1025 1224 fitpra
1047 1184 1080 1213 a'e
1095 1183 1155 1213 dat.
1178 1191 1204 1212 1.

143 1224 180 1252 A
195 1232 218 1251 r.
238 1222 317 1262 usque
331 1222 387 1252 haec
402 1222 506 1261 verba,
523 1221 581 1258 ἀνι.

237 1261 374 1330 ῑείιῖιοὲξῐει
383 1260 445 1330 gen
436 1261 474 1330 12⁵
476 1261 568 1300 quelle
582 1259 680 1299 chose,
698 1270 769 1292 nous
783 1270 869 1291 avons
878 1259 926 1291 fait
941 1268 1039 1291 mettre
1053 1258 1145 1291 nostre
1153 1258 1204 1290 feel

142 1306 161 1381 ᾗ
174 1308 333 1382 {soffia-rii
345 1337 451 1377 l'Abby
465 1324 501 1369 de
516 1337 610 1369 nostre
618 1337 712 1382 Datne
723 1337 747 1382 la
762 1336 847 1368 Roial
859 1336 942 1381 deles
955 1336 1105 1375 Pontoise,
1125 1336 1150 1367 le
1160 1345 1205 1366 11.

139 1384 209 1413 Jour
222 1375 352 1416 deJumg
361 1398 372 1416 ,
388 1376 444 1407 l’an
452 1375 488 1408 de
500 1387 587 1416 grace
603 1376 670 1415 mil,
689 1384 754 1406 trois
769 1386 835 1406 cens
842 1397 854 1418 ³.
869 1376 902 1406 ὃς
916 1383 985 1405 vint.

218 1451 318 1491 DuppI'
601 1416 660 1445 Par
676 1413 699 1443 le
718 1417 767 1444 Roi
784 1425 816 1444 en
825 1415 876 1453 Jon
890 1421 977 1452 grant
995 1412 1103 1451 cwzfiil.

232 1585 283 1618 De
296 1583 490 1619 attachiando
501 1611 511 1629 ‚
536 1589 573 1624 θ’
586 1582 786 1632 procedendo,
809 1594 911 1618 contra
925 1585 1113 1616 Torneantes.

0 1666 70 1700 Ann.
81 1666 124 1698 D.
148 1667 205 1722 R
214 1668 239 1700 E
247 1668 277 1700 X
295 1670 469 1702 Vicecomiti
481 1670 610 1701 Eborum
625 1670 749 1701 salutem.
1133 1705 1138 1711 ¹

12 1715 95 1746 1320.
251 1707 333 1740 Cum
352 1709 474 1747 pluries,
499 1716 562 1739 ante
581 1709 644 1739 haec
665 1716 793 1746 tempora
806 1731 816 1745 ,
839 1716 889 1745 per
911 1705 1034 1745 singulos
1050 1704 1209 1736 Comitatus

0 1749 46 1773 An.
66 1754 108 1782 ¹3·
145 1747 243 1785 Regni
255 1746 357 1785 nostri,
373 1746 522 1778 fecerimus
535 1747 649 1784 publice
663 1746 850 1784 proclamari,
864 1746 897 1776 &
911 1754 944 1775 ex
965 1753 1041 1783 parte
1054 1743 1151 1774 nostra
1162 1743 1208 1774 fir-

0 1788 25 1811 Ε·
41 1793 67 1810 2·
145 1787 226 1817 miter
241 1785 378 1823 inhiberi,
394 1795 430 1815 ne
442 1784 519 1824 quis,
536 1784 661 1822 Comes,
675 1783 763 1822 Baro,
780 1783 884 1822 Miles,
900 1781 946 1814 seu
969 1783 1035 1814 alius
1053 1781 1158 1812 Homo
1172 1783 1206 1813 ad

0 1821 77 1862 Claufi
144 1825 233 1856 Arma
244 1824 433 1866 quicumque,
450 1822 652 1861 cujuscumque
667 1821 752 1854 status
764 1821 810 1852 seu
825 1821 994 1853 conditionis
1008 1819 1134 1851 existeret
1139 1820 1205 1858 ,sub

0 1868 24 1896 [3
53 1876 72 1900 Ε

75 1863 117 1894 .²·
141 1860 316 1894 forisfactura
329 1870 479 1899 omnium,
516 1871 559 1891 uae
572 1862 654 1891 nobis
667 1860 826 1891 forisfacere
840 1859 929 1898 posset
944 1882 954 1898 ,
977 1859 1049 1890 infra
1064 1858 1203 1896 Regnum

140 1900 270 1932 nostrum
284 1907 425 1938 tumeam,
439 1872 588 1938 bunieare,
604 1898 689 1938 justas
703 1899 795 1930 facere
808 1922 819 1938 ,
843 1907 985 1929 aventuras
1002 1907 1142 1937 quaerere,
1159 1897 1204 1929 seu

139 1938 280 2009 ahgfifaCta
290 1937 444 1969 Armorum
455 1946 602 1969 excercere
617 1937 811 1976 praesumeret,
825 1937 881 1968 fine
900 1935 1016 1967 licentii
1036 1935 1132 1966 nostra
1145 1935 1206 1977 spe-

141 1987 159 2009 c
213 1987 220 2007 z

177 2015 224 2047 Ac
234 2014 295 2053 jam
316 2013 399 2045 simus
420 2013 455 2045 ad
474 2022 561 2053 partes
579 2013 771 2047 transmarinas
783 2038 794 2054 ,
818 2023 871 2053 pro
888 2012 1056 2053 quibusdam
1066 2012 1202 2052 negotiis,

140 2054 224 2085 nobis
236 2052 464 2083 incumbentibus
470 2075 480 2091 ,
496 2052 664 2092 profecturi3

176 2091 242 2122 Nos
255 2090 413 2129 hujusmodi
424 2090 497 2121 fadm
512 2091 666 2121 Armorum
681 2114 692 2129 ,
708 2098 805 2122 contra
824 2088 1062 2121 Proclamationes
1077 2090 1111 2121 δε
1124 2088 1202 2120 Inhi-

139 2129 259 2161 bitiones
272 2128 377 2159 nostras
390 2129 533 2167 praedietas
545 2130 575 2160 in
589 2128 699 2166 Regno
721 2129 817 2160 nostro
830 2128 985 2167 praedicito,
1002 2129 1036 2159 &
1061 2129 1204 2166 praecipue

139 2167 211 2199 dum
222 2167 257 2198 ad
270 2166 403 2212 praesenS,
419 2176 454 2198 ex
468 2166 549 2197 causa
560 2167 716 2206 praedietfi,
732 2178 748 2198 a
763 2167 869 2204 Regno
883 2166 980 2197 nostro
1005 2176 1056 2197 nos
1072 2166 1206 2197 absentari

140 2207 310 2244 contigerit,
327 2204 386 2236 fieri
401 2215 437 2236 eo
451 2205 562 2235 interius
573 2206 746 2244 aborrentes‚
764 2215 824 2243 quo
843 2215 892 2243 per
903 2203 1063 2236 hu'usmodi
1075 2205 1167 2243 facta,
1186 2205 1207 2235 fi

140 2252 211 2275 tunc
226 2243 337 2282 fierent,
357 2243 414 2273 Pax
428 2243 521 2274 nostra
535 2244 667 2283 &Quies
674 2243 777 2282 Populi
790 2243 886 2281 Regni
894 2253 933 2274 no
959 2244 982 2274 ri
997 2242 1208 2283 possent,quod

139 2282 224 2321 absit,
241 2281 423 2314 verisimiliter
436 2280 734 2324 perturbari3volentes
748 2283 834 2313 etiam
849 2281 1009 2320 hujusmodi
1020 2281 1207 2321 dampnisob-

140 2322 232 2358 viare,
250 2322 283 2353 &
298 2319 503 2360 delinquentes,
514 2328 590 2357 Juxta
603 2330 703 2351 eorum
718 2319 869 2358 demerita,
884 2321 994 2358 puniri;

177 2359 250 2389 Tibi
264 2358 460 2399 praecipimus,
480 2357 591 2388 firmiter
609 2359 802 2397 injungentes,
828 2358 904 2397 quod
926 2359 955 2388 in
977 2358 1090 2395 singulis
1104 2358 1207 2397 Locis,

139 2396 171 2428 in
186 2396 291 2428 Balliva
305 2396 370 2435 tui,
385 2398 435 2427 ubi
449 2395 577 2434 expedire
587 2397 704 2435 videris,
722 2396 834 2435 publice
849 2396 1035 2435 proclamari,
1051 2397 1085 2428 &
1098 2406 1133 2427 ex
1144 2407 1208 2435 par-

140 2443 170 2466 te
183 2434 278 2466 nostra
289 2434 404 2465 firmiter
418 2435 537 2465 inhiberi
548 2435 647 2473 facias,
667 2445 702 2465 ne
716 2437 792 2475 quis,
809 2434 1031 2473 Comes,l3aro,
1049 2434 1206 2473 Miles,seu

140 2473 207 2504 alius
219 2472 323 2504 Homo
338 2474 453 2512 quicum
474 2483 526 2519 ue,
544 2473 744 2512 cujuscumque
759 2472 845 2504 status
856 2473 900 2504 seu
909 2473 1080 2504 conditionis
1094 2473 1206 2513 existat,

140 2511 192 2543 sub
205 2511 378 2543 forisfacmra
394 2522 426 2549 pr
473 2512 545 2549 sta,
562 2511 633 2542 infra
647 2511 758 2543 dic'tum
774 2511 909 2552 Regnum
924 2511 1070 2550 nostrum,
1088 2512 1122 2543 &
1135 2522 1207 2550 prae-

140 2551 226 2588 cipue
241 2550 275 2581 ad
287 2549 421 2588 praesens,
437 2549 508 2581 dum
522 2551 558 2581 ab
572 2550 676 2580 eodem
696 2550 733 2581 fic
756 2550 877 2581 absentes
898 2549 1049 2588 fuerimus,
1066 2558 1204 2589 turneare,

141 2588 292 2626 burdenre,
306 2588 391 2627 justas
404 2588 512 2626 facere,
530 2597 672 2618 aventuras
686 2598 824 2626 quaerere,
841 2597 887 2618 aut
895 2587 1206 2627 Congregationes,seu

141 2625 348 2696 Conventicghla
359 2626 448 2666 aliqua
461 2650 472 2666 ,
496 2628 526 2657 in
538 2626 681 2658 laefionem
702 2626 783 2658 Pacis
794 2626 900 2657 nostrae
912 2649 923 2665 ,
948 2626 1039 2657 facere
1060 2626 1208 2666 praesumat

142 2675 369 2742 quffittmfiniwocs',
375 2702 439 2742 post
452 2702 705 2735 Proclamationem
713 2703 746 2734 &
754 2702 955 2734 Inhibitionem
969 2702 1146 2742 hujusmodi,
1164 2704 1207 2733 in-

140 2742 250 2774 veneris
262 2742 293 2772 in
305 2740 407 2772 Balliva
419 2750 463 2773 tua
478 2743 616 2773 contraria
628 2742 777 2780 facientes,
802 2751 872 2773 tunc
886 2752 934 2772 eos
957 2751 1006 2779 per
1028 2751 1147 2779 corpora
1161 2741 1205 2772 sua

141 2780 290 2818 attachies‚
306 2781 343 2811 ita
357 2780 435 2818 quod
447 2790 493 2811 eos
506 2781 728 2819 habeas,coram
741 2781 823 2811 nobis
833 2803 843 2819 ,
858 2791 874 2811 a
886 2780 931 2810 die
944 2780 1040 2811 Sancti
1054 2779 1205 2810 Michaelis

142 2818 276 2857 proximo
290 2817 392 2857 futuri,
407 2819 438 2848 in
461 2819 624 2856 quindecim
645 2819 703 2849 dies
717 2843 727 2857 ,
749 2819 923 2856 ubicumque
937 2827 1006 2849 tunc
1024 2817 1156 2848 fuerimus
1172 2819 1203 2847 in

141 2855 266 2894 Anglia,
282 2855 316 2886 ad
327 2856 551 2894 respondendum
572 2857 653 2887 nobis
672 2857 708 2887 de
729 2858 939 2895 contemptibus
954 2857 987 2888 &
1010 2856 1204 2886 inobedientiis

141 2893 401 2932 hujusmodi,&ad
414 2895 579 2926 faciendum
591 2896 624 2926 &
636 2895 830 2933 recipiendum
844 2895 921 2934 quod
936 2894 1022 2926 Curia
1029 2894 1121 2925 nostra
1129 2904 1201 2925 con-

140 2932 297 2963 sideraverit
307 2933 338 2961 in
352 2932 405 2962 hac
420 2942 519 2977 parte,
541 2934 574 2964 &
592 2934 629 2964 de
645 2933 822 2964 Nominibus
843 2934 974 2971 illorum,
992 2943 1061 2971 quos
1084 2933 1121 2963 sic
1134 2940 1201 2963 atta-

146 2970 283 3014 chiaveris
297 2992 308 3008 ,
325 2980 378 3001 nos
395 2979 462 3002 tunc
485 2970 616 3002 distinete
638 2972 671 3003 &
692 2980 784 3010 aperte
803 2982 850 3010 per
874 2972 992 3002 Litteras
1022 2980 1079 3002 tuas
1106 2970 1201 3002 reddas

144 3016 286 3040 certiores.

181 3046 218 3078 Et
229 3047 303 3085 hoc,
322 3045 390 3077 ficut
405 3056 456 3078 nos
469 3047 503 3079 ὃς
516 3048 655 3079 honorem
670 3047 797 3079 nostrum
810 3048 904 3086 diligis
916 3070 927 3086 ,
951 3047 985 3079 &
1005 3054 1033 3079 te
1046 3047 1080 3078 &
1094 3054 1139 3078 tua
1156 3046 1199 3077 in-

144 3083 212 3116 dem
232 3094 299 3116 nem
311 3084 414 3116 servare
428 3086 566 3125 volueris,
583 3086 661 3117 nullo
676 3087 765 3117 modo
778 3087 897 3117 omittas.

255 3123 382 3154 davimus
396 3126 473 3155 enim
483 3124 636 3164 justitiariis
650 3124 766 3164 nostris,
784 3124 818 3156 ad
831 3124 932 3163 placita
946 3133 1045 3155 coram
1061 3124 1143 3154 nobis
1163 3131 1206 3154 te-

146 3160 239 3198 nenda
252 3161 433 3202 affignandis,
451 3163 527 3202 quod
540 3163 609 3203 ipsi,
621 3165 700 3203 juxta
715 3163 927 3196 certificationes
947 3170 1004 3195 tuas
1017 3185 1028 3203 ,
1051 3169 1149 3194 contra
1167 3161 1206 3193 fic

11 2722 28 2740 ³
48 2720 102 2749 111.

20 2758 84 2796 837.

1241 941 1348 978 vigeat,
1367 940 1400 970 &
1414 939 1506 969 honor
1520 942 1623 980 regius,
1641 938 1878 977 delinquentibus,
1892 948 1969 976 JuXta
1983 949 2083 970 eorum
2091 941 2300 979 demerit-afflu-

1240 979 1318 1016 nitis,
1335 978 1473 1008 exaltetur.

1276 1015 1357 1046 Cum
1371 1016 1479 1054 itaque,
1496 1023 1558 1046 ante
1572 1015 1634 1044 haec
1651 1023 1796 1052 tempora,
1814 1023 1847 1044 ex
1862 1014 1945 1045 relatu
1962 1015 2100 1053 plurium,
2118 1017 2150 1046 ad
2164 1028 2238 1048 aures
2251 1029 2304 1049 n0‘

1242 1053 1306 1084 stras
1320 1055 1494 1092 pervenerit,
1512 1053 1586 1091 quod
1603 1054 1705 1090 plureS,
1724 1053 1759 1082 de
1776 1052 1880 1089 Regno
1894 1053 2006 1092 nostro,
2033 1064 2128 1084 coram
2146 1055 2306 1092 justiciariis

1242 1091 1357 1131 nostris,
1374 1092 1480 1123 diversa
1495 1091 1603 1121 Officia
1618 1092 1655 1120 eis
1670 1100 1717 1127 per
1737 1100 1789 1120 nos
1806 1091 1956 1121 commissa
1971 1093 2195 1131 excercentibus,
2210 1096 2304 1124 armati

1241 1131 1335 1161 venire
1352 1131 1563 1168 praesumenteS,
1582 1127 1719 1159 Ministris
1730 1128 1849 1166 nostris,
1864 1131 1986 1166 partibus
1992 1130 2123 1167 justitiam
2139 1131 2305 1171 prosequen-

1241 1169 1328 1207 tibus,
1343 1169 1530 1207 Juratoribus,
1549 1168 1581 1198 &
1597 1167 1672 1205 aliis,
1690 1176 1788 1197 coram
1804 1167 2056 1205 diciisjusticiariis
2070 1170 2167 1198 nostris
2189 1179 2241 1207 pro
2255 1180 2305 1200 ne-

1242 1208 1325 1244 gotiis
1341 1208 1392 1237 suis
1405 1207 1619 1243 accedentibus,
1638 1206 1696 1235 tam
1711 1206 1740 1235 in
1753 1204 1896 1242 pacientia
1909 1206 2050 1235 diciorum
2062 1207 2284 1244 justiciariorum
2294 1231 2304 1246 ,

1243 1246 1327 1283 quam
1342 1246 1408 1276 alibi
1423 1245 1511 1275 versus
1532 1244 1611 1282 loca,
1629 1253 1682 1281 pro
1702 1243 1828 1273 Seffione
1850 1244 1991 1274 diffitorum
2006 1244 2228 1281 justiciariorum
2255 1256 2307 1276 no*

1243 1284 1363 1314 strorum
1383 1283 1502 1314 tenenda
1523 1283 1648 1312 ordinata
1660 1304 1670 1320 ,
1695 1290 1754 1320 tot,
1773 1282 1856 1319 tales,
1875 1283 1908 1312 δε
1928 1291 2012 1312 tantas
2035 1284 2121 1312 minas
2144 1285 2308 1323 intulerunt,

1244 1322 1321 1360 quod
1340 1322 1448 1360 Partes,
1464 1321 1619 1361 juratores,
1638 1321 1670 1350 &
1686 1320 1747 1357 alii,
1766 1320 1894 1357 Negotia
1909 1320 1952 1350 sua
1968 1330 2063 1350 coram
2080 1321 2232 1358 hujusmodi
2248 1323 2308 1352 Mi-

1243 1361 1334 1391 nistris
1352 1360 1449 1391 nostris
1461 1359 1673 1398 prosequenteS,
1691 1369 1706 1388 a
1721 1358 1912 1395 prosecutione
1933 1358 2123 1397 Negotiorum
2139 1361 2304 1397 iuorum,&

1244 1400 1294 1436 ipsi
1307 1398 1452 1437 Justiciarii
1467 1399 1502 1428 ab
1517 1398 1679 1427 executione
1695 1396 1869 1427 Officiorum
1885 1397 2016 1435 suorum,
2032 1397 2065 1427 &
2080 1398 2251 1427 exhibitione
2260 1398 2310 1435 Ju-

1243 1437 1342 1475 stitiae,
1362 1446 1445 1474 prout
1460 1437 1497 1466 eis
1511 1436 1656 1473 incubuit,
1671 1435 1817 1472 facienda,
1834 1443 1967 1473 praetextu
1990 1434 2140 1465 Minarutn
2166 1436 2310 1472 praediera-

1243 1484 1308 1506 turn
1318 1499 1327 1514 ‚
1345 1475 1523 1505 deiistebant:
1542 1484 1604 1514 quae
1616 1483 1676 1503 non
1688 1473 1778 1503 solum
1794 1475 1822 1502 in
1837 1474 1993 1511 dampnum
2002 1474 2034 1504 &
2043 1473 2244 1511 depreffionem
2255 1474 2309 1503 Po-

1244 1514 1304 1551 puli
1318 1513 1422 1552 nostri,
1440 1513 1542 1543 venim
1558 1513 1641 1542 etiarn
1654 1512 1685 1541 in
1699 1511 1920 1542 inobedientiam
1936 1511 2023 1541 nostri
2046 1513 2079 1542 ὃ(
2104 1520 2310 1550 contemptum,

1245 1552 1375 1582 dicuntur
1395 1550 1569 1581 manifestius
1582 1549 1750 1588 redundare,
1767 1550 1840 1580 unde
1855 1559 2091 1588 commovemur,
2110 1560 2164 1581 nec
2186 1552 2310 1581 immeri-

1246 1592 1298 1628 to,
1316 1590 1349 1620 &
1363 1590 1513 1620 turbamur.
1799 1623 1801 1625 ι

1283 1627 1369 1666 Nos,
1387 1627 1510 1659 volentes
1523 1625 1591 1656 Paci
1607 1626 1641 1657 ὃ(
1655 1622 1854 1665 Tranquilitati
1869 1624 1972 1663 Populi
1989 1625 2093 1664 nostri,
2113 1626 2146 1656 δέ
2168 1628 2311 1665 praecipue

1246 1665 1451 1697 Ministrorum
1466 1665 1644 1702 nostrorum,
1660 1674 1694 1695 ac
1706 1664 1844 1702 aliorum,
1862 1664 1992 1701 Negotia
2006 1663 2049 1694 sua
2065 1665 2093 1693 in
2110 1664 2201 1695 Curiis
2215 1666 2314 1696 nostris

1246 1705 1324 1743 prose
1346 1706 1490 1742 nentium,
1507 1713 1566 1733 non
1580 1702 1668 1733 solum
1682 1702 1751 1733 ficut
1765 1711 1798 1733 ex
1806 1703 1912 1733 honore
1925 1703 2040 1740 debito,
2058 1702 2094 1732 set
2108 1704 2190 1733 etiarn
2207 1713 2240 1733 ex
2247 1705 2313 1734 vina

1245 1743 1312 1774 culo
1349 1744 1485 1774 uramenti
1503 1741 1700 1778 astringimur,
1725 1741 1874 1778 providere
1888 1763 1898 1778 ,
1925 1741 1958 1770 ὃς
1974 1740 2129 1778 hujusmodi
2145 1741 2314 1772 Μειὶεῐεκῖἐοῃ

1245 1792 1304 1820 reS,
1321 1782 1354 1813 &
1367 1781 1449 1812 nobis
1464 1779 1671 1817 inobedientes,
1686 1780 1762 1817 juxta
1775 1789 1875 1810 eorum
1892 1779 2045 1817 demerita,
2063 1780 2162 1817 punire
2175 1789 2256 1817 prout
2265 1780 2313 1811 de*

1243 1829 1303 1851 cet·

1280 1844 1371 1890 xiobis
1385 1856 1565 1895 mandamus,
1580 1854 1697 1887 firmiter
1712 1855 1890 1894 injungentes
1905 1878 1915 1895 ,
1942 1855 2016 1894 quod
2041 1856 2070 1886 in
2085 1855 2196 1893 fingulis
2213 1855 2316 1887 Seffio·

1243 1897 1325 1928 nibus
1339 1895 1434 1928 vestris
1447 1895 1561 1934 publice
1575 1894 1758 1933 proclamari,
1775 1895 1809 1926 δε
1824 1904 1858 1924 ex
1874 1902 1950 1932 parte
1965 1893 2059 1925 nostra
2074 1893 2191 1924 firmiter
2204 1895 2315 1925 inhibe-

1242 1936 1267 1966 ri
1281 1935 1386 1967 faciatis
1392 1956 1404 1973 ,
1421 1939 1457 1965 n'e
1473 1935 1534 1972 quis
1567 1932 1765 1972 cujuscumque
1780 1932 1865 1963 status
1877 1932 1989 1970 existat,
2004 1932 2053 1962 sub
2067 1932 2314 1963 forisfacsturaom-

1243 1974 1341 2012 nium,
1359 1982 1424 2011 quae
1438 1973 1521 2003 nobis
1545 1971 1693 2002 orisfacere
1707 1972 1827 2010 poterit,
1843 1981 1940 2001 coram
1957 1971 2040 2001 vobis
2061 1979 2177 2001 armatus
2193 1971 2313 2001 accede-

1243 2023 1273 2043 re
1287 2011 1433 2050 praesumat
1468 2010 1513 2042 vel
1527 2010 1669 2048 Partibus,
1683 2009 1855 2048 juratoribus
1870 2031 1880 2047 ,
1904 2010 1949 2040 seu
1969 2008 2026 2039 aliis
2046 2008 2151 2039 ibidem
2173 2009 2313 2039 existenti-

1240 2051 1309 2089 bus,
1323 2049 1368 2082 vel
1381 2033 1472 2080 versus
1491 2048 1555 2080 loca
1571 2047 1734 2079 sessionum
1757 2046 1910 2077 vestrarum
1929 2046 2101 2077 venientibus
2115 2068 2125 2085 ,
2146 2044 2191 2076 scu
2213 2047 2314 2077 exinde

1239 2087 1447 2126 recedentibus,
1465 2085 1623 2125 dampnum
1638 2085 1682 2116 seu
1699 2085 1957 2124 impedimentum,
1975 2086 2005 2115 in
2020 2084 2199 2122 corporibus,
2216 2093 2313 2116 autre-

1241 2128 1293 2158 bus
1306 2126 1356 2158 suis
1389 2125 1487 2157 inferat
1521 2125 1600 2156 uovis
1614 2123 1718 2154 modo:

1278 2165 1330 2205 Et,
1346 2148 1373 2195 ᾗ,
1380 2173 1450 2203 quos
1461 2173 1500 2202 po
1527 2162 1652 2195 modum
1665 2162 1695 2193 in
1708 2161 1851 2200 praesentia
1865 2160 1954 2192 vestra
1975 2161 2040 2199 (sub
2054 2161 2110 2201 qua
2128 2161 2192 2192 loca
2207 2161 2312 2193 Seffioe‘

1244 2213 1314 2235 num
1329 2202 1481 2234 vestrarum
1491 2200 1766 2239 includuntur,&ea
1780 2200 1898 2237 intelligi
1911 2199 2051 2237 volumus)
2061 2201 2219 2230 inveneritis
2233 2210 2307 2230 con-

1245 2242 1324 2287 traria
1339 2241 1488 2286 facientes,
1508 2249 1579 2272 tunc
1595 2249 1662 2279 eos,
1678 2246 1762 2277 prout
1777 2239 1812 2269 ad
1827 2248 1878 2270 vos
1890 2239 2025 2277 pertinet,
2042 2238 2198 2277 castigetis,
2212 2239 2313 2278 &gra-

1246 2288 1318 2312 V1ter
1353 2289 1458 2311 uniatis.

1282 2318 1320 2349 Et
1332 2289 1406 2356 goe,
1423 2318 1492 2348 sicut
1513 2327 1564 2348 nos
1586 2316 1621 2347 &
1642 2315 1782 2346 honorem
1802 2313 1928 2345 nostrum
1944 2313 2077 2352 diligitis,
2094 2315 2127 2346 ὃς
2145 2314 2312 2353 indignatio-

1244 2367 1314 2388 nem
1330 2356 1455 2387 nostram
1468 2356 1555 2387 vitare
1569 2354 1724 2392 volueritis,
1741 2353 1835 2383 modis
1846 2352 1983 2382 omnibus
1997 2353 2112 2383 faciatis.

1282 2394 1485 2426 Mandavimus
1498 2395 1576 2424 enim
1590 2392 1766 2424 Vicecomiti
1780 2390 1878 2421 nostro
1894 2389 2059 2422 Comitatus
2073 2390 2202 2428 praediffi
2210 2414 2219 2429 ,
2233 2389 2313 2430 quod

1243 2434 1325 2465 vobis
1339 2434 1368 2463 in
1382 2432 1527 2471 praemiffis
1542 2433 1574 2462 sit
1590 2430 1735 2461 intendens
1750 2432 1784 2462 &
1798 2429 1981 2467 respondens,
1999 2431 2126 2468 quotiens
2146 2430 2179 2460 &
2194 2429 2309 2468 quando

1244 2483 1293 2511 per
1308 2481 1359 2502 vos
1374 2471 1439 2502 inde
1453 2471 1534 2502 fuerit
1551 2470 1741 2508 praemunitus.

1279 2510 1316 2541 Et
1330 2509 1405 2548 quod
1420 2509 1603 2540 nihilominus
1614 2509 1643 2538 in
1657 2506 1770 2544 singulis
1785 2506 1872 2543 locis,
1891 2506 1920 2535 in
1942 2505 2043 2536 Balliva
2066 2505 2109 2536 sua
2124 2529 2133 2544 ,
2165 2506 2213 2536 ubi
2229 2515 2312 2544 expe-

1245 2548 1303 2579 dire
1316 2545 1431 2587 viderit',
1449 2547 1608 2579 consimiles
1621 2545 1882 2576 proclamationem
1895 2545 1929 2575 δε
1942 2543 2149 2575 Inhibitionem
2158 2544 2308 2583 faciat,fo-

1245 2587 1416 2618 risfiadfflram
1432 2585 1599 2625 praedictam
1614 2586 1798 2615 continentes.

1282 2625 1319 2655 Et
1333 2624 1427 2664 quod,
1445 2625 1465 2655 si
1478 2634 1563 2664 quos,
1581 2622 1644 2661 post
1660 2622 1915 2653 Proclamationem
1936 2621 1970 2651 ὅτ’
1991 2620 2195 2651 Inhibitionem
2217 2619 2310 2658 hujus-

1245 2664 1341 2702 modi,
1359 2664 1496 2694 invenerit
1511 2670 1585 2693 extra
1599 2660 1773 2699 praesentiam
1787 2659 1906 2690 vestram
1920 2660 1948 2688 in
1961 2659 2108 2696 praemiffis
2124 2659 2144 2678 '¹‘
2172 2660 2310 2690 contraria

1245 2702 1397 2740 facientes,
1416 2710 1483 2732 tunc
1497 2701 1568 2739 ipsos
1589 2709 1765 2737 percorpora
1784 2698 1828 2728 sua
1843 2698 1992 2739 attachiet,
2009 2698 2044 2727 ita
2064 2697 2140 2735 quod
2148 2707 2194 2726 eos
2213 2696 2310 2728 habeat

1245 2750 1344 2771 coram
1359 2741 1441 2770 nobis
1456 2740 1527 2770 adie
1542 2738 1637 2769 Sandii
1656 2736 1805 2768 Michaelis
1824 2737 1957 2775 proximo
1976 2736 2077 2773 futuri,
2095 2737 2124 2765 in
2146 2734 2309 2772 quindecim

1242 2779 1317 2817 dies,
1334 2779 1508 2816 ubicumque
1520 2785 1588 2808 tunc
1603 2776 1735 2807 fuerimus
1748 2777 1777 2804 in
1792 2774 1913 2812 Angha,
1933 2773 2086 2811 puniendos
2097 2773 2249 2804 secundum
2267 2774 2307 2803 le-

1242 2827 1310 2855 gem
1325 2817 1359 2848 &
1375 2816 1604 2847 consuetudinem
1618 2815 1718 2851 Regni
1732 2812 1829 2843 nostri,
2185 2850 2190 2854 ἡ

1280 2855 1421 2886 Volumus
1435 2856 1519 2885 etiam
1533 2852 1629 2892 quod,
1646 2854 1675 2882 in
1691 2851 1803 2888 singulis
1824 2849 1996 2881 Semonibus
2019 2850 2131 2887 vestris,
2149 2859 2244 2887 primo
2261 2859 2307 2880 ex-

1240 2893 1366 2932 ploretis,
1384 2894 1417 2924 &
1433 2904 1448 2924 a
1462 2893 1541 2923 dicto
1554 2891 1733 2922 Vicecomite
1748 2889 1889 2927 inquiratis
1904 2888 1923 2918 fi
1939 2888 2082 2926 praemissa
2094 2889 2190 2918 fecerit
2206 2890 2235 2918 in
2250 2888 2305 2918 foro

1239 2932 1288 2963 mi
1301 2931 1468 2969 supradietQ
1485 2931 1519 2961 &
1535 2929 1615 2968 quod
1631 2929 1725 2960 eidem
1742 2927 1919 2958 Vicecomiti
1934 2926 2138 2965 nihilominus,
2157 2927 2237 2964 super
2256 2928 2305 2957 eis-

1237 2970 1321 3008 dem,
1339 2969 1460 3000 vestrum
1473 2968 1649 3006 Confilium,
1666 2967 1685 2997 si
1697 2966 1866 3003 indiguerit,
1882 2965 2056 3003 impendatis.

1275 3006 1363 3039 Teste
1378 3016 1426 3038 me
1444 3007 1503 3046 ipso
1515 3006 1588 3046 apud
1604 3006 1783 3038 Dovorriam
1795 3027 1806 3043 ‚
1826 3004 1871 3034 18.
1886 3004 1933 3034 die
1943 3003 2030 3043 Junii.

2346 2657 2366 2677 ¹¹⁸
2388 2659 2441 2687 ΠΙ,

2378 2697 2444 2733 838,

1776 3083 1830 3112 Per
1844 3078 1927 3119 ipfitm
1944 3083 2041 3118 Regem
2058 3077 2097 3115 ὦ·
2113 3076 2267 3108 Concilium.

1242 3160 1355 3193 Eodem
1374 3160 1463 3193 modo
1482 3159 1609 3193 scribitur
1620 3159 1827 3237 Justiciagrliiffln
1841 3156 1954 3196 singulis
1968 3154 2159 3188 Comitatibus
2179 3163 2228 3193 per
2241 3153 2305 3191 Angi

2113 4048 2287 4095 ΕΘΝ-ζ
