2562 4279
33 199 101 231 'Ami
123 197 165 228 D.

55 222 140 276 13s5.

33 277 103 306 Ἐάν.
124 286 151 304 2.

56 641 76 662 *
93 642 147 669 Ill.

71 689 135 715 507-

38 718 116 749 Ann.
131 715 171 746 D.

71 763 155 796 1315.

38 798 91 823 An.
112 795 139 822 S.

40 837 70 860 Ε.
83 843 109 859 2.

39 871 125 907 Claus.
143 869 169 898 8.

41 914 150 937 E.2.m.

42 947 121 984 ²5³³·

47 1823 124 1856 Ann.
138 1821 179 1853 D.

70 1870 180 1902 1315·-

48 1902 178 1929 An.8.12·.

48 1979 116 2014 Vasc.
134 1977 162 2006 8,

50 2021 81 2043 E·
96 2026 122 2046 2.
141 2026 177 2045 m.

63 2974 138 3005 Anti.
156 2971 196 3003 D.

84 3022 136 3053 13¹
143 3021 168 3047 5.

64 3056 116 3079 Aa.
132 3052 159 3078 8.

65 3094 95 3118 Ε.
114 3100 139 3115 2.

64 3133 104 3156 Ex
126 3132 195 3155 Bim-

64 3166 118 3194 dela
132 3167 175 3194 Li-

64 3213 179 3232 terarum

65 3242 133 3279 :ism

68 3283 144 3309 Turr.

85 3319 101 3335 '³‘
123 3320 175 3347 III.

94 3358 160 3393 508.

185 119 237 168 76

220 198 253 230 In
269 198 410 240 praedjc'to
420 197 523 227 etenim
538 192 726 224 Parliamento
737 187 856 232 nostro,
866 187 910 219 'tle
922 185 1051 218 Consilio
1065 183 1249 215 Praelatorum

184 239 217 269 &
234 237 390 269 Procerum
405 232 618 271 Regni-nostri,
635 229 718 272 super·
733 235 857 265 negotus

186 286 250 307 mus
267 276 353 307 taliter
372 274 515 308 ordinare,
538 269 614 310 quod
635 266 738 305 nostri,
759 276 792 296 ac
809 264 926 307 vestri„
1243 299 1248 303 .

184 314 343 345 nostrorum
358 313 496 347 honores,
513 310 545 340 ὃ(
561 304 733 342 commoda,
751 305 784 336 &
801 303 983 342 tranquilitas,
999 312 1033 333 ac
1056 302 1131 340 quies
1152 297 1251 339 populi

189 353 278 383 nostri
291 351 357 381 inde
370 350 547 389 provenient,
565 345 632 375 Deo
645 343 738 375 dante.

225 427 314 460 Teste
329 426 370 457 R.
382 424 453 465 apud
470 421 610 460 Langcle,
627 429 657 461 4.
672 420 717 451 die
729 419 859 460 Januarii.
890 409 894 412 ⁹

225 503 336 535 Eodem
351 501 439 534 modo
452 499 581 530 scribitur
593 497 634 529 R.
647 496 830 529 Dunelmenfi
842 494 995 534 Episcopo.

385 625 473 659 *De
494 619 679 665 Manibus,
705 631 741 653 ut
755 621 871 667 strpra,
895 615 1081 663 excnfhndis.

193 711 323 782 REX
341 710 445 742 dileeto
459 711 492 741 &
507 709 581 740 fideli
598 708 661 746 suo,
681 705 871 737 Marmaduco
884 704 920 735 de
933 703 1084 739 Twenge,
1101 698 1222 730 salutem.

298 751 375 789 Qiia
393 749 575 780 intelleximus
593 745 671 786 quod
697 745 775 775 Scoti
790 767 800 783 ,
824 743 937 774 Inimici
959 742 991 772 ὃς
1009 739 1136 770 Rebelles
1154 737 1260 781 nostri,

192 789 329 825 Regnum
343 788 471 818 nostrum
486 786 619 818 hostiliter
637 783 747 822 ingredi
762 784 822 821 jam
841 788 1019 820 proponunt,
1038 778 1071 808 ad
1090 776 1259 813 homicidia,

191 827 410 865 depraedationes
423 849 432 864 ,
457 826 490 857 &
510 824 639 856 incendia
657 823 727 853 inibi
751 821 943 859 perpetranda,
969 829 1016 856 per
1035 816 1110 855 quod
1131 814 1261 857 volumus

193 865 268 905 quod
287 874 372 904 partes
391 865 533 895 Marchiae
551 863 653 894 nostrae
671 862 791 898 Scotiae,
817 868 913 889 contin
932 855 1046 887 hostiles
1064 853 1186 897 incursus
1203 851 1261 882 Ini-

191 906 337 937 micorum
350 904 509 934 nostrorum
524 902 742 941 praedictorum,
760 898 948 928 custodiantur
967 894 1058 925 modis
1076 891 1259 934 omnibus&

191 952 331 974 tueantur:
351 943 482 981 quodque
500 941 622 980 ipsorum
642 937 761 969 incursus
779 935 935 974 hujusmodi
950 934 1078 972 potenter
1094 932 1126 962 δε
1149 930 1261 960 viriliter

193 982 375 1023 repellantur,
1207 1007 1212 1012 ⁸
1237 1007 1242 1011 Ι

235 1020 326 1051 Vobis
338 1019 516 1056 mandamus,
534 1019 562 1047 in
585 1015 639 1046 fide
661 1016 694 1052 &
714 1014 871 1051 homagio,
890 1012 988 1050 quibus
1009 1009 1089 1040 nobis
1110 1016 1264 1044 tenemini,

194 1059 312 1090 firmiter
328 1060 520 1097 injungentes,
539 1054 614 1094 quod
628 1053 662 1085 ad
678 1054 823 1083 tuitionem
841 1051 873 1081 ὃ(
886 1049 1042 1080 custodiam
1058 1048 1177 1085 partium
1194 1054 1263 1083 prae-

193 1098 333 1128 dictarum
341 1120 350 1135 ,
368 1097 401 1127 &
409 1096 596 1133 repulsionem
605 1093 792 1123 Inimicorum
801 1089 959 1120 nostrorum
969 1086 1166 1126 praedicstorum
1174 1107 1183 1123 ,
1195 1092 1263 1114 cum

193 1137 270 1174 equis
285 1136 318 1166 ὃς
332 1136 432 1172 armis,
447 1135 479 1165 ὃς
491 1142 554 1164 toto
566 1131 644 1170 posse
658 1130 751 1161 vestro
765 1128 947 1160 effectualiter
960 1125 1123 1163 intendam,
1141 1124 1173 1154 ὃ(
1190 1123 1265 1160 hoc,

194 1175 263 1205 sicut
276 1184 342 1211 1103,
359 1174 392 1204 &
405 1173 544 1203 honorem
561 1170 703 1207 nostrum,
720 1179 753 1198 ac
776 1167 954 1198 salvationem
971 1165 1068 1201 Regni
1090 1162 1181 1192 nostri
1202 1161 1266 1190 dili-

196 1214 277 1251 gitis,
295 1222 363 1242 curn
378 1212 458 1242 omni
471 1209 630 1250 diligentia,
648 1208 701 1246 quii
720 1206 861 1245 poteritis,
882 1204 973 1234 facere
992 1202 1134 1233 studeatis:

234 1250 398 1281 Absentiam
420 1258 515 1280 autem
536 1247 657 1280 vestram
679 1248 708 1276 in
731 1244 843 1275 instanti
861 1243 1051 1273 Parliamento
1075 1239 1188 1277 nostro,
1205 1235 1264 1273 &c-

193 1296 289 1328 ptrout
300 1291 395 1329 supra.

375 1364 486 1395 Eodem
504 1363 593 1394 modo
612 1362 738 1393 scribitur
755 1359 927 1396 subscriptis,
944 1356 1091 1394 videlicet,

201 1442 325 1473 chtero
343 1443 375 1472 a'e
394 1444 476 1480 Tere,

198 1485 281 1511 Petro
301 1482 332 1510 de
349 1478 474 1520 Mmdey,

198 1521 241 1550 W
241 1519 327 1549 altero
344 1520 375 1548 de
392 1516 582 1554 Facombeige,

199 1558 336 1589 Nicholao
354 1559 385 1587 de
407 1555 523 1594 Menill,

751 1436 880 1475 Johanm'
902 1435 933 1464 de
949 1433 1119 1473 Claveryng,

753 1474 875 1505 blss'altero
894 1474 924 1502 de
943 1472 1077 1511 Vavasou

752 1513 888 1543 Richaerdo
907 1512 931 1541 le
950 1511 1076 1550 Wzleys,

752 1552 868 1581 Roberto
885 1552 917 1580 de
934 1549 1043 1579 Hilton.

198 1688 257 1721 Pro
280 1686 437 1718 Amaneno
461 1681 497 1716 de
523 1678 666 1721 Lebreto‚
701 1677 737 1711 de
761 1679 843 1710 Dono
866 1679 978 1723 viginti
999 1673 1081 1707 mille
1100 1671 1269 1706 Librarum

613 1727 834 1771 Turonenfium.

201 1818 330 1890 REX
349 1816 502 1848 Senescallo
519 1814 665 1846 Vasconiae
680 1839 689 1852 ,
715 1813 747 1844 &
773 1809 987 1842 Constabulario
1005 1808 1194 1846 Burdegaliae,
1220 1806 1267 1845 qui

283 1868 358 1888 nunc
376 1857 452 1894 sunt,
472 1856 514 1885 vel
533 1855 579 1892 qui
600 1863 652 1891 pro
669 1861 796 1891 tempore
815 1858 911 1888 erunt,
928 1849 1050 1879 salutem.

238 1895 334 1934 Cum,
351 1896 434 1926 tertio
448 1894 494 1924 die
504 1893 588 1933 Julii,
607 1901 682 1922 anno
699 1890 796 1927 Regni
812 1888 901 1919 nostri
923 1887 1015 1925 sexto,
1032 1886 1067 1917 de
1089 1884 1216 1916 Consilio
1235 1884 1268 1915 &

203 1934 407 1972 Ordinatione,
424 1934 510 1963 bonae
525 1932 688 1968 memoriae,
702 1929 828 1960 Domini
842 1926 966 1964 Philippi
981 1926 1070 1963 Regis
1080 1925 1219 1962 Franciae,
1236 1932 1269 1953 ac

204 1983 257 2011 pro
272 1975 351 2003 bono
363 1970 492 2007 servitio,
509 1969 586 2009 quod
599 1969 714 1999 dilectus
730 1968 763 1998 ὃς
775 1966 860 1996 fidelis
874 1965 967 1995 noster
983 1965 1146 1995 Amanenus
1163 1962 1198 1992 de
1215 1961 1270 1991 Le-

203 2013 300 2050 breto‚
319 2010 453 2040 Domino
469 2008 628 2045 EdwardO,
647 2007 788 2045 quondam
803 2004 899 2044 Regni
914 2004 1042 2042 Angliae,
1062 2002 1198 2032 Genitori
1217 2010 1270 2030 no-

202 2049 278 2089 str0,
297 2049 369 2079 dum
386 2049 472 2085 vixit,
492 2054 629 2085 gratanter
652 2047 692 2075 im
715 2044 808 2082 endit,
827 2040 1048 2073 concesserimus
1066 2040 1161 2071 eidem
1183 2039 1271 2069 Ama-

204 2097 280 2119 neno
301 2087 402 2126 viginti
423 2087 501 2116 milia
526 2085 673 2115 Librarum
687 2055 912 2118 'furonensium,
931 2079 966 2110 de
987 2079 1066 2109 dono
1090 2077 1202 2115 nostro,
1218 2075 1271 2106 sol-

206 2127 359 2157 vendarum
377 2124 469 2155 eidem
486 2124 638 2155 Amaneno
653 2122 725 2160 apud
741 2120 933 2158 Burdegaliam
947 2118 981 2150 ad
998 2126 1112 2156 quatuor
1128 2116 1273 2153 terminos,

206 2165 356 2203 videlicet,
380 2163 414 2194 ad
438 2163 515 2194 Festa
531 2162 674 2192 Omnium
694 2160 877 2197 Sanctorum,
901 2158 933 2188 &
957 2156 1130 2188 Ascenfionis
1151 2155 1273 2185 Domini

207 2205 339 2242 proximo
352 2202 524 2241 sequentium
535 2201 637 2232 decem
654 2199 731 2229 milia
747 2199 910 2235 Librarum,
925 2205 975 2236 per
983 2195 1099 2234 aequales
1110 2194 1272 2231 portionem

208 2243 241 2273 &
258 2242 291 2272 ad
306 2242 404 2272 eadem
418 2240 498 2271 Festa
510 2240 642 2277 proximo
653 2238 790 2276 sequentia
803 2235 904 2267 residua
912 2236 1013 2265 decem
1027 2234 1102 2263 milia
1112 2233 1273 2268 Librarum,

207 2290 259 2319 per
272 2280 389 2318 aequales
404 2280 561 2316 portiones3
579 2284 662 2315 prout
678 2277 706 2305 in
728 2276 822 2305 litteris
841 2273 941 2304 nostris
962 2272 1135 2310 patentibus,
1158 2269 1273 2308 praefato

208 2320 358 2350 Amaneno
374 2317 441 2347 inde
454 2316 610 2353 confeffis,
628 2314 734 2351 plenius
749 2314 920 2344 continetur:

241 2356 330 2387 Vobis
346 2355 525 2392 mandamus,
542 2354 610 2383 sicut
622 2353 683 2382 ali-‘is
701 2351 910 2387 mandavimus,
929 2348 1023 2387 quod,
1041 2347 1199 2378 deexitibus
1207 2345 1272 2376 Du-

205 2395 286 2426 catsis
302 2394 448 2433 praedicti,
468 2391 584 2430 praefato
598 2392 748 2421 Amaneno
762 2390 807 2428 id,
827 2389 904 2428 quod
918 2389 943 2418 ei
956 2399 970 2417 a
988 2396 1061 2417 retro
1074 2385 1114 2415 est
1135 2385 1170 2415 de
1191 2384 1274 2414 dictis

206 2435 312 2471 viginti
332 2433 444 2463 milibus
461 2432 624 2468 Librarum,
648 2428 683 2459 ad
694 2430 829 2458 terminos
851 2427 1014 2464 consuetos,
1031 2424 1099 2454 solvi
1120 2423 1226 2454 faciatis
1243 2423 1273 2452 in

207 2472 304 2503 forma
318 2470 490 2509 supradicta,
508 2470 541 2500 δε
555 2469 611 2498 hoc
626 2467 702 2497 nullo
718 2467 808 2497 modo
821 2466 962 2496 omittatis.

243 2510 425 2547 Recipientes
441 2510 476 2539 ab
490 2517 525 2538 eo
541 2508 652 2537 Litteras
669 2506 725 2536 suas
746 2506 781 2535 de
800 2502 985 2543 acquietanticl
1004 2500 1169 2532 sufficientes
1188 2499 1223 2530 de
1240 2509 1275 2530 eo

227 2549 284 2579 uod
298 2549 347 2579 fibi
363 2549 399 2578 fic
415 2547 563 2584 solveritis,
581 2546 613 2575 ὅς
623 2569 632 2584 ,
651 2544 684 2574 ad
706 2544 832 2575 ultimam
853 2543 1035 2578 solutionem,
1053 2539 1158 2569 nostras
1178 2539 1276 2568 litteras

205 2558 387 2627 supradietas:
408 2586 443 2617 Et
460 2596 510 2615 nos
525 2585 624 2621 vobis,
643 2583 756 2621 praefato
771 2580 1003 2618 Constabulario,
1020 2578 1088 2610 ind‘e
1103 2579 1132 2608 in
1154 2587 1278 2615 compo-

209 2635 240 2657 to
256 2626 348 2657 vestro
360 2626 486 2656 debitam
503 2623 699 2653 auocationem
714 2622 815 2652 habere
830 2620 971 2650 faciemus.

223 2684 225 2687 ι
247 2702 316 2733 Dat.
333 2683 405 2741 apud
427 2700 550 2741 Langele
567 2699 741 2730 duodecimo
760 2698 805 2728 die
819 2697 947 2737 januarii.

241 2836 299 2871 Ad
319 2834 516 2880 Seneftallum
538 2836 574 2870 ὠ·
599 2831 837 2877 Thestmrarium
861 2828 1014 2876 Agenessi,
1033 2838 1088 2873 pro
1112 2824 1262 2858 Bernardo

646 2881 680 2912 dc
703 2880 846 2927 Spimtssa.

277 2968 433 3006 vaardus,
454 2967 512 2997 Dei
535 2968 636 3005 gratia,
654 2965 716 2997 Rex
736 2964 866 3001 Angliae,
891 2962 1036 2993 Dominus
1058 2961 1227 2997 Hiberniae,
1250 2959 1284 2990 δε

226 3049 249 3080 al
295 3008 364 3039 Dux
386 3007 562 3046 Aquitaniae,
581 3004 734 3036 Senescallo
754 3004 786 3034 ὃ(
808 3001 989 3033 Thesaurario
1009 3001 1060 3031 suis
1077 2999 1285 3037 Agenensibus,

215 3050 232 3080 s
252 3057 336 3079 utem.
905 3052 908 3053 ⁷
1266 3052 1271 3054 ν

246 3087 332 3118 *Cum
346 3095 448 3123 nuper,
466 3083 629 3122 suggerente
642 3081 725 3111 nobis
738 3079 876 3110 Bernardo
891 3078 926 3108 de
941 3077 1078 3116 Spinafia,
1107 3086 1154 3114 per
1167 3075 1285 3106 Petitio-

215 3137 283 3158 iicm
294 3126 390 3162 suam,
408 3124 490 3153 nobis
505 3121 677 3157 exhibitam,
698 3118 777 3158 quiid
791 3117 847 3155 ipse
865 3129 879 3147 a
902 3126 968 3147 tunc
983 3115 1167 3146 Thesaurario
1189 3113 1284 3144 nostro

216 3162 375 3204 Agennenfi
391 3163 461 3193 emit
474 3160 598 3191 Ballivias
613 3158 724 3189 San&ae
739 3156 812 3186 fidis
825 3158 858 3187 ὃς
871 3155 906 3186 de
920 3154 1115 3192 Miramonte,
1132 3153 1286 3191 Agennen-

219 3203 238 3234 fi
255 3201 386 3239 Diocefi,
405 3208 483 3230 certo
499 3199 531 3229 &
547 3207 653 3235 magno
688 3197 773 3226 retio:

256 3241 275 3260 '¹¹‘
288 3240 324 3271 Et
338 3238 416 3277 quod
426 3261 435 3275 ,
455 3237 515 3275 post
530 3235 659 3274 hujusmo
681 3236 688 3264 i
703 3235 897 3271 emptionem,
913 3230 1042 3262 Personae
1057 3230 1209 3260 multorum
1228 3228 1287 3258 Lo-

219 3289 339 3316 corum,
358 3277 391 3308 &
406 3276 570 3306 Ballivarum
587 3273 800 3314 prrgedic‘taruni,
818 3273 850 3302 δε
866 3270 1054 3305 Resortuum,
1081 3270 1140 3298 tam
1156 3277 1172 3296 a
1187 3268 1286 3305 vobis,

221 3318 338 3357 praefato
351 3313 519 3352 senescallo,
537 3314 569 3343 ὃς
586 3313 699 3342 Locum
715 3310 843 3341 nostrum
857 3317 965 3340 tenente
974 3330 984 3345 ,
1022 3307 1086 3336 uam
1096 3307 1131 3336 ab
1139 3305 1195 3336 aliis
1207 3304 1285 3335 Offi-

216 3357 330 3388 cialibus
345 3353 464 3391 nostris,
481 3354 511 3382 in
528 3352 647 3389 partibus
660 3350 726 3387 illis,
746 3349 801 3379 fine
824 3348 907 3386 culpa
928 3347 998 3377 dicti
1021 3344 1154 3383 kinardi,
1173 3344 1207 3374 ad
1223 3342 1286 3373 Do-

220 3396 334 3426 minum
350 3393 464 3430 Regem
482 3390 608 3421 Francia:
623 3387 811 3426 appellarunt,

257 3431 416 3463 Occasione
431 3438 547 3468 quarum
558 3427 788 3465 appellationum,
807 3425 882 3455 diCta
899 3424 977 3454 Loca
996 3423 1028 3453 ὃς
1050 3421 1178 3451 Personae
1193 3431 1209 3450 a
1224 3419 1286 3450 Bal-

219 3471 282 3502 livis
297 3470 453 3509 praediffls,
471 3478 504 3498 ac
520 3465 715 3503 Cognitione,
732 3465 765 3494 ὃς
775 3463 969 3503 jurisdictione
985 3461 1055 3490 dieti
1072 3458 1218 3496 Bernardi,
1238 3468 1285 3496 per

221 3509 340 3545 longum
356 3517 464 3545 tenipus
472 3529 482 3544 ,
500 3505 621 3542 exempti
636 3503 747 3533 fuerunt
761 3502 911 3540 quominus
924 3500 1003 3530 idem
1012 3498 1161 3529 Bernardus
1175 3498 1208 3528 &2
1222 3496 1286 3526 Ser-

222 3549 327 3578 vientes
339 3546 377 3576 sui
393 3548 422 3575 in
437 3546 506 3576 locis
520 3542 677 3582 praedictis,
695 3542 727 3572 δε
751 3540 892 3577 Personis,
905 3537 1120 3577 Jurisdi'ecione,
1137 3535 1183 3566 seu
1202 3534 1286 3572 Cog-

225 3585 332 3616 nitione
345 3584 405 3621 sua,
421 3592 501 3621 prout
514 3591 592 3613 antea
608 3580 823 3618 consueverant,
841 3579 881 3608 uti
894 3585 1056 3615 potuerunt:

257 3621 413 3660 ‘Qiodque
426 3622 495 3658 ipse,
515 3631 550 3652 eo
571 3628 719 3658 praetextu,
745 3615 956 3656 dampnificarus
976 3614 1029 3644 fuit
1048 3615 1078 3643 in
1102 3611 1287 3642 Molumento

222 3659 425 3699 jurisdictionis
438 3659 600 3690 Ballivarum
615 3657 813 3697 praedictarum
826 3679 836 3695 ,
853 3655 887 3686 ὃς
902 3652 1029 3692 expensas
1050 3651 1118 3683 fecit
1139 3660 1190 3688 pro
1214 3659 1287 3687 prae-

226 3698 326 3740 dictis,
343 3698 375 3727 &
390 3698 420 3735 in
441 3697 631 3735 prosecutione
640 3696 714 3734 juris
734 3693 840 3733 nostri,
855 3701 953 3724 contra
972 3690 1063 3721 dietos
1084 3689 1287 3727 Appellatores,

227 3737 262 3767 &
277 3736 341 3765 alios
355 3734 481 3774 ParisiuS,
498 3736 531 3766 ὅ(
547 3735 667 3772 pluribus
682 3735 738 3764 aliis
758 3734 846 3772 locis,
866 3740 963 3762 coram
984 3728 1125 3759 Gentibus
1144 3727 1288 3765 Franciae,

225 3774 260 3805 ad
276 3773 488 3803 aestimationem
504 3773 703 3811 quinquaginta
720 3772 870 3802 Librarum
882 3769 1102 3808 Sterlingorum:

264 3811 300 3841 Et
318 3810 395 3853 quoti
410 3811 497 3849 olim,
515 3811 550 3841 de
565 3810 695 3840 mandato
710 3809 847 3848 Johannis
867 3809 902 3839 de
923 3806 1066 3844 FerrariiS,
1083 3814 1170 3842 nuper
1191 3801 1295 3834 Senes?
1338 3800 1340 3802 ’

224 3849 287 3881 calli
300 3848 383 3878 nostri
401 3848 426 3877 V
428 3849 559 3887 asconius,
579 3850 611 3879 δε
625 3857 692 3878 tunc
707 3848 852 3879 Senescalli
868 3842 1039 3884 Agenensis,
1057 3853 1125 3874 cum
1139 3842 1233 3873 Armis
1248 3838 1294 3878 ἃ,

224 3889 348 3927 pluribus
361 3886 551 3917 Familiaribus
564 3887 630 3924 suis,
649 3896 703 3925 pro
719 3886 908 3916 conservando
923 3886 956 3916 &
972 3882 1077 3914 tuendo
1090 3881 1138 3921 Jus
1151 3874 1289 3917 nostrum,

223 3926 258 3958 ad
274 3924 399 3963 expensas
411 3926 551 3965 proprias,
568 3933 695 3954 executus
718 3924 770 3954 fuit
786 3923 948 3954 mandatum
963 3921 1105 3952 distorum
1119 3916 1289 3949 senescallo-

225 3974 305 4002 rutn,
321 3963 353 3993 ἃ
368 3962 403 3992 de
416 3965 464 4005 suo
478 3963 591 4001 proprio
605 3961 780 4004 expe-ndidit²
797 3962 879 4003 usque
902 3960 936 3991 ad
957 3960 1098 3992 summam
1120 3957 1223 3996 viginti
1237 3955 1289 3988 Li-

225 4004 341 4034 brarum
357 3998 578 4037 sterlingorum,
596 3999 742 4036 videlicet,

628 88 1428 148 CONVENTIONES,
1485 88 1876 136 LITER'AE,

1295 202 1300 204 γ
1325 175 1386 207 Pro
1399 176 1578 207 defendendo
1594 175 1715 207 Guerras
1730 175 1762 206 &
1775 175 1919 206 Exercitus
1927 196 1938 212 ,
1957 183 2022 212 quas
2035 173 2069 205 δε
2084 183 2155 212 quos
2168 173 2249 205 multi
2261 168 2360 205 Nobi-

878 226 1036 264 pgaedffijs‚
1050 234 1108 254 non
1130 221 1249 253 tardabi-
1284 211 1322 244 les
1343 215 1524 259 Senescalciae
1543 215 1694 252 Agenenfis
1712 216 1786 244 inter
1809 213 1835 243 se
1857 213 2016 251 habebant,
2034 214 2067 244 &
2092 212 2168 250 quod
2192 212 2264 243 stetit
2281 221 2355 244 extra

926 266 959 296 &
983 264 1101 294 aliorum
1123 261 1249 292 fidelium
1285 253 1399 284 Ballivas
1414 254 1576 292 praedrCtas,
1595 264 1648 291 pro
1662 252 1767 284 tuendo
1781 252 1843 283 loca
1866 251 1902 282 de
1924 251 2061 282 Landuno
2074 251 2107 281 &
2129 251 2225 282 Sancti
2242 251 2355 281 Bartho-

1288 292 1402 361 ἓοῑηεῗρ,
1420 302 1486 337 cum
1501 292 1624 330 pluribus
1645 291 1805 329 Gentibus,
1823 300 1875 328 pro
1895 289 2039 328 praemissis
2060 288 2210 328 faciendis,
2226 298 2276 328 per
2297 288 2357 327 sep-

1301 341 1348 361 em
1373 341 1389 360 e
1410 340 1542 361 timanas=

1328 341 1448 413 Sicqiiie,
1466 380 1514 407 per
1531 355 1686 400 3absentiam
1701 367 1777 398 suam
1798 377 1813 397 a
1833 366 1944 397 Balh'vis
1960 365 2118 405 praediffis,
2136 365 2294 404 dampnum
2310 364 2360 396 ha-

1291 406 1352 438 buit
1366 408 1448 446 usque
1461 408 1495 438 ad
1510 407 1650 438 summam
1664 407 1766 437 decem
1780 405 1929 436 Librarum
1941 405 2160 444 Sterlingorum3

1325 445 1394 490 ⁷Ac,
1410 446 1579 484 supplicante
1593 446 1675 476 nobis
1696 453 1726 475 ut
1741 445 1798 482 ejus
1811 443 2025 482 indempnitati,
2052 444 2082 474 in
2103 444 2156 474 hac
2180 450 2274 482 parte,
2296 451 2364 480 pro-

1292 483 1397 523 spicere
1410 494 1585 524 curaremus,

1333 522 1564 553 Mandaverimus
1588 520 1670 553 vobis
1704 519 1780 559 quod
1795 543 1806 559 ,
1830 520 1968 551 contentis
2000 520 2030 550 in
2061 518 2200 550 Petitione
2226 517 2364 557 praedieca

1298 560 1394 599 (quarn
1410 562 1493 592 vobis
1508 562 1537 591 in
1553 562 1632 591 brevi
1647 559 1760 598 nostro,
1779 559 1861 590 vobis
1875 558 2001 596 diretto,
2027 558 2151 589 misimus
2172 557 2360 594 interclusam)

1296 609 1345 642 per
1360 610 1411 630 vos
1427 599 1571 630 intellectis
1584 599 1616 630 &
1632 598 1738 636 plenius
1752 598 1931 635 examinatis,
1951 597 1984 628 &
1999 596 2127 634 inquisita
2147 595 2226 635 super
2241 595 2365 634 praernis-

1297 641 1329 668 iis
1343 638 1449 682 plenius
1464 639 1594 675 veritate,
1613 637 1632 667 fi
1647 637 1730 668 vobis
1742 635 1870 670 constare
1886 635 1975 673 posset
1989 645 2020 665 ea
2031 635 2174 665 veritatem
2200 635 2363 673 continere,

1296 685 1363 707 tunc
1376 676 1465 718 ipsum
1481 676 1653 720 Bernardum
1666 683 1775 706 tantum
1791 675 1827 705 de
1842 673 1971 711 summa,
1987 674 2070 704 nobis
2086 683 2133 711 per
2145 672 2235 711 ipsum
2250 671 2365 711 debita,

1297 724 1382 753 penes
1396 719 1422 758 se
1437 722 1554 744 retinere
1567 714 1776 751 permitteretis,
1795 721 1931 751 quantum
1952 713 2112 743 inveniretis
2132 711 2169 741 fic
2190 712 2240 742 sibi
2262 711 2365 742 debere

1297 753 1425 791 allocaii,
1443 752 1585 790 quousque
1599 761 1647 789 per
1662 761 1715 781 nos
1736 752 1875 782 certiorati
1891 750 1963 782 aliud
1987 751 2068 782 vobis
2089 749 2166 788 super
2185 749 2243 781 hoc
2256 746 2367 781 duxeriss

1298 802 1362 822 mus
1376 791 1617 821 demandandum:

1313 869 1318 873 ·
1334 829 1369 859 Et
1385 829 1461 867 quod
1477 839 1528 859 nos
1541 828 1578 858 de
1593 837 1647 865 eo,
1668 827 1743 865 quod
1759 827 1827 858 inde
1841 828 2010 866 inveniretis,
2027 827 2078 858 sub
2094 827 2188 864 sigillis
2206 825 2302 857 vestris
2313 825 2368 856 dis-

1298 868 1388 911 tinete
1399 891 1409 906 ,
1425 868 1459 898 &
1481 868 1573 904 aperte
1594 865 1746 910 redderetis
1767 866 1913 904 certiores,
1928 876 1962 896 ac
1983 876 2034 897 vos
2053 865 2233 904 processum,
2251 874 2300 902 per
2318 874 2369 895 vos

1299 905 1446 943 habitum,
1462 905 1538 943 super
1554 903 1716 943 praemissis,
1734 913 1767 934 ac
1788 903 1983 942 Depositiones
2002 904 2124 942 plurium
2145 903 2274 941 testium,
2290 902 2370 940 supet

1299 945 1356 975 hoc
1372 945 1579 982 productorum
1595 944 1628 974 δε
1642 943 1882 980 examinatorum,
1897 953 1931 973 ac
1953 943 2110 980 transcripta
2132 941 2306 981 quorundam
2321 942 2370 972 In-

1299 982 1520 1013 strumentorum
1534 982 1616 1012 nobis
1632 981 1687 1011 una
1702 990 1770 1011 cum
1787 980 1882 1012 vestris
1897 980 1997 1011 Literis
2010 981 2238 1018 trasismitteretis3

1336 1021 1392 1066 Per
1406 1032 1468 1060 quae
1483 1028 1667 1059 compertum
1681 1018 1721 1049 est
1741 1018 1833 1065 plures
1847 1017 1903 1049 esse
1917 1018 2094 1058 appellantes,
2113 1020 2146 1050 &
2161 1019 2210 1049 diu
2232 1018 2313 1049 fuiffe
2334 1019 2366 1048 in

1302 1059 1412 1091 Ballivis
1427 1059 1584 1098 praedictis,
1599 1058 1655 1088 sine
1669 1057 1754 1094 culpa
1766 1057 1837 1087 dicti
1855 1056 2001 1094 Bernardi,
2017 1057 2050 1088 &
2071 1056 2161 1094 ipsum
2179 1057 2370 1095 Bernardum,

1301 1109 1355 1137 pro
1369 1099 1451 1129 dietis
1465 1097 1691 1136 Appellantibus,
1709 1096 1741 1126 &
1754 1095 1876 1133 expensis
1888 1105 1936 1133 per
1951 1095 2041 1132 ipsum
2056 1094 2135 1125 factis
2145 1117 2155 1133 ,
2172 1097 2278 1125 ratione
2299 1095 2371 1126 Pro-

1301 1138 1449 1169 secutionis
1463 1136 1708 1174 Appellationum,
1724 1145 1788 1172 quas
1805 1142 1902 1165 contra
1911 1133 2005 1164 dictos
2027 1133 2201 1171 Appellantes
2216 1133 2372 1171 prosecutus

1304 1176 1356 1206 fuit
1376 1176 1505 1213 Parisius,
1522 1176 1554 1206 ὅ(
1569 1174 1652 1212 alibi,
1669 1173 1702 1204 δε
1725 1180 1837 1211 propter
1858 1171 1948 1202 Gardi
1983 1173 2041 1202 ium
2063 1172 2182 1210 plurium
2205 1172 2352 1203 Locorum

1304 1216 1337 1246 δε
1352 1215 1475 1253 labores,
1492 1223 1525 1244 ac
1542 1213 1691 1250 absentias,
1710 1221 1757 1250 per
1770 1211 1859 1249 ipsum
1870 1219 1944 1241 eXtra
1980 1210 2070 1241 :illivas
2088 1211 2144 1240 suas
2156 1211 2299 1248 praedictas
2313 1221 2347 1249 pa
2359 1228 2372 1235 -

1302 1253 1362 1292 sOS,
1380 1253 1415 1283 de
1431 1252 1562 1283 mandato
1575 1251 1758 1289 Superiorum
1771 1251 1882 1280 suorum
1896 1248 2074 1279 Officialium
2094 1247 2250 1279 vestrorum
2263 1250 2312 1280 fibi
2327 1250 2369 1280 fa-

1305 1292 1370 1329 ἃο,
1389 1290 1620 1329 dampnificatum
1633 1287 1732 1327 fuisse,
1749 1289 1781 1319 &
1797 1287 1922 1326 expensas
1937 1285 2034 1318 fecisse
2047 1287 2083 1318 de
2097 1286 2145 1317 suo
2161 1288 2295 1326 proprio,
2313 1288 2369 1318 fine

1304 1332 1525 1361 remuneratione
1547 1327 1651 1367 aliqua,
1669 1337 1717 1365 per
1742 1327 1858 1357 diversas
1881 1326 2043 1364 particulas,
2063 1325 2147 1364 usque
2171 1325 2205 1356 ad
2229 1325 2372 1357 summam

1306 1369 1504 1410 quaterviginti
1521 1368 1667 1398 Librarum
1681 1366 1896 1402 sterlingorum.

1342 1406 1523 1445 N05,habitii
1530 1405 1747 1437 consideratione
1760 1404 1794 1434 ad
1806 1401 1956 1442 praemiffa,
1968 1402 2091 1434 volentes
2103 1402 2296 1440 indempnitati
2305 1402 2374 1441 ejus-

1304 1446 1370 1477 dem
1391 1446 1520 1476 Bernardi
1540 1446 1570 1474 in
1592 1444 1644 1474 hac
1662 1451 1736 1480 parte
1754 1442 1925 1480 prospicere,
1942 1449 1972 1472 ut
1991 1450 2136 1479 tenemur,
2153 1442 2236 1472 vobis
2254 1441 2370 1473 marida-

1304 1495 1365 1516 mus
1380 1484 1456 1523 quod
1470 1483 1562 1514 eidem
1576 1480 1717 1513 Bernardo
1730 1481 1819 1511 dietas
1832 1481 2028 1518 quaterviginti
2046 1480 2142 1510 Libras
2157 1480 2185 1509 in
2203 1480 2373 1519 Arreragiis,

1306 1534 1370 1562 quae
1385 1523 1469 1553 nobis
1489 1522 1573 1552 debet
1593 1520 1628 1550 de
1644 1519 1740 1557 firma,
1756 1519 1801 1550 seu
1821 1520 1911 1558 pretio
1925 1518 2092 1555 Ballivarurri
2106 1518 2321 1557 praediclarum,
2337 1519 2377 1550 al*

1305 1563 1396 1592 locari
1410 1561 1531 1598 faciatis,
1550 1560 1582 1590 &
1596 1569 1648 1589 nos
1668 1559 1750 1589 vobis
1771 1557 1857 1596 inde,
1874 1556 1990 1595 praefato
2012 1556 2214 1596 Thesaurario,
2233 1558 2263 1588 in
2281 1556 2376 1588 Com-

1306 1610 1378 1639 poto
1393 1600 1487 1631 vestro
1500 1598 1626 1629 debitam
1640 1595 1837 1628 allocationem
1853 1595 1911 1626 fieri
1924 1595 2068 1626 faciemus.

1342 1680 1408 1711 Dat.
1428 1680 1501 1725 apud
1520 1677 1824 1716 Westmonasterium,
1842 1677 1978 1708 vicesimo
1992 1683 2089 1715 quarto
2111 1676 2158 1708 die
2174 1676 2313 1717 Januarii,
2329 1685 2378 1708 an-

1305 1730 1344 1751 no
1357 1719 1456 1757 Regni
1468 1718 1567 1749 nostro
1581 1718 1694 1748 octavo.

1462 1798 1516 1826 Per
1533 1794 1617 1836 ipfiaem
1634 1796 1730 1831 Regem
1748 1791 1787 1828 &⁶
1804 1794 1966 1822 Petilionem
1982 1793 2015 1823 de
2033 1791 2152 1833 Confilio.

1304 1928 1429 1974 Potestas
1453 1927 1572 1962 tradita
1594 1929 1786 1961 Procuratori
1801 1926 1877 1971 fito,
1899 1936 1954 1972 per
1978 1923 2129 1958 Yolendem
2152 1926 2320 1958 Dominam
2339 1924 2377 1959 de

1396 1979 1514 2021 Belino,
1540 1976 1584 2010 ad
1606 1974 1842 2009 concordandum
1865 1986 1935 2006 cum
1959 1977 2154 2007 Procuratore
2176 1976 2276 2021 Regis.

1373 2064 1494 2095 Overint
1508 2062 1644 2100 universi,
1662 2061 1720 2091 hoc
1743 2059 1862 2099 praesens
1880 2059 2029 2098 publicum
2047 2057 2267 2089 Instrumentum
2289 2058 2380 2098 inspe-

1353 2129 1355 2131 .
1391 2103 1481 2140 (ituri,
1499 2100 1575 2139 quod
1591 2101 1620 2130 in
1636 2100 1713 2137 mei,
1731 2099 1866 2136 Notarii,
1878 2099 1911 2128 &
1927 2097 2061 2128 Testium
2074 2096 2294 2134 subscriptorum
2308 2107 2378 2136 prae-

1308 2141 1393 2173 sentia
1409 2139 1585 2179 personaliter
1602 2137 1765 2175 constituta,
1783 2136 1899 2167 Nobilis
1912 2134 2038 2173 Mulier,
2057 2134 2327 2167 DominaYolendis
2343 2136 2378 2167 de

1309 2180 1418 2212 Solerio
1435 2202 1445 2218 ,
1468 2179 1486 2198 *²
1511 2175 1727 2209 vicecomitissa
1753 2176 1895 2208 Frontiaci
1943 2174 2074 2210 Domina
2101 2173 2137 2204 de
2164 2173 2262 2204 Belino
2278 2197 2288 2213 ,
2309 2175 2380 2207 Filia

1307 2218 1453 2258 quondam
1469 2218 1501 2248 &
1517 2216 1616 2247 Hieres
1630 2213 1745 2245 Arnaldi
1762 2197 1925 2252 Reymundi
1939 2211 1976 2242 de
1985 2211 2111 2249 Solerio,
2132 2210 2258 2241 Domini
2272 2213 2308 2243 de
2324 2213 2378 2244 Be-

1309 2259 1386 2295 lin0,
1405 2257 1488 2294 fecit,
1507 2255 1668 2291 constituit,
1685 2253 1718 2282 &
1732 2252 1873 2281 ordinavit
1889 2249 2103 2280 Procuratorem
2116 2248 2196 2280 suurn
2209 2250 2357 2288 specialem

1311 2294 1484 2332 Magistrum
1502 2290 1706 2332 Reymundum
1718 2291 1754 2320 de
1767 2288 1881 2320 Calreto
1894 2288 1929 2318 ad
1949 2287 2136 2318 ordinandum
2151 2288 2184 2318 &
2200 2276 2377 2321 concordan³

1310 2335 1381 2367 dum
1398 2331 1536 2363 Articulos
1551 2331 1654 2367 factos,
1674 2328 1718 2358 seu
1734 2328 1880 2358 inchoatos
1900 2328 1970 2356 inter
1985 2325 2137 2356 discretum
2153 2326 2256 2357 Virum
2277 2327 2378 2366 Magi-

1311 2372 1399 2403 strum
1417 2370 1601 2401 Austencium
1614 2367 1733 2406 Jordani
1769 2366 1986 2397 Procuratorem
2006 2364 2095 2394 incliti
2114 2363 2253 2403 Principis
2269 2365 2378 2397 Domi-

1310 2412 1341 2441 ni
1354 2409 1439 2439 nostri
1450 2408 1480 2439 R
1517 2409 1537 2438 is
1552 2407 1666 2444 Angli-ae
1680 2406 1713 2446 &c
1730 2389 1818 2435 Ducis
1834 2404 1992 2442 Aquitaniae
2011 2412 2044 2433 ex
2058 2401 2113 2433 una
2129 2411 2224 2442 parte,
2242 2405 2275 2435 &
2291 2405 2379 2443 ipsam

1312 2449 1473 2480 Dominam
1481 2418 1743 2477 eilicecomitissam
1761 2453 1794 2474 ex
1812 2443 1894 2474 altera
1946 2450 1976 2472 ut
1999 2441 2075 2472 ditsta
2098 2440 2227 2473 Domina
2246 2442 2383 2475 Yolendis

1313 2487 1447 2519 afferebat
1462 2509 1473 2525 ,
1497 2486 1574 2523 super
1600 2482 1752 2522 quaestione
1771 2482 1835 2512 altae
1851 2482 1884 2512 &
1904 2465 1987 2511 bassae
2001 2478 2114 2518 justitiae
2131 2487 2211 2511 terrae
2228 2480 2282 2512 suae
2293 2505 2304 2522 ,
2329 2483 2383 2513 ho-

1316 2528 1446 2564 minum,
1463 2524 1630 2561 feodorum,
1649 2522 1682 2552 &
1697 2530 1772 2551 retro
1786 2520 1940 2550 feodorum
1952 2519 2080 2549 suorum:
2151 2524 2154 2525 ⁷

1347 2564 1479 2595 Necnon
1493 2562 1527 2593 ad
1542 2560 1721 2598 faciendum,
1739 2557 1987 2596 concordandum,
2010 2556 2044 2588 &
2064 2556 2280 2590 concedendum
2303 2559 2382 2592 Lite-

1315 2614 1356 2635 ras
1389 2603 1434 2633 seu
1450 2601 1564 2639 publica
1578 2599 1764 2630 Instrumenta
1779 2597 1858 2635 super
1871 2596 2004 2628 Articulis
2015 2595 2173 2635 praediCtis3

1354 2626 1527 2672 13r0mittens
1542 2638 1596 2677 ipsa
1616 2637 1747 2667 Domina
1759 2635 1895 2666 Yolendis
1917 2633 2021 2672 michi,
2040 2633 2164 2665 Notario
2185 2634 2308 2667 infrascri
2330 2645 2361 2669 to
2378 2642 2381 2644 “

1316 2682 1432 2712 nomine
1465 2679 1498 2709 &
1521 2678 1555 2708 ad
1570 2687 1639 2715 opus
1661 2685 1783 2713 quorum
1805 2672 1934 2711 interest,
1950 2681 1995 2703 aut
2016 2672 2143 2703 interesse
2160 2674 2269 2714 potest,
2286 2676 2315 2706 so
2325 2660 2387 2707 em'-

1316 2721 1407 2758 pniter
1429 2701 1589 2755 siipulanti,
1615 2715 1641 2745 se
1659 2722 1748 2744 ratum
1765 2713 1798 2744 &
1819 2721 1928 2750 gratum
1953 2711 2056 2742 habere
2080 2714 2214 2750 perpetuo
2235 2714 2388 2755 quicquid,

1317 2768 1386 2789 curn
1410 2756 1489 2786 dieto
1513 2754 1697 2785 Procuratore
1714 2752 1779 2789 suo,
1804 2752 1832 2781 in
1851 2748 2015 2788 praemiffis,
2031 2750 2065 2780 &
2085 2750 2225 2788 praemiffa
2243 2755 2384 2791 tangenti.

1319 2797 1387 2834 bus,
1405 2795 1521 2833 aetum,
1546 2790 1770 2830 concordatum,
1795 2788 1962 2820 concessum
1977 2788 2060 2820 fuerit
2072 2811 2082 2826 ,
2105 2788 2151 2820 seu
2168 2790 2253 2821 etiarn
2272 2791 2386 2824 ordina.

1318 2844 1389 2866 tum.
1767 2841 1770 2844 ·

1355 2873 1392 2903 Et
1410 2873 1467 2902 hoc
1486 2870 1637 2908 omnibus,
1655 2877 1777 2913 quorum
1793 2865 1924 2905 interest,
1940 2873 1986 2897 aut
2004 2865 2131 2896 interesse

1360 2913 1364 2918 .
1482 2910 1487 2916 .
1583 2909 1588 2914 .
2043 2905 2047 2910 .
2188 2866 2259 2906 test)
2277 2877 2323 2899 ²²¹1
2335 2878 2390 2906 ΡΟ·

1315 2920 1396 2950 terit,
1412 2910 1501 2942 voluit
1518 2907 1669 2947 significari
1686 2917 1736 2946 per
1753 2906 1811 2937 hoc
1829 2905 1950 2944 praesens
1966 2904 2118 2935 Pubhcum

2170 2904 2363 2937 strumentum.

1357 2988 1467 3019 Actum
1484 2986 1537 3018 fuit
1553 2986 1632 3016 tertia
1649 2984 1694 3015 die
1713 2982 1842 3014 introitsis
1854 2981 1972 3022 Martii,
1988 2991 2064 3013 anno
2081 2980 2204 3011 Domini
2221 2981 2390 3023 millesimo,

1318 3026 1529 3064 trecentesim0‚
1548 3025 1664 3056 decimo
1682 3031 1797 3062 quarto,
1822 3029 1958 3060 regnante
1975 3019 2125 3051 Ludovico
2139 3017 2267 3050 Franciae
2285 3021 2386 3062 Rege,

1318 3065 1458 3098 Edwardo
1483 3063 1570 3101 Rege
1588 3062 1718 3100 Angliae,
1743 3061 1828 3092 Duce
1847 3060 2021 3098 Aquitaniae,
2046 3055 2168 3088 Arnaldo
2184 3057 2386 3099 Archiepisco-

1318 3115 1357 3145 po
1377 3103 1567 3142 Burdegaliae,
1583 3100 1709 3134 Geraldo
1726 3099 1880 3138 Praeposito
1898 3096 2011 3136 Maiore
2029 3094 2192 3134 Liborniae3
2225 3111 2227 3114 ⁴

1759 3173 1861 3206 Testes
1876 3173 1936 3204 sunt
1943 3194 1954 3212 ‚

1358 3260 1456 3287 Petrus
1474 3256 1505 3285 de
1523 3254 1630 3285 Bloiaco
1649 3250 1826 3289 Domicellus,

1358 3299 1491 3326 Dominus
1509 3292 1655 3324 Arnaldus
1672 3291 1704 3320 de
1721 3294 1796 3320 Cano
1813 3291 1920 3327 Prato,
1940 3286 2098 3328 Presbiter3

1361 3333 1496 3373 Magister
1511 3331 1592 3361 Elias
1608 3331 1640 3360 de
1657 3328 1794 3370 Lostant,

1359 3372 1456 3402 Helias
1475 3371 1506 3400 de
1522 3372 1655 3409 Ripuria,

1359 3410 1518 3440 Bernardus
1533 3409 1565 3438 de
1582 3410 1686 3447 Prata,

1358 3448 1525 3478 Guillielmus
1543 3447 1574 3477 de
1593 3445 1670 3476 Bello
1686 3444 1789 3476 Videre.

1319 3525 1407 3586 ET
1423 3534 1481 3563 ego
1498 3522 1683 3563 Reyrnundus
1698 3520 1802 3552 Boneti
1818 3519 1953 3551 Notarius
1970 3518 2130 3554 Liborniae‚
2148 3515 2214 3554 qui,
2230 3513 2267 3546 ad
2284 3519 2384 3556 reque&

1396 3563 1466 3594 stam
1489 3563 1577 3594 dict-„e
1594 3560 1785 3592 constituentis
1798 3582 1808 3598 ,
1833 3559 1891 3590 hoc
1909 3557 2027 3598 praesens
2043 3554 2196 3588 Publicum
2211 3552 2383 3587 Instrumen-

1320 3612 1381 3635 tum
1399 3602 1508 3640 scripsi,
1527 3602 1561 3632 ὃς
1578 3601 1660 3638 ligno
1677 3609 1743 3629 meo
1762 3597 1876 3635 signavi.

1358 3641 1432 3672 Aeta
1451 3642 1560 3671 fuerunt
1577 3639 1641 3669 haec
1658 3639 1690 3668 in
1706 3637 1774 3667 loco
1793 3644 1896 3667 vocato
1912 3635 1987 3676 Boys
2004 3633 2122 3673 Gyrart,
2146 3640 2235 3670 prope
2252 3630 2385 3673 Parifius,

1320 3679 1532 3749 ubibpraeidi&us
1551 3677 1694 3708 Dominus
1711 3674 1876 3707 Senescallus
1894 3683 1963 3706 tunc
1982 3671 2153 3710 morabatur,
2171 3679 2264 3710 anne,
2281 3670 2316 3703 &
2327 3670 2386 3710 die,

1322 3729 1369 3758 qui
1391 3728 1420 3749 us
1448 3727 1532 3757 upra,
1980 3740 1983 3744 .

1633 3780 1817 3826 Praesentibus
1832 3792 1953 3826 discretis
1970 3789 2064 3829 viris,

1360 3876 1476 3906 Domino
1494 3858 1647 3904 duillielmo
1659 3872 1690 3902 de
1705 3871 1778 3914 Cafis
1795 3859 1899 3909 Legitni
1913 3856 2078 3906 Prffeffore,
2093 3862 2133 3899 ὀ·
2224 3904 2230 3909 ·

1361 3910 1736 3990 MalgffizoinHleslZiosszfiuli
1750 3933 1762 3951 ‚
1787 3908 1948 3950 confiliariis
1966 3904 2093 3972 praediffi
2116 3904 2230 3934 Dvmr'm
2247 3902 2326 3941 Regis
2342 3897 2385 3939 όσ,

1366 3990 1450 4027 Petro
1462 3987 1586 4029 Baalim.
1681 3972 1693 3990 ²
2329 4016 2384 4057 Rq

2381 158 2458 200 Anti.
2470 158 2510 199 D.

2404 207 2475 237 1315

2377 240 2447 277 Eptv.
2462 220 2489 265 2..
2499 268 2508 274 ,A

2408 2061 2484 2122 Anii.
2498 2060 2540 2097 D.'

2431 2109 2516 2142 1215.

2408 2145 2461 2169 An.
2477 2144 2505 2168 ὃ.

2407 2184 2436 2207 Ε.
2452 2190 2478 2207 2.

2410 2219 2474 2257 Vasc.
2495 2220 2526 2250 8.

2407 2261 2439 2284 E.
2460 2269 2488 2287 2.
2504 2263 2543 2290 m}

2427 2317 2518 2365 2111.

2438 2382 2456 2410 5
2458 2384 2507 2411 09⁸.
