2562 4279
774 155 882 196 ET
969 149 1236 191 ACTA

64 245 139 281 Anu.
156 245 193 275 D.
209 254 423 284 competentem
436 243 677 284 Affignationem,
696 243 726 271 in
739 241 828 277 locis,
843 238 893 268 ubi
908 234 1092 267 commodius
1113 233 1172 264 fieri
1187 240 1269 271 pote-

86 294 169 325 1330-
215 287 266 322 rit,
285 286 386 315 habere
401 283 502 313 faciant
812 317 817 321 ,
942 314 946 318 1
1051 312 1056 317 .
1153 310 1158 315 .
1181 310 1186 314 Ι

67 328 133 356 Edv.
150 333 176 361 3·
252 323 289 353 Et
303 346 312 362 ‚
330 321 404 354 facta
426 321 574 351 Solutione
614 319 660 349 seu
685 316 877 355 Affignanone
899 311 1059 357 hujusmodi
1073 335 1083 347 ,
1097 316 1236 354 ¹recipiant
1255 318 1271 338 a

215 362 334 400 praefatis
356 359 565 391 Mercatoribus
586 343 705 387 Litteras
727 355 817 392 Regis
839 351 1000 391 praedictas,
1017 359 1052 379 ac
1068 349 1186 392 Litteras
1201 346 1274 389 ipso-

216 410 280 431 rum
298 400 497 430 Mercatorum
510 395 734 434 Acquietantiae,
753 402 816 440 quae
832 401 885 434 pro
900 390 981 437 Rege
995 386 1163 431 sufficientes
1174 385 1276 415 fuerint

218 440 249 469 in
261 439 312 469 hac
327 447 422 476 parte,
438 435 525 474 ipsos,
547 435 596 473 qui
611 433 646 464 de
660 433 781 463 Summa
792 429 928 468 praedieta
939 435 1049 457 onerari
1069 425 1190 461 debent,
1206 432 1277 453 one-

217 486 316 508 fantes.

258 551 349 584 Teste
362 560 393 583 ut
402 551 489 590 supra.

919 620 972 648 Per
989 617 1057 647 idem
1076 619 1177 646 Breve.

311 758 368 788 Pro
387 749 520 785 Berardo
537 747 573 780 de
590 747 621 779 la
642 748 742 778 Brette
760 743 796 777 de
812 741 961 776 laudabili
978 746 1110 776 Servitia
1126 742 1189 786 sito.

229 838 350 915 REX
370 835 531 870 Omnibus,
547 831 582 862 ad
602 840 690 870 quos,
708 831 769 862 &c.
788 829 922 860 Salutem.

265 915 323 946 Pro
330 876 425 944 81ξὲῗέ
443 871 564 940 ἒὲἳιῗὶῐῖίο
577 931 587 945 ,
606 906 701 945 quod,
719 906 851 937 Diledims
873 907 907 937 ὃς
928 905 1030 936 Fidelis
1048 903 1145 934 noster
1160 926 1169 942 ,
1188 902 1285 933 Berar—

229 954 280 984 dus
300 955 335 984 de
355 952 380 982 la
398 949 491 980 Brette
512 948 594 977 nobis
614 947 747 977 hatstenus
767 945 925 984 impendit,
944 947 977 976 ὃς
999 944 1145 982 impendet
1159 944 1188 972 in
1210 942 1285 972 futu-

228 1003 460 1061 rugoncesifimus
480 1025 522 1063 ei,
536 1034 593 1068 ⁴pro
614 1024 720 1067 Nobis·
737 1024 770 1055 ὃς
791 1021 964 1066 Haeredibus
979 1020 1099 1064 nostris,
1117 1017 1285 1062 Custodiam

224 1068 315 1099 Castri
336 1067 369 1096 &
391 1063 568 1094 Castellaniae
591 1061 627 1092 de
648 1061 743 1092 Podio
765 1060 951 1100 Normanni,
970 1061 1003 1091 δε
1021 1058 1139 1089 Bast1dae
1161 1057 1198 1088 de
1210 1057 1286 1088 Villa

224 1105 331 1142 Frank,
350 1113 419 1134 cum
435 1102 631 1139 Pertinentiis,

261 1142 448 1179 Habendam,
467 1151 535 1171 cum
551 1140 685 1170 omnibus
699 1138 734 1170 ad
749 1137 921 1169 Custodiam
937 1137 1010 1167 illam
1020 1133 1285 1175 pertinentibus,ad

224 1191 314 1214 totam
331 1183 417 1211 vitam
432 1179 512 1217 ipsius
527 1177 654 1216 Berardi,

262 1218 452 1260 Percipiendo
474 1217 582 1257 sin-gulis
604 1216 693 1247 Annis
712 1224 830 1247 centum
849 1215 948 1246 Libras
970 1213 1181 1250 Sterlingorum
1207 1210 1288 1249 super

224 1260 353 1290 Exitibus
367 1257 461 1288 Castri
475 1257 508 1287 δε
524 1255 701 1285 Castellaniae
716 1254 935 1292 praedictorum,

260 1297 299 1328 Et
320 1295 464 1327 reddendo
484 1295 568 1325 nobis
589 1304 637 1331 per
659 1292 794 1330 Annum,
813 1292 884 1322 ultra
904 1291 1014 1322 easdem
1036 1288 1166 1320 Centum
1188 1289 1287 1319 Libras

225 1336 374 1367 Ducentss
397 1334 495 1364 Libras
519 1332 651 1362 Monetae
678 1332 813 1361 currentis
834 1330 940 1360 ibidem
956 1353 966 1368 ,
997 1338 1082 1366 prout
1104 1329 1178 1365 prius
1197 1327 1289 1357 reddi-

226 1376 268 1405 dit
279 1398 288 1413 ,
305 1375 375 1404 dum
384 1371 551 1403 Custodiam
568 1370 732 1408 prcedidhm
746 1369 779 1399 ad
793 1368 919 1399 nostram
934 1369 1025 1398 tenuit
1040 1366 1233 1404 voluntatem,

265 1412 305 1443 Ita
329 1412 424 1451 quod,
443 1410 507 1448 post
533 1418 660 1439 mortem
682 1408 764 1445 ipsius
785 1407 915 1445 Berardi,
934 1405 1073 1437 Custodia
1095 1404 1231 1443 praedii-sta
1253 1403 1289 1434 ad

226 1462 279 1482 nos
288 1475 297 1489 ,
316 1452 349 1481 δε
363 1448 499 1480 Haeredes
512 1447 641 1486 nostros,
658 1448 767 1486 integre
781 1455 944 1479 revertatur.

263 1490 299 1522 ln
313 1490 407 1528 cujus,
425 1489 486 1519 &c-

76 837 151 869 Ann.
167 836 207 866 D.

98 885 181 915 1330.

74 919 127 944 An.
143 925 171 950 4.

77 976 149 1029 Vise..
161 999 191 1023 4.

77 1035 107 1057 Ε.
120 1040 143 1066 3.
152 1039 189 1056 m.

261 1566 353 1599 Teste
369 1566 454 1603 Rege
465 1564 539 1603 apud
553 1562 738 1601 Wodestok,
756 1562 850 1601 primo
865 1561 913 1593 die
929 1561 1013 1592 Maii.

775 1641 829 1670 Per
842 1641 1004 1669 Petitionem
1018 1636 1050 1667 de
1066 1635 1185 1667 Concilio.

560 1769 618 1800 Pro
635 1763 767 1798 Berardo
781 1762 968 1810 fitpradicflm

296 1853 356 1886 EX
373 1852 522 1891 omnibus,
537 1850 572 1881 ad
588 1860 676 1890 quOS,
694 1850 754 1881 &c.
775 1848 914 1880 Salutem.

335 1893 432 1924 Sciatis
452 1889 551 1929 quod,

270 1931 328 1962 Pro
351 1931 432 1961 bono
453 1931 487 1961 &
505 1927 635 1959 laudabili
654 1927 799 1965 Servitio,
817 1925 913 1965 quod,
931 1924 1063 1955 Dilectus
1078 1924 1111 1955 ὃς
1130 1922 1230 1953 Fidelis
1245 1933 1299 1953 no-

233 1969 305 2009 ster,
325 1968 459 2000 Berardus
473 1967 510 1998 de
522 1968 548 1998 la
563 1966 655 1997 Brette
668 1966 753 1996 nobis
768 1965 904 1996 haetenus
928 1962 1082 2001 impendit,
1099 1963 1132 1994 &
1154 1962 1299 2002 impendet

232 2009 262 2040 in
275 2008 402 2040 futurum
412 2007 463 2046 ,&
478 2008 507 2036 in
520 2005 832 2042 Recompensationem
846 2004 1049 2039 Dampnorum
1063 2002 1096 2032 ὃς
1109 2000 1299 2039 Jarfturarum,

233 2058 297 2087 quae
309 2047 459 2079 occasione
472 2045 669 2082 Guerrarurn,
687 2044 716 2073 in
730 2042 847 2074 Ducatu
861 2041 1001 2079 praedidto
1024 2048 1203 2078 exortarum,
1221 2039 1300 2070 susti-

236 2095 298 2116 nuit

271 2110 474 2154 Conceffimus
493 2122 519 2151 ei
541 2121 622 2159 Qin
642 2127 718 2150 entas
738 2119 836 2149 Libras
858 2118 1089 2155 Sterlingorum,
1107 2115 1301 2154 percipiendas

235 2162 347 2202 singulis
368 2161 456 2190 Annis
476 2160 554 2198 super
576 2158 623 2189 Cu
652 2158 717 2189 uma
739 2158 835 2188 nostra
850 2156 980 2187 Civitatis
993 2155 1096 2185 nostrae
1111 2154 1301 2194 Burdegaliae,

235 2200 372 2239 quamdiu
386 2198 493 2229 nostrae
511 2198 645 2236 placuerit
658 2197 924 2234 voluntati-mnam,
942 2194 1092 2232 videlicet,
1110 2193 1301 2224 Medietatem

236 2239 272 2269 ad
286 2237 402 2269 Festum
418 2237 515 2267 Saniti
530 2235 694 2273 Michaelis,
712 2237 746 2268 &
760 2235 841 2266 aliam
856 2233 1045 2264 Medietatem
1061 2233 1096 2263 ad
1112 2231 1230 2263 Festum
1246 2231 1301 2263 Pa-

236 2277 328 2316 schae,
346 2286 396 2315 per
411 2275 532 2313 aequales
547 2274 708 2305 Portiones.

276 2315 311 2347 In
324 2315 420 2354 cujus,
438 2315 497 2345 &c.

84 1865 164 1897 Ann.
173 1865 214 1896 D.

110 1913 196 1945 1330.

80 1946 135 1971 An.
151 1953 179 1979 4.

76 1991 150 2050 zm?
158 2003 164 2010 “

276 2391 367 2424 Teste
380 2390 464 2432 Rege
477 2390 550 2430 apud
564 2389 766 2428 wodestoke,
781 2388 921 2422 vicesimo
934 2388 1041 2420 octavo
1055 2386 1101 2417 die
1115 2386 1228 2425 Aprilis.

794 2470 849 2497 Per
861 2468 1021 2496 Petitionem
1034 2465 1066 2495 de
1080 2462 1202 2495 Concilio.

244 2546 332 2609 ET
350 2545 521 2576 Mandatum
535 2543 576 2574 est
589 2543 810 2574 Constabulario
823 2542 1012 2582 Burdegaliae,
1031 2542 1080 2579 qui
1093 2550 1171 2571 nunc
1187 2539 1246 2577 est,
1261 2539 1308 2580 vel

321 2586 371 2624 qui
389 2585 409 2604 *³
431 2593 484 2621 pro
498 2591 630 2620 ternpore
642 2582 742 2620 fuerit,
761 2582 841 2620 quod
855 2581 948 2612 eidem
963 2580 1084 2611 Berardo
1099 2579 1187 2609 dictas
1211 2579 1308 2616 Qun-

243 2632 339 2664 gentas
364 2623 463 2653 Libras
486 2621 691 2660 Sterlingorum
701 2643 712 2658 ,
727 2621 773 2651 vel
793 2620 921 2653 valorem
941 2618 1111 2649 eorumdem
1126 2618 1155 2646 in
1169 2616 1221 2647 alia
1236 2616 1308 2647 Mo-

245 2661 328 2701 neta,
346 2661 381 2692 ad
393 2661 550 2699 Terminos
565 2659 732 2698 praedictos,
747 2655 862 2691 solvi&
877 2659 979 2688 habere
994 2658 1076 2688 faciat
1088 2658 1164 2695 juxta
1178 2665 1308 2686 tenorem

247 2699 407 2731 Literarum
427 2698 643 2736 praedidiarurn,
662 2698 695 2728 ὃς
716 2697 783 2728 Rex
805 2698 855 2736 ei,
869 2698 899 2728 in
922 2695 1075 2734 Compoto
1097 2695 1168 2732 suo,
1187 2693 1310 2725 debitam

248 2739 460 2769 Allocationem
473 2737 575 2774 habere
590 2737 681 2768 faciet.

94 2608 116 2628 ²*
135 2610 188 2636 tv.

95 2648 161 2684 43⁶·

283 2813 374 2845 Teste
389 2821 419 2845 ut
431 2813 519 2852 supra.

295 2956 390 3000 Stqer
416 2952 555 2998 Promisso
574 2952 682 2987 Karoli
707 2963 798 2999 nuper
812 2955 899 2999 Regis
917 2954 1048 2986 Francia:
1064 2950 1108 2986 ad
1123 2955 1267 2986 Bannitos

672 2999 891 3046 pardonandos.

104 3093 184 3125 Ann.
195 3091 237 3122 D.
255 3086 386 3144 REX,
403 3086 512 3118 Nobili
533 3086 607 3117 Viro
627 3085 660 3116 δε
682 3084 770 3115 Fideli
792 3084 860 3123 suo,
879 3084 1014 3116 Domino
1182 3085 1219 3116 de
1236 3085 1314 3116 Cau-

126 3141 211 3171 1330⁴
330 3133 428 3162 mont,
446 3125 582 3163 Salutem.

104 3174 156 3199 An.
171 3180 200 3206 4.
295 3164 396 3203 Q‘am
408 3163 524 3195 fideliter
537 3165 571 3195 ὃς
584 3162 762 3200 constanter,
780 3161 862 3192 clarae
876 3163 1040 3200 memoriae,
1049 3161 1194 3192 Genitoris
1208 3161 1315 3198 nostri,

107 3214 138 3237 Ε.
159 3218 184 3244 3.
256 3202 290 3233 &
321 3201 422 3232 nostris
444 3202 584 3240 obsequiis
600 3200 748 3232 adhaefistis
764 3225 774 3239 ,
793 3201 827 3231 ὃς
850 3211 932 3239 quae,
952 3201 986 3231 ea
1006 3200 1156 3231 occasione
1170 3224 1179 3238 ,
1198 3200 1315 3238 perpeffi

109 3247 178 3284 Vasa.
192 3255 225 3281 4.
258 3239 321 3285 estis
333 3239 473 3278 dispendia
487 3241 520 3272 &
529 3241 665 3279 ja&uras,
682 3239 767 3270 nobis
780 3249 840 3269 non
856 3239 950 3277 potest
963 3240 994 3270 in
1008 3240 1178 3270 memoriam
1193 3248 1253 3269 non
1266 3249 1317 3270 ve-

109 3289 139 3313 E.
184 3303 190 3310 .
205 3293 243 3311 m.
259 3289 329 3309 nire.

113 3293 244 3360 10.3dors.
296 3316 351 3355 Et,
368 3316 435 3360 licet
447 3326 499 3354 pro
511 3316 685 3347 restitutione
697 3316 855 3347 Terrarum
868 3317 902 3348 &
917 3316 1067 3347 Bonorum
1087 3316 1266 3355 vestrorum,
1283 3325 1317 3346 ac

259 3364 440 3387 revocatione
455 3355 559 3393 Banni,
577 3364 676 3385 contra
690 3364 743 3384 vos
757 3355 923 3386 auctoritate
937 3355 1037 3386 Curiae
1052 3355 1174 3386 Franciae
1190 3355 1318 3393 promul-

259 3396 332 3435 gati,
350 3404 399 3432 per
415 3393 519 3424 Litetas
531 3395 564 3425 &
581 3393 716 3424 Nuncios
727 3392 972 3432 insteterimus,&
986 3394 1052 3424 inde
1064 3393 1319 3432 solempnesNun-

260 3435 321 3464 cios
334 3432 446 3463 nostros
463 3432 544 3470 (quos
555 3433 613 3469 jam
627 3431 661 3461 ad
674 3439 763 3470 partes
778 3431 905 3461 Franciae
921 3432 1136 3471 transmilimus,
1154 3442 1206 3470 pro
1229 3433 1319 3462 refor-

260 3472 384 3503 matione
406 3469 584 3501 Concordiae
603 3470 682 3507 super
701 3469 838 3507 aliquibus
862 3469 994 3499 Articulis
1016 3470 1126 3509 dubiis,
1144 3481 1226 3508 paces
1243 3473 1318 3508 prius

259 3512 340 3541 initas
354 3508 598 3546 contingentibus)
613 3507 775 3538 duxerimus
786 3507 937 3544 specialiter
950 3509 1123 3546 onerandos,
1142 3519 1202 3539 non
1225 3511 1320 3547 potui-

260 3560 324 3581 mus
338 3558 433 3579 tamen
448 3547 590 3585 hucusque
602 3545 753 3584 adimplere
766 3545 846 3583 super
858 3546 917 3576 hoc
931 3553 1034 3578 votum
1049 3546 1188 3577 nostrum.

242 3606 245 3613 -
300 3587 419 3626 Propter
441 3585 518 3624 quod
534 3587 594 3624 jam
616 3584 741 3614 misimus
762 3593 873 3614 certum
892 3583 1047 3615 Nuncium
1071 3584 1201 3616 nostrum
1216 3609 1226 3623 ,
1250 3596 1319 3617 cum

260 3626 479 3698 &girlsssalfiiteris
490 3648 499 3663 ,
516 3624 550 3654 ad
570 3622 767 3654 Venerabilem
786 3622 899 3654 Patrem
1066 3623 1321 3664 Archiepiscopum

315 3676 335 3695 o
345 3676 364 3695 o
412 3673 469 3694 um.
1296 3672 1300 3676 ²

299 3703 334 3734 In
355 3704 433 3742 cujus
455 3701 582 3732 custodia
603 3698 730 3739 quaedam
752 3699 856 3730 Literae
877 3699 1006 3731 Parentes
1022 3724 1031 3738 ,
1047 3699 1134 3731 honae
1154 3702 1322 3741 memoriae,

266 3741 391 3773 Domini
415 3741 533 3779 Karoli,
548 3750 636 3778 nuper
657 3738 745 3777 Regis
769 3738 896 3768 Franciae
917 3739 977 3776 (per
1001 3749 1067 3777 quas
1083 3739 1157 3769 idern
1176 3739 1239 3769 Rex
1253 3750 1322 3778 pro-

267 3781 376 3811 miserat
390 3779 471 3818 quod
484 3779 612 3810 Bannum
625 3776 807 3817 praedictum,
825 3776 845 3806 si
855 3777 886 3808 ei
901 3778 1019 3814 paritum
1033 3776 1101 3808 effet
1110 3801 1119 3815 ,
1138 3777 1253 3809 deberet
1261 3802 1269 3817 ,
1285 3779 1321 3810 ad

268 3818 413 3862 cariffimae
429 3818 529 3849 Matris
543 3817 662 3855 nostrae,
677 3817 710 3847 &
724 3814 854 3845 nostrum
867 3823 1001 3852 rogatum
1015 3815 1105 3846 Facere
1121 3818 1259 3854 revocari)
1277 3827 1322 3848 re-

263 3857 428 3888 manserunt

307 3894 354 3925 Ad
373 3882 478 3927 Litei‘as
491 3896 555 3926 'illas
576 3892 713 3933 praediffitis
732 3892 858 3923 Nunciis
877 3891 979 3923 nostris
994 3891 1196 3930 deferendum
1215 3894 1248 3924 ὃς
1261 3904 1323 3925 cre-

267 3932 360 4000 dit-Pus
379 3933 496 3966 firmiter
515 3933 614 3973 quod,
632 3934 671 3963 eis
692 3932 754 3964 vifis
766 3955 776 3971 ,
794 3930 842 3962 fiet
865 3930 946 3970 quod
966 3931 1097 3968 praefatus
1114 3930 1178 3961 Rex
1199 3931 1236 3962 fic
1256 3943 1323 3971 pro-

269 3979 309 4000 mi
320 3979 350 4001 it.

308 4009 510 4048 Qamobrem
526 4011 722 4043 Dilectionem
735 4009 859 4040 vestram
872 4017 1003 4048 rogamus
1018 4008 1053 4039 ὃς
1065 4010 1218 4039 excitamus
1229 4017 1264 4040 ex
1274 4009 1325 4040 af-

271 4045 349 4078 fectu
360 4069 371 4086 ‚
389 4049 514 4085 quatinus
526 4072 539 4088 ‚
554 4049 694 4089 praemiffa
707 4073 718 4088 ,
735 4048 863 4080 Batinum
885 4049 920 4081 ὃς
939 4046 1082 4085 deperdita
1092 4071 1103 4086 ,
1123 4046 1322 4086 ‘aequanimiter

1319 140 1803 187 PUBLICA.
2324 161 2382 200 -45

1306 229 1556 273 sustinentes,n0n
1570 231 1624 261 fitis
1641 241 1674 261 ex
1689 231 1823 262 dilatione
1837 230 1994 269 hujusmodi
2011 230 2065 262 ulla
2081 232 2295 269 importunitate
2307 242 2373 263 mo·
2389 232 2465 262 Ann.
2480 226 2521 269 D;

1311 267 1390 305 lestr,
1408 267 1524 297 scientes
1539 278 1591 305 pro
1608 278 1687 299 certo
1701 270 1779 307 quod
1791 269 1824 300 ad
1839 270 1950 301 Statum
1965 269 2093 300 vestrum
2107 270 2192 300 talem
2216 270 2372 301 considera-
2415 279 2498 310 1330.

1312 306 1538 374 {iggtiaefritiiqbeoe
1551 309 1737 344 proponimus
1750 308 1821 339 infra
1835 308 1938 347 breve,
1955 307 2034 347 quod
2053 308 2156 339 exinde
2175 310 2249 340 eritis
2270 310 2373 341 merito
2390 309 2456 338 Edv.
2478 318 2506 344 3.

1459 354 1476 372 1.

1355 419 1431 450 Data
1446 418 1519 456 apud
1534 419 1729 461 Wodestoke,
1748 424 1847 462 quinto
1863 423 1908 453 die
1922 422 2001 453 Maii.

1444 494 1614 528 Confimiles
1628 498 1732 530 Literae
1746 499 1903 537 diriguntur
1917 499 2090 538 subscriptis,
2109 499 2256 538 videlicet,

1321 574 1436 600 Domino
1451 574 1597 602 Amaneno
1614 575 1646 603 de
1658 575 1756 614 Foffizt.

1322 613 1438 639 Domino
1560 612 1584 641 le
1597 614 1685 641 Bourt
1700 615 1731 643 de
1745 616 1813 643 Fais.

1322 651 1437 677 Domino
1559 650 1591 678 de
1607 650 1700 690 Lefiu.

1324 687 1480 716 Bertrando
1497 686 1611 718 Caillon.

1868 576 2017 615 Reymundo
2063 576 2193 606 Durandi

1906 614 2078 644 Lamiarum.

1869 653 2018 690 Reymunda
2034 653 2172 682 Bernardi
2187 654 2219 684 de
2226 656 2316 682 Seinte
2323 655 2378 682 Foi.

1870 689 2038 719 Alexandro
2054 692 2086 721 de
2100 694 2241 722 caumont.

2235 574 2379 615 Semstallo

1547 811 1606 846 Ad
1619 815 1728 860 Regem
1747 814 1906 858 Aragoniae
1927 813 1962 846 de
1983 813 2151 848 Credentia.

1325 897 1537 958 MAgnifico
1558 898 1698 935 Principi,
1716 896 1851 928 Domino
1973 897 2031 928 Dei
2050 899 2134 936 gratia
2148 924 2158 937 ,
2176 901 2251 939 Regi
2274 901 2382 940 Arago-
2402 907 2478 938 Αῃῃ,
2491 902 2535 936 D,

1420 939 1488 975 niae,
1509 938 1616 968 Amico
1636 937 1685 966 suo
1707 936 1868 974 cariffimo,
1883 935 2053 974 fflwardus,
2073 936 2174 967 eadem
2193 939 2295 978 gratia,
2315 942 2377 970 &c.
2424 954 2508 985 1330,

1326 975 1451 1007 Salutem
1463 999 1472 1013 ,
1488 977 1520 1006 &
1534 975 1568 1005 ad
1582 984 1650 1005 vota
1664 974 1801 1004 succeffus
1817 974 1963 1013 prosperos
1973 976 2005 1005 &
2021 975 2123 1005 felices.
2403 988 2454 1012 A„¹
2470 995 2499 1019 4.

1364 1014 1454 1052 Super
1476 1013 1640 1051 quibusdam
1661 1014 1771 1049 magnis
1789 1013 1923 1051 Negotiis
1938 1035 1946 1050 ,
1972 1023 2036 1050 quae
2059 1013 2140 1043 valde
2161 1014 2279 1045 insident
2299 1016 2381 1046 nobis
2406 1028 2432 1050 E.
2452 1033 2477 1049 0,

1328 1052 1427 1090 cordi,
1447 1052 1568 1082 Diiecus
1581 1052 1615 1083 sc
1631 1051 1771 1081 Fideiibus
1786 1051 1906 1089 nostris,
1924 1051 2087 1082 willielmo
2104 1051 2236 1090 Trussei,
2252 1054 2285 1083 &
2307 1054 2384 1093 Rey-
2405 1042 2492 1097 cais.
2508 1068 2537 1094 4..

1329 1091 1439 1122 mundo
1452 1090 1580 1128 Cornill,
1601 1090 1685 1128 (quos
1698 1089 1733 1119 ad
1746 1089 1868 1120 vestram
1886 1089 1923 1119 M
1960 1090 2133 1120 nificentiam
2152 1090 2284 1121 duximus
2303 1091 2384 1121 desti-
2406 1104 2434 1127 E.
2458 1109 2482 1126 ⁴,
2501 1107 2538 1125 m,

1328 1129 1446 1166 nandos)
1460 1129 1597 1159 secretum
1612 1138 1626 1158 a
1649 1129 1771 1158 eruimus
1786 1127 1879 1158 cordis
1892 1138 1931 1157 no
1960 1129 1998 1165 ri,
2015 1128 2161 1159 Serenitati
2183 1129 2299 1167 vestrae,
2318 1130 2337 1159 si
2357 1131 2389 1160 li-
2410 1121 2486 1175 3⁶³²·

1328 1170 1408 1206 beat,
1426 1177 1474 1205 per
1486 1168 1576 1207 ipsos,
1591 1177 1627 1198 ve
1650 1176 1752 1197 eorum
1765 1166 1882 1196 alterum
1894 1166 2018 1196 seriosius
2032 1167 2249 1204 exponendum:

1367 1206 1480 1237 Placeat
1494 1208 1594 1246 igitur,
1635 1205 1788 1244 uaesumus,
1807 1204 2079 1235 Dneetionivestrae
2101 1206 2247 1245 praefatos,
2265 1203 2389 1237 Williel-

1330 1255 1413 1276 mum
1428 1247 1461 1276 ὃς
1478 1245 1613 1284 Reymun
1637 1254 1702 1281 um,
1720 1244 1753 1274 δί
1767 1253 1869 1274 eorum
1883 1244 2019 1281 alterum,
2036 1243 2115 1280 super
2130 1245 2182 1274 hiis
2197 1245 2320 1285 benigne
2340 1256 2390 1276 au-

1328 1284 1389 1314 dire
1424 1283 1569 1321 fidemque
1590 1282 1746 1314 Credulam
1769 1281 1849 1320 ipsis,
1868 1282 1902 1312 &
1923 1291 2024 1312 eorum
2045 1282 2137 1320 alteri,
2156 1284 2281 1319 praebere
2302 1285 2331 1313 in
2347 1285 2390 1314 di-

1329 1307 1442 1360 cendis3
1461 1323 1494 1353 &
1515 1322 1598 1353 nob1s
1617 1322 1697 1359 super
1717 1321 1768 1351 hiis
1786 1321 1820 1352 ὃς
1842 1320 1915 1357 aliis,
1931 1330 1996 1358 quae
2016 1321 2098 1351 vobis
2121 1331 2204 1358 penes
2218 1322 2282 1351 Nos
2307 1322 2391 1359 placi-

1329 1370 1388 1431 ἔξω
1413 1361 1532 1399 fuerint,
1550 1370 1600 1399 per
1619 1360 1709 1398 ipsos,
1726 1358 1773 1391 vel
1792 1369 1894 1390 eorum
1912 1359 2031 1390 alterum
2047 1382 2058 1397 ,
2075 1358 2223 1390 rescribere
2243 1359 2324 1391 Velle
2344 1369 2393 1392 vea

1355 1409 1429 1431 rum.

1371 1475 1440 1507 Dat.
1457 1476 1532 1514 apud
1545 1474 1729 1514 Wodestok,
1747 1475 1849 1514 quinto
1862 1474 1910 1505 die
1924 1473 2006 1505 Maii.

1505 1552 1619 1583 Eodem
1633 1551 1725 1582 modo
1739 1551 1870 1582 scribitur
1884 1551 2057 1589 subscriptis,
2076 1546 2227 1590 videlicet,

1372 1631 1490 1658 Domino
1506 1642 1592 1651 ---
1609 1629 1664 1656 Dei
1676 1625 1791 1664 gratia,
1807 1629 1872 1663 Regi
1889 1626 2065 1664 Portugaliae.

1373 1670 1489 1697 Domino
1613 1669 1664 1696 Dei
1675 1664 1789 1702 gratini,
1807 1667 1872 1701 Regi
1888 1666 2094 1704 Majoricarum.

1368 1702 1641 1783 Βῗῖἑγιῖαῆἷίζξγθιβ,
1659 1707 1714 1735 Dei
1732 1702 1847 1742 gratia,
1863 1705 1930 1741 Regi
1948 1702 2070 1743 Castellae
2084 1726 2096 1743 ,
2113 1701 2175 1739 &a
2197 1702 2396 1743 consanguineo

1454 1869 1481 1896 ²)st
1507 1872 1601 1916 Super
1615 1871 1752 1917 Negotiis
1767 1868 1812 1903 etd
1820 1870 1959 1923 praefatos
1984 1872 2077 1916 Reges
2091 1868 2277 1916 exponendis.
2426 1879 2442 1897 ⁴·
2465 1881 2517 1908 Ν.

1336 1956 1470 2016 REX,
1488 1955 1595 1986 Nobili
1618 1955 1693 1986 Viro
1716 1957 1750 1988 δε
1772 1956 1823 1986 fibi
1841 1953 1964 1992 dilecto,
1982 1953 2159 1994 Reymundo
2174 1952 2304 1994 Cornill,
2322 1953 2401 1986 Salu-
2423 1929 2555 1987 4Xr7mD.

1411 2005 1479 2025 tem.
2451 2004 2536 2025 ιΜο.

1376 2034 1426 2064 De
1442 2032 1598 2063 vestrarum
1611 2032 1635 2062 F
1636 2032 1762 2063 idelitatis
1775 2033 1809 2064 &
1826 2031 1970 2062 Amicitiae
1984 2031 2102 2068 puritate
2116 2031 2307 2069 confidentes,
2321 2037 2401 2071 quae'-
2423 2014 2483 2063 An.³
2490 2017 2521 2064 ᾗ.

1339 2071 1406 2108 dam
1426 2071 1556 2110 Negotia
1575 2071 1688 2109 nostra,
1705 2081 1771 2109 quae
1794 2070 1918 2101 multum
1933 2069 2050 2100 insident
2064 2070 2147 2100 nobis
2161 2071 2260 2108 cordi,
2280 2070 2400 2101 Dilecto
2421 2078 2450 2102 Ε.
2474 2081 2499 2108 3.

1339 2112 1374 2142 &
1392 2109 1608 2148 Fideli'nostro,
1626 2109 1788 2140 Willielmo
1798 2107 1911 2139 Truffel
1947 2108 1981 2139 δε
1995 2108 2094 2146 vobis,
2111 2118 2145 2139 ac
2159 2109 2237 2138 alteri
2258 2107 2402 2148 vestrum,
2424 2111 2487 2139 lbid.

1341 2148 1503 2189 Magnificis
1518 2147 1712 2186 Principibus,
1731 2147 1883 2185 Dominis,
1901 2131 2050 2185 dasteuae,
2068 2146 2404 2185 Aragoniae,P0rtugal-

1340 2189 1402 2226 liae,
1420 2189 1453 2219 &
1478 2187 1701 2224 Majoricarum,
1719 2185 1865 2225 Regibus,
1884 2195 1918 2215 ex
1940 2194 2019 2223 parte
2040 2184 2154 2224 nostra,
2171 2185 2295 2216 seriosius
2315 2195 2404 2224 expo-

1339 2226 1432 2257 nenda
1445 2226 1611 2295 (quaedidem
1622 2225 1796 2256 willielmus
1810 2224 1894 2256 vobis
1909 2223 2058 2261 explicabit
2078 2224 2146 2256 viva
2165 2226 2252 2262 voce)
2276 2224 2408 2255 duximus

1343 2272 1517 2297 committen
1538 2274 1569 2294 a:

1381 2303 1513 2335 Vestram
1542 2303 1626 2342 igitur
1656 2302 1822 2333 Amicitiam
1843 2300 1999 2332 affectuose
2021 2301 2189 2341 requirimus
2214 2302 2248 2333 &
2274 2311 2407 2341 rogamus

1341 2343 1487 2383 quatinus,
1502 2341 1648 2372 intelleffis
1670 2340 1806 2380 Negotiis
1826 2340 1895 2378 illis,
1910 2339 2001 2371 velitis
2022 2341 2100 2371 circa
2124 2338 2336 2377 expeditionem
2356 2350 2406 2370 eo-

1343 2381 1475 2411 rumdem
1496 2380 1580 2410 talem
1601 2378 1791 2418 diligentiam,
1807 2379 1863 2409 una
1880 2388 1949 2409 curn
1971 2378 2089 2415 praefato
2111 2377 2278 2408 Willielmo
2291 2402 2301 2417 ,
2315 2388 2407 2416 appo-

1341 2429 1411 2450 nere
1413 2442 1431 2488 ἂ
1448 2418 1530 2456 quod
1544 2417 1667 2450 vestram
1682 2418 1907 2455 benivolentiam
1919 2416 2021 2447 exinde
2034 2416 2187 2447 debeamus
2201 2418 2304 2448 merito
2325 2425 2410 2448 com—

1345 2468 1412 2489 men
1432 2467 1487 2488 are.

1385 2534 1455 2566 Dat.
1476 2542 1507 2565 ut
1519 2534 1607 2573 supra.

1532 2662 1591 2692 Pro
1613 2661 1726 2691 Comite
1743 2657 1873 2692 Atholiae
1892 2657 1927 2691 de
1945 2659 2060 2690 Gratia
2073 2657 2232 2703 tpfifabla.

1351 2743 1468 2803 REX
1487 2743 1651 2782 Omnibus,
1668 2743 1703 2774 ad
1719 2753 1806 2784 quos,
1825 2744 1887 2774 &c.
1905 2742 2038 2773 Salutem.
2435 2737 2512 2771 Ann.
2524 2735 2562 2771 D.

1442 2783 1594 2820 Volentes,
1614 2782 1732 2813 Dilecto
1747 2783 1780 2812 &
1793 2782 1880 2812 Fideli
1894 2780 2011 2819 nostro,
2023 2779 2119 2810 David
2133 2779 2168 2810 de
2181 2778 2414 2819 Strabolgi‚co-
2457 2786 2541 2819 1330.

1353 2823 1415 2852 miti
1430 2822 1572 2860 Atholiae,
1589 2821 1661 2852 Filio
1674 2821 1708 2852 &
1720 2819 1838 2851 Haeredi
1852 2819 1948 2850 David
1962 2819 1999 2849 de
2022 2818 2183 2859 Strabolgi,
2198 2828 2237 2849 nu
2258 2828 2288 2848 er
2310 2817 2414 2849 Comi-
2435 2821 2489 2845 An.
2503 2827 2533 2853 4.

1352 2862 1387 2891 tis
1409 2861 1534 2891 Atholiae
1567 2861 1601 2891 &
1621 2859 1779 2898 Johannae,
1797 2867 1889 2896 nuper
1909 2857 2019 2888 Uxoris
2039 2859 2112 2896 ejus,
2130 2858 2213 2888 unius
2263 2857 2414 2895 onsangui-
2435 2861 2465 2884 E.
2488 2865 2514 2892 3.

1352 2909 1470 2942 nearum
1482 2899 1516 2929 δε
1529 2883 1689 2928 Haeredum
1702 2897 1840 2927 Adomari
1851 2896 1887 2926 de
1902 2895 2052 2934 valencia,
2068 2905 2160 2934 nuper
2181 2894 2306 2926 Comitis
2326 2895 2414 2926 Pem-
2435 2899 2494 2922 ΡΜ.
2507 2904 2538 2930 4.

1352 2937 1498 2974 brochiae,
1515 2937 1632 2975 gratiam
1645 2936 1739 2966 facere
1750 2935 1918 2975 specialem,
1934 2943 1964 2965 ut
1979 2933 2037 2973 ipse
2051 2935 2081 2965 in
2093 2935 2232 2973 obsequio
2246 2933 2346 2965 nostro
2365 2934 2414 2966 de*—
2433 2938 2463 2960 E.
2479 2938 2540 2969 3-P·

1353 2976 1461 3006 centius
1474 2975 1501 3005 se
1514 2974 1602 3006 valeat
1615 2975 1781 3013 continere,
2438 2980 2507 3000 Lm.
2522 2974 2562 2998 22.

1390 3012 1592 3045 Conceffimus
1605 3014 1630 3043 ei
1647 3014 1830 3051 (quamquam
1843 3020 1953 3043 aetatem
1966 3011 2043 3043 suam
2059 3020 2158 3043 coram
2179 3012 2262 3042 nobis
2283 3010 2413 3041 nondum

1352 3053 1531 3091 probaverit,
1550 3060 1581 3082 ut
1597 3051 1638 3082 est
1653 3052 1753 3089 moris)
1770 3050 1931 3082 custodiam
1943 3052 2077 3081 omnium
2088 3051 2243 3080 Terrarum
2259 3049 2292 3079 δί
2315 3049 2413 3079 Tene—

1353 3100 1518 3121 mentorum
1554 3100 1619 3128 quae
1632 3090 1754 3128 praefatis
1767 3089 1866 3121 David
1879 3091 1913 3121 &
1925 3089 2067 3129 Johannae
2083 3090 2125 3126 (in
2141 3088 2308 3125 Propartem
2329 3087 2413 3125 ipsius

1349 3129 1501 3173 Johannae)
1517 3115 1553 3159 de
1566 3129 1663 3173 Terris
1679 3130 1713 3160 &
1725 3128 1930 3166 Tenementis,
1952 3138 2016 3166 quae
2030 3128 2141 3158 fuerunt
2160 3125 2287 3169 praedicti
2307 3124 2413 3161 Corni-

1354 3176 1387 3198 tis
1406 3165 1627 3205 Pembrochiae,
1646 3168 1675 3197 in
1696 3166 1872 3198 Cancellaria
1892 3166 2016 3197 Domini
2037 3165 2071 3195 E.
2096 3174 2185 3202 nuper
2198 3164 2289 3201 Regis
2301 3163 2414 3201 Angliae

1355 3205 1443 3236 Patris
1463 3205 1552 3237 nostri
1575 3205 1705 3246 assignata
1732 3205 1846 3236 fuerunt
1860 3229 1870 3245 ,
1901 3206 1936 3236 &
1958 3214 2021 3243 quae
2049 3205 2078 3233 in
2098 3202 2192 3233 Manu
2212 3201 2310 3233 nostra
2329 3203 2363 3233 ὃς
2385 3203 2415 3232 in

1355 3244 1496 3276 Custodia
1509 3244 1633 3276 Isabellae
1643 3244 1680 3276 de
1695 3243 1804 3284 Vescy,
1825 3253 1858 3274 ex
1872 3241 2085 3274 Commiffione
2099 3240 2211 3279 nostra,
2229 3241 2337 3272 ratione
2358 3241 2414 3271 mi-

1355 3284 1431 3314 noris
1443 3284 1528 3314 aetatis
1544 3282 1665 3322 ejusdem
1681 3282 1822 3320 Comitis,
1839 3282 1930 3312 adhuc
1944 3280 2080 3318 existunt,

1394 3321 1566 3353 Habendam
1588 3322 1680 3352 eidem
1704 3320 1815 3352 Comiti
1838 3320 1963 3351 Atholiae
1978 3342 1987 3358 ,
2003 3328 2073 3350 cum
2094 3317 2195 3349 Feodis
2216 3314 2363 3355 Militum,
2378 3317 2413 3348 &

1356 3359 1602 3392 Advocationibus
1616 3360 1823 3398 Ecclesiarum,
1841 3369 1873 3389 ac
1889 3359 2022 3389 omnibus
2042 3357 2117 3396 aliis,
2135 3357 2168 3387 ad
2189 3354 2358 3387 Custodiam
2381 3355 2413 3384 il-

1357 3399 1413 3430 lam
1428 3399 1630 3438 spectantibus,
1646 3400 1674 3429 in
1696 3399 1828 3429 auxilium
1849 3396 2063 3427 Sustentationis
2085 3395 2156 3434 suae,
2174 3394 2307 3433 quamdiu
2329 3388 2414 3430 nobis

1357 3438 1508 3476 placuerit,
1525 3437 1571 3469 vel
1585 3437 1730 3476 quousque
1746 3438 1771 3467 ei
1784 3435 1977 3466 rationabilem
1991 3433 2160 3472 Propartem
2175 3434 2250 3463 suam
2261 3431 2368 3475 (ipsum
2375 3431 2413 3467 de

1357 3477 1492 3507 omnibus
1514 3476 1612 3506 Terris
1631 3477 1665 3507 &
1686 3475 1871 3506 Tenementis
1885 3499 1895 3512 ,
1922 3484 1987 3512 quae
2009 3473 2121 3502 fuerunt
2141 3471 2267 3511 praedieh
2287 3468 2413 3501 Comitis

1355 3514 1571 3553 Pembrochke,
1587 3513 1741 3545 secundum
1762 3513 1871 3552 Legem
1895 3514 1928 3544 ὃς
1949 3511 2192 3542 Consuetudinem
2214 3508 2310 3548 Regni
2322 3507 2413 3538 nostri

1356 3554 1583 3622 ἓοιιὲηςεῐιῑειη)
1606 3554 1756 3589 fecerimus
1774 3552 1921 3590 affignari,
1940 3551 2043 3587 absque
2065 3549 2160 3586 aliquo
2171 3547 2254 3578 nobis
2268 3546 2335 3578 inde
2351 3545 2415 3583 red-³,

1377 3602 1411 3623 en
1432 3603 1462 3622 o.

1395 3631 1429 3662 In
1442 3632 1536 3670 cujus,
1555 3630 1616 3662 ἃς.

1395 3707 1484 3739 Teste
1499 3708 1582 3748 Rege
1595 3706 1669 3746 apud
1680 3703 1844 3739 Wodestok
1853 3728 1862 3742 ,
1878 3703 1953 3734 sexto
1967 3701 2015 3732 die
2027 3700 2108 3732 Maii.

1834 3781 1887 3809 Per
1900 3778 1983 3820 ipsum
1995 3781 2091 3817 Regem
2106 3775 2145 3814 ό·
2159 3776 2310 3812 Concilium.

2301 4071 2419 4108 amns
