2562 4279
175 156 257 196 194

28 230 107 264 Ἁηο.
121 229 162 262 D.
179 228 319 265 Philippae
334 226 454 264 Reginae
467 223 595 262 Angfiae,
614 221 760 252 Consortis
775 219 881 250 nostrae
896 215 1244 257 cariffimae,Liberorum

53 278 138 309 1337-

73 321 99 338 a.
118 319 144 347 3.

32 434 49 450 ⁸
66 434 119 460 IV.

28 471 95 505 322.

33 1746 101 1777 Ann
125 1743 167 1775 D.

56 1793 140 1825 1337·

33 1828 148 1852 a4a.11.

34 1905 148 1929 Pat.1r.

34 1943 65 1966 E.
88 1949 112 1976 3.
132 1949 168 1968 m.

38 1986 82 2013 25.

55 3526 138 3553 *1V.

53 3563 121 3600 823.

179 268 212 298 &
230 266 449 302 Progenitorum
462 263 640 297 nostrorum,
658 260 829 289 Animarum
841 257 950 294 Salute,
1098 294 1103 299 ¹

211 304 367 341 Quoddam
383 302 545 340 Collegium
559 298 688 337 Triginta
701 297 826 328 duorum
839 296 998 328 Scolarium
1008 293 1163 334 ,continue
1177 290 1243 322 Stu-

180 343 308 373 dentium
322 342 350 370 in
367 340 557 371 Univenitate
575 336 726 374 praedieta,
1098 371 1103 375 .

219 381 304 419 Quos
317 379 478 409 cohabitare
498 377 629 406 volumus
644 376 674 405 in
690 373 796 405 Mauso
810 372 910 404 nostro
920 373 998 410 quta
1013 368 1159 408 Hospitale
1173 368 1245 398 San-

180 419 219 450 &i
237 418 388 457 johannis,
405 418 435 446 in
455 414 589 454 parochia
609 413 743 444 Ecclefiae
765 414 900 443 omnium
916 412 935 430 ³*
950 410 1122 440 San&orum
1137 407 1244 450 Cante-

178 458 293 496 brigiie,
314 454 406 494 Qiod
421 454 472 492 de,
492 453 598 483 dilecto
612 453 711 490 nobis,
731 450 874 491 Magistro
896 449 1032 480 Roberto
1054 447 1090 479 de
1106 444 1245 477 Croiland

178 495 431 568 pc5¹iuiils‘iiilaliiiitliiis,
447 532 602 568 ereximus,
621 530 654 561 ὃῐ
677 528 822 559 statuimus
842 527 984 571 perpetuis
1003 533 1061 570 tem
1103 521 1246 566 ribushdqu-

177 581 320 610 ratururn,
339 572 372 603 &
394 570 529 601 Mansum
552 568 618 599 illud
641 568 746 598 Aulam
768 567 928 598 Scolarium
944 565 1034 602 Regis
1080 564 1246 600 antcbrigiae

201 621 274 642 uncu
295 620 339 640 ari.

177 622 198 645 n
218 621 310 688 di
332 647 451 686 quidem
475 646 640 685 Collegium
656 655 704 682 per
717 643 880 675 Custodem
892 643 955 680 regi
970 641 1173 680 disposuimus,
1191 638 1247 669 Di-

178 688 285 719 lec‘tuin
301 686 449 717 Clericum
466 684 611 722 nostrum,
628 683 799 724 Magistrum
815 682 965 713 Thomam
981 680 1102 719 Poways
1117 677 1248 717 ipsiCol—

179 727 189 757 1
208 728 254 757 '’io
271 726 447 763 praefecimus
462 726 491 754 in
504 723 684 761 Custodem,
1176 755 1180 760 ἰ
1227 754 1232 759 ⁸

243 775 276 795 ro
299 764 437 803 Qorum
457 763 657 799 Habitatione,
681 762 715 792 δε
732 761 762 791 in
783 759 1011 791 Subventionem
1025 755 1247 801 'Sustentationis

179 803 367 841 eorumdem,
383 802 545 833 Dentatus
565 801 598 832 ὃς
619 799 867 836 ΟοΝεεςςῐΜυς,
884 808 938 836 pro
961 797 1044 826 nobis
1065 796 1098 827 δε
1114 792 1248 824 Haeredi-

179 843 231 873 bus
244 841 344 872 nostris
354 865 363 879 ,
379 840 518 879 praedietis
534 838 657 870 Custodi
671 838 704 870 sc
719 837 880 879 Scolaribus
904 835 1039 879 Mansum
1060 833 1248 878 praedffium,

178 891 249 912 cum
269 880 456 918 pertinentiis,
476 879 508 909 ὃς
518 878 746 909 Advocationem
758 875 895 906 Eccleliae
908 873 1005 904 Samen
1020 873 1094 903 Petri
1106 872 1142 903 de
1151 870 1248 902 Nort-

177 918 346 959 hamptoniii
364 919 396 950 &
422 917 602 955 Capellarum
623 915 715 946 eidem
736 913 880 949 Ecclesia&
898 921 1067 942 annexarum
1083 934 1092 950 ,
1122 920 1187 948 quae
1211 909 1248 940 de

179 958 280 989 nostro
294 957 415 988 existunt
430 956 599 993 Patronatu,
618 953 786 997 Hammon
802 953 836 983 &
847 945 1019 996 Ten-Enna
1034 949 1155 994 spir&
1175 948 1249 992 Suc—

179 996 337 1028 cefforibiis
350 996 417 1033 suis,
438 993 613 1024 Custodibus
625 994 659 1023 ὃς
679 992 838 1027 Scolaribus
863 990 932 1021 dic'h
946 989 1088 1029 Collegii,
1106 998 1138 1018 in
1159 986 1248 1018 Libe-

180 1029 770 1105 ra&&haustagitiiaffleggngsgkacriss3315}
775 1037 1048 1107 {isdngYlgfustodi
1069 1067 1110 1110 ὃς.
1126 1064 1248 1110 Scolari-

177 1112 249 1151 bus,
266 1113 424 1142 Licentiam
439 1109 519 1148 quod
534 1109 589 1149 Ipsi
601 1108 706 1140 dietam
720 1107 890 1144 Ecclesiam,
909 1116 978 1137 cum
1001 1105 1124 1149 Capellis
1145 1103 1248 1142 praedi-

179 1151 234 1189 etis
258 1151 338 1188 (licet
359 1150 394 1180 ad
415 1159 457 1180 eas
472 1149 549 1187 prius
560 1157 621 1179 non
637 1145 874 1186 praesentaverint)
892 1146 1100 1186 Approptiare,
1118 1144 1152 1174 &
1176 1142 1247 1180 Eas,

179 1190 219 1220 fic
238 1189 451 1227 Appropriatas,
479 1188 508 1217 in
525 1187 659 1226 Proprios
676 1185 772 1223 Usus,
791 1194 886 1215 tenere
903 1183 1006 1222 possint
1026 1182 1106 1226 Sibi,
1121 1182 1155 1213 &
1175 1181 1248 1226 Suc-

178 1228 334 1258 eessoribus
356 1227 407 1257 suis
429 1225 588 1264 praedietis,
610 1224 884 1261 IMPERPETUUM,
907 1232 967 1252 non
986 1221 1162 1264 obstantibus
1184 1230 1248 1258 qui-

180 1266 357 1305 buscumque
379 1265 509 1303 Statutis,
533 1264 579 1295 seu
600 1262 833 1294 ordinationibus
856 1261 1019 1298 contrariis,
1041 1259 1120 1290 editis
1139 1268 1171 1290 in
1192 1258 1246 1289 hac

202 1313 267 1336 arte.

181 1315 201 1345 P
217 1343 252 1376 In
268 1343 362 1384 cujus,
380 1343 441 1374 &c.

254 1423 344 1456 Teste
361 1423 442 1463 Rege
453 1423 526 1461 apud
538 1422 655 1454 Turrim
672 1419 854 1459 Londom’ae,
868 1419 989 1459 septimo
1004 1418 1050 1449 die
1064 1417 1213 1449 Odiobris.

691 1501 745 1529 Per
759 1500 853 1528 Breve
867 1497 899 1527 de
914 1499 1034 1527 Privato
1043 1494 1141 1533 Sigillo.

227 1637 276 1670 De
291 1635 474 1669 Proteelione
484 1645 539 1682 pro
559 1631 773 1667 Cardinalibus
787 1636 824 1672 θ’
844 1631 996 1665 Οσηάιιῖἶκ
1017 1627 1191 1676 undecunq;

187 1730 306 1788 REX
321 1730 499 1768 Admirallis,
517 1729 661 1769 Magistris
674 1729 708 1760 &
723 1728 882 1758 Marinariis
897 1726 1028 1756 Navium
1038 1748 1047 1764 ,
1065 1735 1098 1756 ac
1116 1724 1250 1756 universis

265 1772 300 1802 &
322 1769 432 1808 singulis
450 1769 591 1799 Portuum
605 1766 828 1804 Traversorum,
848 1764 1055 1804 Pedagiorum,
1074 1763 1193 1795 aliorum
1216 1774 1250 1796 ue

183 1810 318 1840 locorum
331 1808 431 1839 Terrae
447 1805 592 1844 Marisque
605 1805 798 1843 Custodibus,
816 1806 850 1836 ὃ(
862 1813 915 1842 pro
930 1803 1013 1833 nobis
1027 1804 1055 1832 in
1067 1802 1159 1832 Terra
1181 1802 1201 1832 l&
1221 1812 1250 1832 a-

183 1848 266 1886 rique
289 1846 509 1885 quomodolibet
523 1845 719 1881 existentibus,
741 1841 1091 1881 caeterffquejusticiariis‚
1108 1840 1251 1872 Officiali-

184 1888 254 1924 bus,
280 1888 313 1917 &
335 1884 509 1915 Comissariis
532 1883 630 1921 Regni
654 1881 757 1920 nostri,
779 1882 825 1912 vel
845 1890 949 1912 eorum
970 1880 1051 1910 Loca
1072 1881 1251 1918 tenentibus,

185 1925 308 1956 Subditis
322 1923 437 1961 nostris,
454 1922 632 1960 stipendariis
647 1922 680 1952 ὅ(
697 1920 876 1959 Conduffis,
893 1930 926 1951 ac
947 1919 1032 1950 etiam
1043 1928 1105 1949 non
1118 1917 1253 1958 Subditis,

182 1965 217 1995 ad
232 1973 302 2001 quos
320 1962 421 1992 Litcrae
434 1961 580 1999 praesentes
593 1961 793 1999 pervenerint,
811 1959 945 1990 Salutem.

219 2001 320 2038 Cum,
337 2000 518 2031 Venerabiles
531 1999 642 2036 Patres,
662 1999 696 2030 δε
709 1997 806 2029 dileeti
823 1998 905 2028 nobis
926 1998 956 2027 in
981 1996 1135 2032 Domino,
1152 1995 1253 2027 Petrus

182 2041 254 2073 tituli
269 2040 381 2071 Sanaae
396 2039 524 2069 Praxedis
547 2038 705 2074 presbiter,
723 2037 757 2068 ὅ(
778 2036 944 2068 Bertrandus
965 2035 1078 2066 Sanetae
1097 2034 1199 2065 Mariae
1222 2036 1253 2065 in

181 2080 294 2117 Aquiro
307 2078 469 2116 Diaconus,
487 2076 600 2107 Sandtx
615 2075 758 2106 Romanae
770 2075 907 2106 Eccleliae
919 2073 1097 2112 Cardinales‚
1115 2073 1151 2104 de
1171 2083 1253 2104 mati-

182 2118 250 2149 dato
264 2118 297 2148 &
308 2117 473 2147 auetoritate
490 2114 666 2154 Apostolicae
679 2114 832 2154 Sedis,pro
844 2114 926 2146 certis
939 2113 1058 2153 negotiis
1069 2114 1099 2144 in
1114 2112 1253 2152 Angliam

182 2157 232 2190 dii-⁴
255 2165 301 2187 ant
314 2155 432 2186 Gressus
445 2155 507 2186 suos
516 2177 525 2193 ,

258 2205 290 2225 os

219 2217 332 2264 Eisde'm
351 2232 561 2270 Cardinalibus‚
578 2232 612 2264 &
636 2241 736 2262 eorum
763 2231 897 2270 cuilibet,
917 2239 971 2261 nec
986 2239 1045 2260 non
1061 2228 1170 2268 Sociis,
1188 2228 1253 2260 Ser-

183 2273 337 2310 vitoribus,
362 2271 571 2309 Consortibiis,
598 2271 804 2307 Familiaribus,
831 2268 962 2306 Valettis,
981 2268 1125 2308 Nunciis,
1145 2267 1253 2299 Messe-

185 2313 282 2350 geriis,
300 2321 332 2341 ac
356 2310 495 2341 Ministris
515 2319 636 2348 eorum,
656 2311 690 2341 &
712 2309 859 2349 cujussibet
876 2307 1062 2345 eorumdem,
1077 2308 1111 2338 &
1131 2306 1252 2345 eisdem,

183 2352 219 2381 &
242 2350 357 2381 cuilibet
375 2359 477 2379 eorum
523 2347 740 2379 Adhaerentibus
762 2346 974 2386 quoquomodo
1019 2345 1198 2384 praesentibus
1219 2346 1252 2376 &

185 2389 298 2427 futuris,
313 2387 349 2418 de
361 2387 468 2425 Pleno,
485 2371 581 2424 Vero,
600 2387 702 2424 Salvo,
719 2387 753 2417 &
775 2386 884 2417 Securo
897 2370 1072 2423 Cond'uetu,
1087 2384 1145 2414 slne
1156 2384 1253 2415 fraude

184 2436 382 2495 qulacumque,
398 2434 483 2465 prout
496 2425 598 2456 melius
610 2426 668 2456 dici
684 2424 778 2463 potest
792 2425 826 2456 ὃς
839 2424 927 2455 lanius
951 2423 1083 2461 intelligi,
1102 2422 1254 2461 providere

184 2475 225 2497 vo
236 2475 312 2496 entes

210 2487 338 2533 *Eisdem
362 2501 573 2541 Cardinalibus,
590 2502 624 2532 &
645 2511 743 2532 eorum
764 2501 900 2539 cuilibet,
917 2510 971 2531 nec
992 2510 1052 2531 non
1063 2499 1170 2538 Sociis,
1189 2500 1253 2531 Ser-

185 2542 338 2580 vit0tibus‚
362 2541 562 2579 Consortibus,
588 2540 794 2579 Familiaribus,
823 2539 954 2578 Valettis,
975 2539 1117 2577 Nunciis,
1143 2539 1253 2570 Messe-

187 2581 287 2620 geriis,
302 2581 335 2611 &
352 2579 489 2610 Ministris
503 2578 689 2617 eorumdem,
708 2580 741 2610 &
756 2577 871 2609 cuilibet
884 2577 1068 2616 eorumdem,
1084 2579 1118 2609 &
1137 2578 1251 2617 eisdem,

188 2621 222 2655 ὃς
237 2619 352 2650 cuilibet
363 2628 482 2656 eorum,
500 2618 716 2649 Adhaerentibus
730 2617 956 2656 quoquomodo,
974 2626 1089 2647 necnon
1112 2616 1186 2654 Illis,
1203 2618 1252 2656 qui

187 2658 223 2689 de
240 2658 345 2698 Regno
361 2657 385 2687 F
387 2658 489 2687 tanciae
502 2657 535 2688 ὅ(
549 2665 624 2687 eXtra
640 2656 673 2686 ad
688 2656 715 2686 R
754 2666 822 2686 num
839 2655 968 2695 Angliae,
983 2656 1016 2686 &
1031 2654 1067 2685 de
1090 2654 1149 2692 ipso
1171 2655 1253 2692 Reg-

187 2707 227 2727 no
247 2696 357 2736 Angliae
379 2697 411 2727 &
437 2703 512 2727 extra
524 2694 559 2725 ad
574 2695 711 2735 Regnum
752 2695 872 2732 ranciae,
890 2704 940 2732 per
955 2693 1030 2732 Ipsos
1044 2693 1138 2724 dietos
1151 2692 1253 2724 Cardi-

188 2736 279 2774 mles,
296 2735 341 2767 vel
365 2734 400 2764 ad
420 2734 478 2765 Eos
501 2734 701 2772 undecumque
722 2733 756 2763 &
777 2742 957 2772 quacumque
978 2733 1140 2769 mittentur,
1159 2732 1254 2769 cujus-

188 2783 314 2812 cumque
332 2772 416 2804 status
436 2773 470 2804 &
490 2772 659 2803 conditionis
680 2772 812 2810 existant,
832 2781 901 2803 cum
915 2771 1044 2809 Ipsorum
1059 2772 1093 2802 ὃς
1105 2770 1254 2808 cujussibet

189 2822 291 2843 eorum
311 2811 335 2842 E
358 2813 396 2841 uis
418 2812 450 2842 ὃ(
470 2810 658 2849 Equitaturis,
685 2810 792 2849 Mulis,
810 2810 968 2846 Roncinis,
988 2808 1182 2848 Animalibus,
1200 2808 1253 2840 So-

188 2852 299 2889 meriis,
359 2850 483 2887 arnesiis,
506 2849 657 2888 Vecturis,
682 2850 715 2880 δε
741 2849 839 2881 Rebus
863 2848 1107 2887 quibuscumque,
1122 2848 1155 2878 &
1181 2857 1255 2886 quo-

188 2899 314 2927 cumque
328 2889 445 2918 nomine
455 2888 639 2926 censeantur,
657 2889 690 2919 ὃς
706 2888 865 2926 Quotquot
879 2886 998 2919 existant
1012 2896 1135 2916 numero
1148 2885 1181 2917 &
1196 2887 1254 2916 exi-

190 2928 281 2966 stent,
306 2926 448 2958 Dedimus
471 2927 504 2957 &
526 2925 741 2964 Conceffimus,
767 2926 879 2956 Damus
899 2927 933 2957 &
957 2924 1178 2964 Concedimus,
1204 2935 1254 2962 per

189 2966 351 3005 praesenteS,
369 2973 399 2996 ut
414 2974 464 3002 per
476 2966 573 2995 omnia
587 2965 620 2995 &
636 2964 738 3004 singula
753 2965 818 2995 loca
832 2964 1037 3003 Jurisdicsstionis
1056 2962 1179 3002 nostrae,
1194 2964 1255 2994 tam

190 3007 220 3035 in
243 3004 353 3042 Terra,
371 3005 457 3042 quam
479 3004 507 3033 in
529 3002 621 3040 Mari,
641 3004 670 3032 in
693 3003 747 3033 Via
768 3002 888 3034 Publica
901 3002 945 3033 seu
961 3001 1090 3039 Privata,
1108 3003 1136 3031 in
1149 3001 1254 3032 Itinere

191 3044 224 3074 &
243 3045 327 3074 etiam
348 3051 423 3074 eXtra
446 3040 519 3079 Iter,
538 3042 571 3072 &
593 3043 651 3071 tam
668 3042 695 3071 in
711 3041 850 3073 veniendo
865 3043 893 3071 in
910 3041 1060 3080 Angliam,
1079 3041 1165 3079 quam
1181 3039 1256 3071 stan-

191 3083 250 3121 do,
275 3081 431 3118 mittendo,
455 3082 540 3111 etiam
559 3080 720 3119 redeundo,
747 3080 885 3118 Plenum,
912 3079 1041 3118 Verum,
1069 3079 1206 3119 Salvum,
1221 3079 1255 3111 &

191 3121 330 3151 Securum
345 3119 549 3150 Conductum:

231 3159 365 3189 volentes
376 3158 457 3196 quod
475 3157 545 3196 Ipfi,
563 3157 597 3188 &
610 3166 710 3187 eorum
725 3157 858 3195 quilibet,
876 3156 979 3196 poffint
1003 3158 1079 3195 tute,
1099 3157 1133 3188 ὃς
1154 3154 1256 3195 absque

191 3197 397 3234 impedimento
417 3206 619 3234 quocumque,
645 3204 773 3234 portare,
796 3196 915 3232 vehere,
940 3195 1059 3234 ducere,
1077 3205 1110 3226 ac
1132 3197 1254 3234 portari,

192 3236 276 3273 vehi,
302 3237 334 3266 &
356 3234 422 3265 duci
445 3235 537 3266 facere
558 3235 591 3265 δε
614 3233 756 3273 conduci,
783 3234 867 3271 plene
891 3234 924 3265 ὃς
944 3234 1049 3272 libere,
1075 3235 1158 3264 etiam
1180 3243 1257 3265 extra

192 3274 330 3311 Regnum
354 3273 484 3312 Angliae,
500 3275 533 3304 &
551 3274 749 3312 Qiocumque
763 3273 796 3303 &
811 3272 1045 3311 Undecumque,
1065 3272 1258 3310 Qiacumque

193 3323 227 3344 ac
250 3311 521 3351 Qandocumque,
540 3313 572 3342 &
595 3311 716 3341 similiter
735 3311 866 3348 aliunde,
886 3310 920 3340 ad
946 3311 1034 3347 ipsum
1052 3310 1190 3349 Regnum
1208 3320 1258 3347 per

194 3352 250 3389 Se,
268 3350 314 3381 vel
326 3350 427 3388 alium,
446 3350 492 3381 seu
506 3351 587 3384 alios,
605 3349 778 3387 Pecuniam,
796 3348 933 3379 Grossam
949 3349 994 3379 seu
1012 3348 1175 3386 Minutam,
1195 3348 1257 3379 Au-

194 3400 271 3420 ream
286 3392 330 3420 {eu
344 3389 531 3427 Argenteam,
552 3388 624 3418 AEre
639 3390 859 3419 contaminatam
873 3388 919 3418 seu
933 3397 993 3417 non
1016 3388 1258 3426 contaminatam,

194 3430 232 3459 de
244 3427 347 3458 Cuneo
361 3427 476 3466 nostro,
495 3428 527 3458 ὃς
541 3428 623 3457 ctiam
639 3427 747 3465 alieno,
766 3428 796 3456 in
812 3425 905 3456 Massa
916 3425 960 3456 seu
973 3426 1054 3456 etiam
1069 3425 1126 3456 sine
1149 3425 1261 3466 Massa,

197 3465 266 3497 Vasa
287 3467 379 3497 Aurea
398 3466 456 3496 sive
475 3466 630 3505 Argentea,
655 3464 822 3503 Coclearia,
849 3464 967 3502 Vestes,
987 3464 1115 3503 Anulos,
1132 3463 1259 3503 Jocalia,

197 3505 350 3543 Utensilia,
373 3504 501 3542 Pannos,
528 3505 690 3542 Foraturas,
717 3505 736 3523 ²*
758 3503 848 3541 Vina,
874 3502 973 3541 Blada,
998 3502 1126 3541 Carnes,
1150 3502 1260 3542 Pisces,

197 3554 231 3575 ac
253 3543 406 3581 victualia,
431 3543 464 3573 &
484 3544 534 3573 alia
558 3552 748 3581 quaecumque
770 3542 838 3580 sint,
863 3542 895 3571 &
916 3551 1102 3580 quocumque
1125 3541 1261 3572 Nomine

198 3583 374 3619 censeantur,
391 3583 494 3619 absque
507 3581 672 3619 Solutione,
691 3580 849 3611 Exactione
868 3580 1019 3617 Traversi,
1038 3579 1169 3619 Pedagii,
1195 3579 1261 3610 Pas-

199 3622 278 3657 sagii,
299 3620 468 3657 Custumae,
487 3619 614 3655 Census,
640 3618 801 3656 Redditus,
826 3618 944 3654 Talliae,
972 3617 1017 3647 seu
1039 3618 1149 3648 alterius
1171 3618 1262 3648 Redi-

198 3659 300 3689 bentiae
313 3659 537 3696 qualiscumque,
554 3659 588 3689 ὃς
597 3658 655 3689 Eos
667 3660 700 3689 &
715 3667 815 3688 eorum
831 3657 989 3695 quemlibet
1002 3656 1151 3686 eximimus
1164 3658 1180 3687 a
1192 3667 1263 3694 prae-

203 3696 283 3726 dietis
298 3698 329 3726 &
345 3698 471 3734 quolibet
486 3697 702 3734 praedidiorum:

243 3735 407 3765 Mandantes
418 3737 501 3765 etiam
516 3735 621 3773 Vobis,
640 3737 673 3766 &
687 3734 823 3766 Vestram
839 3732 983 3771 Cuilibet,
1001 3732 1104 3763 nostris
1124 3732 1264 3772 Subditis,

205 3773 239 3804 ὃ(
261 3771 419 3815 Conductis
440 3783 492 3810 pro
516 3774 598 3803 nobis
635 3782 768 3810 quatenus
792 3774 886 3803 omnia
910 3775 943 3804 δε
958 3772 1064 3811 singula
1078 3772 1211 3812 praedicta
1223 3780 1264 3803 te-

205 3817 292 3854 neatis
307 3809 440 3854 firmiter,
457 3812 486 3840 in
501 3813 533 3842 ὃς
548 3812 584 3841 de
602 3796 849 3849 jurisdictionibus
869 3811 986 3849 nostris,
1004 3812 1038 3842 δε
1059 3819 1154 3849 extra,
1171 3811 1205 3841 &
1224 3810 1262 3841 fa-

207 3857 283 3879 ciatis
299 3846 339 3876 Ea
353 3847 507 3879 dilioentius
521 3850 676 3881 observari:
716 3880 719 3881 t

243 3886 297 3930 Et,
317 3885 386 3928 cum
401 3872 476 3923 fios,
494 3887 539 3917 seu
553 3898 655 3919 eorum
669 3889 810 3926 aliquem,
829 3898 878 3926 per
899 3888 961 3918 loca
978 3887 1200 3926 jurisdictionis,
1219 3887 1264 3921 seu

201 3922 430 3964 Jurisdic'tionum
443 3924 618 3964 nostrarum,
638 3927 672 3957 δί
687 3926 856 3963 Distrietus,
874 3927 1004 3965 transire,
1022 3926 1127 3965 redire,
1145 3927 1178 3958 &
1196 3936 1263 3956 mo—

203 3964 276 4000 rari,
291 3960 376 3992 semel
390 3962 422 3991 &
436 3961 552 4004 plurieS,
570 3966 731 4004 continget,
748 3966 810 3996 tute
824 3966 857 3996 ὅ(
874 3966 978 4003 libere,
996 3967 1052 3996 una
1067 3974 1136 3996 cum
1158 3964 1245 4005 Equis
1248 3988 1264 4013 Α,

203 4001 320 4039 Rebus,
340 4000 373 4030 &
395 3998 478 4029 Bonis
500 3999 687 4041 Supradiftis,
705 4004 739 4033 δί
760 4004 817 4032 aliis
833 4004 1074 4042 quibuscumque,
1093 4002 1261 4034 &Familia

205 4040 303 4074 fecum
320 4036 471 4076 existente,
488 4047 557 4069 cutn
573 4040 606 4071 ὃς
628 4041 658 4071 in
672 4051 856 4080 quocumque
866 4041 1008 4073 >Numero
1022 4041 1136 4074 transire
1147 4041 1180 4073 δε
1196 4051 1262 4073 mo·

640 121 1447 177 CONVENTIONES‚
1503 117 1894 177 LITERAE,

1284 208 1337 239 rari
1351 206 1605 245 quotienscumque
1620 204 1737 244 pacifice
1753 204 1937 243 permittatis,
1954 201 2059 241 absque
2079 201 2306 243 Impedimento‚
2323 204 2359 236 &
2376 198 2452 232 Ann.
2469 199 2511 232 D.

1290 246 1450 277 Exaffione
1466 254 1663 284 quacumque,
2407 247 2494 279 1337.

1327 283 1366 315 Et
1388 284 1556 322 provideatis
1579 282 1710 321 Eisdem,
1729 283 1763 313 &
1786 291 1887 312 eorum
1912 279 2045 318 cuilibet,
2063 279 2083 310 si
2105 289 2178 317 opus
2197 280 2299 319 fuerit,
2316 283 2364 315 vel
2380 280 2445 307 Edv.
2469 288 2494 315 3.

1291 333 1326 354 ex
1339 333 1440 354 eorum
1450 347 1459 362 ,
1478 323 1523 353 seu
1535 323 1643 353 alterius
1656 322 1780 361 ipsorum
1789 345 1798 359 ,
1818 328 1896 358 parte
1910 320 2017 350 fueritis
2030 318 2171 357 requisiti,
2188 318 2224 349 de
2240 318 2366 351 Condu-

1289 361 1357 400 ξω,
1380 361 1493 400 Galeis,
1519 361 1669 400 Navigiis,
1695 359 1889 397 Victualibus,
1915 357 2020 396 Equis,
2045 357 2236 396 Equitaturis,
2253 358 2288 389 &
2307 359 2365 389 aliis

1290 400 1530 439 Neceffitatibus',
1551 402 1585 432 ὃς
1608 399 1785 430 Utilitatibus
1806 397 1974 435 oportunis,
1992 406 2024 427 ac
2047 397 2134 427 etiam
2157 405 2192 426 ex
2211 405 2290 433 parte
2309 406 2366 427 no-

1290 439 1362 477 stra,
1384 439 1468 478 alios,
1485 438 1546 470 'non
1568 438 1718 476 Subditos,
1737 447 1785 477 per
1806 445 1931 474 quorum
1956 434 2055 473 Loca,
2069 434 2300 473 Jurisdidtiones,
2318 436 2364 466 seu

1291 477 1467 516 DistriCtus,
1485 477 1655 517 transibunt,
1674 475 1831 516 requiratis,
1849 484 1882 505 ac
1897 473 1956 504 Eos
1970 483 2003 504 ac
2021 483 2122 504 eorum
2146 473 2302 512 quemlibet
2321 484 2366 506 re-

1290 517 1429 555 quirimus
1443 523 1494 556 per
1504 516 1668 556 praesentes,
1687 523 1717 546 ut
1731 514 1823 545 dietos
1845 512 2025 551 Cardinales,
2043 511 2214 551 Servitores,
2233 510 2364 544 Consor-

1291 563 1349 593 tes,
1379 554 1558 593 Familiares,
1581 553 1726 592 Valettos,
1751 553 1905 590 Nuncios,
1924 550 2125 590 Messagerios,
2142 549 2311 590 Ministros,
2328 552 2364 584 δε

1292 593 1423 624 Familias
1457 602 1490 623 ac
1503 603 1605 623 omnes
1619 593 1687 624 alios
1710 593 1744 624 &
1766 591 1898 632 Singulos
1919 590 2147 629 Suprascriptos,
2161 589 2283 621 habeant
2303 590 2365 629 spe-

1292 633 1398 664 cialiter
1413 615 1661 669 Commendatos,
1679 631 1712 662 &
1725 631 1818 669 Ipsos,
1836 639 1867 661 ut
1890 629 2090 672 praemittitur,
2109 628 2224 659 tranfire
2243 630 2365 668 permit-

1293 680 1368 710 tant,
1385 680 1418 701 ac
1435 670 1580 703 Auxilium
1595 670 1629 703 &
1643 668 1804 700 Consilium
1820 669 1963 707 praebeant
1979 666 2109 705 Eisdem,
2124 667 2158 698 &
2180 677 2281 700 eorum
2302 669 2364 699 cui-

1294 710 1379 748 libet,
1399 709 1470 740 sicut
1484 708 1556 739 dieti
1570 707 1677 747 nostri,
1694 718 1755 739 non
1770 707 1898 746 Subditi,
1917 706 2023 738 vellent
2040 715 2093 736 nos
2108 705 2232 741 fatituros
2243 708 2274 737 in
2289 705 2365 743 Casu

1293 747 1460 786 Consimili,
1479 747 1524 778 vel
1538 748 1654 785 majori:
2260 749 2262 751 ’

1331 786 1369 818 Et
1383 796 1454 825 VOS,
1472 785 1583 817 Subditi
1598 784 1704 824 nostri,
1719 793 1783 824 erga
1804 784 1881 823 Ipsos
1901 785 1936 816 &
1960 793 2061 815 eorum
2084 782 2260 822 quemlibet,
2278 784 2299 815 fi
2324 794 2368 814 re*

1293 826 1384 864 quisiti
1397 825 1519 862 fueritis,
1538 824 1628 855 taliter
1640 832 1692 856 vos
1706 823 1857 862 habente5‚
1874 824 1955 863 quod
1969 823 2122 854 debeamus
2141 821 2177 852 de
2197 823 2281 856 vobis
2304 832 2367 854 m&

1294 866 1350 895 rito
1367 863 1546 894 Contentari.

1331 903 1367 934 In
1381 904 1475 941 cujus,
1494 902 1556 933 &c.

1370 940 1439 974 Dat.
1459 939 1535 980 apud
1548 938 1859 976 Westmonasterium,
1880 945 1914 977 ις
1933 937 1981 970 die
1995 938 2144 977 OCtobris.

1994 1016 2047 1044 Per
2059 1014 2143 1063 ipfiem
2157 1017 2263 1055 Regem.

1456 1142 1506 1174 De
1520 1140 1701 1174 Protet'lione
1710 1151 1767 1187 pro
1784 1142 1874 1177 certis
1891 1138 2024 1184 Persc'mis
2041 1138 2078 1172 de
2095 1142 2206 1174 scotia.

1293 1227 1411 1284 REX
1431 1227 1663 1275 vicecomitibus
1676 1249 1687 1266 ‚
1709 1225 1877 1271 'Majorspus
1890 1250 1901 1263 ‚
1927 1224 2056 1273 Banivis,
2077 1224 2236 1264 Ministris,
2258 1226 2293 1258 &
2311 1226 2370 1258 aliis
2383 1209 2459 1279 Alm-
2473 1209 2516 1241 D·

1293 1265 1510 1336 &c.lS¹adlfi¹t¹d)rilis.
1532 1267 1602 1305 suis,
1624 1275 1684 1297 tam
1707 1265 1780 1296 infra
1802 1264 1976 1303 Libertates,
1999 1274 2089 1303 quam
2110 1272 2203 1303 extra,
2219 1262 2255 1296 ad
2277 1274 2371 1306 quos,
2383 1258 2499 1317 Anii-li..

1331 1343 1414 1374 Cum
1428 1342 1587 1375 Alexander
1597 1342 1634 1374 de
1648 1342 1740 1374 Seton
1754 1342 1860 1380 Miles,
1878 1343 1912 1374 &
1928 1341 2096 1373 Laurentius
2116 1341 2153 1373 de
2174 1340 2314 1380 Preston,
2332 1342 2368 1374 de
2385 1332 2466 1394 {2203}
2477 1376 2500 1392 Ι.

2385 1408 2478 1440 E.3.p.
2492 1414 2523 1440 3..

2384 1453 2419 1470 m.
2441 1453 2487 1479 24.

1292 1381 1403 1421 Scotia,
1431 1393 1500 1414 cum
1526 1381 1722 1450 Q'iiadraginta
1741 1380 1921 1412 Hominibus
1943 1380 2110 1420 Equitibus,
2136 1380 2208 1411 infra
2230 1379 2368 1420 Regnum

1293 1420 1442 1464 nostrum,
1459 1421 1545 1460 usque
1585 1420 1763 1459 ondoniam,
1778 1420 1812 1451 &
1825 1420 1911 1458 alibi,
1930 1420 1959 1450 in
1980 1420 2086 1451 eodem
2106 1418 2231 1459 Regno,
2249 1428 2282 1450 ex
2305 1430 2368 1451 cer-

1293 1467 1327 1491 tis
1340 1460 1445 1498 causis,
1464 1460 1500 1490 de
1514 1458 1612 1490 nostra
1626 1458 1756 1490 Licentia
1770 1459 1823 1489 sint
1836 1459 1965 1497 venturi,

1330 1498 1509 1537 Suscepimus
1527 1498 1618 1536 ipsos,
1635 1497 1830 1529 Alexandrum
1850 1498 1884 1528 ἃ
1906 1497 2095 1533 Laurentium
2131 1506 2165 1527 ac
2184 1496 2281 1527 ἀὶέὶοε
2298 1495 2368 1528 Ηα-

1294 1538 1404 1581 mines,
1421 1538 1464 1582 ⁸&
1485 1537 1612 1576 ipsorum
1630 1536 1810 1578 Garciones,
1835 1535 1869 1567 ὅ(
1889 1535 2006 1580 Equos,
2033 1546 2067 1567 ac
2086 1520 2242 1574 fietnefia,
2259 1535 2298 1567 sic
2318 1546 2368 1568 ve-

1294 1576 1403 1607 niendo
1419 1576 1490 1607 infra
1504 1576 1643 1615 Regnum
1655 1575 1785 1606 nostrum
1808 1574 1981 1613 praedictum
2004 1574 2092 1613 usque
2112 1574 2317 1614 Londoniam,
2334 1575 2370 1606 &

1292 1614 1376 1653 alibi,
1395 1623 1428 1646 ut
1440 1615 1619 1653 praedicitur,
1637 1613 1745 1645 ibidem
1759 1613 1915 1652 morando,
1933 1614 1967 1645 ὃ(
1984 1613 2085 1644 exinde
2096 1613 2131 1644 ad
2144 1621 2237 1651 partes
2261 1613 2370 1645 Scotiae

1294 1653 1460 1693 redeundo,
1483 1655 1513 1684 in
1534 1653 1753 1684 Protectionem
1775 1653 1809 1684 δε
1829 1652 2038 1689 Defenfionem
2056 1652 2209 1692 nostram,
2235 1651 2371 1684 Necnon

1295 1694 1325 1723 'm
1338 1692 1447 1724 salvum
1463 1693 1497 1724 &
1513 1691 1642 1723 securum
1655 1691 1848 1722 Condudtum
1863 1691 2010 1722 nostrum:

1334 1730 1373 1762 Et
1394 1731 1461 1762 idei)
1482 1731 1581 1768 vobis,
1598 1732 1633 1762 &
1657 1731 1772 1762 cuilibet
1796 1729 1944 1768 vestrum,
1962 1729 2023 1765 ῥα.
2036 1737 2121 1769 prout
2143 1732 2175 1762 in,
2187 1728 2373 1771 ConfimiHbus

1296 1769 1328 1799 de
1343 1771 1512 1807 Proteffione
1526 1772 1641 1799 Litert's.

1321 1806 1366 1852 ‚In
1381 1809 1476 1852 cujus,
1495 1809 1557 1856 ᾅεε.
1576 1808 1662 1846 usque
1676 1807 1711 1838 ad
1725 1807 1828 1838 festum
1842 1806 2052 1839 Purificationis
2071 1807 2163 1839 beatae
2183 1806 2288 1838 Mariae
2306 1807 2372 1838 Vir-

1298 1855 1524 1954 ῗῗὸεῗὶὲοὲῐέςί
1534 1846 1936 1924 ξιὲξᾶυωέίίῗὲῗιῗίῗέήυω,
1953 1884 2071 1916 decimo
2086 1884 2188 1923 quinto
2208 1883 2255 1915 die
2275 1884 2374 1917 Ocio-

1319 1934 1362 1954 ris.

1994 1963 2049 1991 Per
2064 1959 2148 2000 ipfitm
2161 1964 2268 1999 Regem.

1344 2087 1394 2119 De
1413 2074 1556 2128 potestate
1569 2085 1725 2119 traHandi
1742 2084 1779 2118 de
1802 2085 1948 2131 Treugis,
1974 2094 2044 2117 cum
2069 2080 2272 2128 Adverstzriis
2293 2081 2332 2116 de

1773 2136 1886 2167 Scotia.

2394 2218 2471 2250 Ann.
2486 2216 2531 2250 D.

1338 2295 1387 2341 De
1412 2298 1523 2341 circum
1535 2297 1672 2335 peetione
1690 2295 1813 2335 provida
1834 2297 1869 2328 &
1890 2295 2021 2327 fidelitate
2034 2296 2172 2353 brobata,
2190 2294 2377 2326 Dilestorum
2395 2266 2510 2326 A711.3ii.

1299 2334 1332 2378 ὃς
1356 2335 1496 2367 Fidelium
1516 2336 1704 2374 nostrorum,
1724 2335 1843 2376 Ricardi
1865 2334 2049 2375 [Fitz-Alan,
2074 2334 2221 2373 Arundel,
2245 2334 2279 2365 &
2298 2333 2379 2369 Wil-
2395 2340 2425 2363 Ε.
2444 2345 2470 2372 3.

1299 2372 1389 2404 lielmi
1411 2374 1447 2404 de
1467 2373 1575 2406 Monte
1595 2374 1712 2414 Acuto,
1737 2373 1856 2413 Sarum,
1881 2372 2056 2412 Comitum,
2073 2373 2198 2412 plenarie
2215 2372 2378 2404 Confiden-
2396 2378 2462 2401 Scor.
2487 2381 2530 2403 it.

1300 2419 1340 2442 tes
1357 2435 1366 2450 ,
2397 2416 2427 2439 E.
2439 2421 2464 2448 3.
2476 2421 2513 2438 m.

1338 2450 1387 2481 Ad
1402 2451 1583 2483 trauandum
1619 2462 1673 2490 pro
1688 2452 1771 2483 nobis
1787 2451 1821 2482 &
1833 2451 1954 2481 nomine
1964 2450 2085 2490 nostro,
2100 2460 2169 2482 cum
2193 2448 2380 2487 quibuscum·
2401 2459 2446 2479 10.

1300 2498 1357 2527 que
1380 2476 1724 2534 Hominibu3,’1nimicis
1743 2491 1791 2525 seu
1812 2490 1984 2524 Adversariis
2006 2489 2126 2526 nostris,
2150 2488 2187 2518 de
2206 2487 2321 2526 scotia,
2343 2487 2381 2518 de

1299 2527 1439 2568 Treugis,
1461 2529 1508 2560 seu
1529 2529 1654 2561 Guerrae
1672 2528 1862 2566 sufferentia,
1881 2529 1955 2559 inter
1975 2527 2045 2559 Nos
2058 2527 2094 2559 δε,
2104 2526 2196 2565 Ipsos,
2214 2526 2296 2564 super
2312 2536 2381 2557 om-

1300 2567 1383 2598 nibus
1399 2567 1648 2608 D'iffenfionibiis‚
1665 2567 1843 2604 Demandis,
1859 2567 1894 2598 &
1908 2565 2046 2603 Debai-5,
2063 2565 2133 2597 hinc
2149 2564 2218 2596 inde
2242 2565 2380 2604 subortis,

1298 2605 1448 2644 ineundis,
1464 2607 1498 2638 &
1514 2607 1584 2646 hiis,
1603 2617 1668 2645 quae
1682 2607 1722 2641 sic
1738 2605 1874 2639 Trastata
1887 2604 2009 2641 fuerint,
2027 2612 2113 2641 prout
2128 2603 2164 2634 ad
2182 2604 2202 2623 *
2221 2602 2380 2635 Honorem
2399 2595 2418 2614 ‘¹
2433 2596 2487 2624 IV·-

1299 2645 1333 2675 &
1357 2643 1565 2679 Commodum
1587 2645 1719 2675 nostrum
1741 2642 1872 2680 expedire
1885 2641 2035 2680 Viderint,
2053 2641 2100 2674 vel
2116 2641 2244 2680 Viderit,
2260 2642 2381 2675 consen·
2397 2633 2466 2678 *824-

1299 2681 1448 2721 tiendum,
1462 2683 1496 2714 &
1511 2683 1591 2720 super
1604 2683 1657 2716 hiis
1671 2681 1789 2721 finaliter
1804 2679 2041 2715 concordandum
2050 2704 2060 2718 ,
2077 2689 2111 2711 ac
2127 2680 2170 2713 Ea
2184 2691 2249 2719 quae
2264 2681 2302 2712 fic
2326 2689 2382 2712 tra-

1301 2720 1389 2757 dtata,
1406 2721 1441 2753 δῦ
1461 2721 1639 2752 concordata
1661 2721 1785 2757 fuerint,
1802 2727 1936 2758 quatenus
1958 2718 1992 2750 ad
2015 2717 2085 2749 Nos
2108 2720 2225 2758 attinet,
2243 2729 2383 2758 quacum-

1300 2759 1505 2802 quefirmitate
1519 2759 1700 2797 vallandum,
1718 2759 1752 2790 &
1763 2758 1802 2788 ab
1814 2758 1877 2796 ipfis
1895 2756 2077 2788 Hominibus
2098 2757 2307 2796 Securitatem,
2325 2769 2382 2797 pro

1299 2798 1383 2828 nobis
1403 2797 1618 2836 Sufficientem,
1636 2799 1667 2829 in
1687 2799 1740 2832 hac
1762 2806 1838 2835 parte
1859 2795 2076 2835 recipiendum,
2101 2797 2136 2828 ὃς
2156 2798 2254 2829 omnia
2275 2797 2327 2828 alia
2346 2799 2382 2829 δε

1301 2835 1406 2875 singula
1428 2836 1592 2876 faciendum
1612 2837 1645 2868 &
1666 2835 1873 2874 exercendum,
1893 2845 1958 2873 quae
1979 2836 2009 2866 in
2031 2835 2179 2873 praemiffis
2200 2836 2234 2867 δε
2257 2837 2333 2867 circa
2349 2846 2381 2867 ea

1300 2874 1453 2906 neceffaria
1468 2876 1570 2914 fuerint
1584 2876 1632 2908 vel
1646 2883 1807 2913 oportuna,
1826 2874 1944 2908 etiamsi
1958 2873 2130 2908 Mandatum
2148 2874 2263 2912 exigant
2277 2874 2382 2912 specia-

1301 2913 1341 2943 le:
1361 2912 1428 2951 Ipfis
1442 2914 1475 2946 &
1488 2925 1591 2945 eorum
1605 2915 1723 2945 cuilibet
1738 2913 1856 2944 Plenam
1871 2912 2071 2944 Concedimus
2091 2914 2126 2945 &
2154 2911 2380 2945 Committimus

1300 2951 1494 2991 potestatem,
1515 2954 1712 2991 promittentes
1726 2961 1781 2991 pro
1798 2952 1901 2990 nobis,
1918 2952 1953 2983 δί
1973 2951 2147 2985 Haeredibus
2169 2951 2288 2988 nostris,
2307 2951 2378 2982 Nos

1301 2990 1411 3024 Rarum
1425 2992 1459 3023 &
1476 2991 1619 3030 Gratum,
1634 2992 1777 3030 perpetuis
1791 2990 1988 3029 temporibus,
2005 2990 2148 3027 habituros
2168 2987 2306 3028 quicquid
2327 2999 2378 3027 per

1300 3030 1432 3068 praefatos
1446 3029 1595 3068 Comites,
1613 3031 1648 3062 &
1661 3040 1763 3063 eorum
1778 3029 1955 3068 quemlibet,
1970 3028 2145 3061 Trastatum
2156 3028 2191 3060 &
2204 3027 2378 3060 Concorda-

1300 3077 1381 3139 }um,
1403 3069 1546 3101 Vallatum
1560 3071 1594 3101 δε
1610 3069 1719 3100 fastum
1735 3067 1819 3104 fuerit
1834 3065 2030 3101 ianraemiffis
2043 3066 2078 3098 &
2089 3066 2220 3105 quolibet
2241 3066 2379 3101 Praemis-

1311 3118 1405 3139 orum.

1376 3146 1412 3178 In
1425 3146 1523 3185 cujus,
1539 3146 1600 3178 ὅτε.

1301 3224 1322 3254 b
1337 3185 1428 3230 Teste
1440 3185 1526 3224 Rege
1539 3184 1614 3224 apud
1629 3182 1941 3221 westmonasterium,
1956 3181 2072 3213 decimo
2088 3182 2191 3221 quinto
2207 3182 2255 3214 die
2277 3181 2377 3214 octo-

1324 3235 1368 3254 1⁷15.

1302 2217 1423 2288 RE}
1437 2217 1606 2268 Universis,
1624 2218 1772 2259 praesentes
1786 2218 1879 2250 literas
1894 2217 2076 2258 inspeeturis,
2096 2218 2233 2250 Salutem.

1421 2268 1499 2289 ciatis
1536 2258 1597 2289 uod
1614 2258 1701 2297 Nos,

1975 3261 2029 3290 Per
2044 3258 2127 3300 ipfitm
2139 3262 2246 3299 Regem„

1348 3392 1398 3423 De
1421 3386 1564 3431 potestate
1593 3386 1747 3425 traHandi
1769 3399 1838 3420 cum
1861 3386 1989 3469 ἒψίενη
2013 3385 2051 3420 de
2074 3389 2151 3422 Pace
2167 3389 2204 3426 (ῤ’
2226 3386 2331 3423 Finali

1750 3439 1860 3471 Concor
1883 3440 1925 3470 ia.

1307 3521 1423 3578 REX
1440 3522 1608 3562 Universis,
1648 3522 1774 3558 raesentae
1787 3522 1877 3554 literas
1890 3521 2074 3560 inspecturis,
2091 3520 2224 3552 Salutem.
2389 3505 2467 3538 A'm-
2481 3507 2524 3539 D*

1400 3561 1502 3606 Sciatis·
1517 3560 1598 3602 quod
1611 3532 1699 3600 1303,
1717 3561 1752 3606 de
1767 3560 2024 3605 circumspestione
2037 3557 2173 3604 provida,
2191 3555 2371 3601 &fidelitate
2410 3555 2496 3586 1337-

1308 3599 1446 3639 pmbata,
1462 3599 1646 3631 Diledtorum
1661 3601 1695 3631 &
1708 3598 1848 3631 Fidelium
1865 3596 2173 3637 nostrorum,Ricardi
2187 3594 2370 3634 [Fxtz-Alan]
2387 3588 2440 3614 ΑΠ-
2464 3595 2506 3614 ¹¹·

1309 3637 1455 3682 Arundel,
1473 3641 1507 3670 ὅτ.
1524 3639 1676 3670 Willielmi
1691 3639 1726 3670 de
1739 3638 1847 3670 Monte
1862 3639 1978 3678 Acuto,
1995 3637 2114 3673 sm,
2128 3633 2298 3678 Comitum,
2314 3633 2373 3671 ple-
2392 3627 2422 3652 E.
2451 3634 2477 3662 3·

1309 3680 1386 3708 narie
1407 3677 1599 3716 confidentes,
1615 3677 1651 3707 ad
1672 3677 1849 3711 tractandum
1870 3687 1924 3716 pro
1945 3675 2029 3707 nobis
2061 3674 2095 3705 &
2108 3672 2245 3717 Nomine
2257 3671 2374 3716 nostro,
2393 3667 2462 3691 ΒΜ·
2479 3671 2522 3690 ¹¹·

1308 3715 1811 3787 §tsisuittsazsoefflffli-iez2
1827 3697 2327 3785 1⁰¹s10eistatenses
2338 3710 2376 3780 ‘¹3
2394 3705 2506 3766 2³⁷⁶*

1414 3779 1424 3792 ,
1571 3779 1581 3792 ,
1703 3766 1737 3786 ai
1800 3765 1873 3785 ncor
1893 3765 1918 3785 ia
2021 3784 2023 3788 ,
2433 3762 2440 3769 ·

1309 3789 1443 3860 omniIb'us
1459 3792 1704 3864 Diffeggionibus,
1725 3792 1786 3829 &a
1804 3800 1836 3823 ut
1844 3776 1936 3833 supra³
1943 3791 1974 3820 de
1988 3788 2072 3821 verbo
2084 3788 2126 3818 ad
2135 3785 2259 3828 verbum.
2272 3772 2283 3788 ⁵
2327 3759 2362 3788 Pe

1399 3841 1418 3861 n
1430 3842 1466 3862 cu
1478 3842 1509 3863 us
1517 3856 1526 3870 ,
1575 3843 1602 3863 c.

1346 3868 1435 3912 ‚Teste
1450 3842 1931 3911 liegeapudWestmoiiasterium,
1949 3867 2065 3906 decimo
2079 3864 2182 3903 quinto
2215 3862 2263 3896 die
2282 3864 2381 3903 ocio-

1308 3907 1373 3939 bns.
2002 3944 2056 3972 Per
2068 3939 2152 3981 ipfimt
2169 3943 2276 3980 Regem.

2116 4016 2217 4059 namt.
