2562 4279
44 1636 122 1668 Ann.
137 1636 177 1668 D.

44 1685 157 1744 &ss

46 1793 112 1828 Vasc.
133 1802 179 1819 ii.

43 1834 159 1866 E.3.m.

45 3073 62 3090 ὓ
82 3074 136 3100 iv.

209 143 284 183 172

202 329 414 366 mandavimus,
431 338 464 358 ac
479 328 581 358 Portus
598 326 717 364 Magna:
729 326 896 366 Jernemutb
910 350 920 365 ,
938 327 971 357 &
988 326 1109 357 aliorum
1125 325 1266 368 Portuum

202 369 317 399 Ballivae
333 367 453 405 vestrae,
471 376 538 404 quas
553 365 634 396 citius
646 366 749 395 habere
761 366 903 403 poteritis,
915 365 934 395 si
948 365 1077 395 nondum
1093 372 1193 402 paratae
1208 372 1266 407 exi-

202 407 290 444 stant,
309 405 365 436 fine
385 405 519 436 dilatione
541 404 634 442 aliqua
646 405 675 434 in
694 404 789 435 formai
806 403 941 442 praedieta
956 404 1062 441 parari,
1079 404 1113 434 δε
1127 401 1266 432 Victuali-

202 446 254 475 bus
269 445 352 474 etiarn
366 444 470 474 muniri
485 443 606 480 faciatis,
623 443 657 473 &
671 442 749 482 Vos,
767 444 823 473 una
838 452 907 473 cum
922 441 1100 472 Hominibus
1114 440 1150 472 ad
1165 441 1265 478 Arma,

203 485 237 514 ὅτ
259 483 315 512 aliis
329 481 366 512 de
381 481 546 512 Retinentia
567 481 659 512 vestri
668 505 678 520 ,
695 492 749 520 pro
765 481 946 519 profeffione
962 481 1093 511 Navium
1107 479 1187 517 supra
1198 478 1264 509 Ma-

201 531 248 560 re,
266 530 335 551 cuin
357 520 460 550 eisdem
485 521 676 560 Qiadraginta
699 520 835 551 Navibus
848 543 857 558 ,
881 520 1060 550 Hominibus
1081 517 1211 555 Validis,
1231 518 1265 548 &

201 558 371 590 Potentibus
386 558 563 596 Marinariis,
581 559 614 590 ὃς
633 560 690 590 aliis
705 584 714 595 ,
740 560 815 589 bene
829 560 938 589 armatis
951 556 988 588 de
1002 556 1130 594 Gnerra,
1149 557 1264 595 paratis,

202 606 233 628 ut
255 598 433 636 praemittitur
447 621 457 635 ,
481 597 515 627 ad
529 607 619 635 partes
634 598 669 628 de
685 597 852 638 Durdmglit
866 599 895 627 in
911 595 1066 627 Hollandia
1086 595 1265 634 personaliter

201 636 436 675 proficiscamini,
451 637 487 666 ita
523 636 583 667 uod
598 636 651 667 fitis
665 636 775 667 ibidem
791 660 800 675 ,
823 646 891 667 cum
912 635 1046 666 Navibus
1058 634 1108 664 illis
1145 633 1190 664 die
1204 633 1265 664 Lu-

202 685 265 712 nae,
284 676 416 713 proximo
434 646 634 712 postqustnm
654 675 817 707 Nativitatis
838 675 934 705 Saneti
949 673 1088 712 Johannis
1108 658 1240 716 ssaptistae
1255 696 1265 710 ,

201 715 336 750 proximo
352 713 478 745 futurum
488 713 540 752 ,hd
556 714 632 744 salvo
648 715 681 745 &
697 714 793 745 secure
807 713 1141 750 conducendum,usque
1153 710 1265 741 dicrum

201 751 339 791 Regnum
354 751 501 790 nostrum,
520 753 649 791 praefatos
660 751 798 783 Nuncios
818 752 948 790 nostros,
967 753 1015 789 qui
1032 751 1200 782 Adventum
1215 758 1265 780 ve-

200 790 290 820 strum
306 790 432 828 ibidem,
449 801 533 828 pl‘Otlt
550 791 778 822 certitiidinaliter
794 791 962 827 didicimus,
984 789 1190 827 praestolantur.

238 828 275 859 Et
291 829 366 867 hoc,
386 829 455 860 sicut
465 829 533 859 Nos
547 831 580 861 &
593 829 748 861 Honorem
762 829 892 860 nostrum
906 828 1034 867 diligitis,
1053 828 1086 858 &
1102 827 1162 871 tam
1178 835 1266 866 prop-

199 872 242 897 ter
268 868 393 905 ipsorum
418 867 610 899 Nunciorum
629 869 665 898 ab
686 868 827 899 Hostium
848 867 1043 898 Invasionibus
1069 867 1240 896 Tuitionem
1256 888 1266 903 ,

200 907 287 943 quam
310 916 424 945 propter
445 907 568 937 celerem
592 906 827 938 Informationem
849 907 882 937 ὃ(
907 905 1170 940 Deliberationern,
1187 904 1284 941 super·

201 944 343 981 Negotiis
355 968 365 984 ,
389 944 425 975 de
447 946 548 982 quibus
573 946 715 976 extiterant
738 946 844 975 onerati
860 969 871 982 ,
895 945 928 976 &
944 954 1009 982 quae
1024 943 1092 973 Nos
1109 943 1265 986 &Statum

200 983 298 1022 Regni
314 983 402 1014 nostri
417 986 516 1014 intime
539 985 709 1023 contingunt
724 1007 734 1023 ,
752 984 929 1022 habendam,
945 986 1015 1014 licut
1027 982 1063 1012 de
1078 982 1161 1014 vobis
1174 980 1266 1011 confi-

198 1021 292 1052 dimus
301 1023 440 1060 „faciatisz
1236 1058 1244 1064 ⁰

241 1059 381 1092 Volumus
395 1061 520 1098 insuper,
539 1061 572 1091 &
586 1061 670 1091 vobis
685 1061 866 1100 mandamus,
885 1060 965 1099 quod
981 1059 1061 1098 Illos,
1080 1068 1152 1098 quos
1160 1059 1220 1097 jam
1235 1066 1265 1088 in

199 1098 278 1129 tantfi
300 1099 458 1130 neceffimtc
471 1099 621 1138 Rebelles,
637 1099 682 1130 vel
698 1099 859 1139 Remissos,
877 1100 1037 1130 invencritis
1053 1100 1082 1128 iri
1100 1097 1154 1128 hac
1170 1106 1264 1136 parte,

200 1139 314 1174 capiatis
331 1161 340 1176 ,
365 1139 398 1169 ὃς
423 1139 451 1168 in
473 1137 589 1169 Prisoni
609 1138 705 1169 nostra
725 1138 802 1170 fiilvo
823 1138 958 1170 custodiri
979 1138 1101 1175 faciatis,
1119 1135 1265 1175 quousque

198 1176 272 1206 aliud
294 1177 362 1206 inde
382 1176 542 1207 duxerimus
562 1176 792 1208 demandandum
805 1201 815 1216 ,
833 1179 910 1216 quta
931 1177 1054 1207 formam
1068 1175 1101 1206 &
1123 1174 1262 1205 effedfflm

199 1214 372 1245 Litterarum
391 1215 549 1245 nostrarum
564 1239 573 1252 ,
598 1215 661 1247 alias
682 1216 765 1246 vobis
777 1239 787 1254 ‚
812 1215 849 1247 de
862 1214 1022 1254 hujusmodi
1036 1214 1204 1244 Rebellibus
1217 1223 1264 1244 ca-

197 1253 322 1291 piendis,
341 1254 496 1291 sacrarum,
515 1254 613 1293 vobis,
631 1263 666 1284 ex
677 1254 867 1293 habundanti,
885 1254 920 1285 ad
932 1254 990 1285 hoc
1005 1252 1118 1292 plenam
1133 1251 1264 1283 Potesta-

199 1300 276 1329 tem,
293 1300 393 1323 tenore
407 1292 602 1331 praesentium,
621 1293 841 1323 committendo.

236 1330 328 1361 Teste
342 1330 429 1370 Rege
444 1331 517 1369 apud
533 1331 702 1370 stamford,
719 1332 857 1364 vicesimo
870 1331 917 1362 die
925 1330 1014 1370 Junii.

888 1411 941 1438 Per
956 1406 1037 1448 ipfimz
1047 1409 1153 1446 Regem.

402 1552 454 1583 De
469 1548 719 1597 Qibuscumque
737 1551 870 1597 Perfimis
889 1549 1060 1585 retinendis.

197 1633 323 1693 REX
349 1635 511 1673 Omnibus,
529 1635 564 1665 ad
578 1645 664 1675 qum,
683 1637 743 1669 ἃς.
762 1636 898 1668 Salutem.

289 1675 388 1705 Sciatis
405 1674 485 1713 quod
500 1674 586 1714 Nos,

234 1711 284 1744 De
303 1713 436 1744 fidelitate
457 1712 575 1751 probata
597 1714 631 1745 &
645 1713 904 1751 circumspectione
916 1713 1052 1752 provida,
1071 1713 1259 1745 Dilecftorum

195 1750 229 1782 &
245 1751 382 1782 Fidelium
395 1751 576 1790 nostrorum,
594 1752 706 1783 Oliveri
718 1753 754 1783 de
767 1753 905 1792 Ingham,
922 1753 1070 1783 Senescalli
1085 1753 1175 1783 nostri
1189 1752 1260 1783 Vas-

197 1791 308 1830 coniae,
324 1789 505 1830 &johannis
519 1790 634 1829 Dyeus,
653 1790 765 1829 plenam
781 1790 915 1822 fiduciam
928 1799 1100 1831 reportantes

235 1829 280 1860 Ad
294 1829 470 1861 tractandum
486 1839 539 1868 pro
554 1829 654 1860 Nobis
690 1830 722 1860 δε
736 1831 854 1860 nomine
869 1829 986 1868 nostro,
1003 1840 1073 1861 cum
1087 1814 1259 1868 Nobilibus,

195 1867 229 1898 &
249 1868 306 1897 aliis
325 1868 549 1906 quibuscumque
562 1892 572 1906 ,
598 1854 725 1898 Personis
747 1867 919 1907 Catholicis,
938 1867 1140 1907 cujuscumque
1155 1868 1260 1899 condi-

195 1907 278 1936 tionis
290 1906 334 1936 seu
350 1905 454 1944 statiis,
469 1915 503 1936 ac
521 1916 766 1944 quarumcumque
781 1908 901 1944 partium
923 1907 1040 1938 existant
1052 1932 1062 1945 ,
1081 1908 1161 1945 super
1176 1906 1260 1938 Con-

194 1944 398 1982 foederatione‚
417 1946 451 1975 &
465 1944 631 1984 Alligantia,
648 1954 681 1976 ac
697 1944 788 1976 Mora
801 1945 848 1977 sua
859 1946 1027 1984 nobiscum,
1042 1945 1076 1977 ad
1101 1947 1258 1977 terminum

193 1982 285 2022 Vitae,
304 1982 351 2012 vel
367 1983 536 2021 Annorum,

231 2020 269 2051 Et
288 2021 322 2051 ad
342 2021 575 2053 conveniendum
599 2031 669 2053 cum
691 2023 728 2053 eis
751 2022 787 2053 de
811 2024 893 2054 certis
917 2023 1019 2054 Feodis
1034 2048 1044 2062 ,
1065 2024 1125 2054 tam
1140 2033 1193 2061 pro
1206 2023 1260 2062 Se,

190 2060 278 2097 quam
292 2069 344 2099 pro
357 2059 534 2091 Hominibus
544 2063 611 2099 suis,

225 2097 267 2166 1]th
280 2098 324 2166 gd
346 2109 378 2130 ea
392 2121 402 2137 ,
428 2109 492 2137 quae
513 2099 551 2131 sic
563 2100 732 2131 concordari
745 2101 916 2140 contigerit,
935 2111 1116 2140 quacumque
1129 2101 1260 2132 firmitate

188 2146 224 2168 va
245 2147 278 2167 an
301 2146 367 2176 um,

228 2175 267 2206 Et
281 2177 386 2244 'limma
406 2175 456 2206 alia
478 2177 512 2208 ὃς
533 2176 640 2215 singula
658 2177 822 2209 faciendum
838 2201 848 2217 ,
867 2188 931 2217 quae
946 2177 1096 2210 necessaria
1110 2179 1216 2211 fuerint
1229 2180 1259 2210 in

189 2224 287 2253 praeml
311 2225 333 2245 is

227 2239 365 2293 Eisdem',
389 2253 511 2284 Olivero
531 2256 564 2286 &
584 2254 710 2294 Johanni
725 2279 735 2294 ,
760 2255 873 2293 plenam
890 2279 900 2294 ,
927 2264 1028 2288 tenore
1053 2257 1232 2295 praesentium
1246 2280 1257 2296 ,

193 2293 402 2323 committimus
418 2292 612 2332 Potestatem3

229 2330 431 2361 promittentes
451 2342 504 2369 pro
523 2333 623 2371 nobis,
640 2333 673 2363 ὃ(
688 2332 861 2363 Haeredibus
877 2332 993 2371 nostris,
1011 2332 1081 2364 Nos
1097 2334 1206 2364 Ratum
1221 2335 1256 2366 δε

191 2368 319 2401 Firmum
342 2370 485 2400 habituros
506 2371 641 2409 quicquid
662 2381 712 2409 per
732 2371 883 2409 praedic'tos
898 2396 907 2409 ,
933 2372 1084 2402 Oliverum
1104 2373 1257 2441 &qohan—

191 2416 276 2446 nem,
294 2409 327 2439 &
343 2417 445 2438 eorum
461 2408 775 2447 alterum‚Tra&atum
785 2408 1081 2449 ,Concordatum,&
1097 2411 1149 2441 Val
1161 2421 1256 2451 atum,

192 2445 275 2475 fuerit
302 2447 331 2476 in
357 2445 504 2483 praemiffis
519 2469 528 2483 ,
554 2448 588 2478 ὃ(
613 2447 741 2485 quolibet
770 2448 980 2485 praemissorum
994 2461 1004 2486 3
1030 2450 1257 2489 quibuscumque

193 2482 467 2523 Commiffionibus,
486 2483 648 2523 Mandatis,
664 2486 709 2515 seu
724 2485 1178 2526 Procuratoriis,quibuscumque
1187 2488 1257 2519 Per-

192 2521 283 2560 sonis‚
301 2521 338 2552 de
352 2522 509 2560 hujusmodi
526 2523 695 2554 Retinentiis
708 2524 841 2555 faciendis
857 2549 866 2563 ,
892 2535 942 2563 per
957 2535 1009 2557 nos
1024 2528 1101 2565 prius
1114 2527 1209 2567 faffls,
1225 2529 1256 2558 in

193 2560 242 2590 suo
255 2561 362 2591 robore
375 2561 522 2592 duraturis.

227 2598 262 2629 In
275 2600 371 2638 cujus,
389 2601 449 2631 &c.

268 2636 337 2669 Dat.
356 2638 429 2677 apud
445 2638 613 2678 Staunford,
633 2640 772 2671 vicesimo
787 2640 888 2678 quinto
904 2641 951 2671 die
960 2641 1045 2680 Junii.

228 2713 400 2746 Confimiles
415 2715 521 2747 Literas
536 2715 624 2756 Regis
636 2716 742 2747 habent
756 2717 881 2755 praefati,
899 2717 1033 2749 Oliverus
1053 2717 1257 2758 &Johannes‚

192 2752 396 2822 driedebhlliegtantia
416 2754 546 2787 facienda
564 2765 632 2787 cum
654 2755 781 2786 personis
800 2756 976 2795 subscriptis,
995 2756 1044 2787 sub
1058 2757 1158 2788 eadem
1173 2757 1257 2797 data,

334 2816 343 2830 5

231 2866 311 2898 Cum
328 2871 442 2897 Domino
458 2870 602 2900 Lodewico
619 2871 650 2900 de
663 2874 798 2910 Sanneye,
818 2881 866 2909 per
880 2872 922 2910 se,

230 2904 269 2936 Et
281 2916 351 2938 cum
365 2911 491 2937 Antonio
505 2910 537 2938 de
551 2909 663 2948 Foffibus
673 2933 682 2947 ,
702 2913 810 2939 Eamne
823 2912 855 2940 de
871 2914 1005 2948 Aragon,
1023 2920 1071 2950 per
1083 2910 1119 2942 se.

239 3051 268 3078 ³1<
285 3055 380 3100 Super
397 3055 525 3099 Hugone
543 3053 579 3086 de
595 3056 716 3087 Gcncva
736 3065 845 3087 retento
856 3082 867 3098 ,
893 3053 1080 3102 Approbatio
1099 3058 1201 3104 Regis.

45 3112 122 3179 ,⁷46n5n.
137 3145 177 3176 D.
201 3146 343 3202 REX·
357 3147 521 3195 Omnibus,
538 3147 572 3178 ad
590 3157 679 3186 quos,
698 3149 759 3179 δίς.
777 3147 909 3178 Salutem.

46 3186 537 3260 A1n3317hcmffi¹fllghglgffig>gc
554 3225 656 3255 Fidelis
676 3224 787 3262 noster,
806 3224 940 3255 Oliverus
954 3224 990 3255 de
1005 3224 1140 3264 Ingham,
1158 3224 1259 3256 Senes-

48 3268 79 3291 ]3.
100 3273 124 3298 3-
197 3261 282 3292 callus
296 3262 391 3292 noster
410 3263 572 3301 Vasconiae,
589 3265 653 3294 vice
676 3264 708 3294 &
723 3264 842 3293 nomine
855 3262 971 3299 nostro,
991 3263 1135 3293 Nobilem
1152 3264 1185 3293 &
1201 3263 1260 3294 Po-

50 3301 115 3335 l'asc.
140 3310 180 3328 11.
198 3309 305 3331 tentem
321 3301 442 3339 Virum,
460 3301 626 3332 Dominum
641 3301 798 3339 Hugonem
817 3301 854 3331 de
876 3301 1017 3338 Geneve,
1039 3300 1204 3331 Dominum
1222 3301 1259 3332 de

49 3343 105 3374 ΕΞ
125 3349 161 3367 m.
199 3338 296 3370 Vareis
316 3341 349 3370 δε
371 3339 406 3369 de
427 3340 552 3371 Anchou
566 3365 576 3379 ,
600 3351 667 3371 curn
690 3340 866 3370 Hominibus
889 3340 923 3370 ad
947 3340 1036 3370 Arma
1049 3362 1058 3378 ,
1073 3341 1150 3378 justa
1173 3339 1260 3371 Poffe

199 3377 297 3416 suum,
314 3378 480 3416 nobiscum,

235 3417 296 3447 Sub
310 3417 388 3448 certa
402 3416 497 3447 formsi
506 3441 515 3455 ,
530 3418 559 3447 in
575 3416 694 3455 quadam
710 3416 863 3447 Indentura
879 3439 889 3455 ,
912 3416 985 3446 inter
999 3415 1149 3454 praefatum
1163 3415 1261 3447 Senes-

199 3454 302 3485 callum
320 3455 449 3487 nosti-um
471 3465 503 3486 cx·
525 3465 601 3493 parte
624 3455 679 3486 uns
693 3480 701 3492 ,
726 3457 759 3486 ὃς
774 3479 783 3494 ,
808 3454 952 3484 Nobilem
964 3455 1074 3491 virum,
1094 3453 1262 3485 Dominum

198 3493 402 3533 Radulphum,
420 3494 644 3524 Coiidomirium
657 3495 694 3523 de
707 3493 773 3524 Alta
789 3492 877 3531 Villa,
896 3492 1117 3523 Procuratorem
1130 3515 1140 3531 ,
1157 3493 1191 3523 ὃς
1207 3493 1262 3523 At-

200 3540 343 3562 tornatum
358 3555 367 3571 ‚
391 3543 424 3563 ac
441 3533 596 3563 Nuncium
614 3533 759 3571 specialem
774 3532 854 3570 ipfins
871 3531 995 3561 Domini
1008 3530 1157 3570 Hugonis,
1177 3539 1211 3561 ex
1224 3531 1263 3561 al-

201 3570 276 3607 tera,
294 3571 361 3600 inde
373 3571 526 3609 confeela,
542 3571 695 3610 contenta,
710 3581 744 3601 ac
755 3570 855 3610 Sigillo
867 3568 967 3600 Curiae
984 3569 1132 3600 Vaseoniae
1145 3571 1264 3608 &prae-

202 3607 251 3639 fati
266 3608 398 3647 Hugonis
411 3610 591 3649 consignata,

241 3646 318 3676 Tam
333 3658 386 3685 pro
398 3647 471 3678 Pace
488 3649 573 3686 quam
590 3658 644 3685 pro
659 3647 772 3678 Guerra
784 3647 945 3684 retinuerit,

239 3683 277 3714 Et
291 3685 326 3714 ab
339 3686 442 3716 eodem
460 3686 594 3717 Domino
609 3686 782 3724 Radulpho,
802 3685 892 3723 Vice,
911 3687 945 3716 ὃ(
967 3685 996 3714 in
1017 3683 1159 3722 Persona,
1178 3683 1260 3722 ipsius

205 3720 329 3752 Domini
343 3723 480 3762 Hugonis
494 3749 504 3763 ,
529 3725 707 3763 Homagium
723 3725 864 3764 Ligeum,
881 3725 914 3755 ὃς
929 3722 1080 3754 Fidelitatis
1093 3722 1262 3754 Sacramen-

207 3766 270 3790 tum
283 3770 347 3790 rece
367 3764 404 3792 cri

245 3796 291 3826 Ac
311 3799 337 3827 ei
357 3771 557 3831 emtbomino
575 3801 696 3841 Hugoni
717 3801 895 3840 Qiingentas
911 3799 1024 3830 Marcas
1035 3800 1260 3839 sterlingorum,

207 3834 253 3879 vel
268 3835 392 3866 valorem
407 3840 574 3870 eorumdem
592 3841 621 3870 in
637 3840 687 3870 alifi.
703 3839 847 3876 Moneta,
864 3840 973 3878 fingulis
987 3840 1077 3869 Annis
1091 3862 1101 3878 ,
1119 3839 1154 3868 ad
1170 3847 1260 3869 totam

207 3882 298 3917 vitam
312 3873 404 3912 suam,
423 3877 451 3905 in
466 3877 534 3907 locis
549 3879 794 3916 competentibus,
832 3887 864 3908 ro
886 3877 976 3908 Mora
988 3877 1035 3908 flia
1048 3876 1184 3916 praediera
1197 3886 1260 3916 per-

208 3910 365 3949 cipienda-5,
382 3922 415 3956 ac
430 3917 559 3950 quaedam
573 3917 641 3955 alia,
658 3918 687 3947 in
701 3916 801 3947 eadem
831 3916 967 3947 ridentur&
981 3915 1122 3955 expreffii,
1141 3916 1260 3945 nOmine

208 3949 308 3981 nostro
322 3951 493 3988 promiserit,
511 3964 595 3989 prout
608 3957 637 3985 in
650 3954 803 3986 indentur&
816 3954 950 3993 praediecfi
965 3955 1074 3993 plenius
1087 3955 1261 3992 continetur,

245 3987 332 4026 Nos,
349 3988 458 4018 factum
471 3991 576 4032 praefati
588 3992 733 4024 Senescalli
753 3993 843 4023 nostri
862 3994 891 4023 in
905 3993 958 4023 bac
973 4001 1048 4031 parte
1062 4000 1258 4032 acceptantes,

204 4026 390 4060 hademutam
401 4027 583 4067 pudieam,
600 4039 634 4063 ac
646 4033 745 4063 omnia
756 4034 788 4066 in
800 4031 997 4071 &comeum
1014 4041 1072 4072 pro,
1090 4031 1207 4069 Nobis,
1225 4031 1261 4062 &

671 108 1483 167 coNvENTioN'Es,
1539 116 1927 170 LITERAE,

53 216 130 246 nnn.
147 215 179 245 D
206 214 319 246 Guerrsi
332 239 341 253 ,
364 214 439 244 benc
460 215 579 243 munitas
596 237 604 250 ,
629 221 698 243 cum
723 210 849 249 dupplici
865 209 1090 248 Eskippamento
1106 208 1140 239 ad
1156 210 1267 247 minus,

75 262 160 294 1337.
203 253 241 285 de
256 253 408 292 majoribus
421 252 453 282 &
468 251 635 282 fortioribus
650 250 784 280 Navibus
803 249 970 294 GuerriniS,
990 258 1057 292 quas
1070 247 1143 288 apud
1160 248 1184 278 la
1201 247 1267 292 RO‘.

52 295 119 323 Ἐάν.
141 303 166 331 3.
201 292 237 322 de
257 291 293 321 de
314 292 393 321 Seint
412 289 445 319 N
449 290 554 320 icliolas
569 313 578 326 ,
604 291 637 319 a&
658 289 682 318 la
706 287 792 318 Rode
810 287 846 317 de
866 286 1001 325 Kirkele,
1021 297 1082 326 Jam
1097 296 1266 326 congregari

1312 205 1486 237 Haeredibus
1501 204 1620 244 nostris,
1641 203 1858 245 Approbamus,
1877 202 2064 233 Ratificamus
2077 226 2088 241 ,
2103 201 2138 233 &
2150 210 2250 237 tenore
2262 205 2382 245 praesen-
2394 202 2471 234 Ann.
2483 202 2526 235 D.

1309 247 1384 276 tium
1397 244 1627 283 Confirmamus,
1645 244 1715 275 sicut
1731 242 1882 273 Indentura
1895 241 1941 271 illa
1954 241 2064 280 plenius
2078 241 2202 273 testatur.
2423 251 2507 282 1337.

1349 283 1383 314 ln
1397 286 1494 322 cujus,
1514 284 1574 314 &c.
1941 319 1947 324 ι
2039 319 2044 325 ι
2132 320 2147 325 ..
2393 283 2462 310 Edv.
2486 292 2509 319 3.

1386 321 1455 354 Dat.
1470 323 1544 361 apud
1557 320 1728 360 Staunford,
1747 319 1885 352 vicesimo
1901 327 2002 357 quinto
2016 317 2063 349 die
2070 317 2158 357 Junii.

1436 447 1599 494 Ejusmodi
1616 445 1801 495 Approbatio
1814 457 1870 493 pro
1893 447 2023 479 Domino
2040 444 2077 478 dc
2091 443 2251 479 Chalanco.

2394 516 2473 549 Ann.
2483 517 2524 549 D.

1313 531 1369 586 R
1380 531 1458 601 Eg(
1474 532 1636 603 Omnibdls²
1653 534 1688 564 ad
1703 543 1791 573 quos,
1806 533 1867 565 ὅτε.
1887 532 2027 563 Salutem.
2413 565 2491 596 1337

1432 580 1509 602 ciatis
1543 574 1583 603 uo
2494 580 2500 587 ·

1349 608 1450 647 Cum,
1468 583 1602 641 Dilgetus
1612 596 1651 642 ⁹&
1667 611 1768 642 Fidelis
1783 610 1878 641 noster
1892 633 1902 649 ,
1927 609 2060 640 Oliverus
2072 607 2109 639 de
2122 607 2262 653 Ingliam,
2280 608 2382 641 Senes-
2394 600 2446 625 ‘¹⁷¹‘
2467 607 2476 624 ¹
2485 607 2509 624 ¹·

1311 647 1398 678 callus
1413 647 1508 678 noster
1525 648 1690 688 Vasconiae,
1708 651 1774 681 vice
1785 650 1819 681 &
1833 650 1950 680 nomine
1967 647 2085 684 nostro,
2104 646 2252 678 Nobilem
2276 647 2382 680 Virum
2392 638 2434 701 Ebu
2445 645 2472 672 3⁶

1311 684 1345 714 &
1361 685 1531 726 Potentem,
1550 687 1720 718 Dominum
1731 689 1897 726 johannem
1911 686 2044 726 Eynard,
2063 685 2230 717 Dominum
2253 686 2289 718 de
2302 686 2384 720 Cha·
2395 677 2410 701 1
2425 674 2500 703 ‘dem'

1310 721 1411 763 laneo,
1429 735 1498 755 cum
1514 726 1708 766 Qiadraginra
1720 726 1900 758 Hominibus
1915 728 1950 757 ad
1963 726 2051 757 Arma
2068 725 2206 764 (quorum
2220 725 2277 757 Sex
2296 725 2382 758 Mili-

1312 769 1353 793 tes
1368 764 1463 801 erunt)
1477 764 1648 803 nobiscum,

1350 801 1411 832 Sub
1424 803 1501 833 certa
1514 803 1623 841 forma,
1641 804 1672 833 in
1689 802 1810 841 quadam
1827 803 1979 835 Indentura
1991 828 2001 841 ,
2028 805 2101 834 inter
2116 800 2266 841 praefatum
2281 803 2384 835 Senes-

1314 841 1420 870 callum
1435 841 1567 872 nostrum
1584 851 1619 872 ex
1634 851 1710 879 parte
1724 842 1798 880 unzi,
1816 843 1850 872 &
1871 843 2052 874 Nicholaum
2073 842 2109 872 de
2129 841 2312 882 Rochefort,
2330 843 2385 874 At-

1314 888 1458 909 tornarum
1469 904 1478 917 ,
1496 881 1529 912 ὃ(
1546 880 1783 918 Procuratorem,
1803 890 1836 911 ac
1851 880 2009 912 Nuncium
2021 881 2169 920 specialem
2183 881 2267 920 ipsius
2274 881 2384 913 Domi-

1313 918 1342 947 ni
1355 918 1510 958 Johannis,
1526 928 1560 948 ex
1573 919 1659 949 altera
1673 918 1827 956 confecta,
1845 919 1999 957 contenta,
2416 939 2442 957 ,ι

1349 957 1430 986 Tam
1444 967 1496 995 pro
1513 957 1588 988 Pace
1625 959 1714 996 quam
1728 967 1781 995 pro
1795 957 1927 996 Guerra,
1944 959 2106 998 retinuerit,
2421 961 2424 965 ’

1350 994 1389 1025 Et
1402 996 1438 1026 ab
1451 995 1554 1026 eodem
1569 981 1739 1034 fficholao,
1757 997 1839 1034 vice,
1858 996 1894 1027 ἃ·
1904 997 1933 1026 in
1950 995 2088 1035 Persona,
2107 995 2180 1029 diffl
2196 996 2383 1037 DominiJo-

1310 1032 1408 1064 hannis
1458 1034 1640 1072 Homagium
1665 1034 1790 1073 Ligeum
1803 1057 1814 1072 ,
1841 1036 1874 1065 δε
1894 1034 2042 1066 Fidelitatis
2062 1035 2277 1068 Sacramentum
2292 1059 2302 1075 ‚
2322 1039 2383 1068 tam

1311 1059 1603 1105 rationeketinenn'ae
1618 1073 1779 1112 praedierae,
1798 1074 1886 1111 quam
1900 1074 2008 1103 ratione
2023 1072 2117 1104 Castri
2133 1076 2168 1106 &
2183 1075 2259 1106 Loci
2272 1075 2309 1106 de
2325 1076 2383 1106 Ar-

1313 1119 1405 1151 neyo,
1425 1122 1493 1143 cum
1508 1114 1698 1152 pertinentiis,
1717 1111 1796 1151 quod
1808 1111 1901 1142 dietus
1915 1111 2096 1151 Nicholaus,
2114 1115 2232 1144 nomine
2247 1123 2384 1152 procura-

1309 1152 1385 1181 torio
1406 1150 1475 1182 dieti
1499 1151 1625 1183 Domini
1646 1151 1685 1182 sui
1701 1175 1711 1189 ,
1736 1151 1862 1182 eundem
1875 1149 2045 1181 Dominum
2065 1150 2147 1181 suum
2159 1152 2175 1182 a
2189 1152 2274 1184 nobis
2286 1160 2381 1185 tenere

1309 1198 1377 1220 reco
1397 1200 1479 1221 novit

1347 1198 1494 1260 Etgeideiri
1507 1228 1646 1260 Domino
1657 1228 1784 1269 Johanni
1797 1227 1928 1260 Centum
1945 1227 2061 1259 Marcas
2076 1227 2286 1268 sterlingorum
2299 1254 2310 1269 ,
2334 1231 2384 1263 vel

1308 1266 1437 1297 valorem
1454 1268 1627 1298 eorumdem
1642 1269 1671 1298 iri
1693 1268 1743 1299 alia
1760 1267 1887 1298 Moneta
1901 1292 1911 1306 ,
1932 1267 2045 1304 singulis
2058 1266 2167 1305 Annis,
2183 1267 2218 1297 ad
2231 1275 2322 1300 totam
2336 1270 2383 1300 vi-

1308 1312 1367 1349 tam
1375 1305 1478 1374 dsuam,
1495 1308 1525 1336 iti
1540 1306 1612 1338 locis
1625 1307 1855 1347 competentibus
1871 1331 1881 1345 ,
1898 1315 1953 1345 pro
1970 1305 2061 1337 Mora
2074 1305 2121 1337 sua
2134 1305 2273 1345 praedidffi
2283 1309 2381 1346 perci-

1329 1353 1373 1374 ien
1395 1354 1423 1375 as

1307 1353 1328 1381 P
1347 1382 1394 1413 Ac
1410 1368 1541 1421 qiiaedam
1555 1384 1623 1423 alia,
1642 1385 1670 1414 in
1686 1383 1788 1416 eadem
1801 1383 1957 1415 Indenturfi
1972 1382 2097 1422 expreffa
2113 1406 2124 1422 ,
2148 1384 2270 1414 nomine
2282 1383 2383 1416 nostro

1307 1421 1484 1461 promiserit,
1502 1432 1588 1460 prout
1600 1424 1630 1452 in
1649 1422 1802 1454 Indentura
1817 1422 1955 1461 praedieia
1971 1422 2080 1461 plenius
2094 1423 2274 1462 continetur,

1345 1459 1430 1500 Nos,
1450 1461 1570 1492 Fadium
1586 1461 1694 1500 praefati
1709 1461 1857 1493 Senescalli
1873 1460 1961 1491 nostri
1977 1463 2006 1491 in
2021 1460 2077 1492 hac
2092 1468 2169 1499 parte
2181 1468 2379 1500 acceptantes,

1307 1497 1490 1530 Indenturam
1505 1500 1691 1539 praedidiam,
1708 1510 1742 1531 ac
1763 1501 1863 1531 omnia
1885 1501 1914 1529 in
1932 1499 1966 1531 ea
1987 1508 2141 1539 contenta,
2159 1509 2212 1538 pro
2225 1500 2326 1538 nobis,
2343 1500 2379 1532 &

1307 1536 1481 1569 Haeredibus
1494 1539 1612 1577 nostris,
1631 1537 2062 1578 Approbamus,Ratificamus,
2079 1538 2129 1577 &,
2145 1546 2244 1570 tenore
2257 1538 2379 1577 praesen-

1308 1577 1398 1615 tium,
1417 1576 1641 1608 Confirmamus.

1346 1613 1380 1644 In
1396 1617 1492 1654 cujus,
1510 1618 1570 1647 ὅτε.

1382 1652 1450 1685 Dat.
1469 1655 1543 1693 apud
1557 1654 1710 1687 Staunford
1719 1680 1730 1694 ,
1748 1654 1885 1687 vicefimo
1898 1655 2001 1694 quinto
2013 1653 2060 1685 die
2069 1653 2158 1693 Junii.

1375 1781 1489 1814 Altera
1506 1780 1654 1828 ejusmodi
1671 1780 1845 1825 Ratificatio
1857 1808 1867 1825 ‚
1887 1792 1943 1828 pro
1963 1779 2105 1815 Aaenadeo
2127 1779 2163 1815 de
2179 1783 2310 1829 Peyteyr.

1306 1864 1437 1921 REX
1462 1865 1625 1905 Omnibus,
1643 1867 1678 1898 ad
1691 1877 1780 1906 quos,
1799 1868 1862 1900 &c.
1880 1867 2015 1899 Salutem.
2392 1868 2470 1900 Ann.
2481 1869 2528 1908 D,

1399 1905 1500 1936 Sciatis
1533 1905 1608 1943 uod,
2410 1917 2464 1938 1⁶⁸⁶
2491 1932 2499 1939 .

1344 1941 1442 1982 Cum,
1463 1915 1596 1974 Dilcelctus
1609 1944 1643 1975 &
1659 1943 1762 1975 Fidelis
1774 1944 1888 1983 noster,
1908 1943 2041 1975 Oliverus
2054 1944 2090 1975 de
2106 1944 2231 1982 Ingham
2243 1967 2253 1982 ,
2271 1942 2372 1974 Senes·
2387 1931 2445 1976 An.2
2454 1918 2505 1977 ³1¹4.

1306 1981 1390 2012 callus
1404 1982 1501 2012 noster
1516 1982 1684 2021 Vaseoniae,
1702 1984 1768 2014 vice
1783 1984 1817 2014 &
1831 1984 1951 2013 nomine
1968 1982 2085 2021 nostro,
2105 1982 2254 2013 Nobilem
2267 1983 2301 2013 &
2315 1981 2374 2013 Po·
2390 1991 2420 2014 Ε.
2442 1995 2470 2023 3.

1305 2025 1414 2051 tentem
1437 2022 1529 2052 virum
1545 2045 1555 2060 ,
1578 2021 1746 2052 Dominum
1764 2021 1925 2052 Amadeum
1946 2021 1982 2051 de
1996 2020 2117 2094 Peytgr
2132 2020 2261 2051 Militem
2276 2044 2287 2059 ,
2305 2029 2376 2052 cum
2396 2025 2503 2055 ibidem.

1305 2057 1482 2090 Hominibus
1497 2061 1529 2090 ad
1549 2060 1654 2100 Arma,
1672 2059 1827 2092 secundum
1844 2059 1929 2091 Poffe
1943 2059 2043 2098 suum,
2080 2075 2087 2082 ·
2105 2070 2126 2089 c.
2138 2066 2222 2098 prout
2231 2058 2318 2099 supra
2330 2068 2376 2090 us-

1308 2108 1361 2138 que
1376 2098 1432 2128 haec
1445 2098 1551 2133 verba‚·
1571 2103 1634 2129 viz.

1345 2136 1390 2168 Ac
1405 2137 1502 2169 eidem
1517 2138 1650 2170 Amadeo
1665 2138 1848 2178 Quingentas
1860 2136 1976 2169 Marcas
1988 2136 2218 2177 sterlingorum,
2235 2135 2296 2173 &a
2310 2144 2377 2177 prof

1306 2176 1462 2246 utss‘gtrlaut
1475 2215 1563 2254 supra.

1327 2357 1355 2384 *ε
1380 2357 1438 2391 Ad
1452 2361 1489 2392 V
1487 2361 1670 2390 icecomitem
1687 2358 1827 2401 Tartafiae
1839 2385 1850 2401 ‚
1872 2356 1909 2390 de
1926 2359 2003 2390 Bono
2021 2355 2128 2401 Gcstu,
2154 2356 2341 2392 laudatoria.
2390 2377 2406 2394 α
2425 2378 2479 2406 IV,

1306 2448 1363 2503 R
1373 2445 1398 2476 E
1409 2445 1458 2485 X,
1478 2447 1600 2479 Dileeco
1614 2448 1649 2480 &
1663 2446 1752 2478 Fideli
1767 2447 1834 2486 suo,
1850 2464 1901 2469 —
1920 2446 2097 2479 Vicecomiti
2113 2446 2247 2477 Tartafiae
2260 2470 2270 2485 ,
2293 2445 2374 2477 Salu-
2388 2417 2465 2483 Ξχόῃόῇ,
2481 2452 2526 2485 D⁴

1383 2494 1452 2516 tem.
2411 2501 2423 2522 1
2470 2501 2497 2521 ¹-—

1343 2523 1444 2561 Quam
1461 2524 1596 2556 constans
1617 2527 1651 2558 &
1673 2525 1830 2555 frustuosus
1851 2524 1934 2554 fuerit
1948 2523 2098 2560 mercum,
2117 2522 2150 2553 &
2163 2522 2256 2553 adhuc
2270 2522 2320 2561 sit,
2338 2523 2373 2554 ad
2388 2502 2522 2560 A,·1}1.3lii,

1303 2560 1390 2601 Nos,
1409 2563 1443 2594 &
1459 2563 1641 2594 Nostrorum
1656 2563 1904 2594 conservationem
1914 2561 2052 2604 Jurium,
2077 2560 2181 2605 vestrae
2199 2560 2376 2592 Devotionis
2390 2574 2419 2597 E.
2441 2580 2466 2607 3,

1304 2600 1438 2632 Affec‘tus
1484 2603 1592 2633 nedum
1615 2601 1754 2633 Fidelium
1774 2600 1940 2630 nostrorum
1961 2599 2145 2630 Testimoma
2160 2623 2171 2639 ,
2196 2600 2234 2630 set
2253 2600 2375 2631 effedhis
2389 2611 2457 2639 ηρ,
2480 2618 2523 2636 11,

1304 2638 1425 2677 Operis,
1446 2624 1540 2670 biens
1554 2640 1790 2678 praeponderans,
1809 2639 1886 2682 clare
1900 2638 2040 2676 probant3
2059 2647 2126 2668 nam
2137 2638 2254 2683 ,sempe-r
2268 2640 2300 2684 in
2314 2639 2371 2669 Di·
2391 2642 2424 2674 ε]
2440 2657 2466 2684 3,
2484 2657 2521 2676 m,

1303 2677 1430 2708 leerione
1440 2677 1538 2709 nostra
1550 2679 1736 2709 ferventiores
1751 2676 1905 2715 persistitis,
1925 2687 1984 2715 quo
1996 2686 2050 2714 pro
2071 2678 2156 2707 nobis
2179 2676 2375 2747 sustinensda—
2394 2685 2477 2722 241,

1305 2715 1397 2746 &uras
1410 2717 1443 2747 ὅ(
1458 2715 1588 2747 Pericula
1603 2718 1745 2756 graviora:
1766 2725 1882 2754 propter
1901 2715 1981 2753 quod
1995 2739 2006 2753 ,
2033 2724 2120 2753 prout
2140 2715 2315 2747 Honorino
2342 2726 2377 2747 ro

1304 2756 1443 2785 convenit
1452 2777 1461 2793 ,
1480 2765 1533 2786 vos
1546 2756 1632 2795 digne
1647 2766 1701 2794 pro
1716 2754 1830 2785 Meritis
1841 2755 1929 2785 taliter
1944 2753 2082 2791 respicere
2096 2754 2275 2793 curabimus,
2295 2755 2378 2794 quod

1304 2793 1335 2823 in
1350 2793 1496 2824 Fidelitate
1508 2793 1607 2827 nostrii
1621 2796 1728 2825 merito
1743 2793 1900 2830 gaudebitis
1912 2792 2067 2831 perstitisse.

1342 2831 1403 2862 Vos
1418 2833 1518 2872 igitur,
1532 2833 1567 2863 ad
1579 2833 1725 2864 dictorum
1740 2832 1935 2862 defensionem
1945 2831 2061 2870 Jurium
2070 2854 2080 2870 ,
2097 2839 2197 2862 contra
2212 2832 2297 2862 nobis
2310 2831 2373 2863 Ad-

1304 2871 1462 2909 versanteS,
1482 2871 1723 2909 Magnanimitate
1737 2870 1833 2909 solita,
1847 2872 1925 2909 quta
1941 2868 2068 2901 nostram
2080 2870 2244 2909 Fiduciam,
2262 2871 2296 2901 &
2309 2870 2374 2901 Ge-

1304 2910 1459 2940 nerositatis
1472 2909 1573 2941 vestrae
1587 2911 1746 2942 decentiam
1755 2934 1766 2948 ,
1783 2909 1950 2948 impendatis
1963 2908 2079 2941 viriliter
2094 2907 2256 2939 Consilium
2272 2909 2374 2940 efficax

1304 2949 1338 2979 ὃ(
1355 2948 1499 2987 Juvamen
1514 2972 1524 2988 ,
1549 2959 1581 2980 ut
1603 2950 1690 2981 fidelis
1711 2950 1745 2981 &
1758 2948 1875 2989 operosa
1889 2947 1979 2980 vestra
1993 2946 2161 2978 Constantia
2169 2955 2317 2991 ⁷mereatur
2331 2956 2374 2979 at-

1304 2986 1365 3018 tolli
1380 2987 1524 3026 laudibus,
1542 2988 1576 3019 &
1591 2999 1606 3019 a
1621 2989 1706 3019 nobis
1723 2988 1924 3018 Retributione
1939 2986 2023 3017 fertili
2037 2986 2186 3024 praemiari.

1342 3025 1432 3064 Super
1444 3026 1503 3056 aliis
1519 3030 1608 3067 vero,
1626 3026 1858 3064 transcribendis,
1876 3024 1999 3055 Dilezsto
2012 3025 2046 3055 δε
2061 3023 2150 3054 Fideli
2171 3023 2289 3063 nostro,
2307 3024 2373 3055 Oli-

1304 3074 1375 3095 vero
1389 3065 1426 3133 dle
1439 3064 1559 3134 thff
1569 3089 1579 3104 ‚
1596 3066 1754 3098 Senescallo
1767 3064 1867 3095 nostro
1881 3063 2032 3094 Vasconiae
2045 3084 2055 3101 ,
2079 3062 2208 3100 praebere
2221 3072 2275 3095 vos
2289 3063 2373 3095 volu-

1304 3112 1369 3134 mus
1413 3113 1494 3134 enam
1549 3115 1607 3135 em.

1342 3113 1413 3173 Dapt.
1430 3142 1505 3180 apud
1519 3142 1689 3183 Staunford,
1707 3142 1845 3175 vicesimo
1858 3140 1959 3179 quinto
1971 3137 2018 3169 die
2028 3138 2116 3178 Junii.

1337 3217 1450 3249 Eodem
1464 3218 1556 3249 modo
1571 3218 1699 3251 sci-ibitur
1713 3217 1889 3256 subscriptis,
1906 3216 1958 3248 sub
1971 3215 2074 3247 eadem
2086 3214 2168 3254 data,
2188 3215 2339 3256 videlicet,
2378 3264 2381 3267 7

1305 3297 1430 3327 Berardo
1443 3299 1475 3327 de
1488 3297 1517 3327 la
1534 3300 1613 3328 Bret.

1306 3339 1460 3365 V1cecomiti
1475 3339 1688 3374 Benangiarum.

1306 3376 1335 3403 V
1336 3378 1463 3404 icecomiti
1476 3375 1508 3404 de
1523 3375 1654 3414 Fronfitk.

1306 3411 1437 3451 Johanni
1450 3414 1482 3443 de
1496 3413 1595 3452 Greily.

1306 3455 1454 3481 Amaneno
1467 3452 1500 3482 de
1513 3452 1627 3492 Foffizto.

1306 3492 1421 3520 Domino
1474 3491 1506 3520 de
1522 3494 1620 3521 Monte
1636 3492 1779 3524 Ferrandi.

1305 3528 1436 3559 Arnaldo
1451 3530 1483 3559 de
1498 3529 1529 3558 Ia
1540 3531 1651 3560 Laund.

1858 3297 1999 3377 chnferdo
2019 3300 2135 3329 Domino
2155 3297 2188 3327 de
2207 3300 2306 3328 Monte
2319 3300 2374 3328 Pe-

1857 3344 1974 3406 Βοίηἰὶἳο
2026 3374 2058 3405 de
2071 3374 2241 3405 Landirans.

1856 3417 1999 3444 Fortenar.
2019 3412 2226 3453 Desgarrabak.

1857 3452 2010 3482 Guillielmo
2017 3456 2158 3482 Amanen.
2171 3453 2203 3482 de
2212 3449 2370 3481 Mochidan.

1857 3491 2002 3521 Bernardo
2015 3491 2048 3521 de
2062 3494 2185 3521 Semenx.

1855 3528 1989 3560 Arnaldo
2004 3531 2032 3559 E
2028 3539 2119 3570 ymon.

1306 3568 1422 3598 Domino
1478 3569 1510 3598 de
1528 3568 1588 3607 Les
1598 3579 1674 3600 arra.
1857 3568 1930 3598 Eliae
1946 3569 2082 3598 Andiseni.

1306 3607 1422 3636 Domino
1474 3607 1507 3636 de
1522 3577 1674 3646 Castsslhon.
1856 3606 1988 3637 Arnaldo
1998 3605 2134 3637 Audoeni.
2149 3643 2154 3648 ⁵

1306 3645 1423 3675 Domino
1475 3645 1507 3674 de
1521 3648 1622 3675 Urnon.
1855 3644 2013 3675 Bertrando
2027 3645 2059 3674 de
2072 3640 2212 3672 Turribus.

1306 3684 1422 3712 Domino
1476 3685 1509 3714 de
1522 3685 1663 3714 Audema.
1856 3686 1946 3713 Boicio
1960 3683 1992 3712 de
2006 3680 2124 3712 Ternak.

1306 3722 1421 3750 Domino
1477 3723 1508 3751 de
1521 3722 1677 3761 Agnaffiak.
1855 3721 1977 3752 Gerardo
1989 3721 2021 3750 de
2037 3717 2137 3749 Pinolr.

1306 3759 1422 3789 Domino
1477 3761 1599 3800 Darsiak.
1857 3760 2001 3790 Almarico
2015 3759 2047 3787 de
2059 3760 2160 3793 Burge.

1305 3798 1423 3827 Domino
1476 3799 1508 3828 de
1522 3798 1662 3830 Balhada.
1857 3797 1980 3828 Gilberto
1992 3796 2024 3826 de
2037 3794 2166 3830 Pelagru.

1305 3838 1421 3866 Domino
1476 3838 1508 3866 de
1521 3839 1659 3868 Pomeriis.
1856 3834 1987 3866 Arnaldo
2001 3834 2033 3864 de
2048 3836 2161 3876 Curioq-

1305 3876 1421 3904 Dominn
1475 3876 1511 3905 der
1522 3879 1630 3906 Roman.
1855 3873 2000 3903 Gaillardo
2016 3869 2158 3900 Dmandz.

1305 3915 1422 3943 Domino
1480 3915 1513 3944 de
1529 3917 1677 3952 Logoiran.
1855 3910 2006 3942 Guillielmo
2017 3909 2049 3938 de
2064 3905 2239 3945 Malmuffim.

1305 3954 1452 3989 Capitaneo
1464 3953 1496 3982 de
1507 3953 1539 3983 Ia
1551 3957 1642 3983 Trena
1854 3948 2002 3980 Talirando
2015 3946 2048 3976 de
2061 3945 2207 3976 Granhols.

1854 3986 1997 4016 Bernardo
2015 3985 2047 4015 de
2062 3985 2168 4014 Bedak.

1304 3991 1420 4020 Domino
1475 3992 1508 4022 de
1522 3994 1610 4021 Mata
1618 3991 1717 4031 Plan*-
1856 4023 1987 4056 Amaldo
2001 4024 2033 4055 de
2048 4022 2186 4063 Espeleta.

1305 4030 1425 4060 Domina
1476 4030 1510 4061 de
1522 4033 1616 4062 Tem,
2314 4060 2370 4090 Pl-
