2562 4279
36 202 166 235 Ann.D.
195 201 446 231 Communitatern
463 196 558 236 Regni
573 194 678 233 nostri,
696 195 806 225 ibidem
824 195 972 228 existentes
983 220 993 236 ‚
1012 196 1070 236 est,
1092 199 1165 228 inter
1183 198 1254 237 alia,

56 251 139 281 1327.

31 282 100 309 Ell'va
123 292 148 318 3.

0 2869 11 2885 ³
34 2870 85 2897 IV.

0 2909 59 2943 265.

673 108 1248 153 CONVENTIO

203 118 281 157 180

194 239 415 270 Concordatum
431 235 510 274 quod
524 244 624 264 omnes
640 234 688 271 ilii,

228 279 290 315 Qii
299 299 308 314 ,
324 284 451 312 tempore
464 273 585 304 Domini
600 271 635 302 E.
650 281 740 316 nuper
754 271 845 311 Regis
855 272 984 314 Angli-ae,
1001 276 1084 313 patris
1099 274 1200 314 nostri,
1213 274 1250 306 de

189 316 313 355 Qierela
325 315 469 350 Thornae,
487 321 555 342 tunc
580 310 702 352 Comitis
723 308 919 351 Lancastriae,
945 314 1080 353 fuerunt,
1104 314 1140 345 ad
1162 313 1251 353 perse-

191 354 334 392 quendum
348 352 506 390 Hugonem
518 350 542 379 le
557 348 712 388 Deipenser
725 349 880 389 seniorem,
894 352 927 382 &
949 352 1108 393 Hugonem
1130 353 1155 383 le
1176 352 1251 383 Des-

185 392 278 433 penser
287 391 441 428 juniorem,
616 399 618 403 ·

226 429 392 459 Rchabeint
406 428 508 457 Terras
521 426 554 457 ὃ(
567 425 748 457 Tenementa
760 426 822 465 sua,
840 437 908 458 cum
922 431 1092 467 pertinentiis
1104 430 1166 468 suis,
1185 439 1249 468 quae

185 468 334 498 occalione
347 467 433 496 dic-”taz
451 465 627 507 Qerelaeqin
643 475 742 503 manus
756 465 828 496 dicti
843 466 927 497 Patris
942 469 1046 508 nostri,
1064 477 1198 507 tanquam
1215 469 1248 498 ii-

184 508 212 536 bi
228 505 366 535 forisfacsta
376 528 386 543 ,
404 513 483 542 capta
495 504 528 534 δε
541 504 624 534 seilita
637 503 767 542 fuerunt,
786 506 840 535 una
856 515 924 536 cum
937 508 1071 545 exitibus,
1090 509 1123 539 ὃ(
1146 517 1248 538 arrera-

182 546 232 585 giis
247 544 420 581 Firmarum,
438 543 474 573 de
489 543 591 580 quibus
604 541 684 572 dieto
699 545 768 582 patri
781 543 880 573 nostro
891 546 1052 584 responsum
1065 556 1125 575 non
1141 546 1206 575 fuit:

219 583 256 613 Et
267 583 346 621 quod
363 582 442 611 Fines
454 591 506 619 pro
520 580 809 620 Transgreffionibus,
826 582 1038 623 Obligationes,
1057 584 1247 623 Recognitio-

183 631 251 660 nes,
269 621 388 658 Poenae,
406 620 439 650 δε
454 620 695 657 Redemptiones,
716 621 744 650 in
762 619 937 653 Cancellaria
946 623 1020 653 dieti
1036 623 1126 654 Patris
1147 622 1245 660 nostri,

181 661 330 691 occasione
343 659 428 689 dietae
443 659 578 698 Qerelae
591 659 753 698 praedictae,
769 659 835 690 faffl
851 683 860 698 ,
883 662 1075 692 cancellentur
1092 662 1126 692 &
1147 661 1245 692 adnul-

177 699 281 729 lentur:

217 737 364 777 Quodque
377 736 445 775 ipsi,
463 735 499 766 de

178 775 250 814 stra,
268 776 302 806 ad
317 776 500 807 Scaccarium
512 775 660 813 nostrum,
675 776 709 806 &
723 775 786 806 alias
801 774 912 806 Placeas
934 777 1041 807 nostras
1059 782 1067 811 (
1083 778 1134 807 ubi
1153 777 1244 815 hujus·

176 815 256 845 modi
269 815 368 853 Fines,
383 814 595 853 Obligationes,
613 812 858 853 Recognitiones,
876 814 988 851 Poenae,
1006 816 1040 846 &
1052 815 1244 853 Redemptio-

177 863 242 892 nes,
261 852 330 883 faeti
344 853 474 889 fuerunt)
487 852 521 883 ad
543 852 655 882 eosdem
679 852 761 882 Fines
775 876 784 890 ‚
805 852 1002 892 Obligationes
1015 876 1024 892 ,
1049 853 1242 891 Recognitio-

175 903 244 931 nes,
261 891 384 931 Poenas,
403 891 645 929 Redemptiones,
662 890 881 930 adnullandum,
900 902 952 929 pro
967 903 1003 923 eo
1013 892 1092 931 quod
1117 892 1240 931 Qierela

176 931 327 969 praedicta,
346 932 374 960 in
391 931 471 961 ἀίξὶο
485 929 673 960 Parliamento
687 929 805 967 nostro,
821 940 869 967 per
886 930 969 969 Nos,
996 931 1029 961 δε
1052 940 1147 961 totum
1172 930 1239 962 Par-

171 970 338 1000 liamentum
353 969 501 1006 nostrum,
519 967 598 998 Bona
613 968 646 998 &
657 966 737 1005 Justa
750 968 903 1006 adjudicata
917 969 977 1007 est,
995 969 1028 1000 δε
1042 969 1161 1007 Iudicia,
1176 979 1238 1000 ver-

171 1008 214 1040 sus
229 1008 304 1046 illos,
323 1009 370 1046 qui
385 1007 419 1038 de
432 1007 510 1037 dicta
524 1006 650 1045 Qerela
664 1006 793 1043 fuerunt,
812 1007 935 1046 reddita,
953 1009 1062 1046 penitus
1080 1007 1235 1039 adnullata:

210 1045 302 1077 Vobis
317 1046 481 1076 mandamus
497 1045 576 1083 quod
589 1044 719 1076 Howelo
732 1056 767 1083 ap
780 1044 901 1083 Howel,

206 1085 268 1124 Qui
278 1109 287 1124 ,
308 1096 360 1125 pro
375 1095 410 1114 eo
424 1084 503 1123 quod
516 1085 552 1114 de
565 1083 641 1114 diffli
656 1083 781 1122 Querela
794 1084 872 1123 fuit,
892 1084 993 1115 Finem
1016 1085 1084 1116 fecit
1104 1095 1172 1116 cum
1192 1085 1236 1116 di-

169 1122 220 1154 csto
235 1125 318 1155 Patre
333 1123 447 1162 nostro,
467 1124 496 1152 in
510 1121 685 1153 Cancellaria
697 1116 742 1153 sua
755 1147 766 1160 ,
784 1132 832 1162 per
855 1123 1034 1161 Qingentas
1057 1124 1154 1155 Libras
1182 1135 1235 1162 pro

168 1161 229 1193 vita
243 1163 287 1193 sua
301 1161 445 1200 salvanda,
462 1162 495 1192 ὃς
508 1161 605 1192 Terris
619 1161 652 1192 δε
668 1161 855 1192 Tenementis
875 1163 925 1191 suis
949 1162 1129 1201 rehabendi33
1152 1163 1186 1193 &
1204 1164 1233 1193 in

169 1200 272 1231 eadem
288 1199 462 1231 Cancellaria
480 1207 573 1231 certos
593 1199 700 1230 invenit
717 1198 938 1240 Manucaptores
959 1200 995 1230 de
1017 1211 1074 1238 e0,
1101 1201 1178 1240 quod
1197 1201 1234 1232 de

167 1239 288 1270 Summa
299 1237 433 1278 praedic‘ta
445 1238 536 1269 adbuc
551 1237 634 1268 restat
649 1237 824 1282 solvendum,

200 1278 248 1308 Ad
265 1278 376 1308 dictum
393 1277 573 1308 Scaccarium
588 1277 747 1314 exonerari,
762 1276 852 1314 ipsum
873 1287 908 1306 ue
922 1275 1103 1317 Howelum,
1120 1278 1154 1309 ὃς
1164 1277 1231 1309 Ma—

165 1325 332 1354 riucaptores
349 1316 409 1346 suos
421 1316 574 1355 praedicitos
587 1314 653 1345 inde
665 1315 776 1352 quietos
788 1314 845 1344 effe
888 1316 977 1345 ciatis:

201 1354 239 1384 Et
254 1354 492 1393 Distrifflonem,
510 1353 529 1383 si
553 1363 638 1392 quarn
659 1354 696 1383 eis
716 1352 748 1383 ea
765 1353 914 1383 occasione
934 1352 994 1384 fieri
1017 1354 1153 1393 feceritis,
1173 1355 1230 1386 fine

165 1391 301 1424 dilatione
312 1394 423 1424 relaxari
437 1393 539 1422 faci-‚itis
552 1391 673 1429 eisdem,
691 1391 758 1421 Nos
769 1393 848 1434 enim
862 1391 1106 1431 Recognitionem
1121 1394 1154 1424 δε
1163 1393 1229 1425 Ma-

166 1434 371 1471 nucaptionem
393 1431 535 1469 praedictas
556 1432 585 1460 in
606 1429 779 1461 Cancellaria
800 1429 895 1462 nostra
922 1431 1044 1462 fecimus
1064 1432 1201 1463 adnullari
1219 1456 1230 1472 ,

159 1470 235 1507 juxta
251 1469 444 1500 Concordiam
458 1468 651 1509 supradiftam.

522 735 645 773 Qierela
665 736 798 775 praedic‘ta
819 736 916 769 Brevia
933 738 969 769 de
992 737 1168 769 Cancellaria
1190 748 1245 768 no-

163 1585 182 1616 b
195 1545 285 1590 Teste
300 1546 381 1586 Rege
393 1547 466 1585 apud
483 1544 786 1584 Westmonasterium,
804 1546 942 1577 vicesimo
961 1546 1086 1578 secundo
1106 1548 1153 1580 die
1174 1548 1226 1579 Fe-

185 1595 273 1615 ruam.

319 1659 488 1692 Consimilcs
503 1661 604 1692 litteras
617 1661 721 1692 habent
739 1660 899 1701 sublcripti3
921 1661 1068 1700 videlicet,

161 1737 307 1776 Johannes
327 1739 359 1768 de
374 1736 542 1776 Countevill,
558 1746 604 1776 per
624 1740 725 1775 viginti
740 1736 834 1767 libras.

161 1780 252 1805 Simon
265 1777 296 1806 de
312 1777 398 1814 Rale,
411 1785 459 1815 per
471 1776 672 1815 Quadraginta
684 1775 775 1805 libras.

150 1815 294 1844 “Andreas
309 1816 340 1844 de
355 1815 531 1852 Crancombe,
544 1823 592 1853 per
604 1815 804 1852 Quadraginta
818 1813 925 1844 Solidos.

159 1852 303 1890 Johannes
315 1854 469 1893 Alaudas-t,
481 1862 531 1892 per
546 1852 627 1883 Mille
644 1855 764 1882 Marcas.

159 1894 227 1921 Otto
241 1892 272 1921 de
287 1891 484 1929 Botringlmm„
519 1903 547 1921 er
564 1891 645 1921 Mille
659 1894 783 1921 Marsas.

156 1929 300 1968 Johannes
314 1931 346 1960 de
360 1929 494 1960 Aldwinc
505 1942 535 1968 e,
548 1939 599 1969 pro
612 1929 810 1969 Qadraginta
821 1928 925 1960 Solidis.

153 2060 202 2092 De
219 2059 360 2104 Potestate
374 2060 418 2094 ad
430 2059 638 2094 Tmflmzdum
655 2072 723 2093 cum
742 2063 817 2108 Rege
836 2063 967 2094 Franciae
975 2061 1066 2109 sitper
1084 2064 1216 2111 Treuga‚

483 2110 539 2155 stu
555 2111 738 2155 §isthmum
759 2112 888 2144 Guerrae.

155 2193 281 2254 REX
300 2196 445 2239 univerGS,
464 2195 498 2239 ad
515 2206 596 2238 quos,
608 2196 668 2226 &c.
688 2195 821 2226 Salutem.

271 2234 401 2264 Noverit
418 2234 594 2265 Univerlitas
616 2233 704 2265 vestra
725 2234 816 2272 quod,

192 2272 271 2303 Cum
286 2282 374 2311 nuper
389 2275 458 2302 inter
473 2272 686 2303 Seneriffimum
703 2272 888 2310 Principem,
905 2272 1069 2305 Dominum
1079 2274 1220 2314 nostrum,

153 2310 186 2340 &
203 2311 386 2341 Avunculum
401 2310 591 2349 cariffimutn,
609 2310 777 2341 Dominum
795 2311 952 2350 Karolum,
971 2313 1095 2343 Franci-a:
1109 2313 1142 2343 δε
1156 2314 1219 2344 Na-

153 2359 238 2378 varrae
253 2349 385 2385 Regem,
405 2358 438 2378 ex
454 2359 528 2386 parte
543 2350 599 2380 una
615 2372 625 2386 ,
649 2350 681 2379 ἃ
705 2349 870 2379 Dominum
889 2351 922 2379 &
951 2349 1064 2380 Patrem
1088 2351 1217 2382 nostrum

152 2387 322 2417 cariffimum
336 2411 344 2425 ³
362 2387 530 2416 Dominum
543 2387 802 2423 Edwardum,tunc
818 2387 933 2424 Regem
948 2389 1058 2428 Anglia:
1073 2389 1218 2429 illustrem,

153 2434 189 2454 ex
204 2434 280 2462 parte
292 2425 391 2464 alteri,
409 2425 506 2455 multa:
521 2426 645 2454 exliortae
666 2425 779 2455 fuissent
802 2425 993 2456 Dissensiones
1009 2451 1019 2465 ,
1046 2427 1218 2467 Discordiae,

152 2462 376 2501 Contentiones,
397 2463 594 2501 Qiaestiones,
609 2464 642 2494 δε
657 2464 810 2502 Querelae,
828 2473 892 2503 qua:
913 2465 1042 2496 nondum
1059 2467 1121 2497 sunt
1143 2467 1217 2507 sopi-

153 2510 206 2539 tae,
223 2502 260 2532 de
279 2512 337 2539 quo
354 2512 500 2539 gravamur
514 2503 542 2531 in
565 2503 752 2541 immensum,

187 2540 256 2570 Nos
272 2540 399 2574 (dimii'i'o
414 2550 461 2579 pei·
475 2540 586 2570 dietum
603 2539 712 2570 Patrem
728 2539 859 2571 nostrum
873 2539 1030 2580 Regimine
1042 2543 1109 2573 diffl
1121 2541 1214 2582 Regni

150 2579 237 2608 nostri
248 2602 257 2617 ,
278 2580 310 2608 &
334 2580 363 2608 in
387 2584 438 2607 nos
452 2578 598 2614 transsato)
618 2579 781 2608 zifle&aiites
794 2589 864 2609 cum
878 2578 1013 2611 Domino
1029 2581 1216 2619 KarolO,Re-

148 2626 184 2656 ge
199 2618 323 2647 Franci-³:
333 2640 342 2655 ,
361 2616 490 2647 Domino
505 2617 537 2647 ἃ
555 2617 708 2647 Avunculo
723 2617 822 2647 nostro
837 2618 952 2654 praefato
965 2642 976 2656 ,
994 2619 1073 2657 super
1091 2621 1213 2658 praemis-

152 2656 183 2685 fis
197 2658 270 2694 picis
285 2656 315 2685 T
318 2656 438 2686 rac'tatus
451 2656 537 2693 inire,
555 2656 587 2685 ἃ
602 2655 713 2684 firmam
729 2655 835 2685 Pacem
843 2657 915 2685 inter
928 2656 1039 2687 dietum
1048 2657 1214 2688 Dominum

149 2693 262 2733 Regem
281 2694 423 2732 Francize,
444 2694 510 2723 Nos
527 2716 537 2731 ,
556 2693 658 2732 Regna
670 2694 823 2733 praedieh,
842 2694 875 2725 &
889 2695 1028 2734 utriusque
1051 2698 1131 2736 regni
1151 2697 1214 2727 sub-

147 2732 237 2769 ditos,
254 2734 347 2770 vigere
363 2734 390 2762 iii
409 2733 535 2763 futurum
548 2755 558 2769 ,

187 2770 235 2800 De
252 2770 381 2800 fidelitate
403 2771 433 2800 ἃ
449 2770 724 2809 circumspeetione,
740 2770 940 2801 venerabilium
953 2770 1086 2810 Patrum,
1105 2773 1214 2804 Domi-

149 2819 270 2847 norum,
285 2810 423 2847 joliannis
449 2809 675 2849 NVyntonieniis,
694 2810 727 2840 &
743 2809 894 2839 willielmi
909 2809 1126 2850 Norwycensis,
1145 2812 1215 2851 Epi-

150 2848 320 2885 scoporuin:
340 2849 391 2884 &,
410 2849 428 2866 *⁵
440 2848 609 2877 dileclorum
624 2848 656 2878 ἃ
672 2847 796 2877 fidelium
810 2847 973 2878 nostrorum
987 2872 997 2887 ,
1017 2849 1156 2888 Johaniiis
1178 2851 1213 2881 de

144 2885 302 2924 Britannia,
322 2885 446 2915 Comitis
463 2885 698 2923 Richcinuudiae,
714 2886 850 2923 joliannis
864 2886 898 2916 de
919 2887 1071 2926 Hanonia,
1097 2889 1130 2919 δι’,
1146 2889 1213 2920 Hu-

147 2925 228 2964 gonis
245 2924 438 2968 derAudeleyc
453 2947 462 2961 ,
489 2922 778 2963 Conlanguineorum
800 2924 962 2955 nostrorum
976 2949 987 2965 ,
1004 2927 1117 2964 plenam
1140 2927 1213 2958 fidu-

144 2973 220 2994 ciam
233 2971 403 3001 optinenteS,

184 3000 260 3038 Ipsos
275 3001 410 3039 facimus,
427 3000 588 3031 ordinamus
603 3023 612 3037 ,
638 3001 671 3031 ὃς
693 3000 889 3032 constituimus
910 3012 991 3033 veros
1011 3004 1045 3034 δε
1068 3003 1212 3042 legitimos

148 3040 348 3071 Procuratores
366 3039 492 3076 nostrOS,
508 3040 541 3069 δε
557 3039 694 3072 Niincios
708 3039 851 3076 speciales:

183 3078 293 3109 Dantes
306 3079 339 3109 δε
353 3077 542 3108 concedentes
557 3076 676 3112 eisdem,
696 3077 846 3116 Qiatuor,
869 3078 977 3109 Tribus
991 3103 1000 3118 ,
1029 3081 1063 3110 δε
1090 3080 1212 3112 Duobus

148 3126 248 3147 eorum
264 3119 401 3154 (quorum
417 3116 484 3146 alter
497 3116 643 3146 dierorum
656 3114 862 3154 Episcoporum
877 3117 908 3147 sit
930 3128 1000 3148 unus
1013 3117 1022 3153 )
1045 3118 1156 3156 plenam
1177 3122 1211 3151 &-

149 3155 265 3185 liberam
282 3154 470 3192 Potestatem,
490 3155 522 3185 &
538 3154 653 3193 speciale
666 3153 835 3184 Mandatum
850 3178 860 3194 ,
885 3166 937 3194 pro
960 3156 1058 3186 Nobis
1073 3180 1083 3195 ,
1106 3159 1139 3189 ὅ(
1155 3160 1213 3189 aliis

149 3193 271 3234 personis
287 3194 507 3232 quibuscumque
556 3201 610 3231 pro
631 3193 731 3231 quibus
750 3193 831 3223 dietis
850 3192 1078 3225 procuratoribus
1097 3197 1212 3235 nostris,

151 3233 305 3271 Qiatuor,
325 3232 448 3270 Tribus,
467 3232 499 3261 δε
516 3215 638 3260 1⁷)u0bus
653 3240 769 3269 eorum,
787 3240 817 3261 ut
834 3231 874 3260 est
888 3232 1009 3271 dietum,
1029 3235 1157 3270 expedire
1170 3238 1212 3265 vi-

150 3271 280 3309 debitur,
300 3281 366 3300 cum
385 3270 516 3300 Domino
531 3269 616 3305 Rege
632 3269 760 3299 Franciae
776 3269 930 3308 praediffto,
948 3279 994 3301 aut
1016 3281 1084 3301 cum
1104 3272 1213 3303 Procu-

149 3310 286 3340 ratoribus
296 3333 305 3348 ,
324 3309 380 3338 sive
394 3308 518 3339 Nunciis
532 3307 654 3345 ejusdem
672 3307 836 3345 (specialem
848 3308 882 3338 ad
895 3308 953 3338 boc
969 3308 1134 3341 habentibus
1156 3311 1214 3341 Po-

150 3348 300 3383 testatem)
319 3347 462 3386 Treugas,
479 3347 523 3376 seu
541 3346 758 3384 Sufferentiam,
785 3346 835 3376 sub
857 3346 1079 3385 quibuscumque
1101 3350 1214 3387 formis,

150 3387 197 3416 vel
212 3386 322 3425 modis,
340 3387 440 3424 quibus
452 3385 520 3416 dieti
536 3385 732 3414 Procuratores
746 3384 848 3421 nostri,
870 3384 1002 3422 Quatuor
1023 3409 1033 3424 ,
1057 3386 1146 3425 Tres,
1170 3389 1214 3418 vel

153 3423 226 3455 Duo
240 3434 356 3462 eorum,
375 3434 404 3455 ut
419 3424 459 3454 est
475 3423 602 3459 dietum,
620 3432 793 3461 oportunum
807 3423 939 3461 viderint,
966 3424 1094 3454 ineundi:

189 3463 227 3493 Et
240 3463 305 3501 ipsas
319 3463 460 3503 Treugas,
478 3463 533 3493 five
547 3460 759 3500 Sufferentiam,
777 3461 910 3499 vallandi,
926 3461 1067 3500 firmandi,
1083 3464 1117 3494 &
1132 3465 1215 3495 etiam

152 3501 318 3539 roborandi,

189 3539 227 3570 Et
240 3542 338 3570 omnia
353 3540 404 3570 alia
419 3541 451 3571 ἃ
465 3539 567 3578 singula
582 3538 718 3576 faciendi,
737 3545 814 3577 quae,
833 3539 862 3568 in
876 3538 1039 3577 praemiffis,
1058 3540 1119 3579 ipsis
1142 3541 1214 3570 Pro-

155 3579 329 3609 curatoribus
341 3579 459 3617 nostris,
478 3579 630 3617 Qiatuor,
646 3578 751 3607 Tribus
763 3600 772 3615 ,
788 3577 834 3607 vel
846 3577 969 3607 Duobus
988 3588 1107 3616 eorum,
1125 3587 1155 3609 ut
1174 3579 1215 3608 est

106 3643 115 3650 ‚
159 3616 287 3654 dictum,
304 3617 452 3647 necellaria
466 3618 499 3648 δε
515 3617 590 3647 utilia
604 3615 788 3646 videbuntur:

194 3653 302 3683 Rarum
318 3656 466 3689 habentes,
487 3656 519 3685 ὃς
542 3655 661 3684 habituri
681 3653 815 3693 quicquid
837 3663 887 3691 per
909 3653 1001 3683 dietos
1017 3652 1215 3685 Procuratores

157 3690 283 3732 nostros,
299 3692 446 3731 Qatuor,
461 3695 550 3731 Tres,
569 3702 614 3723 aut
628 3692 710 3722 Duos
725 3702 846 3730 eorum,
860 3701 889 3722 ut
903 3691 944 3722 est
958 3692 1084 3731 dic‘tum,
1107 3694 1135 3722 in
1157 3693 1214 3722 for-

159 3737 207 3757 ma
222 3730 355 3765 praedicta
369 3731 508 3770 Gestum,
528 3731 652 3768 aetum,
671 3730 806 3769 Fanum,
823 3731 868 3761 seu
883 3730 1069 3761 Procuratum
1088 3730 1170 3762 fuerit
1186 3732 1214 3761 in

159 3767 320 3808 perminis,
336 3770 368 3799 &
383 3770 440 3800 hoc
455 3771 588 3800 omnibus
604 3770 741 3807 (quorum
760 3769 896 3807 interest,
919 3768 965 3799 vel
984 3768 1113 3799 interesse
1133 3777 1214 3808 pote-

162 3804 215 3846 rit)
227 3805 421 3872 ‚fignifliocamus
437 3818 484 3846 per
498 3809 546 3839 has
562 3808 667 3839 Literas
680 3807 786 3838 nostras
807 3807 948 3847 Patentes,
955 3807 1041 3847 Sigilli
1053 3806 1213 3839 nostrimu-

161 3850 271 3871 nimine
285 3852 315 3872 ro
336 3854 436 3874 oratas:

187 3916 266 3960 *Dae
279 3918 352 3961 apud
367 3919 668 3962 W'estmonasteriurn,
688 3922 825 3952 vicesimo
845 3921 967 3953 secundo
985 3922 1033 3954 die
1054 3922 1213 3961 Februarii,

148 3954 393 4026 νέὲῗὲοῃὲῧῐιᾞῐιί
396 3956 555 4024 ¹lTlel:.il<2.l'1mo,
571 3960 805 3999 Trecentesimo,
830 3960 974 3992 Vicesimo
996 3962 1097 4000 Sexto3
1117 3962 1212 4002 Regni

1279 111 1952 165 NE-83-L1TERAE‚

2367 200 2445 238 Anu.
2460 202 2523 247 Di,-

2389 249 2476 282 132⁷-

1290 297 1340 329 De
1353 292 1496 339 Potestate
1508 294 1553 328 ctd
1565 293 1758 328 traffandum
1776 294 1869 340 fitper
1895 294 2103 338 Controvetfiis
2118 281 2438 345 quibuftunque,fflv¹
2457 282 2503 320 3⁶2

1680 355 1749 376 cum
1770 342 1848 375 dic‘Zo
1866 345 1894 376 R
1897 354 1955 389 ege.

1392 427 1424 460 X
1437 430 1570 461 universis
1585 430 1620 461 ad
1635 439 1717 470 quOS,
1731 429 1792 460 &c.
1813 428 1946 459 Salutem.

1405 468 1533 499 Noverit
1547 469 1721 500 Universitas
1730 467 1821 498 vestra
1832 469 1922 505 quod,

1290 428 1384 484 RE

2362 431 2440 463 Ann.
2453 433 2496 467 D.

2381 480 2467 511 1327.

1324 504 1411 536 Cum·
1421 517 1510 544 nuper
1525 509 1597 538 inter
1615 507 1826 537 Seneriffiniiim
1847 505 2012 543 Principem
2027 505 2193 537 Dominum
2214 505 2414 546 nostrum,A·a.
2438 521 2462 541 i.

1287 540 1347 576 &c.
1368 543 1490 583 utsupra
1504 546 1583 586 usque
1597 545 1647 585 ibi,
1659 545 1858 577 Procuratores
1877 543 1987 575 nostros
2004 545 2038 576 &
2052 544 2189 576 Nuncios
2209 545 2390 586 speciales3E.
2411 558 2437 585 3.

1286 589 1351 611 tunc
1359 582 1409 622 fic,

1324 620 1432 651 Dantes
1445 621 1479 652 &
1495 623 1682 654 concedentes
1693 622 1814 660 eisdem,

1837 622 1987 661 Qatuor,
2007 621 2115 653 Tribus
2127 626 2144 661 ,⁷
2162 589 2460 661 &''Duobusgfnss-x'

1285 668 1385 689 eorum
1403 662 1541 698 (quorum
1555 661 1622 691 alter
1632 662 1777 692 mitorum
1792 661 1999 700 Episcoporum
2013 661 2044 691 sit
2058 662 2145 699 unus)
2172 661 2349 701 generalem,
2360 669 2386 700 p,
2408 673 2432 690 1.

1286 697 1398 735 plenam
1414 698 1577 728 &liberam
1592 699 1765 730 Potestatem
1781 724 1792 738 ,
1818 701 1851 731 ὃς
1874 700 2046 730 Mandatum
2068 698 2182 738 speciale
2198 723 2208 739 ,
2234 702 2395 731 nominem.
2417 710 2462 738 30.

1286 735 1402 774 nostro,
1421 737 1638 768 traetandicum
1653 738 1750 776 dieto,
1775 737 1910 769 Domino
1934 737 2042 768 Karolo
2056 761 2066 776 ‚
2092 737 2179 776 Rege
2202 738 2349 778 Francius,

1289 782 1335 803 aut
1349 784 1419 807 cum
1434 774 1682 815 Procuratoribus,
1701 777 1745 809 seu
1758 776 1884 807 Nunciis
1903 777 2027 814 ejusdem
2047 776 2210 816 (specialem
2229 777 2263 808 ad
2287 778 2347 809 hoc

1283 810 1456 855 Potestatem
1471 813 1648 850 habentibus)
1662 816 1740 854 super
1755 816 1891 846 omnibus
1906 816 1940 846 &
1953 815 2062 854 singulis
2076 815 2345 855 Discordiis,Guer—

1282 851 1482 894 i·15,'Litibus,
1503 851 1724 891 Controversiis,
1742 852 1857 892 Causis,
1873 853 2105 922 ffliaestionibus,
2124 853 2278 894 Dampnis,
2296 855 2346 886 In-

1277 892 1374 932 Juriis,
1392 890 1593 929 Petitionibus,
1608 892 1646 922 &
1660 891 1845 930 Aetionibus,
1859 895 1890 922 re
1913 893 1974 923 ibus
1989 893 2022 923 ὃς
2043 892 2248 932 personalibus,
2264 902 2347 933 atque

1280 928 1390 966 miritis,
1411 938 1475 966 quae
1489 929 1620 968 fuerunt,
1639 931 1672 960 &
1685 930 1763 968 sunt,
1780 930 1825 960 vel
1839 930 1893 960 effe
1905 930 2034 969 possunt,
2052 932 2124 962 inter
2146 932 2255 963 dietum
2278 932 2347 963 Do-

1279 966 1408 1006 minum,
1427 965 1541 1006 Regem
1561 967 1686 998 Franciae
1700 992 1710 1007 ,
1733 969 1767 998 &
1788 967 1905 999 Patrem
1927 968 2056 999 nostrum
2076 970 2266 1008 supradi&um
2285 994 2295 1010 ,
2310 971 2345 1003 δε

1279 1003 1364 1043 Nos,
1381 1006 1530 1041 ‚occasione
1545 1006 1742 1046 quacumque:

1316 1043 1360 1073 Ac
1374 1044 1544 1075 Tractatum
1558 1045 1720 1083 hujusmodi
1732 1055 1899 1084 quacunque
1910 1044 2040 1077 firmitate
2053 1047 2173 1081 vallandi
2186 1070 2195 1086 ,
2213 1048 2344 1087 petendi,

1278 1080 1444 1125 stipulandi,
1463 1084 1630 1122 recipiendi,
1654 1084 1810 1122 retinendi,
1833 1083 2009 1123 paciscendi,
2027 1087 2238 1126 componendi,
2255 1095 2342 1118 trans-

1276 1121 1387 1159 igendi,
1407 1123 1628 1161 concordandi,
1646 1123 1678 1154 &
1702 1122 1918 1161 conveniendi,
1942 1131 1975 1153 ac
1995 1123 2095 1154 omnia
2114 1124 2165 1155 alia
2184 1126 2218 1155 ὃ(
2238 1126 2342 1166 singula

1277 1160 1416 1199 faciendi,
1432 1171 1496 1200 quae
1511 1161 1571 1191 sunt
1580 1160 1660 1192 Pacis
1674 1161 1707 1192 &
1721 1159 1917 1198 Concordiae,
1932 1161 1966 1191 &
1987 1160 2022 1190 ad
2043 1162 2154 1201 plenam
2175 1163 2283 1198 Pacem
2305 1164 2341 1196 δε

1275 1197 1472 1230 Concordiam
1487 1200 1597 1231 valeant
1608 1200 1815 1238 pertinere,.&
1830 1209 1894 1239 quae
1907 1208 1959 1230 nos
1979 1199 2136 1232 faceremus
2148 1223 2160 1240 ,
2181 1203 2227 1235 v'el
2247 1202 2341 1235 facere

1274 1237 1432 1277 possemus,
1449 1238 1468 1268 fi
1482 1239 1627 1275 prcesentes
1642 1238 1776 1269 essemus:
2198 1236 2202 1244 ¹

1309 1274 1423 1314 Etiam,
1442 1277 1462 1306 si
1478 1277 1648 1307 Mandatum
1663 1277 1777 1315 exigant
1791 1276 1809 1308 s
1822 1275 1923 1316 eciale,
1939 1276 2065 1307 volentes
2077 1278 2178 1310 omnia
2199 1279 2233 1312 δε
2246 1279 2340 1318 fingu-

1271 1312 1313 1351 la,
1333 1315 1479 1346 neccffiiria
1494 1317 1528 1347 &
1544 1317 1636 1354 utilia,
1650 1316 1686 1346 ad
1699 1316 1790 1347 facien
1812 1325 1862 1346 um
1875 1315 1910 1346 &
1925 1324 1992 1345 com
2014 1315 2130 1346 lendum
2151 1317 2289 1356 praemiffa
2303 1319 2338 1350 δε

1270 1352 1416 1420 guodlibet
1431 1355 1657 1394 praemistorum,
1673 1364 1726 1393 pro
1740 1354 1892 1393 specialiter
1904 1363 1989 1394 expre
2022 1364 2034 1384 s
2046 1354 2079 1386 ὅ(
2099 1356 2274 1395 enumeratis,
2289 1356 2338 1388 ha-

1291 1401 1328 1421 esl
1339 1401 1344 1420 :

1306 1429 1507 1462 Promittentes
1520 1432 1645 1471 insuper,
1661 1441 1714 1472 pro
1725 1430 1825 1462 Nobis
1836 1430 1870 1462 &
1881 1430 2053 1462 Haeredibus
2062 1431 2181 1471 nostris,
2196 1440 2287 1464 ratum
2305 1433 2339 1465 &

1269 1467 1384 1499 firmum
1398 1470 1500 1501 habere
1522 1472 1555 1502 ὅς
1576 1472 1694 1501 habituri
1708 1493 1717 1509 ,
1763 1469 1875 1510 uicquid
1897 1479 1946 1509 per
1968 1470 2063 1501 dietos
2085 1471 2286 1502 Procuratores
2303 1473 2339 1503 δε

1268 1505 1405 1538 Nuncios
1418 1508 1546 1548 nostros,
1565 1510 1716 1549 Qatuor,
1769 1519 1828 1548 res,
1845 1508 1890 1539 vel
1906 1508 1991 1539 Duos
2004 1519 2106 1540 eorum
2130 1512 2142 1545 (
2156 1520 2280 1550 quorum
2297 1510 2335 1541 al-

1268 1553 1309 1575 ter
1322 1547 1444 1585 ipsorum
1458 1548 1667 1587 Episcoporum
1685 1547 1715 1578 sit
1735 1558 1820 1586 unus,
1838 1555 1868 1578 ut
1881 1546 1923 1577 est
1937 1547 2051 1578 dietum
2066 1549 2094 1578 in
2108 1547 2204 1579 forma
2216 1548 2338 1588 superius

1268 1586 1409 1627 expressa)
1428 1586 1558 1626 gestum,
1577 1588 1691 1624 actum,
1711 1587 1745 1617 ὃ(
1757 1586 1882 1621 facturn,
1897 1585 1942 1618 seu
1957 1587 2043 1617 etiam
2063 1595 2249 1624 procuratum
2275 1588 2338 1619 fue-

1267 1631 1321 1661 rit,
1337 1624 1365 1653 in
1379 1625 1537 1664 praemiffis,
1557 1626 1591 1656 δε
1605 1625 1732 1663 quolibet
1747 1625 1956 1663 praemissorum
1973 1635 1978 1654 :
2004 1625 2084 1665 super
2115 1626 2214 1663 quibus
2234 1635 2337 1664 appro-

1268 1661 1382 1701 bandis,
1399 1663 1542 1702 tenendis,
1566 1663 1702 1694 servandis
1717 1686 1727 1702 ,
1753 1664 1884 1694 faciendis
1899 1686 1909 1700 ,
1931 1664 1965 1694 &
1985 1664 2178 1703 complendis,
2196 1663 2282 1704 Nos,
2300 1665 2336 1696 δε

1267 1698 1404 1731 Haeredes
1418 1701 1548 1741 nostros,
1566 1703 1600 1733 &
1615 1702 1692 1733 Bona
1707 1701 1801 1732 nostra
1816 1702 1914 1732 omnia
1924 1724 1933 1738 ,
1950 1702 2121 1740 obligamus:

1303 1737 1341 1769 Et
1357 1739 1415 1770 hoc
1428 1742 1579 1779 omnibus,
1597 1750 1719 1781 quorum
1733 1739 1861 1778 interest,
1880 1740 1925 1771 vel
1940 1741 2070 1770 interesse
2084 1740 2195 1780 potest,
2215 1749 2263 1772 aut
2282 1751 2336 1783 po-

1267 1778 1330 1820 terit
1346 1779 1374 1808 in
1388 1779 1515 1810 futurum
1525 1803 1534 1818 ,
1555 1779 1743 1819 significamus
1756 1789 1806 1820 per
1819 1778 1868 1809 has
1879 1778 1997 1810 Litteras
2011 1779 2120 1810 nostras
2135 1779 2277 1820 Patentes,
2290 1780 2336 1811 Si-

1265 1815 1323 1853 gillr
1337 1815 1426 1847 nostri
1440 1819 1601 1848 munimine
1617 1819 1769 1848 roboratas.

1301 1852 1371 1885 Dat.
1391 1856 1464 1895 apud
1480 1855 1793 1895 westmonasterium,
1821 1856 1960 1887 vicesimo
1982 1855 2108 1886 secundo
2127 1856 2172 1886 die
2192 1856 2340 1894 Februarii

1264 1891 1352 1923 Anno
1366 1893 1490 1925 Domini
1505 1893 1774 1926 MCCCXXVI.
1791 1894 1887 1934 Regni
1901 1896 1973 1928 vero
1990 1894 2080 1926 nostri
2099 1895 2204 1934 primo.

1392 2036 1482 2071 *Ad
1497 2036 1692 2071 traslandum
1709 2036 1746 2071 de
1761 2035 1948 2072 Rumoribus
1969 2035 2168 2071 remittendis.

1361 2121 1392 2153 X
1411 2123 1602 2162 univerfis,ad
1620 2133 1701 2162 qu03,
1714 2124 1780 2156 &c.
1799 2124 1936 2156 Salutem.

1366 2161 1495 2194 Noverit
1509 2162 1686 2194 Universitas
1699 2163 1779 2202 quod
1788 2185 1798 2201 ,

1259 2121 1349 2179 RE

2349 2050 2370 2070 ³*
2392 2051 2447 2081 Iv:

2353 2090 2420 2118 266.

2349 2126 2430 2159 Ann-
2438 2127 2483 2163 D;

2377 2175 2467 2206 1327.

1296 2197 1378 2230 Cum
1392 2211 1483 2239 nuper
1496 2203 1567 2232 inter
1582 2200 1796 2232 Sereniffimum
1811 2201 1908 2232 Princi
1947 2209 1988 2239 m,
2006 2199 2176 2232 Dominum
2189 2199 2331 2241 nostrum,
2345 2208 2399 2233 An.
2419 2216 2445 2237 ι,

1259 2234 1320 2271 &a
1339 2246 1369 2268 ut
1396 2248 1464 2278 upra
1476 2238 1556 2281 usque
1570 2239 1609 2269 ibi
1624 2241 1658 2271 &
1672 2240 1812 2271 Nuncios
1823 2239 1896 2279 speci
1923 2249 1963 2277 es,
1978 2245 2042 2270 tunc
2052 2239 2101 2280 fic.

1296 2276 1404 2308 Dantes
1419 2278 1539 2318 eisdem,
1557 2278 1712 2317 Qiatuor,
1727 2279 1852 2318 Tribus,
1870 2286 1918 2309 aut
1930 2277 2055 2315 Duobus
2068 2288 2186 2318 eorum,
2202 2280 2331 2311 fiomnee

1259 2314 1338 2346 simul
1351 2326 1410 2346 non
1423 2325 1596 2348 concurrant
1617 2319 1756 2357 (quorum
1771 2317 1838 2348 alter
1853 2317 1997 2347 dierorum
2011 2316 2226 2357 Episcoporurn
2248 2319 2281 2349 fit
2297 2328 2332 2348 u-

1259 2356 1329 2389 nus)
1342 2354 1453 2393 plenam
1469 2357 1502 2387 &
1516 2356 1631 2386 liberam
1648 2355 1821 2386 Potestatem
1831 2379 1840 2395 ,
1855 2365 1889 2386 ac
1904 2355 2020 2394 speciale
2042 2355 2212 2387 Mandatum
2223 2379 2234 2394 ,
2251 2355 2332 2386 Ran-

1259 2401 1356 2431 coreS,
1372 2393 1602 2434 Indignationes,
1621 2395 1655 2425 &
1670 2393 1900 2433 Malivolentias,
1920 2394 2054 2425 omnibus
2068 2395 2102 2425 &
2115 2394 2224 2462 finrgum
2259 2393 2332 2424 erso-

1258 2431 1300 2460 nis
1312 2429 1443 2463 Ducatsis
1454 2433 1542 2464 nostri
1554 2433 1717 2469 Aquitaniae
1725 2456 1736 2472 ,
1750 2443 1815 2473 quae
1829 2433 1947 2464 durante
1962 2432 2140 2463 Diffinfione
2162 2442 2197 2462 eu
2249 2432 2328 2463 uerra

1258 2469 1345 2509 inter,
1372 2470 1562 2510 Magnificum
1583 2471 1770 2511 Principem,
1796 2472 1963 2502 Dominum
1982 2470 2110 2500 nostrum
2133 2470 2167 2501 &
2189 2470 2327 2501 Avuncu-

1256 2507 1315 2537 lum
1324 2533 1332 2545 ,
1353 2508 1521 2540 Dominum
1537 2510 1692 2549 Karolurn,
1713 2511 1840 2541 Franciae
1851 2511 1885 2541 &
1898 2509 2038 2539 Navarrae
2051 2507 2166 2547 Regem
2178 2508 2325 2548 illustrem,

1256 2546 1289 2576 &
1305 2547 1470 2578 Dominum
1485 2548 1658 2579 Edwardum
1676 2572 1686 2587 ,
1705 2548 1872 2578 Dominum
1893 2547 1928 2577 &
1947 2546 2059 2576 Patrem
2081 2545 2227 2586 nostrum,
2252 2556 2322 2579 tunc

1256 2583 1372 2623 Regem
1389 2586 1500 2626 Angliae
1515 2586 1667 2624 illustrem,
1688 2585 1724 2615 de
1738 2595 1815 2623 parte
1834 2585 1916 2623 ipsius
1938 2584 2063 2615 Domini
2082 2584 2173 2615 nostri
2194 2585 2322 2618 Franciae

1255 2625 1418 2662 extiterant,
1435 2625 1554 2655 nomine
1568 2624 1667 2655 nostro
1681 2624 1873 2662 pardonandi,
1889 2623 1923 2654 &
1935 2624 2020 2653 etiam
2040 2623 2200 2654 remittendi
2214 2634 2220 2653 :
2256 2634 2325 2656 nec-

1254 2671 1316 2691 non
1331 2662 1593 2700 Transgressiones,
1612 2661 1740 2700 Iniustas,
1757 2662 1911 2702 Dampna,
1930 2662 1963 2693 &
1977 2661 2169 2700 Gravamina,
2186 2661 2322 2694 Domino

1256 2698 1356 2730 nostro
1368 2700 1461 2738 Patri,
1479 2709 1548 2731 tunc
1561 2700 1636 2740 Regi
1651 2700 1762 2740 Angliae
1782 2700 1921 2740 praedi&o
1934 2723 1943 2738 ,
1960 2701 1994 2731 ὃ(
2013 2700 2114 2730 Nobis
2128 2723 2138 2738 ,
2161 2710 2211 2738 per
2230 2701 2321 2742 ipsos,

1254 2739 1299 2768 vel
1313 2748 1415 2769 eorum
1429 2740 1549 2780 aliquem
1564 2762 1574 2778 ,
1598 2740 1645 2769 seu
1662 2739 1786 2778 aliquos,
1807 2739 1886 2770 dieto
1906 2747 2034 2778 tempore
2051 2738 2255 2779 Diffenfionis‚
2273 2740 2320 2771 seu

1253 2778 1635 2847 guerraeaqualitercumque
1647 2777 1728 2808 illatas
1738 2777 1783 2808 seu
1796 2777 1882 2815 illata,
1900 2777 1985 2807 factas
2003 2777 2049 2807 seu
2067 2777 2142 2808 faeta
2163 2800 2173 2816 ,
2197 2779 2318 2810 totaliter

1275 2824 1363 2846 uietan
1384 2827 1408 2847 i:

1252 2826 1272 2854 q
1290 2854 1400 2886 Ratum
1415 2855 1448 2886 &
1461 2854 1575 2886 firmum
1589 2855 1722 2886 habentes
1732 2855 1765 2886 δε
1780 2855 1915 2893 habituri,
1930 2863 1985 2894 pro
1999 2854 2083 2884 nobis
2097 2854 2131 2885 &
2145 2853 2320 2886 Haeredibus

1253 2893 1368 2931 nostris,
1387 2894 1524 2934 quicquid
1540 2894 1612 2924 dieti
1628 2893 1830 2925 Procuratores
1842 2892 1951 2932 nostri,
1977 2893 2110 2932 Qatuor
2122 2916 2132 2932 ,
2156 2893 2246 2931 Tres,
2272 2893 2318 2924 vel

1253 2930 1326 2962 Duo
1342 2933 1485 2972 ipsorum,
1503 2941 1534 2964 ut
1548 2932 1590 2964 est
1606 2932 1737 2972 dictum,
1754 2932 1854 2964 nostro
1875 2932 1995 2963 nomine
2015 2933 2045 2962 in
2062 2930 2210 2974 praemiffis
2229 2931 2318 2962 dux&

1251 2972 1307 3000 rint
1319 2971 1489 3002 faciendum.

1288 3009 1322 3039 In
1335 3010 1414 3048 cujus
1422 3033 1432 3048 ,
1448 3010 1508 3041 &c.

1327 3047 1395 3080 Dat.
1407 3048 1480 3088 apud
1494 3046 1802 3088 Westmonasterium,
1819 3045 2088 3081 vicesimosecundo
2098 3045 2146 3077 die
2159 3045 2315 3086 Februarii,

1251 3085 1348 3125 Anno,
1354 3085 1414 3122 &c.
1433 3094 1465 3118 ut
1477 3085 1574 3127 [ἔφη.

1418 3224 1476 3258 Ad
1495 3223 1691 3258 manandum
1699 3224 1790 3270 fhper
1803 3226 1953 3270 patientia
1963 3221 2140 3269 prestanda.

1359 3308 1391 3339 X
1406 3310 1543 3339 omnibus
1555 3309 1589 3339 ad
1604 3319 1686 3348 quos,
1698 3309 1758 3341 &c.
1775 3308 1909 3340 Salutem.

1254 3309 1350 3370 RE

2347 2249 2417 2280 E·3

2394 2267 2445 2311 hilf.

1373 3347 1422 3377 De
1435 3348 1687 3386 circumspectione
1699 3347 1819 3385 provida
1834 3349 1868 3378 &
1880 3347 2011 3379 fidelitate
2029 3348 2149 3388 probata
2161 3370 2172 3386 ,
2196 3346 2314 3378 dilesto-
2331 3306 2460 3385 Aga?-

1254 3394 1318 3414 rum
1333 3386 1366 3416 &
1380 3385 1503 3416 fidelium
1516 3386 1695 3425 nostrorum,
1714 3387 1916 3417 venerabilium
1930 3387 2048 3417 Parrum
2055 3386 2207 3426 ,Johannis
2219 3385 2315 3425 Wyn-
2330 3388 2383 3413 An.
2393 3387 2425 3413 '1.

1253 3424 1398 3462 toniensis,
1415 3424 1449 3454 &
1461 3424 1613 3456 willielmi
1627 3424 1833 3464 Norwycensis
1845 3449 1855 3463 ,
1880 3425 2087 3470 Episcoporum
2097 3431 2113 3464 ‘,
2125 3423 2263 3470 johannis
2281 3423 2317 3454 de
2333 3428 2365 3452 Ε.
2386 3433 2413 3460 3·

1254 3462 1402 3500 Britannia,
1421 3463 1544 3494 Comitis
1559 3463 1798 3502 Richemundiae,
1812 3463 1949 3502 Johannis
1962 3465 1998 3495 de
2012 3464 2149 3494 Hanonia
2160 3484 2170 3500 ,
2195 3461 2230 3491 &
2249 3460 2316 3492 Hu-

1253 3502 1333 3539 gonis
1347 3501 1385 3530 de
1398 3502 1522 3540 Audele,
1540 3501 1822 3541 Consanguineorum
1830 3502 1992 3533 nostrorum
2004 3501 2219 3544 cariffimorum‚
2228 3499 2320 3530 Nun-

1253 3541 1365 3570 ciorum
1381 3540 1562 3579 nostrorum,
1580 3541 1613 3572 ad
1627 3541 1804 3571 tractandum
1818 3551 1885 3572 cum
1900 3540 2079 3572 Sereniffimo
2093 3538 2236 3576 Principe,
2249 3537 2318 3568 Do-

1255 3579 1335 3607 mino
1348 3578 1446 3608 nostro
1481 3580 1515 3610 &
1530 3579 1683 3610 Avunculo
1698 3579 1858 3618 cariffimo,
1876 3579 2012 3610 Domino
2034 3576 2159 3613 Karolo,
2184 3576 2208 3606 F
2209 3577 2314 3608 ranciae

1255 3616 1439 3659 &tNavarrae
1454 3602 1555 3656 Rege,
1569 3617 1605 3648 de
1622 3617 1696 3648 finali
1710 3617 1786 3648 Pace
1800 3617 1923 3648 ineunda
1935 3640 1945 3655 ‚
1969 3617 2047 3654 super
2070 3614 2311 3659 Dissensionibus,

1256 3654 1412 3686 Discordiis
1459 3655 1720 3695 contentionibus,
1745 3656 1961 3695 Qiaestionibus
1977 3677 1987 3691 ,
2009 3653 2044 3683 &
2071 3652 2220 3690 Querelrs,
2242 3660 2314 3684 inter

1254 3694 1359 3731 ipsum,
1377 3695 1411 3724 &
1425 3678 1589 3724 bominum
1604 3693 1638 3724 E.
1653 3705 1742 3732 nuper
1757 3695 1872 3734 Regem
1885 3692 2013 3732 Angliae,
2032 3690 2145 3734 Patrem
2164 3690 2314 3731 nostrum,

1254 3732 1283 3760 in
1297 3731 1412 3762 Ducatu
1430 3732 1605 3771 Aquitaniae,
1623 3733 1657 3763 δε
1669 3734 1750 3773 alibi,
1768 3734 1871 3771 motis,
1887 3731 1923 3762 ad
1938 3737 2028 3768 partes
2042 3729 2169 3773 Franciae
2183 3738 2234 3773 per
2243 3729 2314 3762 Nos

1253 3769 1469 3809 destinatorum,
1484 3771 1596 3808 plenam
1611 3770 1745 3803 fiduciam
1757 3772 1934 3812 optinentes,
1952 3767 2102 3805 tra&and1,
2127 3766 2162 3796 de
2180 3769 2312 3804 patientia

1253 3808 1370 3845 praefato
1382 3808 1458 3847 Regi
1473 3809 1615 3847 Franciae,
1633 3811 1662 3840 in
1676 3810 1798 3848 Castris,
1815 3807 1911 3846 Villis,
1929 3806 2042 3843 Terris,
2053 3803 2100 3835 seu
2113 3805 2313 3846 Tenementis‚

1253 3847 1283 3876 in
1297 3855 1381 3876 manu
1395 3847 1507 3886 nostra,
1526 3849 1555 3878 in
1569 3850 1692 3888 partibus
1711 3847 1894 3879 transmarinis
1915 3844 2097 3876 existentibus
2139 3844 2310 3881 praestanda:

1253 3885 1287 3914 &
1301 3885 1328 3913 in
1341 3894 1444 3916 eventu
1457 3896 1516 3926 quo
1528 3887 1675 3918 trac‘tatum
1687 3888 1721 3918 &
1734 3885 1938 3918 concordatum
1953 3881 2088 3926 fueritde
2116 3913 2119 3915 ,
2133 3883 2246 3914 atienti'a
2257 3883 2311 3915 hu-

1248 3922 1371 3959 jusmodi
1384 3923 1554 3963 praestanda,
1571 3926 1604 3956 ad
1619 3925 1783 3963 patientiam
1797 3923 1892 3961 illam,
1905 3920 1955 3965 sub
1969 3920 2071 3965 modis.
2082 3919 2116 3951 &
2137 3922 2311 3953 conditioni-

1253 3961 1317 3998 buS,
1337 3962 1435 3999 quibus
1448 3964 1599 3994 traetatum
1613 3965 1645 3995 &
1658 3962 1866 3995 concordatum
1883 3959 1976 3998 fuerit,
1989 3968 2110 3989 nomine
2121 3959 2230 3999 nostro,
2238 3970 2311 3999 prae-

1252 3997 1393 4030 standam:
1415 4000 1449 4031 ὃς
1463 4001 1498 4032 ad
1510 4002 1609 4032 omnia
1620 4003 1655 4034 &
1669 4001 1792 4041 singula,
1808 4008 1873 4039 quae
1885 3997 1921 4031 ad
1932 3995 2143 4037 praestationem
2165 3999 2311 4030 Patientiae

2360 3462 2426 3490 thid.
