2562 4279
734 157 844 198 ET
928 159 1195 200 ACTA
1275 155 1753 203 PUBL'ICA.

2285 170 2338 212 15

46 239 121 271 Anu.
137 237 176 268 D.
230 242 299 273 Nos
310 267 319 283 ,
337 246 538 277 considerantes
559 244 694 275 dilectum
709 243 856 275 Clericum
873 244 1002 276 nostrum
1018 268 1027 284 ,
1044 247 1074 276 in
1093 244 1169 276 fae'to
1187 243 1251 279 illo,
1288 240 1427 275 inveneris
1440 267 1450 281 ,
1468 244 1497 272 in
1519 243 1623 275 Ballivzi
1644 247 1689 277 tufi
1700 270 1709 285 ,
1727 247 1838 287 aliquod
1856 247 1964 279 factum
1983 256 2128 278 armorum
2138 256 2314 279 excercentes
2322 271 2336 293 3
2350 246 2424 278 Ann.
2441 241 2482 278 n

68 286 152 318 1312·
192 282 315 313 mandati
333 285 420 314 nostri
434 284 500 314 fines
512 283 665 313 nullatenus
679 283 835 319 exceffiffe,
854 284 905 322 ὃς,
923 283 1002 321 quod
1017 285 1042 313 ei
1061 285 1168 321 paruit,
1184 291 1243 311 non

46 319 112 346 Εἶν-
133 326 160 344 2·
188 323 370 360 spontaneus,
387 324 425 354 set
438 323 557 358 invitus,
575 321 665 350 modo
677 331 734 360 quo
749 322 840 361 potuit
853 323 975 359 mitiori,
993 321 1125 361 quodque
1144 322 1173 352 in
1193 330 1245 363 no-

191 360 240 389 stri
261 360 382 391 dedecus
402 361 511 391 cederet
531 359 676 389 manifeste
688 380 698 396 2
712 360 731 389 fi
745 382 754 397 ,
773 359 877 389 nostrae
898 369 1033 399 praetexm
1056 359 1200 398 jussionis,
1214 368 1245 388 in

190 397 244 428 hac
258 407 333 438 parte
345 400 543 429 detrimentum
556 397 666 435 aliquod
680 406 833 440 pateretur,

226 436 392 468 Beatitudini
410 435 508 466 vestrae
522 436 625 466 votivis
645 435 791 466 affefflbus
810 435 994 475 supplicamus
1007 460 1015 473 ,
1034 437 1162 474 quatinus
1177 444 1245 465 cum

188 475 292 505 eodem
315 475 429 506 Clerico
447 474 546 504 nostro
558 496 568 510 ‚
587 474 666 511 cujus
682 474 840 511 obsequiosa
868 476 1064 512 promptitudo
1089 475 1119 503 in
1146 474 1246 503 nostris

189 514 302 552 agendis
322 512 438 552 provida
453 513 487 542 &
508 511 594 541 fidelis
608 513 690 542 nobis
705 534 714 550 ,
730 522 783 542 nec
799 513 945 550 inmerito,
963 522 1039 551 grata
1053 512 1145 542 existit
1159 512 1245 551 pluri-

191 553 273 582 mum
286 553 319 583 &
341 558 471 588 accepta,
488 558 601 586 agentes
608 572 618 588 ,
637 552 654 581 si
670 550 759 588 placet
774 573 783 588 ,
798 551 914 589 gratiose
926 574 935 589 ,
953 552 1003 581 sibi
1025 551 1153 581 Paternze
1174 550 1248 580 indi-

190 591 325 630 gnationis
335 589 462 626 aculeos,
480 598 550 626 quos
564 589 604 618 ob
619 588 724 619 fa&um
739 589 905 626 praedic'tum
920 591 1092 628 expavescit,
1110 589 1144 619 ad
1159 588 1246 619 nostri

189 628 363 665 instantiam,
381 626 555 657 miseratione
568 626 646 657 solita
657 627 814 665 dignemini
827 627 1007 665 condonare,
1018 638 1050 658 ac
1063 628 1172 664 labem,
1190 628 1246 657 sive

191 666 327 697 maculam
341 687 351 703 ,
369 664 387 694 fi
426 676 490 695 uam
503 674 538 694 ex
551 664 654 694 eodem
668 665 745 695 fac‘to
761 666 914 704 contraxit,
932 666 968 696 de
986 666 1086 697 vestrae
1100 665 1246 704 Apostoli-

192 713 234 735 cae
266 703 385 733 otestatis
396 675 569 741 plenitudine
582 703 690 741 penitus
702 703 822 734 abolere.

255 741 399 779 onservet,
418 743 478 773 &c-

222 817 289 849 Dat.
303 818 376 858 apud
389 818 431 848 W
433 816 694 856 estmonasterium,
710 818 824 849 decimo
835 819 911 850 sexto
924 820 972 850 die
987 819 1167 860 Septembris.

39 951 56 968 2
78 949 130 977 111.

40 996 106 1026 349-

234 942 261 969 *
285 944 333 976 De
357 941 536 988 ‘Ikmplariis
561 942 698 988 Episcopo
731 943 923 992 lsfflgornienst
936 941 1068 977 liberatis
1085 945 1121 980 ὠ
1142 953 1198 988 pro
1242 971 1244 974 ,

521 990 679 1024 eorundem
686 989 907 1037 sttstentmione.

37 1078 114 1111 Ann.
130 1077 171 1110 D.
186 1074 305 1132 REX
329 1075 448 1107 Custodi
463 1077 618 1108 Terrarum
639 1077 673 1108 ὅ(
687 1077 934 1108 Tenementorurn
953 1077 1201 1118 Templariorum,
1217 1077 1248 1106 in

61 1126 143 1156 1312.
278 1115 425 1146 Comitatu
440 1115 644 1162 Qloucestriae,
662 1117 693 1160 in(
704 1126 789 1160 manu
805 1116 898 1146 nostra
913 1115 1106 1154 existentium,
1124 1116 1247 1146 salutem.

38 1160 133 1223 3352?
184 1154 1247 1232 psffissgssarffijffiaffffi‘ssgssggffi‘il‘ggssffffwyggnffiggeffgffg‘ggg]

37 1234 124 1271 Claus.
143 1235 168 1261 6.
182 1241 237 1269 pro

39 1276 131 1339 ξωζβ,
185 1308 318 1347 Johanne
333 1309 365 1338 de
378 1307 565 1348 Coningcston,
736 1309 853 1337 Henrico
869 1307 900 1337 de
920 1310 962 1338 W
961 1305 1082 1345 hithale,

187 1347 319 1386 Johanne
330 1347 362 1377 de
375 1346 510 1385 Belesizle,
735 1345 867 1384 Johanne
881 1347 912 1376 de
929 1348 1109 1384 W'eregrave,
1129 1344 1168 1380 (ᾤ’

187 1386 321 1425 Johanne
336 1386 368 1415 de
385 1386 524 1424 lVaa'den,
736 1384 837 1415 Thema
851 1385 883 1415 de
897 1387 1006 1415 Burton
1014 1408 1025 1424 ,
1043 1384 1213 1422 Templariis
1222 1406 1233 1422 ,

188 1427 232 1455 W
231 1423 337 1454 illielmo
353 1424 384 1453 de
396 1423 496 1454 Shotho
505 1447 515 1462 ,

218 1501 325 1539 Nuper
344 1500 437 1531 eidem
458 1500 602 1540 Episcopo
615 1509 665 1539 per
678 1500 867 1531 venerabilem
881 1500 992 1531 Patrem
1006 1500 1046 1531 R.
1059 1500 1247 1531 Cantuarien-

183 1541 241 1570 sem
255 1539 523 1578 Archiepiscopum,
541 1541 574 1571 &c
589 1547 684 1570 totum
697 1538 874 1570 Provinciale
889 1538 1073 1577 Concilium,
1092 1537 1151 1575 &a
1163 1545 1245 1578 prout

184 1579 217 1609 de
235 1588 281 1616 17.
298 1581 394 1617 Maii,
414 1582 476 1608 An.
491 1586 516 1617 ς.

185 1693 207 1724 b
220 1654 311 1698 Teste
325 1654 411 1694 Rege
423 1655 497 1693 apud
511 1653 821 1693 westmonasterium,
840 1653 956 1686 decimo
968 1653 1044 1685 sexto
1056 1653 1102 1684 die
1116 1653 1248 1691 Septem-

207 1703 251 1724 ris.

475 1771 529 1799 Per
542 1768 623 1808 ipsicm
637 1771 750 1808 Regem,
764 1771 908 1800 nunciante
922 1771 966 1800 W.
979 1770 1011 1800 de
1025 1769 1146 1800 Melton‘

223 1898 273 1929 De
294 1894 471 1939 mussando,
494 1906 598 1928 coram
613 1897 734 1943 Legatis
749 1897 831 1942 Papae
841 1923 850 1938 ‚
869 1896 960 1942 fhper
976 1895 1129 1941 diftordiis
1143 1899 1222 1928 inter

551 1946 661 1990 Regem
685 1948 721 1982 ψ
740 1947 888 1978 Proceres.

35 2037 115 2068 Αῃῃ,
128 2037 169 2068 Β,
184 2028 313 2084 REX
331 2029 464 2074 omnibus
475 2029 601 2068 Ballivis,
618 2029 679 2061 &c.
693 2029 728 2061 ad
743 2040 828 2069 quos,
845 2030 906 2062 &c.
920 2029 1042 2062 salutem.

35 2087 148 2144 „4¹33
224 2105 270 2136 Ad
286 2068 626 2150 igfsiffiisiaffiz‘ieiiefabiiis
644 2106 757 2151 Patris,
768 2106 891 2138 Domini
907 2106 1017 2150 Aper
1033 2106 1138 2150 gratia,
1158 2106 1249 2150 Titui

37 2159 68 2182 Ε,
90 2164 116 2181 7,,
187 2143 299 2174 ὃαῃᾶκ
321 2145 422 2174 Priscae
448 2144 596 2175 Presbiteti
616 2144 772 2174 Cardinalis
785 2167 794 2182 ,
819 2156 852 2175 ac
871 2145 988 2174 Nobilis
1010 2144 1071 2174 Viri
1085 2168 1095 2182 ,
1123 2144 1249 2174 Domini

36 2197 96 2221 Par.
113 2194 141 2220 6.
187 2181 342 2219 Lodovyci
356 2181 482 2211 Comitis
495 2182 649 2211 d'Eureux:
664 2181 889 2220 Venerabilisque
903 2182 991 2212 Patris
1004 2182 1127 2213 Domini
1141 2182 1179 2212 R.
1190 2183 1248 2213 Dei

37 2235 69 2258 Ε,
91 2241 117 2257 2,
185 2219 271 2258 gratia
285 2242 295 2257 ,
312 2219 481 2249 Ρίᾶὶτεινεηῦς
501 2219 657 2258 Episcopi,
676 2219 799 2250 Domini
821 2220 905 2258 Papae
924 2219 1094 2259 Camerarii,
1112 2223 1145 2252 ὃς
1164 2224 1248 2252 etiam

34 2274 62 2305 p,
80 2277 103 2296 ι,
117 2277 153 2296 m,
184 2258 352 2301 dileiiorum
365 2257 398 2286 &
409 2256 536 2286 fidelium
551 2257 713 2300 nostrorum
737 2257 860 2302 Gilberti
874 2258 909 2289 de
923 2257 1007 2302 Clare
1023 2258 1249 2307 COfPstssQqu·

32 2315 49 2340 μι
55 2308 82 2334 6,
186 2295 294 2328 cestriae
309 2297 342 2326 δε
355 2294 493 2324 Hertford
507 2293 649 2338 Nepotis,
666 2295 700 2325 &
709 2280 848 2332 johannis
861 2296 896 2326 de
912 2296 1050 2327 Britannia
1064 2298 1186 2328 Comitis
1195 2298 1249 2328 Ri-

185 2333 366 2367 chemondiae
379 2332 606 2372 Consangumei,
621 2332 785 2363 nostrorum
799 2333 1006 2365 carissimorum
1015 2358 1024 2373 ,

222 2373 395 2412 Suscepimus
412 2373 441 2401 in
462 2371 568 2402 salvum
582 2372 615 2402 ὃς
630 2372 761 2402 securum
774 2373 954 2413 conduEturn
969 2373 1097 2404 nostrum
1110 2373 1249 2405 Humfre-

181 2412 251 2442 dum
264 2411 300 2442 de
315 2411 417 2442 Bohun
431 2409 580 2440 Comitem
593 2409 737 2440 Hereford
753 2411 787 2441 &
801 2411 886 2442 Essex
896 2434 906 2449 ,
928 2411 1093 2443 Robei·tum
1114 2412 1151 2443 de
1166 2412 1249 2453 Ciyf-

180 2450 266 2489 ford,
278 2449 441 2489 johannem
461 2448 628 2487 Botecurte,
647 2448 853 2488 &johannem
874 2450 911 2480 de
924 2449 1108 2490 Heselarton,
1126 2451 1248 2483 Milites:

179 2489 276 2519 Adam
288 2488 323 2518 de
335 2487 517 2526 Herwynton
526 2511 536 2526 ,
554 2488 588 2518 &
604 2486 778 2518 Michaelem
791 2488 826 2518 de
840 2488 980 2527 Meldon3
1001 2491 1034 2520 ὃς
1048 2500 1150 2520 eorum
1167 2491 1249 2521 fami-

179 2528 276 2565 liares,
291 2529 321 2557 in
336 2525 477 2558 veniendo
489 2526 523 2556 ad
539 2526 667 2563 praefatos
711 2525 912 2566 Cardinalem,
929 2527 1100 2566 Episcopum
1110 2553 1119 2568 ,
1137 2530 1170 2560 &
1184 2529 1249 2560 Co—

180 2567 280 2605 mites,
295 2567 328 2596 &
351 2566 418 2597 alios
436 2565 472 2595 de
486 2563 615 2595 Consilio
628 2575 670 2595 no
696 2575 746 2604 ro,
765 2566 800 2596 ad
813 2575 889 2597 certa
903 2568 984 2605 loca,
1005 2568 1043 2597 eis
1055 2577 1103 2605 per
1124 2568 1195 2606 ipsos
1209 2568 1250 2600 as-

184 2605 332 2645 signanda,
573 2642 577 2647 ι

220 2643 267 2674 Ad
280 2643 455 2673 traCtandum
472 2650 540 2672 cum
554 2641 657 2672 eisdem
669 2640 748 2681 super
762 2643 926 2681 quibusdam
935 2643 1025 2674 arduis
1040 2646 1174 2685 negotiis,
1183 2657 1249 2686 nos,

181 2682 216 2714 &
230 2682 317 2722 ipsos,
336 2682 370 2712 &
386 2681 520 2720 quosdam
533 2680 600 2710 alios
617 2680 752 2711 Proceres
772 2680 869 2721 Regni
885 2681 974 2712 nostri
990 2684 1183 2723 tangentibus,
1203 2686 1247 2717 su-

180 2731 231 2758 per
247 2721 347 2759 quibus
362 2730 450 2758 nuper
467 2719 541 2758 apud
558 2718 721 2757 Markeyate
735 2742 746 2758 ,
764 2727 795 2750 ut
808 2722 986 2760 accepimus,
1001 2722 1131 2753 tracitatus
1144 2724 1249 2762 aliqua-

181 2760 213 2789 lis
233 2760 322 2790 extitit
340 2759 489 2789 inchoatus
504 2781 515 2796 ‚
538 2757 647 2788 ibidem
670 2757 810 2788 morando
823 2782 833 2798 ,
858 2760 892 2791 &
912 2760 1012 2790 exinde
1032 2761 1194 2801 redeund03
1209 2765 1248 2795 ita

181 2798 261 2865 3⁰⁰⁶!
276 2821 286 2837 ,
305 2798 361 2828 fine
380 2798 461 2828 armis
473 2821 484 2836 ,
502 2797 535 2828 &
553 2797 631 2837 equis
648 2796 682 2827 ad
697 2806 774 2828 arma
786 2819 797 2836 ,
817 2798 908 2829 modo
922 2798 1022 2830 debito
1032 2801 1164 2840 veniant,
1178 2802 1249 2833 ficut

208 2845 277 2867 ecet.

225 2873 262 2904 Et
283 2874 347 2904 ideo
363 2875 445 2906 vobis
465 2874 632 2906 mandamus
647 2897 658 2912 ‚
674 2873 725 2904 sub
746 2873 921 2906 forisfactura
940 2877 1073 2907 omnium
1086 2887 1151 2917 quae
1165 2879 1248 2909 nobis

185 2912 345 2942 forisfacere
365 2914 488 2950 poteritis
503 2936 513 2952 ,
531 2913 646 2943 firmiter
666 2914 745 2952 injun
765 2922 840 2944 entes
852 2937 862 2952 ,
877 2914 957 2952 quod
975 2916 1093 2953 praefatis
1106 2940 1116 2954 7
1136 2916 1249 2948 Comiti

187 2949 334 2980 Hereford
348 2971 359 2987 ,
378 2950 510 2982 Roberto
548 2951 694 2989 johanni,
709 2950 748 2990 Jo
769 2954 834 2983 anni
847 2975 858 2991 ‚
877 2952 966 2993 Adae,
983 2954 1017 2985 &
1029 2953 1185 2994 Michaeli,
1202 2965 1250 2987 aut

187 2988 269 3019 alicui
284 2997 403 3026 eorum,
421 2989 467 3019 vel
480 2975 603 3029 ipsorum
616 2990 811 3030 familiaribus,
827 2991 873 3022 seu
893 2992 1008 3022 alicu‘us
1020 2993 1203 3032 eorumdem,
1219 2996 1249 3025 in

187 3026 309 3096 personis
328 3027 374 3057 vel
395 3026 478 3057 rebus
496 3037 597 3057 eorum
610 3050 621 3066 ‚
637 3029 667 3058 in
681 3029 838 3069 veniendo,
854 3039 956 3060 moran
976 3041 1013 3069 o,
1030 3032 1075 3062 seu
1089 3032 1251 3072 redeundo,

198 3073 256 3096 icut
270 3065 440 3106 praedkstum
454 3064 496 3095 est
509 3089 519 3104 ,
536 3076 597 3096 non
615 3066 751 3104 inferatis,
769 3068 832 3105 seu,
848 3077 987 3106 quantum
1001 3071 1030 3099 in
1042 3071 1123 3101 vobis
1137 3071 1194 3110 est,
1212 3073 1250 3103 ab

187 3104 243 3134 aliis
263 3104 359 3134 inferri
379 3103 545 3143 permittatis
562 3105 690 3143 injuriam
705 3128 714 3142 ,
734 3107 893 3137 molestiam
909 3130 919 3145 ,
937 3107 1110 3152 dampnum,
1129 3110 1251 3149 impedi-

188 3149 318 3173 mentum
332 3142 367 3172 ali
386 3142 460 3182 uod,
478 3142 524 3174 seu
539 3152 713 3182 gravamen,
731 3144 782 3183 ὅσ,
799 3145 819 3175 si
834 3145 901 3184 quid
914 3146 952 3175 eis
964 3146 1140 3178 forisfactum
1154 3147 1250 3189 fuerit,

189 3180 220 3211 id
235 3181 288 3219 eis,
304 3181 360 3211 fine
394 3181 524 3220 ilatione,
538 3182 641 3213 faciatis
653 3182 804 3213 emendari.

226 3218 260 3248 In
275 3219 370 3262 cujus,
386 3221 446 3250 &c.
458 3220 543 3258 usque
556 3221 590 3251 ad
602 3220 718 3251 Festum
733 3220 829 3254 Sanni
845 3222 996 3262 Edwardi,
1014 3222 1103 3263 Regis
1118 3225 1151 3256 &
1167 3224 1252 3257 Con-

188 3257 308 3295 fessoris,
325 3259 456 3296 proximo
470 3259 596 3290 futurum
608 3259 757 3290 duraturas.

189 3333 317 3405 bri'g'este
338 3332 420 3373 Rege
440 3335 514 3376 apud
533 3336 740 3377 Wyndesoram
759 3361 770 3377 ,
785 3338 922 3371 vicesimo
936 3339 1042 3371 octavo
1056 3339 1102 3370 die
1122 3338 1252 3379 Septem-

867 3455 920 3484 Per
932 3453 1013 3494 ipftcm
1027 3457 1131 3492 Regem.

303 3575 352 3608 De
370 3571 542 3608 inhibitione
559 3577 769 3611 'Ibrneamenti
785 3581 816 3611 in
838 3578 929 3614 Villa
946 3578 983 3614 de
997 3579 1145 3630 Sudbury.

46 3662 124 3695 Ann.
136 3662 179 3695 D,
191 3659 279 3720 RE
288 3659 320 3691 X
339 3660 510 3692 vicecomiti
525 3659 686 3701 Suffolciae,
704 3663 828 3694 salutem.

65 3711 100 3743 13
108 3712 151 3746 ¹2?
193 3737 213 3768 b
299 3698 549 3769 Ρῑεῗείρίῐιῐίωᾜίίίξί
553 3723 568 3769 1,
584 3699 697 3745 firmiter
707 3703 895 3770 ffiuffimtm,
912 3701 991 3748 quod
1005 3703 1034 3734 in
1049 3703 1123 3750 Villa
1131 3705 1167 3751 de
1176 3705 1249 3752 Sud-

46 3744 144 3809 2¹72?-
193 3739 329 3816 133ἱῖἒὲ
323 3749 392 3816 ριέἐ
403 3749 509 3817 amisi,
527 3748 705 3815 &⁰333
717 3740 812 3810 nassiivr}
829 3742 1250 3822 ffissn‘itgffingffggg1233225sffg

49 3817 136 3854 claus.
153 3821 180 3848 6.
195 3815 271 3853 quis,
288 3814 414 3855 Comes,
431 3815 519 3855 Baro,
535 3815 635 3855 Miles,
650 3816 695 3846 seu
714 3815 733 3836 ²*
751 3818 816 3848 alius
854 3819 997 3858 uicunque
1011 3820 1104 3851 homo
1115 3822 1149 3853 ad
1164 3832 1250 3861 arma,

47 3859 80 3883 Ε.
96 3865 122 3883 2.
194 3853 392 3893 cuiuscumque
411 3854 517 3893 statiis,
533 3863 579 3886 aut
598 3854 768 3886 conditionis
786 3857 830 3886 exi
871 3865 882 3888 t
920 3858 969 3888 sub
988 3857 1164 3891 forisfactura
1184 3871 1250 3891 om-

48 3901 84 3920 m.
101 3895 147 3923 26.
193 3893 273 3922 nium
289 3903 352 3932 quae
367 3893 447 3923 nobis
460 3893 618 3925 forisfacere
633 3893 752 3931 poterit,
767 3895 840 3931 apud
853 3881 959 3926 dietam
973 3897 1078 3929 Villam
1090 3899 1126 3929 de
1139 3899 1252 3930 Sudbu-

49 3930 67 3947 *
83 3932 138 3959 ΙΙΙ.
195 3939 228 3968 ry
238 3948 249 3968 ‚
265 3931 309 3962 seu
328 3931 415 3970 alibi,
431 3932 502 3964 infra
523 3932 659 3972 Regnum
674 3930 803 3976 nostrum
843 3942 987 3973 torneare,
1006 3935 1153 3976 burdeare,
1171 3938 1253 3977 justas

51 3975 115 4007 350.
194 3967 287 4000 facere
298 3992 310 4009 ,
325 3978 467 4001 aventuras
486 3981 612 4009 quaerere
624 3993 635 4009 ,
655 3970 699 4001 seu
715 3970 765 4001 aha
777 3955 849 4002 fagia
861 3982 1005 4004 armorum
1020 3984 1168 4007 excercere
1182 3987 1254 4015 prae-

197 4005 285 4037 sumat
299 4008 356 4038 fine
369 4008 483 4040 licentia
494 4010 588 4040 nostra
604 4010 723 4049 speciali.

1280 287 1350 310 tunc
1369 290 1435 317 eos,
1455 291 1523 325 cum
1543 285 1620 320 equis
1636 285 1669 315 ὃ(
1692 286 1819 317 hernesiis
1831 286 1882 317 suis
1893 286 2007 324 arestes,
2023 287 2056 317 &
2071 287 2099 316 in
2115 286 2224 327 prisona
2239 286 2335 316 nostra
2368 295 2452 325 1312.

1280 317 1355 347 salvo
1370 318 1525 357 custodias,
1543 320 1635 352 donec
1650 323 1722 354 aliud
1738 325 1801 355 inde
1816 336 1832 356 a
1846 326 1927 355 nobis
1941 325 2069 356 habueris
2086 326 2113 355 in
2134 324 2282 355 mandatis:
2298 324 2335 353 Et
2350 328 2417 353 Edon
2436 334 2465 353 2,-

1280 355 1317 385 de
1339 357 1503 400 nominibus
1521 358 1634 401 illorum
1652 362 1734 391 nobis
1748 385 1758 401 ,
1781 363 1829 394 sub
1850 364 1936 403 sigillo
1950 372 2017 402 tuo,
2033 362 2162 395 distinere
2179 363 2213 395 ὅ(
2227 365 2336 402 aperte,

1281 394 1410 425 constare
1423 395 1504 426 sacras
1519 397 1641 428 indilate,

1318 469 1405 501 Teste
1421 471 1503 512 Rege
1517 474 1589 514 apud
1604 474 1810 514 Wyndesoram
1818 501 1828 516 ‚
1847 480 1985 511 tricesimo
1998 480 2043 511 die
2056 476 2233 518 Septembris.>

1911 559 1965 586 Per
1977 557 2058 596 iintm
2069 560 2173 595 Regem.

1309 622 1431 666 ¹Eodem
1446 624 1535 655 modo
1549 625 1712 656 mandatum
1724 627 1764 657 est
1778 627 1948 662 Vicecomiti
1964 633 2080 664 Devon.
2093 634 2129 665 de
2143 633 2284 665 consimili
2298 634 2341 664 in*
2368 629 2370 631 ¹

1285 660 1423 693 hibitione
1437 663 1469 693 &
1486 664 1705 703 proclamatione
1719 666 1792 705 apud
1809 667 1913 699 Villam
1929 670 2047 702 Exoniae
2063 673 2206 705 faciendis.

1321 737 1409 769 Teste
1425 747 1458 769 ut
1472 739 1557 778 supra.

1308 813 1432 859 'Eo-dem
1449 816 1538 846 modo
1553 816 1717 860 mandatum
1729 817 1770 848 est
1783 818 1956 851 Vicecomiti
1971 821 2082 862 Suffex‚
2099 825 2133 855 de
2147 827 2286 857 consimili
2302 828 2343 857 iri*

1284 852 1424 884 bibitione
1439 855 1472 885 ὃς
1488 855 1708 894 proclamatione
1721 857 1796 895 apud
1810 858 1912 889 Villam
1929 860 1964 889 de
1980 860 2080 892 Lewes
2092 864 2230 895 faciendis.

1320 929 1410 961 Teste
1424 939 1454 962 ut
1467 930 1554 971 supra,

1308 1069 1398 1102 Bulla
1415 1068 1451 1102 de
1459 1071 1622 1117 provist'one
1632 1082 1688 1117 pro
1703 1070 1820 1104 Thema
1836 1071 1872 1104 de
1893 1074 2047 1117 Cdewell,
2075 1074 2195 1110 Abbate
2211 1082 2311 1112 San&

1617 1118 1781 1166 Augustini
1800 1122 2027 1165 Cantuariensts.

1353 1201 1474 1234 Lemens
1489 1202 1660 1244 Episcopus,
1678 1205 1767 1235 servus
1779 1204 1924 1236 servorum
1938 1205 2013 1245 Dei,
2030 1208 2170 1240 carissimo
2185 1212 2213 1240 in
2227 1211 2344 1244 Christo
2360 1195 2435 1225 Am·
2450 1194 2490 1226 D‘

1284 1258 1287 1262 -
1359 1241 1448 1281 Fato,
1465 1241 1607 1273 edwardo
1622 1242 1700 1283 Regi
1713 1243 1826 1283 Angli'ae
1839 1243 1952 1284 iiiustri,
1969 1246 2084 1277 saiutem
2096 1249 2129 1278 δε
2142 1249 2343 1288 iApostoiicam
2380 1244 2463 1273 ¹3¹2·

1285 1280 1523 1310 benedictionem.
2362 1277 2413 1300 Ao.
2428 1276 2455 1300 6·

1321 1318 1355 1348 In
1367 1329 1465 1349 amore
1481 1321 1634 1358 virtutum,
1653 1320 1687 1350 &
1702 1320 1810 1350 illarum
1825 1322 1973 1361 operibus,
1992 1322 2142 1360 praesertim
2157 1326 2229 1355 circa
2245 1326 2345 1358 Eccle-
2362 1316 2392 1338 E-
2416 1322 2439 1338 ²·

1286 1357 1349 1395 fias,
1367 1358 1400 1388 &
1419 1357 1608 1397 Monasteria,
1628 1368 1784 1398 eorumque
1801 1358 1951 1390 Ministros
1969 1361 2154 1392 favorabiliter
2168 1366 2344 1405 exercendis,
2362 1354 2402 1376 Ex
2419 1353 2445 1376 A
2445 1359 2476 1376 ’μ

1285 1396 1369 1426 decet
1390 1395 1592 1427 Celiitudinem
1617 1397 1738 1436 Regiam
1761 1398 1786 1427 se
1806 1398 1909 1428 habere
1932 1401 2074 1430 continuo
2089 1400 2255 1439 studiosam,
2275 1414 2343 1435 curu
2362 1396 2425 1424 “³3''

1285 1444 1319 1465 ex
1340 1435 1397 1465 hoc
1419 1436 1444 1465 ei
1460 1458 1470 1472 ,
1490 1436 1679 1473 proculdubio
1694 1459 1704 1474 ,
1721 1437 1754 1468 &
1769 1437 1973 1468 benedictionis
1993 1438 2113 1470 Divinae
2126 1442 2294 1480 praemium,
2312 1444 2345 1474 &

1285 1473 1372 1503 laudis
1385 1474 1517 1503 humana:
1534 1475 1713 1512 praeconium
1726 1476 1891 1513 acquiratur.

1321 1512 1401 1542 Olim
1422 1512 1555 1551 siquidem
1578 1512 1759 1544 Monasterio
1778 1514 1874 1544 Samen
1897 1514 2046 1554 Augustini
2066 1515 2270 1548 Cantuariensis
2284 1541 2294 1557 ,
2311 1519 2347 1549 ad

1285 1550 1454 1581 Romanam
1475 1550 1627 1581 Ecclesiam
1650 1552 1728 1582 nullo
1742 1553 1838 1583 medio
1852 1554 2025 1592 pertinente,
2044 1554 2161 1585 Ordinis
2183 1556 2281 1587 Sansti
2295 1557 2348 1588 Be-

1284 1589 1408 1628 nedicti,
1424 1599 1474 1629 per
1489 1590 1602 1620 obitum
1618 1591 1761 1629 quondam
1770 1591 1926 1629 Johannis,
1942 1593 2023 1630 ipsius
2037 1592 2205 1624 Monasterii
2218 1596 2356 1634 Abbatis‚

1284 1629 1332 1667 qui
1353 1638 1441 1665 nuper
1461 1627 1534 1668 apud
1556 1628 1660 1658 Sedem
1683 1629 1877 1668 Apostolicam
1901 1630 1977 1661 diem
1993 1631 2088 1663 clausit
2102 1642 2285 1672 exrremum,
2300 1646 2350 1666 va-

1286 1675 1385 1704 cante,

1323 1705 1409 1743 Nos,
1429 1705 1554 1735 volentes
1566 1706 1675 1737 mitum
1691 1705 1899 1737 Monasterium
1908 1717 1923 1738 a
1936 1707 2083 1748 dispendiis
2096 1709 2129 1741 &
2144 1711 2359 1751 incommodis,

1286 1754 1351 1782 quae
1363 1744 1456 1782 posset
1469 1754 1503 1774 ex
1516 1745 1663 1774 vacatione
1676 1744 1784 1776 diutina
1797 1747 1939 1777 incurrere
1952 1769 1961 1785 ,
1978 1747 2141 1787 praeservare
2180 1760 2247 1780 cum
2262 1750 2353 1781 nullus

1287 1792 1389 1820 praeter
1404 1793 1455 1813 nos
1468 1806 1478 1821 ,
1495 1793 1526 1813 ea
1542 1785 1605 1813 vice
1617 1806 1627 1821 ,
1645 1783 1683 1813 de
1695 1785 1854 1824 provisione
1866 1785 1947 1824 ipsius
1960 1785 2128 1817 Monasterii
2151 1798 2167 1818 e
2182 1789 2353 1819 intromitte-

1289 1832 1319 1852 re
1334 1822 1483 1862 potuisset,
1501 1831 1592 1860 neque
1613 1822 1720 1861 posset,
1737 1832 1789 1862 pro
1800 1833 1837 1853 eo
1852 1824 1930 1862 quod
1945 1834 2015 1862 nos,
2032 1825 2080 1856 diu
2095 1834 2158 1856 ante
2170 1828 2351 1858 vacationem

1288 1860 1447 1899 hujusmodi
1460 1861 1529 1890 dieti
1545 1860 1729 1899 Monasterii,
1749 1863 1920 1901 provisiones
1940 1864 2074 1893 omniurn
2088 1863 2350 1905 Monasteriorum,

1288 1909 1357 1930 tunc
1371 1899 1444 1937 apud
1457 1899 1563 1929 dietam
1578 1899 1681 1929 Sedem
1695 1900 1959 1940 quomodocunque
1974 1903 2135 1932 vacantium
2151 1927 2161 1941 ,
2180 1904 2213 1934 &
2228 1905 2256 1934 in
2270 1914 2350 1935 antea

1287 1947 1502 1976 vacaturorum,
1519 1937 1690 1977 dispositioni
1704 1939 1809 1969 nostrae
1820 1938 1949 1969 duximus
1967 1940 2153 1979 reservandas,
2171 1942 2353 1973 decernendo

1287 1987 1390 2007 extunc
1405 1978 1515 2007 irritum
1529 1977 1561 2006 ἃ
1579 1977 1677 2014 inane,
1696 1977 1715 2007 si
1728 1977 1803 2008 secus
1815 1977 1896 2017 super
1910 1978 1962 2007 hiis
1974 1978 2173 2018 quoscunque,
2193 1983 2289 2020 quavis
2304 1993 2355 2013 au-

1289 2016 1437 2053 ctoritate,
1455 2016 1571 2045 scienter
1585 2015 1631 2045 vel
1645 2016 1806 2054 ignoranter
1820 2016 1969 2054 contigerit
1983 2020 2156 2055 attemptari:

1327 2053 1397 2083 Post
1418 2054 1649 2083 deliberationem
1665 2076 1673 2090 ,
1700 2064 1785 2091 quarn
1806 2053 1842 2083 de
1864 2054 2049 2093 praeficiendo
2069 2056 2149 2086 dieto
2170 2056 2355 2088 Monasterio

1288 2092 1436 2129 personam
1459 2091 1601 2130 ydoneam
1623 2092 1772 2121 habuimus
1793 2102 1862 2127 cum
1886 2092 1986 2122 nostris
2011 2093 2152 2124 Fratribus
2172 2095 2353 2135 diligentem,

1288 2130 1409 2159 demum
1439 2130 1474 2159 ad
1494 2129 1631 2159 dilectum
1655 2129 1760 2160 Filium
1780 2130 1929 2160 Thomam
1949 2130 1986 2161 de
2011 2131 2167 2163 Colewelle
2189 2134 2331 2165 Abbatem
2351 2158 2354 2161 «

1290 2167 1474 2198 Monachum
1495 2167 1616 2204 ejusdem
1639 2167 1822 2207 Monasterii,
1842 2168 1981 2199 Ordinem
2001 2170 2091 2207 ipsum
2113 2172 2236 2210 expresse
2249 2158 2355 2212 profes³

1287 2206 1347 2236 sum
1362 2230 1372 2244 ,
1390 2207 1423 2237 δε
1444 2208 1472 2237 in
1495 2204 1650 2236 sacerdotio
1669 2206 1856 2237 constitutum
1871 2230 1881 2244 ,
1899 2209 1945 2238 cui
1957 2207 1992 2238 de
2006 2209 2146 2249 religionis
2159 2211 2240 2248 zelo,
2256 2212 2356 2242 littera-

1287 2255 1352 2275 rum
1367 2244 1499 2283 scientis,
1517 2246 1583 2276 vitae
1593 2254 1627 2274 ac
1643 2254 1757 2275 morum
1773 2245 1934 2283 honestate,
1953 2247 2064 2285 aliisque
2078 2249 2278 2286 multiplicium
2296 2252 2356 2281 vir-

1287 2291 1383 2313 tutum
1403 2285 1508 2313 meritis
1529 2283 1602 2321 apud
1621 2293 1673 2312 nos
1688 2284 1831 2314 laudabilia
1848 2284 2010 2314 testimonia
2029 2286 2211 2325 perhibentur
2227 2311 2238 2325 ,
2252 2288 2355 2319 direxi-

1290 2331 1354 2351 mus
1369 2322 1470 2351 oculos
1485 2321 1590 2350 nostrae
1605 2323 1724 2359 mentis,

1333 2359 1447 2397 Quibus
1465 2360 1599 2389 omnibus
1620 2360 1724 2390 attenta
1746 2359 1932 2390 meditatione
1953 2360 2068 2398 pensatis
2080 2384 2092 2401 ,
2110 2362 2145 2393 de
2159 2363 2276 2402 personil
2287 2365 2356 2401 eius-

1287 2398 1355 2428 dem
1370 2397 1498 2428 Thomae
1517 2397 1635 2427 Abbatis
1654 2399 1771 2437 praefato
1791 2398 1970 2430 Monasterio
1985 2423 1994 2438 ,
2012 2399 2048 2430 de
2067 2402 2271 2438 praedidtorum
2289 2404 2357 2435 Fra-

1287 2444 1363 2466 trum
1384 2436 1514 2467 Consilio
1526 2459 1537 2475 ,
1554 2436 1718 2468 audieritate
1739 2437 1906 2474 Apostolica
1920 2438 2050 2470 duximus
2064 2440 2270 2477 providendum
2284 2465 2296 2481 ‚
2312 2444 2357 2481 ip-

1286 2475 1404 2514 sumque
1424 2476 1462 2505 illi
1482 2475 1660 2515 praefecimus
1684 2477 1712 2506 in
1731 2476 1891 2506 Abbatem:
1913 2476 2022 2508 Curam
2036 2478 2069 2508 &
2085 2478 2357 2513 administrationem

1286 2514 1367 2553 ipsius
1384 2514 1476 2544 eidem
1499 2514 1628 2544 Thomce
1651 2514 1755 2544 Abbati
1777 2515 1806 2544 in
1825 2514 2021 2553 Spiritualibus
2043 2518 2077 2548 &
2093 2518 2123 2547 in
2136 2517 2357 2558 Temporalibus

1287 2553 1411 2592 plenarie
1426 2552 1654 2583 committendo:

1326 2591 1359 2621 ln
1381 2592 1430 2621 illo
1446 2614 1456 2630 ,
1497 2593 1523 2621 ui
1545 2591 1591 2622 dat
1613 2592 1709 2630 gratias
1724 2614 1734 2629 ,
1753 2591 1786 2622 &
1806 2592 1918 2631 largitur
1930 2594 2067 2633 praemia,
2084 2594 2262 2626 confidentes
2275 2596 2355 2636 quod

1286 2629 1364 2660 idem
1387 2601 1595 2660 Monaciterium
1614 2631 1666 2660 sub
1685 2629 1735 2660 suo
1757 2630 1832 2661 felici
1847 2632 2002 2670 regimine,
2021 2633 2105 2672 gratia
2118 2634 2211 2664 eidem
2228 2634 2357 2666 Thomae

1287 2669 1393 2699 Abbati
1404 2669 1516 2700 favente
1530 2669 1641 2706 divina,
1659 2677 1733 2708 grata
1746 2668 1873 2707 suscipiet
1886 2670 2069 2702 incrementa.

1325 2706 1405 2737 Cum
1421 2708 1522 2746 igitur,
1540 2716 1570 2738 ut
1585 2707 1660 2738 idern
1675 2707 1786 2746 Abbas,
1804 2709 1834 2737 in
1847 2709 2021 2739 excercenda
2041 2709 2110 2740 dieti
2126 2709 2294 2742 Monasterii
2307 2711 2356 2743 ad-

1286 2745 1510 2785 ministratione,
1527 2746 1632 2777 facilius
1648 2746 1786 2785 proficere
1800 2747 1904 2785 valeat,
1923 2748 2002 2778 favor
2016 2756 2079 2778 tuus
2094 2748 2145 2779 fibi
2159 2750 2215 2780 effe
2226 2751 2354 2782 noscatur

1286 2785 1439 2825 plurimum
1455 2794 1630 2825 oportunus,

1325 2823 1460 2862 Regalem
1484 2823 1686 2854 Excellentiam
1705 2832 1835 2862 rogamus
1855 2824 1889 2855 &
1909 2824 2054 2855 hortamur
2073 2828 2180 2857 attente
2198 2849 2208 2865 ,
2226 2828 2356 2866 quatinus

1286 2862 1411 2892 eundern
1430 2862 1575 2893 Abbatem
1591 2885 1602 2901 ,
1619 2864 1653 2894 &
1674 2862 1860 2893 commissum
1883 2863 1934 2893 sibi
1955 2863 2067 2894 di&um
2082 2863 2293 2896 Monasterium
2306 2866 2355 2896 ha-

1287 2901 1371 2938 bens,
1389 2910 1442 2939 pro
1454 2901 1550 2931 divina
1569 2901 1603 2931 &
1617 2899 1714 2931 nostra
1729 2903 1881 2932 reverentia
1896 2902 2054 2939 propensius
2075 2903 2307 2943 commendatos,
2324 2905 2354 2935 in

1286 2939 1449 2977 ampliandis
1471 2938 1505 2971 &
1521 2939 1717 2970 conservandis
1732 2940 1839 2978 juribus
1855 2940 1907 2970 suis
1928 2941 1965 2971 sic
1987 2949 2016 2970 te
2030 2940 2124 2972 reddas
2139 2943 2200 2980 ipsis
2213 2943 2354 2974 favorabi-

1287 2978 1344 3008 lem
1359 3001 1369 3016 ,
1387 2980 1420 3009 &
1443 2979 1473 3008 in
1496 2979 1605 3009 cunetis
1620 2979 1856 3018 oportunitatibus
1873 2979 2023 3018 gratiosum
2037 3002 2047 3018 ,
2064 2981 2142 3020 quod
2162 2980 2180 3000 ἦ*
2200 2981 2277 3011 idem
2292 2981 2353 3011 Ab-
2372 2978 2387 2991 ⁸⁶
2405 2976 2461 3003 ῙῙῙ·

1288 3017 1334 3047 bas
1349 3040 1358 3055 ,
1385 3025 1442 3046 tuae
1463 3016 1641 3048 Celsitudinis
1660 3016 1745 3047 fultus
1761 3017 1864 3047 auxilio
1876 3041 1886 3055 ,
1905 3019 1934 3047 in
1953 3019 2118 3049 executione
2139 3018 2282 3050 commiffi
2301 3020 2351 3050 sibi
2374 3022 2408 3050 35
2414 3022 2439 3042 ¹-

1289 3054 1457 3086 Monasterii
1477 3055 1606 3094 praedicti
1627 3055 1787 3095 Regiminis
1809 3055 1893 3095 possit
1906 3078 1915 3094 ,
1934 3055 2003 3086 Deo
2022 3058 2162 3097 propitio,
2180 3058 2350 3097 prosperari,

1286 3104 1320 3124 ac
1334 3095 1385 3124 tibi
1400 3095 1499 3125 exinde
1510 3105 1526 3125 a
1540 3094 1609 3125 Deo
1622 3095 1749 3133 perennis
1762 3095 1828 3125 vitae
1843 3095 1994 3133 praemium
2007 3119 2017 3135 ,
2035 3096 2069 3127 &
2084 3105 2100 3126 a
2112 3097 2195 3126 nobis
2210 3096 2351 3136 condigna

1288 3133 1436 3170 proveniat
1449 3133 1525 3163 adbio
1539 3134 1698 3173 gratiarum.

1289 3247 1306 3279 s
1327 3209 1396 3253 Dat.
1419 3208 1554 3241 Avinion.
1568 3210 1670 3248 quinto
1685 3208 1790 3241 Nonas
1801 3209 1954 3250 Odiobrss,
1973 3209 2157 3241 Pontificatfis
2171 3209 2260 3241 nostri
2274 3220 2351 3242 anno

1300 3257 1416 3287 eptimo.

2044 3323 2134 3363 sigilla
2146 3324 2247 3364 avulsit.

1442 3471 1491 3502 De
1509 3468 1667 3514 Senefiizllo
1686 3472 1718 3500 in
1736 3469 1888 3502 comitam
1908 3470 2028 3501 Pontivi
2042 3464 2201 3508 constituto.

1356 3552 1480 3593 Dward,
1518 3564 1546 3584 ar
1560 3554 1584 3583 la
1601 3563 1685 3590 grace
1698 3553 1734 3584 de
1746 3553 1840 3591 Dieu‚
1858 3553 1916 3583 Roi
1930 3550 2138 3594 d'Engleterre,
2155 3550 2200 3581 Se'
2222 3552 2349 3583 nurd’Ir.
2367 3543 2444 3575 Ann.
2460 3544 2501 3578 D.

1364 3591 1482 3631 launde,
1532 3602 1580 3623 ucs
1588 3592 1823 3630 d'Aquitaine,&
1838 3591 1934 3621 Conte
1942 3589 1978 3619 de
1986 3588 2124 3619 Pontis&
2131 3589 2168 3619 de
2213 3590 2351 3631 onstroill,
2387 3592 2474 3624 1312.

1287 3642 1302 3663 a
1317 3640 1386 3662 touz
1402 3640 1490 3670 ceux,
1507 3642 1534 3662 as
1545 3640 1637 3671 queux
1653 3630 1739 3661 cestes
1751 3630 1885 3667 presentes
1900 3629 1989 3657 lettres
2000 3626 2162 3670 *vendront,
2178 3628 2260 3659 saluz.
2367 3626 2418 3650 Aa.
2436 3626 2464 3650 6-

1325 3670 1445 3700 Sachetz
1463 3679 1516 3708 que
1535 3679 1606 3700 nous
1627 3679 1713 3699 avons
1730 3668 1835 3698 estabili
1849 3690 1858 3704 ,
1873 3667 1905 3696 δε
1920 3665 2100 3696 estabiliffons
2114 3665 2347 3706 MonsireJohan
2367 3665 2397 3688 E.
2419 3671 2444 3688 2-

1289 3707 1410 3738 Lenfant
1429 3707 1565 3739 Chivaler
1579 3732 1589 3744 ,
1604 3707 1750 3737 Seneschal
1765 3707 1799 3736 &
1815 3704 1911 3735 Garde
1933 3704 1968 3735 de
1988 3702 2083 3734 nostre
2095 3704 2186 3736 Terre
2200 3707 2233 3737 &
2249 3705 2347 3739 Conte
2369 3703 2385 3726 P
2387 3704 2416 3726 λ’
2420 3721 2424 3726 ·
2441 3699 2472 3728 ⁶²

1288 3747 1325 3778 de
1340 3746 1443 3776 Pontis
1452 3746 1485 3777 &
1501 3747 1536 3776 de
1553 3744 1722 3775 Monstroil:
2367 3742 2398 3765 Ε.
2416 3747 2442 3765 2.

1325 3784 1362 3815 Et
1378 3785 1396 3814 li
1410 3784 1532 3815 donoms
1545 3807 1555 3821 ,
1574 3784 1607 3814 ὅ(
1625 3791 1724 3813 avoms
1736 3781 1811 3811 done
1825 3781 1902 3821 poair
1918 3780 1951 3810 &
1963 3780 2164 3812 maundement
2179 3782 2213 3812 es
2225 3784 2294 3814 ecial
2313 3784 2348 3815 de
2365 3782 2390 3812 P·
2410 3784 2433 3801 ¹-

1286 3823 1413 3863 jufficer,
1431 3822 1490 3852 user
1506 3823 1539 3853 &
1555 3821 1679 3863 espleiter
1691 3829 1730 3850 en
1745 3827 1794 3863 tuz
1811 3829 1872 3856 cas,
1890 3826 2069 3858 apartenantz
2088 3831 2103 3851 a
2123 3793 2269 3853 Seneighai
2283 3824 2316 3854 δε
2334 3833 2350 3852 a
2368 3824 2403 3842 m·
2422 3820 2464 3846 ¹4·-

1289 3861 1385 3893 Garde
1400 3859 1435 3889 de
1447 3860 1554 3897 Terre,
1570 3860 1606 3889 de
1619 3867 1690 3889 tenir
1704 3858 1770 3895 plats
1783 3859 1816 3890 δε
1831 3857 1930 3888 assises:

1328 3897 1469 3930 Destablir
1484 3897 1702 3934 ProcuratourS,
1719 3904 1790 3927 totes
1803 3897 1840 3927 les
1853 3896 1913 3926 foiz
1926 3896 1962 3936 qil
1981 3906 2058 3926 verra
2077 3907 2131 3937 que
2150 3897 2282 3929 meistiers
2296 3898 2349 3928 ser·

1290 3948 1320 3968 ra
1335 3962 1345 3976 ,
1367 3946 1419 3977 pur
1438 3935 1475 3965 les
1495 3935 1617 3975 quereles
1629 3958 1640 3974 ,
1657 3934 1748 3965 causes
1762 3935 1796 3966 δε
1816 3935 1963 3974 busoignes
1976 3934 2114 3976 pursuiyr,
2131 3938 2297 3975 meintenir‚
2315 3937 2347 3967 δε

1268 3991 1275 3995 -
1291 3976 1443 4013 defendre3
1462 3974 1496 4004 &
1508 3974 1543 4004 de
1555 3982 1609 4003 eux
1622 3972 1716 4010 oster,
1735 3974 1768 4004 &
1783 3982 1871 4004 autres
1892 3981 1991 4004 mettre
2005 3983 2021 4004 a
2035 3973 2060 4005 sa
2072 3975 2206 4014 volunte3

1328 4014 1366 4046 Et
1381 4012 1421 4043 ‘de
1439 4020 1510 4043 tutes
1529 4020 1618 4042 autres
1634 4011 1731 4042 choses
1746 4012 1812 4042 faire
1831 4013 1866 4044 δε
1884 4012 1943 4042 dire
1953 4035 1963 4049 ,
1979 4021 2036 4054 que
2051 4012 2195 4045 Seneschal
2208 4014 2242 4046 &
2254 4011 2351 4044 Garde

235 4043 273 4076 Et
282 4067 294 4084 ο
309 4046 329 4077 sl
340 4056 428 4087 quos,
446 4047 510 4088 1³0st
527 4048 727 4081 inhibitionem
736 4073 746 4088 ‚
762 4048 807 4081 seu
819 4049 1071 4091 proclamationem
1085 4051 1256 4093 hujusmodi,
1294 4052 1330 4085 de
1344 4053 1435 4084 Terre
1448 4058 1515 4091 poet
1530 4051 1564 4083 ὃς
1575 4050 1632 4083 deit
1644 4050 1729 4089 faire,
1746 4060 1793 4090 par
1807 4051 1833 4083 la
1846 4051 1925 4083 cause
1939 4050 2042 4082 delon
2055 4051 2151 4083 office.

2310 4085 2355 4117 En
