<?xml version="1.0" encoding="UTF-8"?>
<!DOCTYPE html PUBLIC "-//W3C//DTD XHTML 1.0 Transitional//EN"
    "http://www.w3.org/TR/xhtml1/DTD/xhtml1-transitional.dtd">
<html xmlns="http://www.w3.org/1999/xhtml" xml:lang="en" lang="en">
 <head>
  <title>
</title>
<meta http-equiv="Content-Type" content="text/html;charset=utf-8" />
  <meta name='ocr-system' content='tesseract 3.04.00' />
  <meta name='ocr-capabilities' content='ocr_page ocr_carea ocr_par ocr_line ocrx_word'/>
</head>
<body>
  <div class='ocr_page' id='page_1' title='image "./fderaconventione02ryme_0197.png"; bbox 0 0 2562 4279; ppageno 0'>
   <div class='ocr_carea' id='block_1_1' title="bbox 615 138 1633 190">
    <p class='ocr_par' dir='ltr' id='par_1_1' title="bbox 615 138 1633 190">
     <span class='ocr_line' id='line_1_1' title="bbox 615 138 1633 190; baseline 0.009 -9"><span class='ocrx_word' id='word_1_1' title='bbox 615 138 728 181; x_wconf 89' lang='lat' dir='ltr'>ET</span> <span class='ocrx_word' id='word_1_2' title='bbox 812 138 1079 179; x_wconf 90' lang='lat' dir='ltr'>ACTA</span> <span class='ocrx_word' id='word_1_3' title='bbox 1161 143 1633 190; x_wconf 75' lang='lat' dir='ltr'><strong>PUBLICA,</strong></span> 
     </span>
    </p>
   </div>
   <div class='ocr_carea' id='block_1_2' title="bbox 0 217 1131 445">
    <p class='ocr_par' dir='ltr' id='par_1_2' title="bbox 0 217 1131 445">
     <span class='ocr_line' id='line_1_2' title="bbox 0 217 1126 263; baseline 0.003 -12"><span class='ocrx_word' id='word_1_4' title='bbox 0 217 59 251; x_wconf 73' lang='grc' dir='ltr'>,.Ῑ)-</span> <span class='ocrx_word' id='word_1_5' title='bbox 69 220 212 261; x_wconf 88' lang='lat' dir='ltr'>nostrum,</span> <span class='ocrx_word' id='word_1_6' title='bbox 231 220 404 261; x_wconf 83' lang='lat' dir='ltr'>Magistrum</span> <span class='ocrx_word' id='word_1_7' title='bbox 429 223 570 255; x_wconf 75' lang='lat' dir='ltr'>Andream</span> <span class='ocrx_word' id='word_1_8' title='bbox 589 223 624 255; x_wconf 86' lang='lat' dir='ltr'>de</span> <span class='ocrx_word' id='word_1_9' title='bbox 639 224 778 263; x_wconf 81' lang='lat' dir='ltr'>Brugges,</span> <span class='ocrx_word' id='word_1_10' title='bbox 797 223 895 254; x_wconf 77' lang='lat' dir='ltr'>vestrae</span> <span class='ocrx_word' id='word_1_11' title='bbox 909 225 1076 262; x_wconf 79' lang='lat' dir='ltr'>benignitati</span> <span class='ocrx_word' id='word_1_12' title='bbox 1106 224 1126 254; x_wconf 84' lang='lat' dir='ltr'>si</span> 
     </span>
     <span class='ocr_line' id='line_1_3' title="bbox 0 247 1128 299; baseline 0.003 -10"><span class='ocrx_word' id='word_1_13' title='bbox 0 260 38 289; x_wconf 84' lang='grc'>[8.</span> <span class='ocrx_word' id='word_1_14' title='bbox 66 261 167 297; x_wconf 88' lang='lat' dir='ltr'>libeat,</span> <span class='ocrx_word' id='word_1_15' title='bbox 186 261 362 291; x_wconf 78' lang='lat' dir='ltr'>nominandis</span> <span class='ocrx_word' id='word_1_16' title='bbox 375 285 384 299; x_wconf 93' lang='lat'>,</span> <span class='ocrx_word' id='word_1_17' title='bbox 409 262 537 292; x_wconf 90' lang='lat' dir='ltr'>conferre</span> <span class='ocrx_word' id='word_1_18' title='bbox 550 261 616 292; x_wconf 90' lang='lat' dir='ltr'>velit</span> <span class='ocrx_word' id='word_1_19' title='bbox 632 261 719 292; x_wconf 81' lang='lat' dir='ltr'>vestm</span> <span class='ocrx_word' id='word_1_20' title='bbox 735 261 897 299; x_wconf 81' lang='lat' dir='ltr'>Apostolica</span> <span class='ocrx_word' id='word_1_21' title='bbox 910 247 1128 299; x_wconf 59' lang='lat' dir='ltr'>circumspeclio</span> 
     </span>
     <span class='ocr_line' id='line_1_4' title="bbox 12 298 1130 337; baseline 0.003 -10"><span class='ocrx_word' id='word_1_22' title='bbox 12 306 38 324; x_wconf 82' lang='lat'>2·</span> <span class='ocrx_word' id='word_1_23' title='bbox 67 298 182 337; x_wconf 83' lang='lat' dir='ltr'>gratiosa</span> <span class='ocrx_word' id='word_1_24' title='bbox 200 311 209 336; x_wconf 89' lang='lat'>·,</span> <span class='ocrx_word' id='word_1_25' title='bbox 233 299 262 328; x_wconf 89' lang='lat' dir='ltr'>in</span> <span class='ocrx_word' id='word_1_26' title='bbox 283 299 339 330; x_wconf 81' lang='lat' dir='ltr'>hoc</span> <span class='ocrx_word' id='word_1_27' title='bbox 360 301 438 330; x_wconf 90' lang='lat' dir='ltr'>enim</span> <span class='ocrx_word' id='word_1_28' title='bbox 458 299 584 337; x_wconf 88' lang='lat' dir='ltr'>ipsorum</span> <span class='ocrx_word' id='word_1_29' title='bbox 604 300 797 336; x_wconf 82' lang='lat' dir='ltr'>providebitur</span> <span class='ocrx_word' id='word_1_30' title='bbox 820 299 986 336; x_wconf 70' lang='lat' dir='ltr'>indigentiae</span> <span class='ocrx_word' id='word_1_31' title='bbox 1001 299 1130 330; x_wconf 86' lang='lat' dir='ltr'>Clerico-</span> 
     </span>
     <span class='ocr_line' id='line_1_5' title="bbox 68 336 1131 376; baseline 0.001 -9"><span class='ocrx_word' id='word_1_32' title='bbox 68 346 148 374; x_wconf 81' lang='lat' dir='ltr'>rum,</span> <span class='ocrx_word' id='word_1_33' title='bbox 167 337 199 367; x_wconf 70' lang='grc' dir='ltr'>ὃς</span> <span class='ocrx_word' id='word_1_34' title='bbox 222 336 291 366; x_wconf 70' lang='grc' dir='ltr'>(11ἂί</span> <span class='ocrx_word' id='word_1_35' title='bbox 310 337 442 376; x_wconf 76' lang='lat' dir='ltr'>Episcopi</span> <span class='ocrx_word' id='word_1_36' title='bbox 457 337 593 368; x_wconf 83' lang='lat' dir='ltr'>accrescet</span> <span class='ocrx_word' id='word_1_37' title='bbox 605 339 715 376; x_wconf 91' lang='lat' dir='ltr'>honor,</span> <span class='ocrx_word' id='word_1_38' title='bbox 734 338 918 375; x_wconf 78' lang='lat' dir='ltr'>continuique</span> <span class='ocrx_word' id='word_1_39' title='bbox 939 339 1039 369; x_wconf 80' lang='lat' dir='ltr'>laboris</span> <span class='ocrx_word' id='word_1_40' title='bbox 1050 339 1131 369; x_wconf 88' lang='lat' dir='ltr'>sarci-</span> 
     </span>
     <span class='ocr_line' id='line_1_6' title="bbox 68 374 890 414; baseline 0.001 -10"><span class='ocrx_word' id='word_1_41' title='bbox 68 385 120 413; x_wconf 91' lang='lat' dir='ltr'>na,</span> <span class='ocrx_word' id='word_1_42' title='bbox 140 384 189 412; x_wconf 89' lang='lat' dir='ltr'>per</span> <span class='ocrx_word' id='word_1_43' title='bbox 204 384 353 412; x_wconf 51' lang='lat' dir='ltr'>oport-unzm</span> <span class='ocrx_word' id='word_1_44' title='bbox 367 375 553 407; x_wconf 85' lang='lat' dir='ltr'>subventionis</span> <span class='ocrx_word' id='word_1_45' title='bbox 567 374 722 414; x_wconf 84' lang='lat' dir='ltr'>Suffragia,</span> <span class='ocrx_word' id='word_1_46' title='bbox 742 377 890 406; x_wconf 81' lang='lat' dir='ltr'>minuetur.</span> 
     </span>
     <span class='ocr_line' id='line_1_7' title="bbox 108 413 358 445; baseline 0.008 -3"><span class='ocrx_word' id='word_1_47' title='bbox 108 413 279 445; x_wconf 87' lang='lat' dir='ltr'>Conservet,</span> <span class='ocrx_word' id='word_1_48' title='bbox 299 415 358 445; x_wconf 89' lang='lat' dir='ltr'>&amp;c.</span> 
     </span>
    </p>
   </div>
   <div class='ocr_carea' id='block_1_3' title="bbox 109 450 783 490">
    <p class='ocr_par' dir='ltr' id='par_1_3' title="bbox 109 450 783 490">
     <span class='ocr_line' id='line_1_8' title="bbox 109 450 783 490; baseline -0.001 -8"><span class='ocrx_word' id='word_1_49' title='bbox 109 450 176 482; x_wconf 87' lang='lat' dir='ltr'>Dat.</span> <span class='ocrx_word' id='word_1_50' title='bbox 190 452 263 490; x_wconf 90' lang='lat' dir='ltr'>apud</span> <span class='ocrx_word' id='word_1_51' title='bbox 277 451 577 490; x_wconf 79' lang='lat' dir='ltr'>westmonasterium,</span> <span class='ocrx_word' id='word_1_52' title='bbox 597 460 622 490; x_wconf 90' lang='lat'>7.</span> <span class='ocrx_word' id='word_1_53' title='bbox 642 451 688 482; x_wconf 90' lang='lat' dir='ltr'>die</span> <span class='ocrx_word' id='word_1_54' title='bbox 699 450 783 490; x_wconf 90' lang='lat' dir='ltr'>Junii.</span> 
     </span>
    </p>
   </div>
   <div class='ocr_carea' id='block_1_4' title="bbox 80 522 724 541">
    <p class='ocr_par' dir='ltr' id='par_1_4' title="bbox 80 522 724 541">
     <span class='ocr_line' id='line_1_9' title="bbox 80 522 724 541; baseline 0 0"><span class='ocrx_word' id='word_1_55' title='bbox 80 522 724 541; x_wconf 95' lang='lat' dir='ltr'> </span> 
     </span>
    </p>
   </div>
   <div class='ocr_carea' id='block_1_5' title="bbox 362 576 852 611">
    <p class='ocr_par' dir='ltr' id='par_1_5' title="bbox 362 576 852 611">
     <span class='ocr_line' id='line_1_10' title="bbox 362 576 852 611; baseline -0.004 -2"><span class='ocrx_word' id='word_1_56' title='bbox 362 578 411 609; x_wconf 84' lang='lat' dir='ltr'>De</span> <span class='ocrx_word' id='word_1_57' title='bbox 436 579 619 608; x_wconf 78' lang='lat' dir='ltr'>revocatione</span> <span class='ocrx_word' id='word_1_58' title='bbox 643 576 852 611; x_wconf 53' lang='lat' dir='ltr'>Pizrliamenti,</span> 
     </span>
    </p>
   </div>
   <div class='ocr_carea' id='block_1_6' title="bbox 0 659 1156 1589">
    <p class='ocr_par' dir='ltr' id='par_1_6' title="bbox 0 659 1156 1589">
     <span class='ocr_line' id='line_1_11' title="bbox 0 659 1140 720; baseline -0.003 -27"><span class='ocrx_word' id='word_1_59' title='bbox 0 685 12 703; x_wconf 52' lang='lat'>¹,</span> <span class='ocrx_word' id='word_1_60' title='bbox 26 665 164 720; x_wconf 73' lang='lat' dir='ltr'>D‚RE</span> <span class='ocrx_word' id='word_1_61' title='bbox 172 666 218 703; x_wconf 84' lang='grc' dir='ltr'>Χ,</span> <span class='ocrx_word' id='word_1_62' title='bbox 236 660 340 692; x_wconf 67' lang='grc' dir='ltr'>ἀπ’]εὸὶο</span> <span class='ocrx_word' id='word_1_63' title='bbox 354 660 570 699; x_wconf 71' lang='lat' dir='ltr'>Conianguineo</span> <span class='ocrx_word' id='word_1_64' title='bbox 582 660 616 691; x_wconf 88' lang='lat'>&amp;</span> <span class='ocrx_word' id='word_1_65' title='bbox 632 659 705 691; x_wconf 84' lang='lat' dir='ltr'>fideli</span> <span class='ocrx_word' id='word_1_66' title='bbox 712 661 780 699; x_wconf 87' lang='lat' dir='ltr'>suo,</span> <span class='ocrx_word' id='word_1_67' title='bbox 798 660 928 691; x_wconf 85' lang='lat' dir='ltr'>Thomae</span> <span class='ocrx_word' id='word_1_68' title='bbox 944 659 1055 692; x_wconf 87' lang='lat' dir='ltr'>Comiti</span> <span class='ocrx_word' id='word_1_69' title='bbox 1065 661 1140 691; x_wconf 76' lang='lat' dir='ltr'>Lari-</span> 
     </span>
     <span class='ocr_line' id='line_1_12' title="bbox 0 698 414 741; baseline -0.017 -4"><span class='ocrx_word' id='word_1_70' title='bbox 0 711 29 741; x_wconf 79' lang='lat'>18</span> <span class='ocrx_word' id='word_1_71' title='bbox 156 703 275 737; x_wconf 83' lang='lat' dir='ltr'>castriae,</span> <span class='ocrx_word' id='word_1_72' title='bbox 291 698 414 730; x_wconf 77' lang='lat' dir='ltr'>salntem.</span> 
     </span>
     <span class='ocr_line' id='line_1_13' title="bbox 117 737 1139 777; baseline -0.006 -4"><span class='ocrx_word' id='word_1_73' title='bbox 117 745 196 775; x_wconf 87' lang='lat' dir='ltr'>Licet</span> <span class='ocrx_word' id='word_1_74' title='bbox 211 748 315 775; x_wconf 84' lang='lat' dir='ltr'>nuper,</span> <span class='ocrx_word' id='word_1_75' title='bbox 333 749 385 777; x_wconf 91' lang='lat' dir='ltr'>pro</span> <span class='ocrx_word' id='word_1_76' title='bbox 401 737 512 768; x_wconf 87' lang='lat' dir='ltr'>diversis</span> <span class='ocrx_word' id='word_1_77' title='bbox 532 737 687 776; x_wconf 84' lang='lat' dir='ltr'>Negotiis,</span> <span class='ocrx_word' id='word_1_78' title='bbox 704 747 756 768; x_wconf 90' lang='lat' dir='ltr'>nos</span> <span class='ocrx_word' id='word_1_79' title='bbox 775 738 808 768; x_wconf 90' lang='lat'>&amp;</span> <span class='ocrx_word' id='word_1_80' title='bbox 823 737 923 769; x_wconf 84' lang='lat' dir='ltr'>statum</span> <span class='ocrx_word' id='word_1_81' title='bbox 938 738 1037 776; x_wconf 86' lang='lat' dir='ltr'>Regni</span> <span class='ocrx_word' id='word_1_82' title='bbox 1051 737 1139 768; x_wconf 89' lang='lat' dir='ltr'>nostri</span> 
     </span>
     <span class='ocr_line' id='line_1_14' title="bbox 0 775 1140 820; baseline -0.009 -4"><span class='ocrx_word' id='word_1_83' title='bbox 0 810 1 814; x_wconf 63' lang='grc'>,</span> <span class='ocrx_word' id='word_1_84' title='bbox 80 780 271 820; x_wconf 69' lang='lat' dir='ltr'>tangentibus,</span> <span class='ocrx_word' id='word_1_85' title='bbox 292 775 508 807; x_wconf 87' lang='lat' dir='ltr'>Parliamentnm</span> <span class='ocrx_word' id='word_1_86' title='bbox 531 776 658 806; x_wconf 89' lang='lat' dir='ltr'>nostrum</span> <span class='ocrx_word' id='word_1_87' title='bbox 675 776 749 813; x_wconf 87' lang='lat' dir='ltr'>apud</span> <span class='ocrx_word' id='word_1_88' title='bbox 773 776 951 807; x_wconf 87' lang='lat' dir='ltr'>Lincolniam</span> <span class='ocrx_word' id='word_1_89' title='bbox 974 778 1004 807; x_wconf 88' lang='lat' dir='ltr'>in</span> <span class='ocrx_word' id='word_1_90' title='bbox 1018 776 1140 807; x_wconf 87' lang='lat' dir='ltr'>crastino</span> 
     </span>
     <span class='ocr_line' id='line_1_15' title="bbox 0 814 1141 860; baseline -0.003 -13"><span class='ocrx_word' id='word_1_91' title='bbox 0 821 191 860; x_wconf 51' lang='lat' dir='ltr'>finsanffstae</span> <span class='ocrx_word' id='word_1_92' title='bbox 207 816 350 846; x_wconf 80' lang='lat' dir='ltr'>Trinitatis</span> <span class='ocrx_word' id='word_1_93' title='bbox 364 816 498 852; x_wconf 79' lang='lat' dir='ltr'>proximo</span> <span class='ocrx_word' id='word_1_94' title='bbox 512 814 621 852; x_wconf 87' lang='lat' dir='ltr'>futuro,</span> <span class='ocrx_word' id='word_1_95' title='bbox 639 814 869 852; x_wconf 67' lang='lat' dir='ltr'>proposueramus</span> <span class='ocrx_word' id='word_1_96' title='bbox 881 823 992 853; x_wconf 89' lang='lat' dir='ltr'>tencre,</span> <span class='ocrx_word' id='word_1_97' title='bbox 1009 816 1042 847; x_wconf 88' lang='lat'>&amp;</span> <span class='ocrx_word' id='word_1_98' title='bbox 1057 815 1141 845; x_wconf 82' lang='lat' dir='ltr'>vobis</span> 
     </span>
     <span class='ocr_line' id='line_1_16' title="bbox 81 853 1143 891; baseline -0.005 -3"><span class='ocrx_word' id='word_1_99' title='bbox 81 856 303 890; x_wconf 87' lang='lat' dir='ltr'>mandaverimus</span> <span class='ocrx_word' id='word_1_100' title='bbox 320 853 409 891; x_wconf 87' lang='lat' dir='ltr'>quod,</span> <span class='ocrx_word' id='word_1_101' title='bbox 427 853 461 883; x_wconf 88' lang='lat' dir='ltr'>ad</span> <span class='ocrx_word' id='word_1_102' title='bbox 480 862 570 883; x_wconf 90' lang='lat' dir='ltr'>certos</span> <span class='ocrx_word' id='word_1_103' title='bbox 589 853 664 883; x_wconf 85' lang='lat' dir='ltr'>diem</span> <span class='ocrx_word' id='word_1_104' title='bbox 678 854 711 884; x_wconf 71' lang='grc' dir='ltr'>ὃ(</span> <span class='ocrx_word' id='word_1_105' title='bbox 728 854 844 891; x_wconf 86' lang='lat' dir='ltr'>locum,</span> <span class='ocrx_word' id='word_1_106' title='bbox 864 854 1040 891; x_wconf 85' lang='lat' dir='ltr'>personaliter</span> <span class='ocrx_word' id='word_1_107' title='bbox 1060 855 1143 883; x_wconf 89' lang='lat' dir='ltr'>inter-</span> 
     </span>
     <span class='ocr_line' id='line_1_17' title="bbox 6 891 1142 930; baseline -0.004 -3"><span class='ocrx_word' id='word_1_108' title='bbox 6 902 45 930; x_wconf 55' lang='grc' dir='ltr'>Α.</span> <span class='ocrx_word' id='word_1_109' title='bbox 78 897 165 930; x_wconf 82' lang='lat' dir='ltr'>effetis</span> <span class='ocrx_word' id='word_1_110' title='bbox 179 895 213 926; x_wconf 86' lang='lat' dir='ltr'>ad</span> <span class='ocrx_word' id='word_1_111' title='bbox 229 891 402 925; x_wconf 70' lang='lat' dir='ltr'>tractandum</span> <span class='ocrx_word' id='word_1_112' title='bbox 414 892 563 922; x_wconf 89' lang='lat' dir='ltr'>nobiscum</span> <span class='ocrx_word' id='word_1_113' title='bbox 573 915 583 930; x_wconf 78' lang='lat'>,</span> <span class='ocrx_word' id='word_1_114' title='bbox 616 892 649 922; x_wconf 72' lang='grc' dir='ltr'>δε</span> <span class='ocrx_word' id='word_1_115' title='bbox 665 901 732 921; x_wconf 92' lang='lat' dir='ltr'>cum</span> <span class='ocrx_word' id='word_1_116' title='bbox 745 891 886 930; x_wconf 83' lang='lat' dir='ltr'>Praelatis,</span> <span class='ocrx_word' id='word_1_117' title='bbox 903 893 935 923; x_wconf 89' lang='lat'>&amp;</span> <span class='ocrx_word' id='word_1_118' title='bbox 950 893 1057 923; x_wconf 82' lang='lat' dir='ltr'>caeteris</span> <span class='ocrx_word' id='word_1_119' title='bbox 1072 891 1142 923; x_wconf 86' lang='lat' dir='ltr'>Pro-</span> 
     </span>
     <span class='ocr_line' id='line_1_18' title="bbox 79 929 1075 968; baseline -0.007 -2"><span class='ocrx_word' id='word_1_120' title='bbox 79 936 188 968; x_wconf 89' lang='lat' dir='ltr'>ceribus</span> <span class='ocrx_word' id='word_1_121' title='bbox 200 934 235 964; x_wconf 92' lang='lat' dir='ltr'>de</span> <span class='ocrx_word' id='word_1_122' title='bbox 251 931 357 968; x_wconf 89' lang='lat' dir='ltr'>Regno</span> <span class='ocrx_word' id='word_1_123' title='bbox 370 931 466 960; x_wconf 87' lang='lat' dir='ltr'>nostro</span> <span class='ocrx_word' id='word_1_124' title='bbox 479 930 618 968; x_wconf 59' lang='lat' dir='ltr'>praedicsto</span> <span class='ocrx_word' id='word_1_125' title='bbox 627 952 636 967; x_wconf 81' lang='lat'>,</span> <span class='ocrx_word' id='word_1_126' title='bbox 653 929 734 967; x_wconf 85' lang='lat' dir='ltr'>super</span> <span class='ocrx_word' id='word_1_127' title='bbox 750 930 887 965; x_wconf 70' lang='lat' dir='ltr'>Negotiis</span> <span class='ocrx_word' id='word_1_128' title='bbox 900 932 1075 961; x_wconf 87' lang='lat' dir='ltr'>memoratis:</span> 
     </span>
     <span class='ocr_line' id='line_1_19' title="bbox 118 968 1143 1012; baseline -0.003 -10"><span class='ocrx_word' id='word_1_129' title='bbox 118 973 196 1012; x_wconf 84' lang='lat' dir='ltr'>Qia</span> <span class='ocrx_word' id='word_1_130' title='bbox 210 979 304 1002; x_wconf 89' lang='lat' dir='ltr'>tamen</span> <span class='ocrx_word' id='word_1_131' title='bbox 321 969 418 1006; x_wconf 88' lang='lat' dir='ltr'>Scoti,</span> <span class='ocrx_word' id='word_1_132' title='bbox 435 969 596 1001; x_wconf 82' lang='lat' dir='ltr'>Inimici&amp;</span> <span class='ocrx_word' id='word_1_133' title='bbox 613 968 743 999; x_wconf 81' lang='lat' dir='ltr'>Rebelles</span> <span class='ocrx_word' id='word_1_134' title='bbox 757 968 862 1007; x_wconf 86' lang='lat' dir='ltr'>nostri,</span> <span class='ocrx_word' id='word_1_135' title='bbox 882 979 953 999; x_wconf 90' lang='lat' dir='ltr'>cum</span> <span class='ocrx_word' id='word_1_136' title='bbox 969 968 1143 1000; x_wconf 88' lang='lat' dir='ltr'>multitudine</span> 
     </span>
     <span class='ocr_line' id='line_1_20' title="bbox 80 1007 1144 1046; baseline -0.007 -3"><span class='ocrx_word' id='word_1_137' title='bbox 80 1010 260 1043; x_wconf 86' lang='lat' dir='ltr'>Armatorum</span> <span class='ocrx_word' id='word_1_138' title='bbox 314 1007 406 1038; x_wconf 89' lang='lat' dir='ltr'>Manu</span> <span class='ocrx_word' id='word_1_139' title='bbox 431 1007 536 1038; x_wconf 84' lang='lat' dir='ltr'>Hostili</span> <span class='ocrx_word' id='word_1_140' title='bbox 551 1030 560 1045; x_wconf 95' lang='lat'>,</span> <span class='ocrx_word' id='word_1_141' title='bbox 583 1007 706 1038; x_wconf 82' lang='lat' dir='ltr'>Terram</span> <span class='ocrx_word' id='word_1_142' title='bbox 720 1007 844 1037; x_wconf 79' lang='lat' dir='ltr'>nostram</span> <span class='ocrx_word' id='word_1_143' title='bbox 862 1007 972 1045; x_wconf 73' lang='lat' dir='ltr'>Angliae</span> <span class='ocrx_word' id='word_1_144' title='bbox 988 1031 998 1046; x_wconf 89' lang='lat'>,</span> <span class='ocrx_word' id='word_1_145' title='bbox 1017 1008 1099 1046; x_wconf 91' lang='lat' dir='ltr'>usque</span> <span class='ocrx_word' id='word_1_146' title='bbox 1114 1008 1144 1036; x_wconf 90' lang='lat' dir='ltr'>in</span> 
     </span>
     <span class='ocr_line' id='line_1_21' title="bbox 80 1030 1146 1085; baseline -0.005 -5"><span class='ocrx_word' id='word_1_147' title='bbox 80 1049 253 1080; x_wconf 89' lang='lat' dir='ltr'>Comitatum</span> <span class='ocrx_word' id='word_1_148' title='bbox 268 1030 414 1085; x_wconf 78' lang='lat' dir='ltr'>Eborum,</span> <span class='ocrx_word' id='word_1_149' title='bbox 431 1045 491 1077; x_wconf 88' lang='lat' dir='ltr'>sunt</span> <span class='ocrx_word' id='word_1_150' title='bbox 505 1046 618 1083; x_wconf 82' lang='lat' dir='ltr'>ingressi</span> <span class='ocrx_word' id='word_1_151' title='bbox 627 1069 636 1084; x_wconf 80' lang='lat'>,</span> <span class='ocrx_word' id='word_1_152' title='bbox 649 1046 832 1084; x_wconf 81' lang='lat' dir='ltr'>Homicidia,</span> <span class='ocrx_word' id='word_1_153' title='bbox 841 1045 1146 1085; x_wconf 85' lang='lat' dir='ltr'>Depraedationes,ln-</span> 
     </span>
     <span class='ocr_line' id='line_1_22' title="bbox 83 1084 896 1125; baseline -0.006 -6"><span class='ocrx_word' id='word_1_154' title='bbox 83 1087 198 1125; x_wconf 87' lang='lat' dir='ltr'>cendia,</span> <span class='ocrx_word' id='word_1_155' title='bbox 215 1086 249 1116; x_wconf 88' lang='lat'>&amp;</span> <span class='ocrx_word' id='word_1_156' title='bbox 265 1085 315 1116; x_wconf 88' lang='lat' dir='ltr'>alia</span> <span class='ocrx_word' id='word_1_157' title='bbox 331 1084 465 1122; x_wconf 85' lang='lat' dir='ltr'>Dampna</span> <span class='ocrx_word' id='word_1_158' title='bbox 481 1085 685 1123; x_wconf 81' lang='lat' dir='ltr'>quamplurima</span> <span class='ocrx_word' id='word_1_159' title='bbox 700 1093 896 1122; x_wconf 80' lang='lat' dir='ltr'>perpetrantes:</span> 
     </span>
     <span class='ocr_line' id='line_1_23' title="bbox 0 1119 1127 1162; baseline -0.003 -7"><span class='ocrx_word' id='word_1_160' title='bbox 0 1119 48 1149; x_wconf 84' lang='lat' dir='ltr'>[II.</span> <span class='ocrx_word' id='word_1_161' title='bbox 120 1126 139 1145; x_wconf 73' lang='lat'>²¹⁵</span> <span class='ocrx_word' id='word_1_162' title='bbox 148 1125 198 1155; x_wconf 90' lang='lat' dir='ltr'>Per</span> <span class='ocrx_word' id='word_1_163' title='bbox 232 1123 288 1155; x_wconf 89' lang='lat' dir='ltr'>uod</span> <span class='ocrx_word' id='word_1_164' title='bbox 302 1133 372 1162; x_wconf 85' lang='lat' dir='ltr'>,pro</span> <span class='ocrx_word' id='word_1_165' title='bbox 386 1123 544 1154; x_wconf 72' lang='lat' dir='ltr'>defensione</span> <span class='ocrx_word' id='word_1_166' title='bbox 558 1125 591 1154; x_wconf 89' lang='lat'>&amp;</span> <span class='ocrx_word' id='word_1_167' title='bbox 603 1124 751 1154; x_wconf 82' lang='lat' dir='ltr'>salvatione</span> <span class='ocrx_word' id='word_1_168' title='bbox 759 1123 788 1152; x_wconf 87' lang='lat' dir='ltr'>T</span> <span class='ocrx_word' id='word_1_169' title='bbox 790 1133 858 1152; x_wconf 68' lang='lat' dir='ltr'>erne</span> <span class='ocrx_word' id='word_1_170' title='bbox 869 1123 971 1153; x_wconf 82' lang='lat' dir='ltr'>nostrae</span> <span class='ocrx_word' id='word_1_171' title='bbox 984 1122 1127 1162; x_wconf 68' lang='lat' dir='ltr'>praedietae</span> 
     </span>
     <span class='ocr_line' id='line_1_24' title="bbox 1 1161 1148 1202; baseline -0.004 -7"><span class='ocrx_word' id='word_1_172' title='bbox 1 1169 26 1196; x_wconf 87' lang='lat'>3·</span> <span class='ocrx_word' id='word_1_173' title='bbox 84 1175 118 1197; x_wconf 86' lang='lat' dir='ltr'>ac</span> <span class='ocrx_word' id='word_1_174' title='bbox 134 1164 210 1202; x_wconf 78' lang='lat' dir='ltr'>repul</span> <span class='ocrx_word' id='word_1_175' title='bbox 222 1172 288 1193; x_wconf 86' lang='lat' dir='ltr'>ione</span> <span class='ocrx_word' id='word_1_176' title='bbox 302 1163 446 1193; x_wconf 57' lang='lat' dir='ltr'>diffitorum</span> <span class='ocrx_word' id='word_1_177' title='bbox 466 1162 654 1192; x_wconf 89' lang='lat' dir='ltr'>Inimicorum</span> <span class='ocrx_word' id='word_1_178' title='bbox 670 1164 702 1192; x_wconf 72' lang='grc' dir='ltr'>ὃ(</span> <span class='ocrx_word' id='word_1_179' title='bbox 719 1161 880 1191; x_wconf 83' lang='lat' dir='ltr'>Rebellium</span> <span class='ocrx_word' id='word_1_180' title='bbox 896 1161 1074 1199; x_wconf 85' lang='lat' dir='ltr'>nostrorum,</span> <span class='ocrx_word' id='word_1_181' title='bbox 1091 1171 1107 1190; x_wconf 90' lang='lat' dir='ltr'>e</span> <span class='ocrx_word' id='word_1_182' title='bbox 1132 1171 1148 1190; x_wconf 91' lang='lat' dir='ltr'>e</span> 
     </span>
     <span class='ocr_line' id='line_1_25' title="bbox 85 1198 1148 1243; baseline -0.003 -11"><span class='ocrx_word' id='word_1_183' title='bbox 85 1203 268 1243; x_wconf 86' lang='lat' dir='ltr'>proponimus</span> <span class='ocrx_word' id='word_1_184' title='bbox 292 1202 320 1231; x_wconf 93' lang='lat' dir='ltr'>in</span> <span class='ocrx_word' id='word_1_185' title='bbox 337 1201 417 1231; x_wconf 91' lang='lat' dir='ltr'>brevi</span> <span class='ocrx_word' id='word_1_186' title='bbox 434 1200 507 1239; x_wconf 87' lang='lat' dir='ltr'>apud</span> <span class='ocrx_word' id='word_1_187' title='bbox 529 1200 658 1230; x_wconf 89' lang='lat' dir='ltr'>Eborum</span> <span class='ocrx_word' id='word_1_188' title='bbox 672 1209 740 1230; x_wconf 91' lang='lat' dir='ltr'>cum</span> <span class='ocrx_word' id='word_1_189' title='bbox 754 1198 839 1235; x_wconf 88' lang='lat' dir='ltr'>Equis</span> <span class='ocrx_word' id='word_1_190' title='bbox 854 1199 887 1228; x_wconf 88' lang='lat'>&amp;</span> <span class='ocrx_word' id='word_1_191' title='bbox 906 1200 1013 1237; x_wconf 82' lang='lat' dir='ltr'>Armis,</span> <span class='ocrx_word' id='word_1_192' title='bbox 1033 1199 1066 1229; x_wconf 89' lang='lat' dir='ltr'>ad</span> <span class='ocrx_word' id='word_1_193' title='bbox 1081 1200 1148 1229; x_wconf 86' lang='lat' dir='ltr'>resi-</span> 
     </span>
     <span class='ocr_line' id='line_1_26' title="bbox 84 1237 1150 1275; baseline -0.004 -4"><span class='ocrx_word' id='word_1_194' title='bbox 84 1239 215 1274; x_wconf 89' lang='lat' dir='ltr'>stendum</span> <span class='ocrx_word' id='word_1_195' title='bbox 238 1240 351 1269; x_wconf 77' lang='lat' dir='ltr'>malitiae</span> <span class='ocrx_word' id='word_1_196' title='bbox 370 1239 512 1270; x_wconf 74' lang='lat' dir='ltr'>dictorum</span> <span class='ocrx_word' id='word_1_197' title='bbox 533 1238 723 1271; x_wconf 86' lang='lat' dir='ltr'>Inimicorum</span> <span class='ocrx_word' id='word_1_198' title='bbox 738 1237 771 1268; x_wconf 88' lang='lat'>&amp;</span> <span class='ocrx_word' id='word_1_199' title='bbox 795 1237 957 1268; x_wconf 82' lang='lat' dir='ltr'>Rebellium</span> <span class='ocrx_word' id='word_1_200' title='bbox 973 1237 1150 1275; x_wconf 85' lang='lat' dir='ltr'>nostrorum,</span> 
     </span>
     <span class='ocr_line' id='line_1_27' title="bbox 87 1275 1151 1316; baseline -0.007 -4"><span class='ocrx_word' id='word_1_201' title='bbox 87 1283 121 1312; x_wconf 93' lang='lat'>&amp;</span> <span class='ocrx_word' id='word_1_202' title='bbox 134 1279 168 1310; x_wconf 89' lang='lat' dir='ltr'>ad</span> <span class='ocrx_word' id='word_1_203' title='bbox 183 1277 415 1316; x_wconf 83' lang='lat' dir='ltr'>proficiscendum</span> <span class='ocrx_word' id='word_1_204' title='bbox 430 1277 531 1308; x_wconf 81' lang='lat' dir='ltr'>exinde</span> <span class='ocrx_word' id='word_1_205' title='bbox 547 1284 644 1307; x_wconf 89' lang='lat' dir='ltr'>contra</span> <span class='ocrx_word' id='word_1_206' title='bbox 658 1285 722 1314; x_wconf 91' lang='lat' dir='ltr'>eos,</span> <span class='ocrx_word' id='word_1_207' title='bbox 748 1285 817 1305; x_wconf 87' lang='lat' dir='ltr'>curn</span> <span class='ocrx_word' id='word_1_208' title='bbox 834 1275 890 1305; x_wconf 88' lang='lat' dir='ltr'>Dei</span> <span class='ocrx_word' id='word_1_209' title='bbox 903 1277 1002 1307; x_wconf 75' lang='lat' dir='ltr'>auxilio</span> <span class='ocrx_word' id='word_1_210' title='bbox 1012 1300 1021 1315; x_wconf 92' lang='lat'>,</span> <span class='ocrx_word' id='word_1_211' title='bbox 1041 1276 1151 1307; x_wconf 86' lang='lat' dir='ltr'>viriliter</span> 
     </span>
     <span class='ocr_line' id='line_1_28' title="bbox 89 1321 280 1350; baseline -0.021 0"><span class='ocrx_word' id='word_1_212' title='bbox 89 1321 123 1350; x_wconf 91' lang='lat'>&amp;</span> <span class='ocrx_word' id='word_1_213' title='bbox 176 1325 280 1348; x_wconf 82' lang='lat' dir='ltr'>tenter:</span> 
     </span>
     <span class='ocr_line' id='line_1_29' title="bbox 126 1327 1154 1394; baseline -0.003 -8"><span class='ocrx_word' id='word_1_214' title='bbox 126 1327 214 1394; x_wconf 48' lang='lat' dir='ltr'>&amp;jus</span> <span class='ocrx_word' id='word_1_215' title='bbox 231 1363 364 1393; x_wconf 82' lang='lat' dir='ltr'>praetextu</span> <span class='ocrx_word' id='word_1_216' title='bbox 386 1353 602 1385; x_wconf 76' lang='lat' dir='ltr'>parliamentum</span> <span class='ocrx_word' id='word_1_217' title='bbox 623 1353 792 1394; x_wconf 67' lang='lat' dir='ltr'>praedietum</span> <span class='ocrx_word' id='word_1_218' title='bbox 807 1376 817 1392; x_wconf 83' lang='lat'>,</span> <span class='ocrx_word' id='word_1_219' title='bbox 847 1353 928 1385; x_wconf 53' lang='lat' dir='ltr'>distis</span> <span class='ocrx_word' id='word_1_220' title='bbox 949 1353 995 1385; x_wconf 85' lang='lat' dir='ltr'>die</span> <span class='ocrx_word' id='word_1_221' title='bbox 1017 1354 1049 1385; x_wconf 89' lang='lat'>&amp;</span> <span class='ocrx_word' id='word_1_222' title='bbox 1070 1352 1154 1391; x_wconf 88' lang='lat' dir='ltr'>loco,</span> 
     </span>
     <span class='ocr_line' id='line_1_30' title="bbox 87 1393 643 1433; baseline -0.007 -7"><span class='ocrx_word' id='word_1_223' title='bbox 87 1404 180 1426; x_wconf 86' lang='lat' dir='ltr'>tenere</span> <span class='ocrx_word' id='word_1_224' title='bbox 194 1404 253 1424; x_wconf 92' lang='lat' dir='ltr'>non</span> <span class='ocrx_word' id='word_1_225' title='bbox 269 1395 434 1432; x_wconf 80' lang='lat' dir='ltr'>poterimus,</span> <span class='ocrx_word' id='word_1_226' title='bbox 451 1402 479 1424; x_wconf 87' lang='lat' dir='ltr'>ut</span> <span class='ocrx_word' id='word_1_227' title='bbox 492 1393 643 1433; x_wconf 76' lang='lat' dir='ltr'>vellemus3</span> 
     </span>
     <span class='ocr_line' id='line_1_31' title="bbox 126 1430 1155 1472; baseline -0.005 -7"><span class='ocrx_word' id='word_1_228' title='bbox 126 1434 218 1465; x_wconf 86' lang='lat' dir='ltr'>Vobis</span> <span class='ocrx_word' id='word_1_229' title='bbox 239 1431 426 1472; x_wconf 61' lang='lat' dir='ltr'>significamus</span> <span class='ocrx_word' id='word_1_230' title='bbox 449 1431 528 1469; x_wconf 82' lang='lat' dir='ltr'>quod</span> <span class='ocrx_word' id='word_1_231' title='bbox 548 1441 599 1462; x_wconf 87' lang='lat' dir='ltr'>vos</span> <span class='ocrx_word' id='word_1_232' title='bbox 614 1454 624 1469; x_wconf 96' lang='lat'>,</span> <span class='ocrx_word' id='word_1_233' title='bbox 651 1430 736 1469; x_wconf 82' lang='lat' dir='ltr'>usque</span> <span class='ocrx_word' id='word_1_234' title='bbox 765 1430 946 1461; x_wconf 82' lang='lat' dir='ltr'>Lincolniam</span> <span class='ocrx_word' id='word_1_235' title='bbox 961 1454 970 1469; x_wconf 87' lang='lat'>,</span> <span class='ocrx_word' id='word_1_236' title='bbox 995 1430 1029 1461; x_wconf 86' lang='lat' dir='ltr'>ad</span> <span class='ocrx_word' id='word_1_237' title='bbox 1046 1430 1155 1460; x_wconf 59' lang='lat' dir='ltr'>dietum</span> 
     </span>
     <span class='ocr_line' id='line_1_32' title="bbox 90 1470 1156 1543; baseline -0.002 -40"><span class='ocrx_word' id='word_1_238' title='bbox 90 1472 270 1543; x_wconf 43' lang='lat' dir='ltr'>ffrastffiu&amp;</span> <span class='ocrx_word' id='word_1_239' title='bbox 290 1471 395 1501; x_wconf 85' lang='lat' dir='ltr'>ratione</span> <span class='ocrx_word' id='word_1_240' title='bbox 408 1470 587 1500; x_wconf 83' lang='lat' dir='ltr'>Parhamenti</span> <span class='ocrx_word' id='word_1_241' title='bbox 605 1470 731 1508; x_wconf 55' lang='lat' dir='ltr'>praedicti</span> <span class='ocrx_word' id='word_1_242' title='bbox 741 1493 751 1509; x_wconf 82' lang='lat'>,</span> <span class='ocrx_word' id='word_1_243' title='bbox 767 1471 862 1501; x_wconf 88' lang='lat' dir='ltr'>venire</span> <span class='ocrx_word' id='word_1_244' title='bbox 879 1470 1030 1500; x_wconf 79' lang='lat' dir='ltr'>nullatenus</span> <span class='ocrx_word' id='word_1_245' title='bbox 1042 1477 1156 1510; x_wconf 75' lang='lat' dir='ltr'>oporte-</span> 
     </span>
     <span class='ocr_line' id='line_1_33' title="bbox 113 1520 142 1541; baseline -0.069 0"><span class='ocrx_word' id='word_1_246' title='bbox 113 1520 142 1541; x_wconf 83' lang='lat' dir='ltr'>it.</span> 
     </span>
     <span class='ocr_line' id='line_1_34' title="bbox 129 1546 922 1589; baseline -0.009 -7"><span class='ocrx_word' id='word_1_247' title='bbox 129 1549 217 1582; x_wconf 87' lang='lat' dir='ltr'>Teste</span> <span class='ocrx_word' id='word_1_248' title='bbox 229 1548 312 1589; x_wconf 87' lang='lat' dir='ltr'>Rege</span> <span class='ocrx_word' id='word_1_249' title='bbox 325 1546 398 1588; x_wconf 89' lang='lat' dir='ltr'>apud</span> <span class='ocrx_word' id='word_1_250' title='bbox 414 1546 716 1586; x_wconf 77' lang='lat' dir='ltr'>Westmonasterium,</span> <span class='ocrx_word' id='word_1_251' title='bbox 737 1546 763 1577; x_wconf 82' lang='lat'>8.</span> <span class='ocrx_word' id='word_1_252' title='bbox 779 1546 826 1578; x_wconf 84' lang='lat' dir='ltr'>die</span> <span class='ocrx_word' id='word_1_253' title='bbox 836 1546 922 1586; x_wconf 80' lang='lat' dir='ltr'>Junii.</span> 
     </span>
    </p>
   </div>
   <div class='ocr_carea' id='block_1_7' title="bbox 12 759 52 776">
    <p class='ocr_par' dir='ltr' id='par_1_7' title="bbox 12 759 52 776">
     <span class='ocr_line' id='line_1_35' title="bbox 12 759 52 776; baseline -0.025 0"><span class='ocrx_word' id='word_1_254' title='bbox 12 759 52 776; x_wconf 79' lang='lat' dir='ltr'>ii.</span> 
     </span>
    </p>
   </div>
   <div class='ocr_carea' id='block_1_8' title="bbox 849 1622 1122 1662">
    <p class='ocr_par' dir='ltr' id='par_1_8' title="bbox 849 1622 1122 1662">
     <span class='ocr_line' id='line_1_36' title="bbox 849 1622 1122 1662; baseline -0.011 -8"><span class='ocrx_word' id='word_1_255' title='bbox 849 1626 901 1654; x_wconf 75' lang='lat' dir='ltr'>Per</span> <span class='ocrx_word' id='word_1_256' title='bbox 919 1622 1000 1662; x_wconf 76' lang='lat' dir='ltr'>ipfimz</span> <span class='ocrx_word' id='word_1_257' title='bbox 1018 1626 1122 1660; x_wconf 78' lang='lat' dir='ltr'>Regem.</span> 
     </span>
    </p>
   </div>
   <div class='ocr_carea' id='block_1_9' title="bbox 95 1699 1161 1781">
    <p class='ocr_par' dir='ltr' id='par_1_9' title="bbox 95 1699 1161 1781">
     <span class='ocr_line' id='line_1_37' title="bbox 130 1699 1161 1740; baseline -0.007 -4"><span class='ocrx_word' id='word_1_258' title='bbox 130 1704 298 1736; x_wconf 77' lang='lat' dir='ltr'>Confimiles</span> <span class='ocrx_word' id='word_1_259' title='bbox 322 1703 424 1735; x_wconf 79' lang='lat' dir='ltr'>Literae</span> <span class='ocrx_word' id='word_1_260' title='bbox 444 1703 602 1740; x_wconf 86' lang='lat' dir='ltr'>diriguntur</span> <span class='ocrx_word' id='word_1_261' title='bbox 622 1700 786 1732; x_wconf 90' lang='lat' dir='ltr'>Comitibus</span> <span class='ocrx_word' id='word_1_262' title='bbox 800 1701 832 1732; x_wconf 68' lang='grc' dir='ltr'>ὅτ.</span> <span class='ocrx_word' id='word_1_263' title='bbox 848 1700 1025 1738; x_wconf 77' lang='lat' dir='ltr'>Majoribus,</span> <span class='ocrx_word' id='word_1_264' title='bbox 1046 1699 1161 1731; x_wconf 75' lang='lat' dir='ltr'>Batoni-</span> 
     </span>
     <span class='ocr_line' id='line_1_38' title="bbox 95 1741 628 1781; baseline -0.008 -6"><span class='ocrx_word' id='word_1_265' title='bbox 95 1746 146 1775; x_wconf 86' lang='lat' dir='ltr'>bus</span> <span class='ocrx_word' id='word_1_266' title='bbox 157 1745 190 1776; x_wconf 88' lang='lat'>&amp;</span> <span class='ocrx_word' id='word_1_267' title='bbox 204 1743 342 1781; x_wconf 74' lang='lat' dir='ltr'>PraelatiS,</span> <span class='ocrx_word' id='word_1_268' title='bbox 361 1743 470 1773; x_wconf 81' lang='lat' dir='ltr'>mutatis</span> <span class='ocrx_word' id='word_1_269' title='bbox 483 1741 628 1772; x_wconf 82' lang='lat' dir='ltr'>mutandis.</span> 
     </span>
    </p>
   </div>
   <div class='ocr_carea' id='block_1_10' title="bbox 99 1808 1155 1834">
    <p class='ocr_par' dir='ltr' id='par_1_10' title="bbox 99 1808 1155 1834">
     <span class='ocr_line' id='line_1_39' title="bbox 99 1808 1155 1834; baseline 0 0"><span class='ocrx_word' id='word_1_270' title='bbox 99 1808 1155 1834; x_wconf 95' lang='lat' dir='ltr'> </span> 
     </span>
    </p>
   </div>
   <div class='ocr_carea' id='block_1_11' title="bbox 143 1873 1117 1970">
    <p class='ocr_par' dir='ltr' id='par_1_11' title="bbox 143 1873 1117 1970">
     <span class='ocr_line' id='line_1_40' title="bbox 143 1873 1117 1923; baseline -0.003 -12"><span class='ocrx_word' id='word_1_271' title='bbox 143 1880 192 1911; x_wconf 90' lang='lat' dir='ltr'>De</span> <span class='ocrx_word' id='word_1_272' title='bbox 224 1875 412 1921; x_wconf 72' lang='lat' dir='ltr'>Nott&#39;ficando</span> <span class='ocrx_word' id='word_1_273' title='bbox 438 1873 599 1910; x_wconf 78' lang='lat' dir='ltr'>Militibus</span> <span class='ocrx_word' id='word_1_274' title='bbox 616 1903 626 1918; x_wconf 91' lang='lat'>‚</span> <span class='ocrx_word' id='word_1_275' title='bbox 666 1873 791 1908; x_wconf 75' lang='lat' dir='ltr'>Civibus</span> <span class='ocrx_word' id='word_1_276' title='bbox 813 1902 824 1917; x_wconf 87' lang='lat'>,</span> <span class='ocrx_word' id='word_1_277' title='bbox 859 1878 896 1913; x_wconf 56' lang='grc' dir='ltr'>(ῤ’</span> <span class='ocrx_word' id='word_1_278' title='bbox 925 1873 1117 1923; x_wconf 67' lang='lat' dir='ltr'>Bnrgcnfibns</span> 
     </span>
     <span class='ocr_line' id='line_1_41' title="bbox 402 1923 829 1970; baseline 0 -12"><span class='ocrx_word' id='word_1_279' title='bbox 402 1928 631 1958; x_wconf 69' lang='lat' dir='ltr'>Revocationem</span> <span class='ocrx_word' id='word_1_280' title='bbox 645 1923 829 1970; x_wconf 51' lang='lat' dir='ltr'>praedic&#39;lam.</span> 
     </span>
    </p>
   </div>
   <div class='ocr_carea' id='block_1_12' title="bbox 0 2008 1177 2664">
    <p class='ocr_par' dir='ltr' id='par_1_12' title="bbox 0 2008 833 2067">
     <span class='ocr_line' id='line_1_42' title="bbox 0 2008 833 2067; baseline -0.008 -19"><span class='ocrx_word' id='word_1_281' title='bbox 0 2027 30 2048; x_wconf 83' lang='lat' dir='ltr'>m.</span> <span class='ocrx_word' id='word_1_282' title='bbox 47 2015 89 2046; x_wconf 90' lang='lat' dir='ltr'>D.</span> <span class='ocrx_word' id='word_1_283' title='bbox 98 2009 178 2067; x_wconf 77' lang='lat' dir='ltr'>RE</span> <span class='ocrx_word' id='word_1_284' title='bbox 188 2010 218 2042; x_wconf 90' lang='lat' dir='ltr'>X</span> <span class='ocrx_word' id='word_1_285' title='bbox 244 2009 411 2041; x_wconf 88' lang='lat' dir='ltr'>Vicecomti</span> <span class='ocrx_word' id='word_1_286' title='bbox 426 2010 528 2041; x_wconf 85' lang='lat' dir='ltr'>Surriae</span> <span class='ocrx_word' id='word_1_287' title='bbox 541 2011 575 2041; x_wconf 73' lang='grc' dir='ltr'>δε</span> <span class='ocrx_word' id='word_1_288' title='bbox 590 2008 690 2048; x_wconf 80' lang='lat' dir='ltr'>Essex,</span> <span class='ocrx_word' id='word_1_289' title='bbox 708 2009 833 2041; x_wconf 83' lang='lat' dir='ltr'>salutem.</span> 
     </span>
    </p>

    <p class='ocr_par' dir='ltr' id='par_1_13' title="bbox 0 2048 1167 2096">
     <span class='ocr_line' id='line_1_43' title="bbox 0 2048 1167 2096; baseline -0.003 -14"><span class='ocrx_word' id='word_1_290' title='bbox 0 2056 59 2096; x_wconf 76' lang='lat'>318.</span> <span class='ocrx_word' id='word_1_291' title='bbox 194 2050 276 2080; x_wconf 89' lang='lat' dir='ltr'>Licet</span> <span class='ocrx_word' id='word_1_292' title='bbox 288 2060 393 2087; x_wconf 84' lang='lat' dir='ltr'>nuper,</span> <span class='ocrx_word' id='word_1_293' title='bbox 409 2059 461 2086; x_wconf 86' lang='lat' dir='ltr'>pro</span> <span class='ocrx_word' id='word_1_294' title='bbox 474 2049 587 2079; x_wconf 85' lang='lat' dir='ltr'>diversis</span> <span class='ocrx_word' id='word_1_295' title='bbox 603 2048 755 2087; x_wconf 67' lang='lat' dir='ltr'>Negotiis,</span> <span class='ocrx_word' id='word_1_296' title='bbox 772 2060 823 2079; x_wconf 87' lang='lat' dir='ltr'>nos</span> <span class='ocrx_word' id='word_1_297' title='bbox 838 2049 871 2079; x_wconf 73' lang='grc' dir='ltr'>ὅ(</span> <span class='ocrx_word' id='word_1_298' title='bbox 888 2048 988 2079; x_wconf 86' lang='lat' dir='ltr'>statum</span> <span class='ocrx_word' id='word_1_299' title='bbox 1002 2048 1102 2086; x_wconf 79' lang='lat' dir='ltr'>Regni</span> <span class='ocrx_word' id='word_1_300' title='bbox 1114 2058 1167 2079; x_wconf 85' lang='lat' dir='ltr'>no-</span> 
     </span>
    </p>

    <p class='ocr_par' dir='ltr' id='par_1_14' title="bbox 2 2087 1169 2128">
     <span class='ocr_line' id='line_1_44' title="bbox 2 2087 1169 2128; baseline -0.003 -7"><span class='ocrx_word' id='word_1_301' title='bbox 2 2117 9 2124; x_wconf 83' lang='lat'><strong><em>.</em></strong></span> <span class='ocrx_word' id='word_1_302' title='bbox 27 2103 67 2121; x_wconf 88' lang='lat' dir='ltr'>ii.</span> <span class='ocrx_word' id='word_1_303' title='bbox 102 2088 150 2119; x_wconf 92' lang='lat' dir='ltr'>stri</span> <span class='ocrx_word' id='word_1_304' title='bbox 164 2089 357 2128; x_wconf 77' lang='lat' dir='ltr'>tangentibuS,</span> <span class='ocrx_word' id='word_1_305' title='bbox 376 2088 597 2117; x_wconf 83' lang='lat' dir='ltr'>Parliamentum</span> <span class='ocrx_word' id='word_1_306' title='bbox 609 2087 736 2117; x_wconf 86' lang='lat' dir='ltr'>nostrum</span> <span class='ocrx_word' id='word_1_307' title='bbox 752 2087 824 2124; x_wconf 88' lang='lat' dir='ltr'>apud</span> <span class='ocrx_word' id='word_1_308' title='bbox 841 2087 1043 2125; x_wconf 86' lang='lat' dir='ltr'>Lincolniam,</span> <span class='ocrx_word' id='word_1_309' title='bbox 1061 2088 1093 2116; x_wconf 87' lang='lat' dir='ltr'>in</span> <span class='ocrx_word' id='word_1_310' title='bbox 1107 2097 1169 2118; x_wconf 88' lang='lat' dir='ltr'>cra-</span> 
     </span>
    </p>

    <p class='ocr_par' dir='ltr' id='par_1_15' title="bbox 6 2125 1104 2163">
     <span class='ocr_line' id='line_1_45' title="bbox 6 2125 1104 2163; baseline -0.003 -5"><span class='ocrx_word' id='word_1_311' title='bbox 6 2142 29 2162; x_wconf 75' lang='lat'>2,</span> <span class='ocrx_word' id='word_1_312' title='bbox 105 2127 179 2159; x_wconf 88' lang='lat' dir='ltr'>stino</span> <span class='ocrx_word' id='word_1_313' title='bbox 194 2127 305 2157; x_wconf 58' lang='lat' dir='ltr'>Sanciae</span> <span class='ocrx_word' id='word_1_314' title='bbox 318 2126 464 2155; x_wconf 79' lang='lat' dir='ltr'>Trinitatis</span> <span class='ocrx_word' id='word_1_315' title='bbox 479 2127 612 2163; x_wconf 79' lang='lat' dir='ltr'>proximo</span> <span class='ocrx_word' id='word_1_316' title='bbox 625 2125 735 2163; x_wconf 87' lang='lat' dir='ltr'>futuro,</span> <span class='ocrx_word' id='word_1_317' title='bbox 753 2125 985 2163; x_wconf 82' lang='lat' dir='ltr'>proposueramus</span> <span class='ocrx_word' id='word_1_318' title='bbox 998 2134 1104 2155; x_wconf 86' lang='lat' dir='ltr'>tenere:</span> 
     </span>
    </p>

    <p class='ocr_par' dir='ltr' id='par_1_16' title="bbox 0 2162 1169 2205">
     <span class='ocr_line' id='line_1_46' title="bbox 0 2162 1169 2205; baseline -0.003 -9"><span class='ocrx_word' id='word_1_319' title='bbox 0 2171 45 2205; x_wconf 65' lang='lat' dir='ltr'>rus.</span> <span class='ocrx_word' id='word_1_320' title='bbox 141 2166 177 2196; x_wconf 86' lang='lat' dir='ltr'>Et</span> <span class='ocrx_word' id='word_1_321' title='bbox 198 2165 250 2196; x_wconf 90' lang='lat' dir='ltr'>tibi</span> <span class='ocrx_word' id='word_1_322' title='bbox 271 2166 483 2202; x_wconf 80' lang='lat' dir='ltr'>praeceperimus</span> <span class='ocrx_word' id='word_1_323' title='bbox 508 2163 588 2202; x_wconf 76' lang='lat' dir='ltr'>quod</span> <span class='ocrx_word' id='word_1_324' title='bbox 604 2185 615 2201; x_wconf 85' lang='lat'>,</span> <span class='ocrx_word' id='word_1_325' title='bbox 640 2163 675 2194; x_wconf 89' lang='lat' dir='ltr'>de</span> <span class='ocrx_word' id='word_1_326' title='bbox 698 2172 815 2201; x_wconf 84' lang='lat' dir='ltr'>utroque</span> <span class='ocrx_word' id='word_1_327' title='bbox 840 2162 987 2193; x_wconf 88' lang='lat' dir='ltr'>Comitatu</span> <span class='ocrx_word' id='word_1_328' title='bbox 1011 2163 1169 2202; x_wconf 57' lang='lat' dir='ltr'>przedizfffi,</span> 
     </span>
    </p>

    <p class='ocr_par' dir='ltr' id='par_1_17' title="bbox 1 2200 1172 2240">
     <span class='ocr_line' id='line_1_47' title="bbox 1 2200 1172 2240; baseline -0.003 -4"><span class='ocrx_word' id='word_1_329' title='bbox 1 2206 44 2236; x_wconf 59' lang='grc' dir='ltr'>,Β</span> <span class='ocrx_word' id='word_1_330' title='bbox 63 2217 88 2234; x_wconf 90' lang='lat'>2.</span> <span class='ocrx_word' id='word_1_331' title='bbox 101 2205 172 2236; x_wconf 84' lang='lat' dir='ltr'>duos</span> <span class='ocrx_word' id='word_1_332' title='bbox 189 2203 296 2234; x_wconf 88' lang='lat' dir='ltr'>Milites</span> <span class='ocrx_word' id='word_1_333' title='bbox 313 2213 319 2231; x_wconf 79' lang='lat' dir='ltr'>z</span> <span class='ocrx_word' id='word_1_334' title='bbox 350 2204 400 2240; x_wconf 86' lang='lat'>&amp;,</span> <span class='ocrx_word' id='word_1_335' title='bbox 417 2202 453 2231; x_wconf 91' lang='lat' dir='ltr'>de</span> <span class='ocrx_word' id='word_1_336' title='bbox 468 2202 587 2240; x_wconf 75' lang='lat' dir='ltr'>qualibet</span> <span class='ocrx_word' id='word_1_337' title='bbox 601 2200 722 2232; x_wconf 85' lang='lat' dir='ltr'>Civitate</span> <span class='ocrx_word' id='word_1_338' title='bbox 737 2201 932 2232; x_wconf 88' lang='lat' dir='ltr'>Comitatuum</span> <span class='ocrx_word' id='word_1_339' title='bbox 949 2202 1172 2240; x_wconf 54' lang='lat' dir='ltr'>praedistorum,</span> 
     </span>
    </p>

    <p class='ocr_par' dir='ltr' id='par_1_18' title="bbox 13 2239 1175 2465">
     <span class='ocr_line' id='line_1_48' title="bbox 13 2239 1173 2285; baseline -0.003 -10"><span class='ocrx_word' id='word_1_340' title='bbox 13 2248 72 2285; x_wconf 81' lang='lat' dir='ltr'>3.d.</span> <span class='ocrx_word' id='word_1_341' title='bbox 102 2244 171 2274; x_wconf 89' lang='lat' dir='ltr'>duos</span> <span class='ocrx_word' id='word_1_342' title='bbox 187 2241 274 2272; x_wconf 84' lang='lat' dir='ltr'>Cives</span> <span class='ocrx_word' id='word_1_343' title='bbox 289 2263 298 2279; x_wconf 91' lang='lat'>,</span> <span class='ocrx_word' id='word_1_344' title='bbox 316 2240 349 2271; x_wconf 64' lang='grc' dir='ltr'>ὃς</span> <span class='ocrx_word' id='word_1_345' title='bbox 364 2264 374 2279; x_wconf 83' lang='grc'>,</span> <span class='ocrx_word' id='word_1_346' title='bbox 399 2240 437 2270; x_wconf 87' lang='lat' dir='ltr'>de</span> <span class='ocrx_word' id='word_1_347' title='bbox 447 2241 572 2277; x_wconf 87' lang='lat' dir='ltr'>quolibet</span> <span class='ocrx_word' id='word_1_348' title='bbox 586 2240 694 2279; x_wconf 79' lang='lat' dir='ltr'>Burgo,</span> <span class='ocrx_word' id='word_1_349' title='bbox 711 2239 781 2270; x_wconf 85' lang='lat' dir='ltr'>duos</span> <span class='ocrx_word' id='word_1_350' title='bbox 796 2239 964 2279; x_wconf 76' lang='lat' dir='ltr'>Burgense33</span> <span class='ocrx_word' id='word_1_351' title='bbox 983 2240 1018 2270; x_wconf 92' lang='lat' dir='ltr'>de</span> <span class='ocrx_word' id='word_1_352' title='bbox 1031 2240 1173 2271; x_wconf 91' lang='lat' dir='ltr'>discretio-</span> 
     </span>
     <span class='ocr_line' id='line_1_49' title="bbox 102 2278 1173 2319; baseline -0.003 -7"><span class='ocrx_word' id='word_1_353' title='bbox 102 2283 193 2319; x_wconf 81' lang='lat' dir='ltr'>ribus,</span> <span class='ocrx_word' id='word_1_354' title='bbox 211 2281 244 2311; x_wconf 87' lang='lat'>&amp;</span> <span class='ocrx_word' id='word_1_355' title='bbox 265 2280 298 2309; x_wconf 87' lang='lat' dir='ltr'>ad</span> <span class='ocrx_word' id='word_1_356' title='bbox 321 2278 519 2309; x_wconf 87' lang='lat' dir='ltr'>Laborandum</span> <span class='ocrx_word' id='word_1_357' title='bbox 543 2279 751 2308; x_wconf 86' lang='lat' dir='ltr'>Potentioribus</span> <span class='ocrx_word' id='word_1_358' title='bbox 766 2301 776 2316; x_wconf 89' lang='lat'>,</span> <span class='ocrx_word' id='word_1_359' title='bbox 801 2279 894 2314; x_wconf 77' lang='lat' dir='ltr'>eligi,</span> <span class='ocrx_word' id='word_1_360' title='bbox 915 2280 948 2309; x_wconf 90' lang='lat'>&amp;</span> <span class='ocrx_word' id='word_1_361' title='bbox 969 2288 1017 2308; x_wconf 91' lang='lat' dir='ltr'>eos</span> <span class='ocrx_word' id='word_1_362' title='bbox 1031 2279 1065 2309; x_wconf 92' lang='lat' dir='ltr'>ad</span> <span class='ocrx_word' id='word_1_363' title='bbox 1080 2279 1173 2310; x_wconf 68' lang='lat' dir='ltr'>dietos</span> 
     </span>
     <span class='ocr_line' id='line_1_50' title="bbox 103 2316 1173 2356; baseline -0.002 -6"><span class='ocrx_word' id='word_1_364' title='bbox 103 2320 204 2350; x_wconf 85' lang='lat' dir='ltr'>locum</span> <span class='ocrx_word' id='word_1_365' title='bbox 219 2319 251 2349; x_wconf 88' lang='lat'>&amp;</span> <span class='ocrx_word' id='word_1_366' title='bbox 262 2317 355 2354; x_wconf 83' lang='lat' dir='ltr'>diem,</span> <span class='ocrx_word' id='word_1_367' title='bbox 375 2319 403 2346; x_wconf 92' lang='lat' dir='ltr'>in</span> <span class='ocrx_word' id='word_1_368' title='bbox 420 2316 541 2346; x_wconf 87' lang='lat' dir='ltr'>crastino</span> <span class='ocrx_word' id='word_1_369' title='bbox 557 2316 714 2356; x_wconf 60' lang='lat' dir='ltr'>praedifm,</span> <span class='ocrx_word' id='word_1_370' title='bbox 728 2317 822 2347; x_wconf 90' lang='lat' dir='ltr'>venire</span> <span class='ocrx_word' id='word_1_371' title='bbox 838 2317 939 2355; x_wconf 77' lang='lat' dir='ltr'>facias,</span> <span class='ocrx_word' id='word_1_372' title='bbox 958 2317 991 2348; x_wconf 89' lang='lat' dir='ltr'>ad</span> <span class='ocrx_word' id='word_1_373' title='bbox 1009 2317 1173 2348; x_wconf 88' lang='lat' dir='ltr'>faciendum</span> 
     </span>
     <span class='ocr_line' id='line_1_51' title="bbox 102 2354 1175 2395; baseline -0.003 -6"><span class='ocrx_word' id='word_1_374' title='bbox 102 2359 137 2389; x_wconf 72' lang='grc' dir='ltr'>δε</span> <span class='ocrx_word' id='word_1_375' title='bbox 158 2355 391 2388; x_wconf 67' lang='lat' dir='ltr'>consentientium</span> <span class='ocrx_word' id='word_1_376' title='bbox 406 2354 477 2393; x_wconf 72' lang='lat' dir='ltr'>hiis,</span> <span class='ocrx_word' id='word_1_377' title='bbox 493 2364 556 2393; x_wconf 81' lang='lat' dir='ltr'>quae</span> <span class='ocrx_word' id='word_1_378' title='bbox 577 2363 647 2384; x_wconf 88' lang='lat' dir='ltr'>tunc</span> <span class='ocrx_word' id='word_1_379' title='bbox 668 2355 794 2393; x_wconf 82' lang='lat' dir='ltr'>ibidem,</span> <span class='ocrx_word' id='word_1_380' title='bbox 813 2355 846 2385; x_wconf 67' lang='grc' dir='ltr'>ὃς</span> <span class='ocrx_word' id='word_1_381' title='bbox 861 2356 1013 2385; x_wconf 89' lang='lat' dir='ltr'>communi</span> <span class='ocrx_word' id='word_1_382' title='bbox 1030 2354 1175 2395; x_wconf 84' lang='lat' dir='ltr'>Consilio,</span> 
     </span>
     <span class='ocr_line' id='line_1_52' title="bbox 103 2391 1174 2463; baseline -0.002 -37"><span class='ocrx_word' id='word_1_383' title='bbox 103 2396 227 2463; x_wconf 39' lang='lat' dir='ltr'>ordinari</span> <span class='ocrx_word' id='word_1_384' title='bbox 249 2396 427 2431; x_wconf 88' lang='lat' dir='ltr'>contingeret</span> <span class='ocrx_word' id='word_1_385' title='bbox 446 2403 453 2423; x_wconf 95' lang='grc'>·.</span> <span class='ocrx_word' id='word_1_386' title='bbox 479 2394 557 2432; x_wconf 84' lang='lat' dir='ltr'>Qia</span> <span class='ocrx_word' id='word_1_387' title='bbox 570 2402 665 2424; x_wconf 87' lang='lat' dir='ltr'>tamen</span> <span class='ocrx_word' id='word_1_388' title='bbox 681 2393 759 2424; x_wconf 84' lang='lat' dir='ltr'>Scoti</span> <span class='ocrx_word' id='word_1_389' title='bbox 772 2416 782 2432; x_wconf 90' lang='lat'>,</span> <span class='ocrx_word' id='word_1_390' title='bbox 807 2391 867 2428; x_wconf 60' lang='grc' dir='ltr'>ὠς.</span> <span class='ocrx_word' id='word_1_391' title='bbox 882 2400 913 2423; x_wconf 77' lang='lat' dir='ltr'>ut</span> <span class='ocrx_word' id='word_1_392' title='bbox 922 2393 1007 2432; x_wconf 63' lang='lat' dir='ltr'>siaepra</span> <span class='ocrx_word' id='word_1_393' title='bbox 1022 2393 1106 2435; x_wconf 60' lang='lat' dir='ltr'>usque</span> <span class='ocrx_word' id='word_1_394' title='bbox 1117 2394 1174 2424; x_wconf 71' lang='lat' dir='ltr'>haec</span> 
     </span>
     <span class='ocr_line' id='line_1_53' title="bbox 105 2444 287 2465; baseline -0.022 0"><span class='ocrx_word' id='word_1_395' title='bbox 105 2445 157 2465; x_wconf 80' lang='lat' dir='ltr'>ver</span> <span class='ocrx_word' id='word_1_396' title='bbox 175 2446 208 2464; x_wconf 86' lang='lat' dir='ltr'>a.</span> <span class='ocrx_word' id='word_1_397' title='bbox 225 2444 287 2462; x_wconf 71' lang='lat' dir='ltr'>viz.</span> 
     </span>
    </p>

    <p class='ocr_par' dir='ltr' id='par_1_19' title="bbox 105 2469 1177 2586">
     <span class='ocr_line' id='line_1_54' title="bbox 140 2469 1177 2510; baseline -0.002 -7"><span class='ocrx_word' id='word_1_398' title='bbox 140 2473 213 2503; x_wconf 83' lang='lat' dir='ltr'>Tibi</span> <span class='ocrx_word' id='word_1_399' title='bbox 231 2472 410 2510; x_wconf 74' lang='lat' dir='ltr'>praecipimus</span> <span class='ocrx_word' id='word_1_400' title='bbox 435 2469 513 2510; x_wconf 87' lang='lat' dir='ltr'>quod</span> <span class='ocrx_word' id='word_1_401' title='bbox 533 2471 568 2500; x_wconf 78' lang='lat' dir='ltr'>in</span> <span class='ocrx_word' id='word_1_402' title='bbox 578 2469 762 2508; x_wconf 83' lang='lat' dir='ltr'>Civitatibus,</span> <span class='ocrx_word' id='word_1_403' title='bbox 777 2469 894 2509; x_wconf 75' lang='lat' dir='ltr'>Burgis,</span> <span class='ocrx_word' id='word_1_404' title='bbox 912 2471 946 2501; x_wconf 88' lang='lat'>&amp;</span> <span class='ocrx_word' id='word_1_405' title='bbox 963 2469 1042 2500; x_wconf 84' lang='lat' dir='ltr'>Villis</span> <span class='ocrx_word' id='word_1_406' title='bbox 1061 2471 1177 2501; x_wconf 86' lang='lat' dir='ltr'>Merca-</span> 
     </span>
     <span class='ocr_line' id='line_1_55' title="bbox 106 2509 1177 2549; baseline -0.003 -7"><span class='ocrx_word' id='word_1_407' title='bbox 106 2512 199 2549; x_wconf 82' lang='lat' dir='ltr'>toriis,</span> <span class='ocrx_word' id='word_1_408' title='bbox 218 2511 247 2540; x_wconf 90' lang='lat' dir='ltr'>in</span> <span class='ocrx_word' id='word_1_409' title='bbox 261 2509 364 2541; x_wconf 71' lang='lat' dir='ltr'>Balliva</span> <span class='ocrx_word' id='word_1_410' title='bbox 378 2509 425 2540; x_wconf 69' lang='lat' dir='ltr'>tua</span> <span class='ocrx_word' id='word_1_411' title='bbox 439 2533 450 2548; x_wconf 94' lang='lat'>,</span> <span class='ocrx_word' id='word_1_412' title='bbox 466 2510 517 2540; x_wconf 91' lang='lat' dir='ltr'>ubi</span> <span class='ocrx_word' id='word_1_413' title='bbox 530 2509 661 2546; x_wconf 80' lang='lat' dir='ltr'>expedire</span> <span class='ocrx_word' id='word_1_414' title='bbox 675 2509 796 2548; x_wconf 85' lang='lat' dir='ltr'>videris,</span> <span class='ocrx_word' id='word_1_415' title='bbox 813 2519 847 2539; x_wconf 88' lang='lat' dir='ltr'>ex</span> <span class='ocrx_word' id='word_1_416' title='bbox 862 2519 936 2548; x_wconf 86' lang='lat' dir='ltr'>parte</span> <span class='ocrx_word' id='word_1_417' title='bbox 950 2509 1046 2539; x_wconf 72' lang='lat' dir='ltr'>nostra</span> <span class='ocrx_word' id='word_1_418' title='bbox 1062 2510 1177 2547; x_wconf 77' lang='lat' dir='ltr'>publice</span> 
     </span>
     <span class='ocr_line' id='line_1_56' title="bbox 105 2547 1176 2586; baseline -0.002 -6"><span class='ocrx_word' id='word_1_419' title='bbox 105 2549 279 2580; x_wconf 87' lang='lat' dir='ltr'>Proclamari</span> <span class='ocrx_word' id='word_1_420' title='bbox 295 2548 397 2586; x_wconf 85' lang='lat' dir='ltr'>facias,</span> <span class='ocrx_word' id='word_1_421' title='bbox 415 2548 493 2586; x_wconf 90' lang='lat' dir='ltr'>quod</span> <span class='ocrx_word' id='word_1_422' title='bbox 511 2547 641 2585; x_wconf 74' lang='lat' dir='ltr'>praesatos</span> <span class='ocrx_word' id='word_1_423' title='bbox 658 2547 766 2577; x_wconf 85' lang='lat' dir='ltr'>Milites</span> <span class='ocrx_word' id='word_1_424' title='bbox 801 2547 888 2579; x_wconf 91' lang='lat' dir='ltr'>Cives</span> <span class='ocrx_word' id='word_1_425' title='bbox 907 2549 940 2579; x_wconf 84' lang='lat'>&amp;</span> <span class='ocrx_word' id='word_1_426' title='bbox 958 2547 1127 2586; x_wconf 77' lang='lat' dir='ltr'>Burgenses,</span> <span class='ocrx_word' id='word_1_427' title='bbox 1143 2548 1176 2579; x_wconf 92' lang='lat' dir='ltr'>ad</span> 
     </span>
    </p>

    <p class='ocr_par' dir='ltr' id='par_1_20' title="bbox 89 2571 1177 2664">
     <span class='ocr_line' id='line_1_57' title="bbox 89 2571 1177 2625; baseline -0.001 -7"><span class='ocrx_word' id='word_1_428' title='bbox 89 2594 94 2602; x_wconf 71' lang='lat'><em>³</em></span> <span class='ocrx_word' id='word_1_429' title='bbox 108 2587 184 2618; x_wconf 90' lang='lat' dir='ltr'>diem</span> <span class='ocrx_word' id='word_1_430' title='bbox 204 2589 236 2618; x_wconf 66' lang='grc' dir='ltr'>ὃς</span> <span class='ocrx_word' id='word_1_431' title='bbox 262 2588 360 2617; x_wconf 90' lang='lat' dir='ltr'>locum</span> <span class='ocrx_word' id='word_1_432' title='bbox 384 2586 533 2624; x_wconf 66' lang='lat' dir='ltr'>praedictos</span> <span class='ocrx_word' id='word_1_433' title='bbox 546 2609 556 2624; x_wconf 65' lang='lat'>2</span> <span class='ocrx_word' id='word_1_434' title='bbox 583 2587 690 2617; x_wconf 86' lang='lat' dir='ltr'>ratione</span> <span class='ocrx_word' id='word_1_435' title='bbox 717 2571 894 2617; x_wconf 74' lang='lat' dir='ltr'>Parsiamenti</span> <span class='ocrx_word' id='word_1_436' title='bbox 915 2585 1063 2625; x_wconf 72' lang='lat' dir='ltr'>praedicti,</span> <span class='ocrx_word' id='word_1_437' title='bbox 1080 2588 1177 2618; x_wconf 85' lang='lat' dir='ltr'>venire</span> 
     </span>
     <span class='ocr_line' id='line_1_58' title="bbox 110 2626 430 2664; baseline -0.009 -6"><span class='ocrx_word' id='word_1_438' title='bbox 110 2626 261 2658; x_wconf 86' lang='lat' dir='ltr'>nullatenus</span> <span class='ocrx_word' id='word_1_439' title='bbox 277 2626 430 2664; x_wconf 84' lang='lat' dir='ltr'>oportebit.</span> 
     </span>
    </p>
   </div>
   <div class='ocr_carea' id='block_1_13' title="bbox 142 2662 953 2704">
    <p class='ocr_par' dir='ltr' id='par_1_21' title="bbox 142 2662 953 2704">
     <span class='ocr_line' id='line_1_59' title="bbox 142 2662 953 2704; baseline -0.001 -8"><span class='ocrx_word' id='word_1_440' title='bbox 142 2665 230 2697; x_wconf 83' lang='lat' dir='ltr'>Teste</span> <span class='ocrx_word' id='word_1_441' title='bbox 249 2664 332 2703; x_wconf 86' lang='lat' dir='ltr'>Rege</span> <span class='ocrx_word' id='word_1_442' title='bbox 351 2665 423 2703; x_wconf 85' lang='lat' dir='ltr'>apud</span> <span class='ocrx_word' id='word_1_443' title='bbox 440 2662 747 2703; x_wconf 81' lang='lat' dir='ltr'>Westmonasterium,</span> <span class='ocrx_word' id='word_1_444' title='bbox 765 2664 792 2696; x_wconf 88' lang='lat'>8.</span> <span class='ocrx_word' id='word_1_445' title='bbox 809 2663 856 2695; x_wconf 89' lang='lat' dir='ltr'>die</span> <span class='ocrx_word' id='word_1_446' title='bbox 865 2662 953 2704; x_wconf 89' lang='lat' dir='ltr'>Junii.</span> 
     </span>
    </p>
   </div>
   <div class='ocr_carea' id='block_1_14' title="bbox 745 2741 1022 2782">
    <p class='ocr_par' dir='ltr' id='par_1_22' title="bbox 745 2741 1022 2782">
     <span class='ocr_line' id='line_1_60' title="bbox 745 2741 1022 2782; baseline -0.007 -9"><span class='ocrx_word' id='word_1_447' title='bbox 745 2743 798 2773; x_wconf 80' lang='lat' dir='ltr'>Per</span> <span class='ocrx_word' id='word_1_448' title='bbox 815 2741 898 2782; x_wconf 74' lang='lat' dir='ltr'>iinmz</span> <span class='ocrx_word' id='word_1_449' title='bbox 916 2744 1022 2779; x_wconf 82' lang='lat' dir='ltr'>Regem.</span> 
     </span>
    </p>
   </div>
   <div class='ocr_carea' id='block_1_15' title="bbox 111 2814 1179 2895">
    <p class='ocr_par' dir='ltr' id='par_1_23' title="bbox 111 2814 1179 2895">
     <span class='ocr_line' id='line_1_61' title="bbox 111 2814 1179 2895; baseline -0.001 -45"><span class='ocrx_word' id='word_1_450' title='bbox 111 2817 315 2895; x_wconf 51' lang='lat' dir='ltr'>nggnfimiles</span> <span class='ocrx_word' id='word_1_451' title='bbox 342 2819 442 2850; x_wconf 84' lang='lat' dir='ltr'>Literae</span> <span class='ocrx_word' id='word_1_452' title='bbox 466 2819 624 2857; x_wconf 84' lang='lat' dir='ltr'>diriguntur</span> <span class='ocrx_word' id='word_1_453' title='bbox 649 2818 762 2857; x_wconf 69' lang='lat' dir='ltr'>singulis</span> <span class='ocrx_word' id='word_1_454' title='bbox 786 2818 1016 2851; x_wconf 82' lang='lat' dir='ltr'>Vicecomitibus</span> <span class='ocrx_word' id='word_1_455' title='bbox 1042 2825 1093 2858; x_wconf 83' lang='lat' dir='ltr'>per</span> <span class='ocrx_word' id='word_1_456' title='bbox 1118 2814 1179 2850; x_wconf 77' lang='lat' dir='ltr'>An-</span> 
     </span>
     <span class='ocr_line' id='line_1_62' title="bbox 144 2868 210 2888; baseline 0.015 -1"><span class='ocrx_word' id='word_1_457' title='bbox 144 2868 169 2888; x_wconf 84' lang='lat' dir='ltr'>ia</span> <span class='ocrx_word' id='word_1_458' title='bbox 203 2881 210 2888; x_wconf 90' lang='lat'>.</span> 
     </span>
    </p>
   </div>
   <div class='ocr_carea' id='block_1_16' title="bbox 159 2986 1134 3033">
    <p class='ocr_par' dir='ltr' id='par_1_24' title="bbox 159 2986 1134 3033">
     <span class='ocr_line' id='line_1_63' title="bbox 159 2986 1134 3033; baseline -0.001 -14"><span class='ocrx_word' id='word_1_459' title='bbox 159 2986 210 3018; x_wconf 71' lang='lat' dir='ltr'>De</span> <span class='ocrx_word' id='word_1_460' title='bbox 229 2987 355 3033; x_wconf 67' lang='lat' dir='ltr'>Treagis</span> <span class='ocrx_word' id='word_1_461' title='bbox 373 2986 494 3019; x_wconf 80' lang='lat' dir='ltr'>violatis</span> <span class='ocrx_word' id='word_1_462' title='bbox 507 3012 518 3029; x_wconf 88' lang='lat'>,</span> <span class='ocrx_word' id='word_1_463' title='bbox 542 2989 578 3024; x_wconf 54' lang='grc' dir='ltr'>«ᾧ</span> <span class='ocrx_word' id='word_1_464' title='bbox 597 2986 632 3019; x_wconf 84' lang='lat' dir='ltr'>de</span> <span class='ocrx_word' id='word_1_465' title='bbox 648 2987 780 3019; x_wconf 77' lang='lat' dir='ltr'>servitio</span> <span class='ocrx_word' id='word_1_466' title='bbox 801 2988 888 3032; x_wconf 80' lang='lat' dir='ltr'>Regis</span> <span class='ocrx_word' id='word_1_467' title='bbox 906 2993 1009 3018; x_wconf 83' lang='lat' dir='ltr'>contra</span> <span class='ocrx_word' id='word_1_468' title='bbox 1028 2986 1134 3018; x_wconf 83' lang='lat' dir='ltr'>Scotos.</span> 
     </span>
    </p>
   </div>
   <div class='ocr_carea' id='block_1_17' title="bbox 0 3072 1183 4035">
    <p class='ocr_par' dir='ltr' id='par_1_25' title="bbox 0 3072 1183 3531">
     <span class='ocr_line' id='line_1_64' title="bbox 0 3072 1183 3129; baseline -0.003 -22"><span class='ocrx_word' id='word_1_469' title='bbox 0 3096 47 3118; x_wconf 50' lang='lat' dir='ltr'>nn,</span> <span class='ocrx_word' id='word_1_470' title='bbox 60 3085 100 3118; x_wconf 55' lang='lat' dir='ltr'>D,</span> <span class='ocrx_word' id='word_1_471' title='bbox 115 3074 235 3129; x_wconf 82' lang='lat' dir='ltr'>REX</span> <span class='ocrx_word' id='word_1_472' title='bbox 251 3098 260 3114; x_wconf 87' lang='lat'>,</span> <span class='ocrx_word' id='word_1_473' title='bbox 284 3075 391 3107; x_wconf 66' lang='lat' dir='ltr'>dileeto</span> <span class='ocrx_word' id='word_1_474' title='bbox 416 3074 638 3113; x_wconf 87' lang='lat' dir='ltr'>Consanguineo</span> <span class='ocrx_word' id='word_1_475' title='bbox 662 3074 696 3105; x_wconf 92' lang='lat'>&amp;</span> <span class='ocrx_word' id='word_1_476' title='bbox 721 3072 796 3105; x_wconf 87' lang='lat' dir='ltr'>fideli</span> <span class='ocrx_word' id='word_1_477' title='bbox 820 3074 869 3105; x_wconf 87' lang='lat' dir='ltr'>suo</span> <span class='ocrx_word' id='word_1_478' title='bbox 882 3093 894 3112; x_wconf 82' lang='lat'>,</span> <span class='ocrx_word' id='word_1_479' title='bbox 915 3074 1047 3105; x_wconf 84' lang='lat' dir='ltr'>Thomae</span> <span class='ocrx_word' id='word_1_480' title='bbox 1066 3072 1183 3105; x_wconf 89' lang='lat' dir='ltr'>Comiti</span> 
     </span>
     <span class='ocr_line' id='line_1_65' title="bbox 0 3113 922 3166; baseline -0.005 -19"><span class='ocrx_word' id='word_1_481' title='bbox 0 3126 81 3166; x_wconf 55' lang='lat'><strong>1313·</strong></span> <span class='ocrx_word' id='word_1_482' title='bbox 190 3114 358 3146; x_wconf 84' lang='lat' dir='ltr'>Lancastriae</span> <span class='ocrx_word' id='word_1_483' title='bbox 367 3137 378 3153; x_wconf 93' lang='lat'>,</span> <span class='ocrx_word' id='word_1_484' title='bbox 391 3113 513 3158; x_wconf 73' lang='lat' dir='ltr'>[alutem.</span> <span class='ocrx_word' id='word_1_485' title='bbox 613 3153 618 3158; x_wconf 32' lang='grc' dir='ltr'>ι</span> <span class='ocrx_word' id='word_1_486' title='bbox 917 3152 922 3157; x_wconf 40' lang='grc'>.</span> 
     </span>
     <span class='ocr_line' id='line_1_66' title="bbox 1 3149 1182 3193; baseline -0.004 -8"><span class='ocrx_word' id='word_1_487' title='bbox 1 3174 24 3192; x_wconf 76' lang='lat' dir='ltr'>n.</span> <span class='ocrx_word' id='word_1_488' title='bbox 42 3174 86 3193; x_wconf 64' lang='grc' dir='ltr'>ῃ,</span> <span class='ocrx_word' id='word_1_489' title='bbox 151 3153 254 3192; x_wconf 81' lang='lat' dir='ltr'>Nuper</span> <span class='ocrx_word' id='word_1_490' title='bbox 277 3151 469 3184; x_wconf 70' lang='lat' dir='ltr'>Sanfflffimus</span> <span class='ocrx_word' id='word_1_491' title='bbox 492 3163 523 3182; x_wconf 89' lang='lat' dir='ltr'>in</span> <span class='ocrx_word' id='word_1_492' title='bbox 547 3151 664 3183; x_wconf 84' lang='lat' dir='ltr'>Christo</span> <span class='ocrx_word' id='word_1_493' title='bbox 691 3151 771 3182; x_wconf 85' lang='lat' dir='ltr'>Pater</span> <span class='ocrx_word' id='word_1_494' title='bbox 787 3174 797 3189; x_wconf 88' lang='lat'>,</span> <span class='ocrx_word' id='word_1_495' title='bbox 832 3149 977 3181; x_wconf 82' lang='lat' dir='ltr'>Dominus</span> <span class='ocrx_word' id='word_1_496' title='bbox 998 3149 1024 3189; x_wconf 92' lang='lat' dir='ltr'>J.</span> <span class='ocrx_word' id='word_1_497' title='bbox 1049 3150 1182 3181; x_wconf 90' lang='lat' dir='ltr'>Summus</span> 
     </span>
     <span class='ocr_line' id='line_1_67' title="bbox 2 3189 1181 3229; baseline -0.003 -6"><span class='ocrx_word' id='word_1_498' title='bbox 2 3224 6 3229; x_wconf 74' lang='grc'><strong>,</strong></span> <span class='ocrx_word' id='word_1_499' title='bbox 117 3191 250 3223; x_wconf 82' lang='lat' dir='ltr'>Pontifex</span> <span class='ocrx_word' id='word_1_500' title='bbox 263 3213 273 3228; x_wconf 90' lang='lat'>‚</span> <span class='ocrx_word' id='word_1_501' title='bbox 297 3190 448 3222; x_wconf 87' lang='lat' dir='ltr'>desiderans</span> <span class='ocrx_word' id='word_1_502' title='bbox 471 3192 544 3222; x_wconf 89' lang='lat' dir='ltr'>inter</span> <span class='ocrx_word' id='word_1_503' title='bbox 564 3190 739 3221; x_wconf 88' lang='lat' dir='ltr'>Christianos</span> <span class='ocrx_word' id='word_1_504' title='bbox 756 3189 896 3220; x_wconf 84' lang='lat' dir='ltr'>discordes</span> <span class='ocrx_word' id='word_1_505' title='bbox 913 3190 990 3227; x_wconf 87' lang='lat' dir='ltr'>pacis</span> <span class='ocrx_word' id='word_1_506' title='bbox 1004 3190 1038 3220; x_wconf 90' lang='lat'>&amp;</span> <span class='ocrx_word' id='word_1_507' title='bbox 1057 3199 1181 3219; x_wconf 90' lang='lat' dir='ltr'>concor-</span> 
     </span>
     <span class='ocr_line' id='line_1_68' title="bbox 2 3227 1181 3278; baseline -0.004 -16"><span class='ocrx_word' id='word_1_508' title='bbox 2 3241 56 3278; x_wconf 56' lang='lat' dir='ltr'>&#39;‘ms·</span> <span class='ocrx_word' id='word_1_509' title='bbox 118 3231 173 3262; x_wconf 83' lang='lat' dir='ltr'>diae</span> <span class='ocrx_word' id='word_1_510' title='bbox 193 3230 311 3262; x_wconf 85' lang='lat' dir='ltr'>Foedera</span> <span class='ocrx_word' id='word_1_511' title='bbox 328 3230 495 3267; x_wconf 82' lang='lat' dir='ltr'>reformare,</span> <span class='ocrx_word' id='word_1_512' title='bbox 511 3231 544 3260; x_wconf 91' lang='lat'>&amp;</span> <span class='ocrx_word' id='word_1_513' title='bbox 563 3229 739 3260; x_wconf 80' lang='lat' dir='ltr'>Guerrarum</span> <span class='ocrx_word' id='word_1_514' title='bbox 756 3229 879 3259; x_wconf 87' lang='lat' dir='ltr'>turbines</span> <span class='ocrx_word' id='word_1_515' title='bbox 898 3227 1046 3265; x_wconf 85' lang='lat' dir='ltr'>pacificare</span> <span class='ocrx_word' id='word_1_516' title='bbox 1066 3237 1119 3265; x_wconf 88' lang='lat' dir='ltr'>pro</span> <span class='ocrx_word' id='word_1_517' title='bbox 1137 3228 1181 3258; x_wconf 82' lang='lat' dir='ltr'>vi-</span> 
     </span>
     <span class='ocr_line' id='line_1_69' title="bbox 2 3266 1182 3309; baseline -0.004 -9"><span class='ocrx_word' id='word_1_518' title='bbox 2 3288 19 3306; x_wconf 74' lang='lat' dir='ltr'>z.</span> <span class='ocrx_word' id='word_1_519' title='bbox 34 3283 64 3306; x_wconf 69' lang='lat' dir='ltr'>p„</span> <span class='ocrx_word' id='word_1_520' title='bbox 80 3288 106 3309; x_wconf 61' lang='lat'>2,</span> <span class='ocrx_word' id='word_1_521' title='bbox 118 3270 192 3300; x_wconf 89' lang='lat' dir='ltr'>ribus</span> <span class='ocrx_word' id='word_1_522' title='bbox 219 3269 252 3300; x_wconf 65' lang='grc' dir='ltr'>ὃς</span> <span class='ocrx_word' id='word_1_523' title='bbox 275 3267 376 3298; x_wconf 83' lang='lat' dir='ltr'>Sedare</span> <span class='ocrx_word' id='word_1_524' title='bbox 388 3290 399 3306; x_wconf 89' lang='lat'>,</span> <span class='ocrx_word' id='word_1_525' title='bbox 424 3267 503 3305; x_wconf 85' lang='lat' dir='ltr'>super</span> <span class='ocrx_word' id='word_1_526' title='bbox 520 3268 633 3299; x_wconf 72' lang='lat' dir='ltr'>Guerra</span> <span class='ocrx_word' id='word_1_527' title='bbox 681 3277 767 3306; x_wconf 90' lang='lat' dir='ltr'>quam</span> <span class='ocrx_word' id='word_1_528' title='bbox 792 3266 874 3297; x_wconf 92' lang='lat' dir='ltr'>Scoti</span> <span class='ocrx_word' id='word_1_529' title='bbox 891 3275 991 3297; x_wconf 83' lang='lat' dir='ltr'>contra</span> <span class='ocrx_word' id='word_1_530' title='bbox 1008 3275 1060 3296; x_wconf 90' lang='lat' dir='ltr'>nos</span> <span class='ocrx_word' id='word_1_531' title='bbox 1079 3276 1182 3296; x_wconf 89' lang='lat' dir='ltr'>move-</span> 
     </span>
     <span class='ocr_line' id='line_1_70' title="bbox 6 3290 1179 3348; baseline -0.003 -9"><span class='ocrx_word' id='word_1_532' title='bbox 6 3338 11 3344; x_wconf 73' lang='lat'>,</span> <span class='ocrx_word' id='word_1_533' title='bbox 25 3319 84 3347; x_wconf 81' lang='lat' dir='ltr'><em>2.d.</em></span> <span class='ocrx_word' id='word_1_534' title='bbox 116 3316 201 3345; x_wconf 82' lang='lat' dir='ltr'>runt,</span> <span class='ocrx_word' id='word_1_535' title='bbox 224 3307 274 3338; x_wconf 88' lang='lat' dir='ltr'>sub</span> <span class='ocrx_word' id='word_1_536' title='bbox 290 3305 336 3344; x_wconf 90' lang='lat' dir='ltr'>spe</span> <span class='ocrx_word' id='word_1_537' title='bbox 354 3307 428 3344; x_wconf 87' lang='lat' dir='ltr'>pacis</span> <span class='ocrx_word' id='word_1_538' title='bbox 446 3306 575 3337; x_wconf 85' lang='lat' dir='ltr'>ineundoe</span> <span class='ocrx_word' id='word_1_539' title='bbox 593 3306 626 3337; x_wconf 73' lang='grc' dir='ltr'>δε</span> <span class='ocrx_word' id='word_1_540' title='bbox 643 3290 789 3336; x_wconf 64' lang='lat' dir='ltr'>sirmandae</span> <span class='ocrx_word' id='word_1_541' title='bbox 804 3328 816 3343; x_wconf 95' lang='lat'>,</span> <span class='ocrx_word' id='word_1_542' title='bbox 831 3305 961 3342; x_wconf 84' lang='lat' dir='ltr'>Treugas</span> <span class='ocrx_word' id='word_1_543' title='bbox 975 3304 1009 3335; x_wconf 89' lang='lat' dir='ltr'>ad</span> <span class='ocrx_word' id='word_1_544' title='bbox 1028 3304 1179 3348; x_wconf 75' lang='lat' dir='ltr'>Biennium</span> 
     </span>
     <span class='ocr_line' id='line_1_71' title="bbox 113 3342 1180 3384; baseline -0.003 -8"><span class='ocrx_word' id='word_1_545' title='bbox 113 3347 215 3377; x_wconf 82' lang='lat' dir='ltr'>indixit</span> <span class='ocrx_word' id='word_1_546' title='bbox 230 3370 241 3384; x_wconf 89' lang='lat'>,</span> <span class='ocrx_word' id='word_1_547' title='bbox 265 3345 299 3376; x_wconf 70' lang='grc' dir='ltr'>δί</span> <span class='ocrx_word' id='word_1_548' title='bbox 316 3354 360 3375; x_wconf 85' lang='lat' dir='ltr'>eas</span> <span class='ocrx_word' id='word_1_549' title='bbox 374 3343 443 3374; x_wconf 82' lang='lat' dir='ltr'>fecit</span> <span class='ocrx_word' id='word_1_550' title='bbox 466 3345 516 3375; x_wconf 87' lang='lat' dir='ltr'>sub</span> <span class='ocrx_word' id='word_1_551' title='bbox 540 3345 622 3375; x_wconf 84' lang='lat' dir='ltr'>certis</span> <span class='ocrx_word' id='word_1_552' title='bbox 642 3343 742 3375; x_wconf 76' lang='lat' dir='ltr'>Poenis</span> <span class='ocrx_word' id='word_1_553' title='bbox 763 3343 957 3381; x_wconf 78' lang='lat' dir='ltr'>spiritualibus</span> <span class='ocrx_word' id='word_1_554' title='bbox 969 3365 979 3381; x_wconf 93' lang='lat'>,</span> <span class='ocrx_word' id='word_1_555' title='bbox 1001 3342 1180 3381; x_wconf 87' lang='lat' dir='ltr'>solempniter</span> 
     </span>
     <span class='ocr_line' id='line_1_72' title="bbox 136 3385 266 3415; baseline -0.015 0"><span class='ocrx_word' id='word_1_556' title='bbox 136 3385 266 3415; x_wconf 85' lang='lat' dir='ltr'>ublicari:</span> 
     </span>
     <span class='ocr_line' id='line_1_73' title="bbox 115 3396 1178 3459; baseline -0.004 -5"><span class='ocrx_word' id='word_1_557' title='bbox 115 3396 134 3423; x_wconf 71' lang='lat' dir='ltr'>p</span> <span class='ocrx_word' id='word_1_558' title='bbox 149 3423 186 3454; x_wconf 89' lang='lat' dir='ltr'>Et</span> <span class='ocrx_word' id='word_1_559' title='bbox 203 3424 269 3454; x_wconf 89' lang='lat' dir='ltr'>licet</span> <span class='ocrx_word' id='word_1_560' title='bbox 288 3431 340 3452; x_wconf 87' lang='lat' dir='ltr'>nos</span> <span class='ocrx_word' id='word_1_561' title='bbox 355 3443 366 3459; x_wconf 91' lang='lat'>,</span> <span class='ocrx_word' id='word_1_562' title='bbox 392 3427 423 3450; x_wconf 94' lang='lat' dir='ltr'>ut</span> <span class='ocrx_word' id='word_1_563' title='bbox 442 3419 525 3451; x_wconf 87' lang='lat' dir='ltr'>Filius</span> <span class='ocrx_word' id='word_1_564' title='bbox 541 3420 710 3451; x_wconf 71' lang='lat' dir='ltr'>obedientiae</span> <span class='ocrx_word' id='word_1_565' title='bbox 724 3442 734 3459; x_wconf 93' lang='lat'>,</span> <span class='ocrx_word' id='word_1_566' title='bbox 754 3419 907 3451; x_wconf 66' lang='lat' dir='ltr'>indietioni</span> <span class='ocrx_word' id='word_1_567' title='bbox 925 3419 1105 3457; x_wconf 85' lang='lat' dir='ltr'>Treugarum</span> <span class='ocrx_word' id='word_1_568' title='bbox 1124 3418 1178 3451; x_wconf 83' lang='lat' dir='ltr'>hu-</span> 
     </span>
     <span class='ocr_line' id='line_1_74' title="bbox 109 3457 1178 3530; baseline -0.002 -38"><span class='ocrx_word' id='word_1_569' title='bbox 109 3461 232 3530; x_wconf 52' lang='grc' dir='ltr'>ᾐυῑιῃοῗὶί</span> <span class='ocrx_word' id='word_1_570' title='bbox 249 3459 428 3499; x_wconf 85' lang='lat' dir='ltr'>paruissemus</span> <span class='ocrx_word' id='word_1_571' title='bbox 442 3480 453 3497; x_wconf 92' lang='lat'>,</span> <span class='ocrx_word' id='word_1_572' title='bbox 476 3459 512 3489; x_wconf 89' lang='lat' dir='ltr'>ab</span> <span class='ocrx_word' id='word_1_573' title='bbox 538 3457 712 3496; x_wconf 64' lang='lat' dir='ltr'>aggressibus</span> <span class='ocrx_word' id='word_1_574' title='bbox 726 3458 893 3496; x_wconf 81' lang='lat' dir='ltr'>quibussibet</span> <span class='ocrx_word' id='word_1_575' title='bbox 909 3468 977 3496; x_wconf 85' lang='lat' dir='ltr'>erga</span> <span class='ocrx_word' id='word_1_576' title='bbox 994 3459 1088 3489; x_wconf 59' lang='lat' dir='ltr'>diastos</span> <span class='ocrx_word' id='word_1_577' title='bbox 1104 3458 1178 3490; x_wconf 85' lang='lat' dir='ltr'>Sco-</span> 
     </span>
     <span class='ocr_line' id='line_1_75' title="bbox 110 3500 350 3531; baseline -0.008 -1"><span class='ocrx_word' id='word_1_578' title='bbox 110 3508 153 3531; x_wconf 89' lang='lat' dir='ltr'>tos</span> <span class='ocrx_word' id='word_1_579' title='bbox 171 3501 206 3531; x_wconf 89' lang='lat' dir='ltr'>ab</span> <span class='ocrx_word' id='word_1_580' title='bbox 231 3500 350 3530; x_wconf 88' lang='lat' dir='ltr'>inentes·</span> 
     </span>
    </p>

    <p class='ocr_par' dir='ltr' id='par_1_26' title="bbox 114 3521 1181 3919">
     <span class='ocr_line' id='line_1_76' title="bbox 151 3521 1176 3574; baseline -0.002 -5"><span class='ocrx_word' id='word_1_581' title='bbox 151 3538 233 3569; x_wconf 69' lang='lat' dir='ltr'>Dieti</span> <span class='ocrx_word' id='word_1_582' title='bbox 251 3521 352 3569; x_wconf 68' lang='lat' dir='ltr'>tamen’</span> <span class='ocrx_word' id='word_1_583' title='bbox 363 3535 443 3566; x_wconf 88' lang='lat' dir='ltr'>Scoti</span> <span class='ocrx_word' id='word_1_584' title='bbox 458 3557 468 3572; x_wconf 84' lang='lat'>,</span> <span class='ocrx_word' id='word_1_585' title='bbox 492 3535 522 3565; x_wconf 89' lang='lat' dir='ltr'>in</span> <span class='ocrx_word' id='word_1_586' title='bbox 538 3544 637 3565; x_wconf 81' lang='lat' dir='ltr'>eorum</span> <span class='ocrx_word' id='word_1_587' title='bbox 653 3534 793 3566; x_wconf 70' lang='lat' dir='ltr'>obstinata</span> <span class='ocrx_word' id='word_1_588' title='bbox 811 3533 916 3565; x_wconf 62' lang='lat' dir='ltr'>malitia</span> <span class='ocrx_word' id='word_1_589' title='bbox 934 3534 1128 3574; x_wconf 80' lang='lat' dir='ltr'>perdurantes,</span> <span class='ocrx_word' id='word_1_590' title='bbox 1143 3545 1176 3567; x_wconf 87' lang='lat' dir='ltr'>ac</span> 
     </span>
     <span class='ocr_line' id='line_1_77' title="bbox 114 3572 1181 3613; baseline -0.004 -5"><span class='ocrx_word' id='word_1_591' title='bbox 114 3576 292 3608; x_wconf 83' lang='lat' dir='ltr'>Ordinationi</span> <span class='ocrx_word' id='word_1_592' title='bbox 316 3575 427 3606; x_wconf 67' lang='lat' dir='ltr'>SanCtae</span> <span class='ocrx_word' id='word_1_593' title='bbox 451 3572 585 3604; x_wconf 83' lang='lat' dir='ltr'>Ecclesiae</span> <span class='ocrx_word' id='word_1_594' title='bbox 607 3573 724 3604; x_wconf 88' lang='lat' dir='ltr'>obedire</span> <span class='ocrx_word' id='word_1_595' title='bbox 742 3573 992 3612; x_wconf 87' lang='lat' dir='ltr'>contemptibiliter</span> <span class='ocrx_word' id='word_1_596' title='bbox 1009 3574 1181 3613; x_wconf 82' lang='lat' dir='ltr'>recusantes,</span> 
     </span>
     <span class='ocr_line' id='line_1_78' title="bbox 114 3610 1178 3651; baseline -0.004 -5"><span class='ocrx_word' id='word_1_597' title='bbox 114 3614 218 3646; x_wconf 81' lang='lat' dir='ltr'>Villam</span> <span class='ocrx_word' id='word_1_598' title='bbox 233 3613 359 3646; x_wconf 85' lang='lat' dir='ltr'>nostram</span> <span class='ocrx_word' id='word_1_599' title='bbox 375 3613 409 3643; x_wconf 88' lang='lat' dir='ltr'>de</span> <span class='ocrx_word' id='word_1_600' title='bbox 427 3611 574 3643; x_wconf 88' lang='lat' dir='ltr'>Berewico</span> <span class='ocrx_word' id='word_1_601' title='bbox 592 3610 670 3649; x_wconf 87' lang='lat' dir='ltr'>super</span> <span class='ocrx_word' id='word_1_602' title='bbox 688 3611 831 3643; x_wconf 87' lang='lat' dir='ltr'>Twedam</span> <span class='ocrx_word' id='word_1_603' title='bbox 847 3634 857 3651; x_wconf 86' lang='lat'>,</span> <span class='ocrx_word' id='word_1_604' title='bbox 876 3611 940 3650; x_wconf 85' lang='lat' dir='ltr'>post</span> <span class='ocrx_word' id='word_1_605' title='bbox 956 3612 1178 3650; x_wconf 87' lang='lat' dir='ltr'>publicationem</span> 
     </span>
     <span class='ocr_line' id='line_1_79' title="bbox 114 3649 1176 3692; baseline -0.002 -9"><span class='ocrx_word' id='word_1_606' title='bbox 114 3651 289 3692; x_wconf 83' lang='lat' dir='ltr'>Treugarum</span> <span class='ocrx_word' id='word_1_607' title='bbox 309 3651 507 3691; x_wconf 66' lang='lat' dir='ltr'>praedierarum</span> <span class='ocrx_word' id='word_1_608' title='bbox 524 3673 534 3687; x_wconf 79' lang='grc'>,</span> <span class='ocrx_word' id='word_1_609' title='bbox 555 3650 588 3680; x_wconf 88' lang='lat'>&amp;</span> <span class='ocrx_word' id='word_1_610' title='bbox 606 3649 734 3687; x_wconf 77' lang='lat' dir='ltr'>quaedam</span> <span class='ocrx_word' id='word_1_611' title='bbox 752 3649 849 3681; x_wconf 80' lang='lat' dir='ltr'>Castra</span> <span class='ocrx_word' id='word_1_612' title='bbox 866 3649 959 3681; x_wconf 89' lang='lat' dir='ltr'>nostra</span> <span class='ocrx_word' id='word_1_613' title='bbox 972 3673 982 3689; x_wconf 89' lang='lat'>,</span> <span class='ocrx_word' id='word_1_614' title='bbox 1005 3652 1038 3682; x_wconf 89' lang='lat'>&amp;</span> <span class='ocrx_word' id='word_1_615' title='bbox 1058 3650 1176 3681; x_wconf 87' lang='lat' dir='ltr'>aliorum</span> 
     </span>
     <span class='ocr_line' id='line_1_80' title="bbox 116 3687 1178 3728; baseline -0.002 -6"><span class='ocrx_word' id='word_1_616' title='bbox 116 3690 257 3723; x_wconf 74' lang='lat' dir='ltr'>Fidelium</span> <span class='ocrx_word' id='word_1_617' title='bbox 276 3690 440 3722; x_wconf 84' lang='lat' dir='ltr'>nostrorum</span> <span class='ocrx_word' id='word_1_618' title='bbox 455 3714 465 3728; x_wconf 78' lang='lat'>‚</span> <span class='ocrx_word' id='word_1_619' title='bbox 490 3688 561 3720; x_wconf 89' lang='lat' dir='ltr'>infra</span> <span class='ocrx_word' id='word_1_620' title='bbox 579 3687 730 3726; x_wconf 87' lang='lat' dir='ltr'>Angliam,</span> <span class='ocrx_word' id='word_1_621' title='bbox 747 3689 777 3719; x_wconf 90' lang='lat' dir='ltr'>iri</span> <span class='ocrx_word' id='word_1_622' title='bbox 795 3688 930 3720; x_wconf 67' lang='lat' dir='ltr'>Marchia</span> <span class='ocrx_word' id='word_1_623' title='bbox 944 3689 1067 3727; x_wconf 88' lang='lat' dir='ltr'>Scotiae,</span> <span class='ocrx_word' id='word_1_624' title='bbox 1083 3689 1178 3726; x_wconf 83' lang='lat' dir='ltr'>prodi-</span> 
     </span>
     <span class='ocr_line' id='line_1_81' title="bbox 117 3726 1176 3767; baseline -0.003 -6"><span class='ocrx_word' id='word_1_625' title='bbox 117 3730 252 3762; x_wconf 84' lang='lat' dir='ltr'>tionaliter</span> <span class='ocrx_word' id='word_1_626' title='bbox 268 3729 447 3767; x_wconf 66' lang='lat' dir='ltr'>occuparunt</span> <span class='ocrx_word' id='word_1_627' title='bbox 464 3740 475 3766; x_wconf 74' lang='lat'>3</span> <span class='ocrx_word' id='word_1_628' title='bbox 498 3728 550 3766; x_wconf 90' lang='lat'>&amp;,</span> <span class='ocrx_word' id='word_1_629' title='bbox 567 3726 618 3756; x_wconf 90' lang='lat' dir='ltr'>hiis</span> <span class='ocrx_word' id='word_1_630' title='bbox 634 3736 694 3756; x_wconf 87' lang='lat' dir='ltr'>non</span> <span class='ocrx_word' id='word_1_631' title='bbox 713 3728 859 3767; x_wconf 85' lang='lat' dir='ltr'>contenti,</span> <span class='ocrx_word' id='word_1_632' title='bbox 875 3729 905 3758; x_wconf 93' lang='lat' dir='ltr'>in</span> <span class='ocrx_word' id='word_1_633' title='bbox 924 3727 1103 3758; x_wconf 86' lang='lat' dir='ltr'>multitudine</span> <span class='ocrx_word' id='word_1_634' title='bbox 1121 3727 1176 3759; x_wconf 86' lang='lat' dir='ltr'>Ar-</span> 
     </span>
     <span class='ocr_line' id='line_1_82' title="bbox 115 3764 1179 3807; baseline 0 -10"><span class='ocrx_word' id='word_1_635' title='bbox 115 3776 276 3807; x_wconf 89' lang='lat' dir='ltr'>matorum,</span> <span class='ocrx_word' id='word_1_636' title='bbox 295 3767 433 3805; x_wconf 88' lang='lat' dir='ltr'>Regnum</span> <span class='ocrx_word' id='word_1_637' title='bbox 451 3766 577 3797; x_wconf 88' lang='lat' dir='ltr'>nostrum</span> <span class='ocrx_word' id='word_1_638' title='bbox 595 3764 766 3804; x_wconf 89' lang='lat' dir='ltr'>invaserunt,</span> <span class='ocrx_word' id='word_1_639' title='bbox 785 3766 835 3804; x_wconf 89' lang='lat'>&amp;,</span> <span class='ocrx_word' id='word_1_640' title='bbox 853 3765 936 3805; x_wconf 85' lang='lat' dir='ltr'>usque</span> <span class='ocrx_word' id='word_1_641' title='bbox 954 3767 983 3796; x_wconf 91' lang='lat' dir='ltr'>in</span> <span class='ocrx_word' id='word_1_642' title='bbox 999 3764 1179 3797; x_wconf 83' lang='lat' dir='ltr'>Comitatum</span> 
     </span>
     <span class='ocr_line' id='line_1_83' title="bbox 117 3802 1180 3844; baseline 0 -8"><span class='ocrx_word' id='word_1_643' title='bbox 117 3804 247 3838; x_wconf 85' lang='lat' dir='ltr'>Eborum</span> <span class='ocrx_word' id='word_1_644' title='bbox 265 3807 425 3844; x_wconf 87' lang='lat' dir='ltr'>venientes,</span> <span class='ocrx_word' id='word_1_645' title='bbox 443 3804 631 3842; x_wconf 84' lang='lat' dir='ltr'>Homicidia,</span> <span class='ocrx_word' id='word_1_646' title='bbox 648 3802 1062 3843; x_wconf 81' lang='lat' dir='ltr'>Depraedationes,1ncendia,</span> <span class='ocrx_word' id='word_1_647' title='bbox 1080 3805 1114 3835; x_wconf 90' lang='lat'>&amp;</span> <span class='ocrx_word' id='word_1_648' title='bbox 1127 3805 1180 3836; x_wconf 87' lang='lat' dir='ltr'>alia</span> 
     </span>
     <span class='ocr_line' id='line_1_84' title="bbox 118 3841 1181 3885; baseline 0.001 -12"><span class='ocrx_word' id='word_1_649' title='bbox 118 3841 252 3883; x_wconf 89' lang='lat' dir='ltr'>Dampna</span> <span class='ocrx_word' id='word_1_650' title='bbox 276 3847 422 3876; x_wconf 90' lang='lat' dir='ltr'>innumera</span> <span class='ocrx_word' id='word_1_651' title='bbox 438 3843 633 3885; x_wconf 74' lang='lat' dir='ltr'>perpetrarunt</span> <span class='ocrx_word' id='word_1_652' title='bbox 649 3864 659 3881; x_wconf 87' lang='lat'>,</span> <span class='ocrx_word' id='word_1_653' title='bbox 683 3842 716 3873; x_wconf 76' lang='grc' dir='ltr'>ὃ(</span> <span class='ocrx_word' id='word_1_654' title='bbox 742 3841 833 3873; x_wconf 84' lang='lat' dir='ltr'>adhuc</span> <span class='ocrx_word' id='word_1_655' title='bbox 861 3852 922 3873; x_wconf 87' lang='lat' dir='ltr'>non</span> <span class='ocrx_word' id='word_1_656' title='bbox 945 3841 1076 3874; x_wconf 77' lang='lat' dir='ltr'>desistunt</span> <span class='ocrx_word' id='word_1_657' title='bbox 1093 3843 1181 3874; x_wconf 84' lang='lat' dir='ltr'>indies</span> 
     </span>
     <span class='ocr_line' id='line_1_85' title="bbox 119 3891 279 3919; baseline 0.006 -7"><span class='ocrx_word' id='word_1_658' title='bbox 119 3891 167 3919; x_wconf 81' lang='lat' dir='ltr'>per</span> <span class='ocrx_word' id='word_1_659' title='bbox 214 3893 279 3914; x_wconf 85' lang='lat' dir='ltr'>rare.</span> 
     </span>
    </p>

    <p class='ocr_par' dir='ltr' id='par_1_27' title="bbox 119 3916 1180 4035">
     <span class='ocr_line' id='line_1_86' title="bbox 188 3916 1179 3958; baseline 0 -8"><span class='ocrx_word' id='word_1_660' title='bbox 188 3930 237 3950; x_wconf 90' lang='lat' dir='ltr'>um</span> <span class='ocrx_word' id='word_1_661' title='bbox 260 3922 346 3958; x_wconf 81' lang='lat' dir='ltr'>igitur</span> <span class='ocrx_word' id='word_1_662' title='bbox 368 3921 493 3952; x_wconf 67' lang='lat' dir='ltr'>Indictio</span> <span class='ocrx_word' id='word_1_663' title='bbox 517 3919 696 3958; x_wconf 84' lang='lat' dir='ltr'>Treugarum</span> <span class='ocrx_word' id='word_1_664' title='bbox 720 3916 920 3956; x_wconf 62' lang='lat' dir='ltr'>medietatum</span> <span class='ocrx_word' id='word_1_665' title='bbox 944 3929 998 3949; x_wconf 86' lang='lat' dir='ltr'>nos</span> <span class='ocrx_word' id='word_1_666' title='bbox 1014 3918 1101 3956; x_wconf 81' lang='lat' dir='ltr'>ligare</span> <span class='ocrx_word' id='word_1_667' title='bbox 1118 3928 1179 3950; x_wconf 88' lang='lat' dir='ltr'>non</span> 
     </span>
     <span class='ocr_line' id='line_1_87' title="bbox 119 3956 1180 3996; baseline 0 -7"><span class='ocrx_word' id='word_1_668' title='bbox 119 3956 235 3996; x_wconf 71' lang='lat' dir='ltr'>debeat,</span> <span class='ocrx_word' id='word_1_669' title='bbox 250 3959 310 3996; x_wconf 84' lang='lat' dir='ltr'>ipsis</span> <span class='ocrx_word' id='word_1_670' title='bbox 325 3959 416 3990; x_wconf 90' lang='lat' dir='ltr'>Scotis</span> <span class='ocrx_word' id='word_1_671' title='bbox 435 3970 478 3990; x_wconf 65' lang='lat' dir='ltr'>eas</span> <span class='ocrx_word' id='word_1_672' title='bbox 495 3958 639 3990; x_wconf 87' lang='lat' dir='ltr'>obstinatis</span> <span class='ocrx_word' id='word_1_673' title='bbox 653 3959 754 3989; x_wconf 87' lang='lat' dir='ltr'>animis</span> <span class='ocrx_word' id='word_1_674' title='bbox 768 3966 826 3987; x_wconf 90' lang='lat' dir='ltr'>non</span> <span class='ocrx_word' id='word_1_675' title='bbox 843 3958 1001 3988; x_wconf 84' lang='lat' dir='ltr'>curantibus</span> <span class='ocrx_word' id='word_1_676' title='bbox 1018 3957 1180 3996; x_wconf 82' lang='lat' dir='ltr'>observare,</span> 
     </span>
     <span class='ocr_line' id='line_1_88' title="bbox 123 3995 1179 4035; baseline 0.004 -11"><span class='ocrx_word' id='word_1_677' title='bbox 123 4003 236 4034; x_wconf 83' lang='lat' dir='ltr'>propter</span> <span class='ocrx_word' id='word_1_678' title='bbox 253 3996 329 4033; x_wconf 89' lang='lat' dir='ltr'>quod</span> <span class='ocrx_word' id='word_1_679' title='bbox 346 3997 564 4035; x_wconf 85' lang='lat' dir='ltr'>Ordinavirnus‚</span> <span class='ocrx_word' id='word_1_680' title='bbox 579 3998 612 4029; x_wconf 89' lang='lat'>&amp;</span> <span class='ocrx_word' id='word_1_681' title='bbox 631 3997 687 4028; x_wconf 86' lang='lat' dir='ltr'>effe</span> <span class='ocrx_word' id='word_1_682' title='bbox 702 3995 903 4034; x_wconf 81' lang='lat' dir='ltr'>proponimus,</span> <span class='ocrx_word' id='word_1_683' title='bbox 922 3995 1056 4026; x_wconf 91' lang='lat' dir='ltr'>Domino</span> <span class='ocrx_word' id='word_1_684' title='bbox 1071 4006 1179 4028; x_wconf 88' lang='lat' dir='ltr'>conce-</span> 
     </span>
    </p>
   </div>
   <div class='ocr_carea' id='block_1_18' title="bbox 124 4033 1180 4108">
    <p class='ocr_par' dir='ltr' id='par_1_28' title="bbox 124 4033 1180 4108">
     <span class='ocr_line' id='line_1_89' title="bbox 124 4033 1180 4108; baseline 0.003 -44"><span class='ocrx_word' id='word_1_685' title='bbox 124 4035 234 4108; x_wconf 44' lang='lat' dir='ltr'>⁶¹⁶3}ss</span> <span class='ocrx_word' id='word_1_686' title='bbox 251 4033 428 4106; x_wconf 53' lang='grc' dir='ltr'>ὓῖξῗιίῗηο</span> <span class='ocrx_word' id='word_1_687' title='bbox 445 4036 540 4069; x_wconf 70' lang='lat' dir='ltr'>Sanffl</span> <span class='ocrx_word' id='word_1_688' title='bbox 552 4036 653 4077; x_wconf 75' lang='lat' dir='ltr'>jacobi</span> <span class='ocrx_word' id='word_1_689' title='bbox 671 4033 800 4074; x_wconf 78' lang='lat' dir='ltr'>Apostoli</span> <span class='ocrx_word' id='word_1_690' title='bbox 816 4035 951 4073; x_wconf 75' lang='lat' dir='ltr'>proximo</span> <span class='ocrx_word' id='word_1_691' title='bbox 967 4033 1062 4066; x_wconf 87' lang='lat' dir='ltr'>futuro</span> <span class='ocrx_word' id='word_1_692' title='bbox 1075 4057 1086 4074; x_wconf 89' lang='lat'>,</span> <span class='ocrx_word' id='word_1_693' title='bbox 1106 4035 1180 4074; x_wconf 82' lang='lat' dir='ltr'>apud</span> 
     </span>
    </p>
   </div>
   <div class='ocr_carea' id='block_1_19' title="bbox 1170 160 2388 770">
    <p class='ocr_par' dir='ltr' id='par_1_29' title="bbox 1170 160 2388 770">
     <span class='ocr_line' id='line_1_90' title="bbox 2162 160 2235 208; baseline 0.068 -5"><span class='ocrx_word' id='word_1_694' title='bbox 2162 166 2179 194; x_wconf 83' lang='lat'>1</span> <span class='ocrx_word' id='word_1_695' title='bbox 2191 160 2235 208; x_wconf 71' lang='lat'>53</span> 
     </span>
     <span class='ocr_line' id='line_1_91' title="bbox 1170 227 2388 276; baseline 0.009 -18"><span class='ocrx_word' id='word_1_696' title='bbox 1170 227 1297 271; x_wconf 77' lang='lat' dir='ltr'>Eborum</span> <span class='ocrx_word' id='word_1_697' title='bbox 1315 239 1383 272; x_wconf 28' lang='lat' dir='ltr'>*cum</span> <span class='ocrx_word' id='word_1_698' title='bbox 1404 230 1488 268; x_wconf 78' lang='lat' dir='ltr'>Equis</span> <span class='ocrx_word' id='word_1_699' title='bbox 1506 255 1514 269; x_wconf 92' lang='lat'><em>‚</em></span> <span class='ocrx_word' id='word_1_700' title='bbox 1539 234 1572 264; x_wconf 73' lang='lat' dir='ltr'>sc</span> <span class='ocrx_word' id='word_1_701' title='bbox 1592 234 1689 265; x_wconf 84' lang='lat' dir='ltr'>Armis</span> <span class='ocrx_word' id='word_1_702' title='bbox 1704 260 1713 275; x_wconf 82' lang='lat'>‚</span> <span class='ocrx_word' id='word_1_703' title='bbox 1728 236 1762 268; x_wconf 67' lang='grc' dir='ltr'>ὃς</span> <span class='ocrx_word' id='word_1_704' title='bbox 1779 243 1842 268; x_wconf 91' lang='lat' dir='ltr'>toto</span> <span class='ocrx_word' id='word_1_705' title='bbox 1861 229 1999 275; x_wconf 83' lang='lat' dir='ltr'>Servitio,</span> <span class='ocrx_word' id='word_1_706' title='bbox 2018 228 2100 267; x_wconf 82' lang='lat' dir='ltr'>nobis</span> <span class='ocrx_word' id='word_1_707' title='bbox 2118 227 2233 276; x_wconf 83' lang='lat' dir='ltr'>debito,</span> <span class='ocrx_word' id='word_1_708' title='bbox 2256 234 2330 267; x_wconf 88' lang='lat' dir='ltr'>Arm.</span> <span class='ocrx_word' id='word_1_709' title='bbox 2345 227 2388 269; x_wconf 64' lang='lat' dir='ltr'>Da*</span> 
     </span>
     <span class='ocr_line' id='line_1_92' title="bbox 1170 266 2361 315; baseline 0.012 -20"><span class='ocrx_word' id='word_1_710' title='bbox 1170 266 1204 295; x_wconf 90' lang='lat' dir='ltr'>ad</span> <span class='ocrx_word' id='word_1_711' title='bbox 1225 267 1455 303; x_wconf 69' lang='lat' dir='ltr'>proficiscendum</span> <span class='ocrx_word' id='word_1_712' title='bbox 1475 271 1575 300; x_wconf 81' lang='lat' dir='ltr'>exinde</span> <span class='ocrx_word' id='word_1_713' title='bbox 1602 283 1699 304; x_wconf 85' lang='lat' dir='ltr'>contra</span> <span class='ocrx_word' id='word_1_714' title='bbox 1718 275 1869 312; x_wconf 64' lang='lat' dir='ltr'>praedictos</span> <span class='ocrx_word' id='word_1_715' title='bbox 1886 276 1989 306; x_wconf 85' lang='lat' dir='ltr'>Scotos</span> <span class='ocrx_word' id='word_1_716' title='bbox 2005 297 2014 313; x_wconf 91' lang='lat'>,</span> <span class='ocrx_word' id='word_1_717' title='bbox 2038 274 2175 305; x_wconf 89' lang='lat' dir='ltr'>Inimicos</span> <span class='ocrx_word' id='word_1_718' title='bbox 2198 276 2233 306; x_wconf 89' lang='lat'>&amp;</span> <span class='ocrx_word' id='word_1_719' title='bbox 2277 276 2361 315; x_wconf 84' lang='lat'>1318·</span> 
     </span>
     <span class='ocr_line' id='line_1_93' title="bbox 1172 304 2365 352; baseline 0.01 -20"><span class='ocrx_word' id='word_1_720' title='bbox 1172 304 1303 335; x_wconf 80' lang='lat' dir='ltr'>Rebelles</span> <span class='ocrx_word' id='word_1_721' title='bbox 1320 304 1426 336; x_wconf 85' lang='lat' dir='ltr'>nostros</span> <span class='ocrx_word' id='word_1_722' title='bbox 1441 329 1450 344; x_wconf 91' lang='lat'>,</span> <span class='ocrx_word' id='word_1_723' title='bbox 1477 308 1628 351; x_wconf 35' lang='lat' dir='ltr'>ari-eorum</span> <span class='ocrx_word' id='word_1_724' title='bbox 1648 310 1846 344; x_wconf 85' lang='lat' dir='ltr'>Rebellionem</span> <span class='ocrx_word' id='word_1_725' title='bbox 1865 314 1898 345; x_wconf 87' lang='lat'>&amp;</span> <span class='ocrx_word' id='word_1_726' title='bbox 1915 315 2070 352; x_wconf 85' lang='lat' dir='ltr'>nequitiam</span> <span class='ocrx_word' id='word_1_727' title='bbox 2090 314 2232 344; x_wconf 71' lang='lat' dir='ltr'>*viriliter</span> <span class='ocrx_word' id='word_1_728' title='bbox 2253 316 2317 340; x_wconf 82' lang='lat' dir='ltr'>Edv-</span> <span class='ocrx_word' id='word_1_729' title='bbox 2339 323 2365 344; x_wconf 82' lang='lat'>2.</span> 
     </span>
     <span class='ocr_line' id='line_1_94' title="bbox 1172 342 2359 389; baseline 0.013 -17"><span class='ocrx_word' id='word_1_730' title='bbox 1172 342 1205 372; x_wconf 86' lang='lat'>&amp;</span> <span class='ocrx_word' id='word_1_731' title='bbox 1222 351 1363 386; x_wconf 76' lang='lat' dir='ltr'>potenter,</span> <span class='ocrx_word' id='word_1_732' title='bbox 1380 353 1449 373; x_wconf 90' lang='lat' dir='ltr'>cum</span> <span class='ocrx_word' id='word_1_733' title='bbox 1470 345 1698 389; x_wconf 21' lang='lat' dir='ltr'>Deipadgutorio,</span> <span class='ocrx_word' id='word_1_734' title='bbox 1720 352 1943 389; x_wconf 76' lang='lat' dir='ltr'>reprimendum3</span> <span class='ocrx_word' id='word_1_735' title='bbox 2275 350 2294 370; x_wconf 65' lang='lat'>&#39;¹‘</span> <span class='ocrx_word' id='word_1_736' title='bbox 2306 352 2359 379; x_wconf 42' lang='lat' dir='ltr'>Illa</span> 
     </span>
     <span class='ocr_line' id='line_1_95' title="bbox 1199 380 2347 429; baseline 0.013 -20"><span class='ocrx_word' id='word_1_737' title='bbox 1199 380 1308 425; x_wconf 25' lang='lat' dir='ltr'>&#39;Vobis‘</span> <span class='ocrx_word' id='word_1_738' title='bbox 1319 382 1482 425; x_wconf 77' lang='lat' dir='ltr'>mandamus</span> <span class='ocrx_word' id='word_1_739' title='bbox 1495 405 1504 420; x_wconf 88' lang='lat'>,</span> <span class='ocrx_word' id='word_1_740' title='bbox 1525 394 1554 413; x_wconf 90' lang='lat' dir='ltr'>in</span> <span class='ocrx_word' id='word_1_741' title='bbox 1571 385 1625 414; x_wconf 72' lang='lat' dir='ltr'>tide</span> <span class='ocrx_word' id='word_1_742' title='bbox 1645 387 1677 416; x_wconf 68' lang='grc' dir='ltr'>ὃς</span> <span class='ocrx_word' id='word_1_743' title='bbox 1699 388 1846 427; x_wconf 83' lang='lat' dir='ltr'>Homagio</span> <span class='ocrx_word' id='word_1_744' title='bbox 1861 412 1870 429; x_wconf 90' lang='lat'>,</span> <span class='ocrx_word' id='word_1_745' title='bbox 1896 391 1995 428; x_wconf 87' lang='lat' dir='ltr'>quibus</span> <span class='ocrx_word' id='word_1_746' title='bbox 2021 390 2101 427; x_wconf 87' lang='lat' dir='ltr'>nobis</span> <span class='ocrx_word' id='word_1_747' title='bbox 2116 391 2235 420; x_wconf 81' lang='lat' dir='ltr'>tenemi-</span> <span class='ocrx_word' id='word_1_748' title='bbox 2281 396 2297 426; x_wconf 94' lang='lat'>7</span> <span class='ocrx_word' id='word_1_749' title='bbox 2305 398 2347 424; x_wconf 81' lang='lat'>¹4·</span> 
     </span>
     <span class='ocr_line' id='line_1_96' title="bbox 1175 418 2236 467; baseline 0.012 -21"><span class='ocrx_word' id='word_1_750' title='bbox 1175 427 1221 455; x_wconf 88' lang='lat' dir='ltr'>ni,</span> <span class='ocrx_word' id='word_1_751' title='bbox 1238 418 1350 449; x_wconf 85' lang='lat' dir='ltr'>firmiter</span> <span class='ocrx_word' id='word_1_752' title='bbox 1368 420 1562 463; x_wconf 66' lang='lat' dir='ltr'>liii-angentes,</span> <span class='ocrx_word' id='word_1_753' title='bbox 1581 424 1679 462; x_wconf 77' lang='lat' dir='ltr'>quod,</span> <span class='ocrx_word' id='word_1_754' title='bbox 1691 426 1725 455; x_wconf 84' lang='lat' dir='ltr'>ad</span> <span class='ocrx_word' id='word_1_755' title='bbox 1744 429 1892 464; x_wconf 65' lang='lat' dir='ltr'>praedidios</span> <span class='ocrx_word' id='word_1_756' title='bbox 1904 429 1979 459; x_wconf 91' lang='lat' dir='ltr'>diem</span> <span class='ocrx_word' id='word_1_757' title='bbox 1999 429 2032 459; x_wconf 88' lang='lat'>&amp;</span> <span class='ocrx_word' id='word_1_758' title='bbox 2049 429 2163 467; x_wconf 90' lang='lat' dir='ltr'>locum,</span> <span class='ocrx_word' id='word_1_759' title='bbox 2183 428 2236 459; x_wconf 77' lang='lat' dir='ltr'>sitis</span> 
     </span>
     <span class='ocr_line' id='line_1_97' title="bbox 1174 456 2238 507; baseline 0.012 -22"><span class='ocrx_word' id='word_1_760' title='bbox 1174 457 1210 487; x_wconf 86' lang='lat' dir='ltr'>ad</span> <span class='ocrx_word' id='word_1_761' title='bbox 1230 467 1280 500; x_wconf 85' lang='lat' dir='ltr'>nos</span> <span class='ocrx_word' id='word_1_762' title='bbox 1297 467 1364 487; x_wconf 93' lang='lat' dir='ltr'>cum</span> <span class='ocrx_word' id='word_1_763' title='bbox 1385 456 1470 502; x_wconf 75' lang='lat' dir='ltr'>Equis</span> <span class='ocrx_word' id='word_1_764' title='bbox 1483 481 1492 497; x_wconf 90' lang='lat'>,</span> <span class='ocrx_word' id='word_1_765' title='bbox 1517 461 1551 490; x_wconf 72' lang='grc' dir='ltr'>δε</span> <span class='ocrx_word' id='word_1_766' title='bbox 1567 461 1686 504; x_wconf 64' lang='grc' dir='ltr'>Ἀιτῃίε,</span> <span class='ocrx_word' id='word_1_767' title='bbox 1707 465 1740 494; x_wconf 85' lang='lat'>&amp;</span> <span class='ocrx_word' id='word_1_768' title='bbox 1759 474 1820 496; x_wconf 88' lang='lat' dir='ltr'>toto</span> <span class='ocrx_word' id='word_1_769' title='bbox 1838 466 1974 505; x_wconf 86' lang='lat' dir='ltr'>Servitio,</span> <span class='ocrx_word' id='word_1_770' title='bbox 1991 467 2067 507; x_wconf 90' lang='lat' dir='ltr'>quod</span> <span class='ocrx_word' id='word_1_771' title='bbox 2086 467 2168 497; x_wconf 90' lang='lat' dir='ltr'>nobis</span> <span class='ocrx_word' id='word_1_772' title='bbox 2188 467 2238 497; x_wconf 89' lang='lat' dir='ltr'>de-</span> 
     </span>
     <span class='ocr_line' id='line_1_98' title="bbox 1176 496 2238 543; baseline 0.011 -19"><span class='ocrx_word' id='word_1_773' title='bbox 1176 496 1248 525; x_wconf 87' lang='lat' dir='ltr'>betis</span> <span class='ocrx_word' id='word_1_774' title='bbox 1262 518 1272 533; x_wconf 92' lang='lat'>,</span> <span class='ocrx_word' id='word_1_775' title='bbox 1291 505 1420 539; x_wconf 55' lang='lat' dir='ltr'>⁴prompti</span> <span class='ocrx_word' id='word_1_776' title='bbox 1436 497 1468 527; x_wconf 88' lang='lat'>&amp;</span> <span class='ocrx_word' id='word_1_777' title='bbox 1489 507 1572 535; x_wconf 84' lang='lat' dir='ltr'>parati</span> <span class='ocrx_word' id='word_1_778' title='bbox 1590 499 1624 529; x_wconf 87' lang='lat' dir='ltr'>ad</span> <span class='ocrx_word' id='word_1_779' title='bbox 1643 501 1876 538; x_wconf 81' lang='lat' dir='ltr'>proficiscendum</span> <span class='ocrx_word' id='word_1_780' title='bbox 1894 505 1995 535; x_wconf 82' lang='lat' dir='ltr'>exinde</span> <span class='ocrx_word' id='word_1_781' title='bbox 2014 505 2161 535; x_wconf 75' lang='lat' dir='ltr'>nobiscum</span> <span class='ocrx_word' id='word_1_782' title='bbox 2176 528 2185 543; x_wconf 89' lang='lat'>,</span> <span class='ocrx_word' id='word_1_783' title='bbox 2204 506 2238 536; x_wconf 91' lang='lat'>&amp;</span> 
     </span>
     <span class='ocr_line' id='line_1_99' title="bbox 1178 533 2240 579; baseline 0.009 -15"><span class='ocrx_word' id='word_1_784' title='bbox 1178 543 1246 564; x_wconf 91' lang='lat' dir='ltr'>cum</span> <span class='ocrx_word' id='word_1_785' title='bbox 1264 533 1320 564; x_wconf 85' lang='lat' dir='ltr'>aliis</span> <span class='ocrx_word' id='word_1_786' title='bbox 1334 534 1462 579; x_wconf 64' lang='lat' dir='ltr'>fidelibus</span> <span class='ocrx_word' id='word_1_787' title='bbox 1486 536 1585 566; x_wconf 89' lang='lat' dir='ltr'>nostris</span> <span class='ocrx_word' id='word_1_788' title='bbox 1604 547 1702 568; x_wconf 84' lang='lat' dir='ltr'>contra</span> <span class='ocrx_word' id='word_1_789' title='bbox 1726 539 1817 571; x_wconf 65' lang='lat' dir='ltr'>dictos</span> <span class='ocrx_word' id='word_1_790' title='bbox 1837 541 1972 573; x_wconf 84' lang='lat' dir='ltr'>Inimicos</span> <span class='ocrx_word' id='word_1_791' title='bbox 1989 544 2020 573; x_wconf 70' lang='grc' dir='ltr'>ὃ(</span> <span class='ocrx_word' id='word_1_792' title='bbox 2040 543 2168 573; x_wconf 86' lang='lat' dir='ltr'>Rebelles</span> <span class='ocrx_word' id='word_1_793' title='bbox 2187 553 2240 573; x_wconf 91' lang='lat' dir='ltr'>no·</span> 
     </span>
     <span class='ocr_line' id='line_1_100' title="bbox 1180 571 2239 619; baseline 0.011 -18"><span class='ocrx_word' id='word_1_794' title='bbox 1180 571 1268 609; x_wconf 89' lang='lat' dir='ltr'>stros,</span> <span class='ocrx_word' id='word_1_795' title='bbox 1285 572 1319 603; x_wconf 90' lang='lat' dir='ltr'>ad</span> <span class='ocrx_word' id='word_1_796' title='bbox 1335 571 1455 617; x_wconf 80' lang='lat' dir='ltr'>ipsorum</span> <span class='ocrx_word' id='word_1_797' title='bbox 1474 575 1626 605; x_wconf 85' lang='lat' dir='ltr'>induratam</span> <span class='ocrx_word' id='word_1_798' title='bbox 1652 577 1787 608; x_wconf 87' lang='lat' dir='ltr'>malitiam</span> <span class='ocrx_word' id='word_1_799' title='bbox 1800 602 1808 616; x_wconf 90' lang='lat'>,</span> <span class='ocrx_word' id='word_1_800' title='bbox 1833 580 1864 609; x_wconf 65' lang='grc' dir='ltr'>ὅς</span> <span class='ocrx_word' id='word_1_801' title='bbox 1884 583 2035 617; x_wconf 81' lang='lat' dir='ltr'>poterviam</span> <span class='ocrx_word' id='word_1_802' title='bbox 2046 605 2055 619; x_wconf 90' lang='lat'>,</span> <span class='ocrx_word' id='word_1_803' title='bbox 2071 582 2184 612; x_wconf 89' lang='lat' dir='ltr'>viriliter</span> <span class='ocrx_word' id='word_1_804' title='bbox 2205 582 2239 612; x_wconf 87' lang='lat'>&amp;</span> 
     </span>
     <span class='ocr_line' id='line_1_101' title="bbox 1180 610 2239 658; baseline 0.01 -19"><span class='ocrx_word' id='word_1_805' title='bbox 1180 618 1306 647; x_wconf 80' lang='lat' dir='ltr'>potenter</span> <span class='ocrx_word' id='word_1_806' title='bbox 1318 634 1328 649; x_wconf 91' lang='lat'>,</span> <span class='ocrx_word' id='word_1_807' title='bbox 1352 610 1464 641; x_wconf 74' lang='lat' dir='ltr'>Divino</span> <span class='ocrx_word' id='word_1_808' title='bbox 1481 612 1590 643; x_wconf 90' lang='lat' dir='ltr'>favente</span> <span class='ocrx_word' id='word_1_809' title='bbox 1607 613 1738 645; x_wconf 72' lang='lat' dir='ltr'>Praesidio</span> <span class='ocrx_word' id='word_1_810' title='bbox 1751 638 1760 653; x_wconf 93' lang='lat'>,</span> <span class='ocrx_word' id='word_1_811' title='bbox 1779 618 2002 657; x_wconf 60' lang='lat' dir='ltr'>reprimendum,</span> <span class='ocrx_word' id='word_1_812' title='bbox 2021 622 2053 650; x_wconf 85' lang='lat'>&amp;</span> <span class='ocrx_word' id='word_1_813' title='bbox 2069 620 2126 650; x_wconf 92' lang='lat' dir='ltr'>hoc</span> <span class='ocrx_word' id='word_1_814' title='bbox 2141 643 2151 658; x_wconf 94' lang='lat'>,</span> <span class='ocrx_word' id='word_1_815' title='bbox 2171 619 2239 649; x_wconf 81' lang='lat' dir='ltr'>ficut</span> 
     </span>
     <span class='ocr_line' id='line_1_102' title="bbox 1181 649 2242 695; baseline 0.009 -17"><span class='ocrx_word' id='word_1_816' title='bbox 1181 659 1232 692; x_wconf 83' lang='lat' dir='ltr'>nos</span> <span class='ocrx_word' id='word_1_817' title='bbox 1247 672 1255 687; x_wconf 81' lang='lat'>,</span> <span class='ocrx_word' id='word_1_818' title='bbox 1278 650 1311 680; x_wconf 90' lang='lat'>&amp;</span> <span class='ocrx_word' id='word_1_819' title='bbox 1329 649 1470 680; x_wconf 90' lang='lat' dir='ltr'>honorem</span> <span class='ocrx_word' id='word_1_820' title='bbox 1489 651 1617 682; x_wconf 87' lang='lat' dir='ltr'>nostrum</span> <span class='ocrx_word' id='word_1_821' title='bbox 1633 674 1643 689; x_wconf 85' lang='lat'>,</span> <span class='ocrx_word' id='word_1_822' title='bbox 1668 654 1700 683; x_wconf 66' lang='grc' dir='ltr'>ὃς</span> <span class='ocrx_word' id='word_1_823' title='bbox 1719 653 1841 684; x_wconf 87' lang='lat' dir='ltr'>vestrum</span> <span class='ocrx_word' id='word_1_824' title='bbox 1855 678 1864 692; x_wconf 81' lang='lat'>,</span> <span class='ocrx_word' id='word_1_825' title='bbox 1881 667 1914 686; x_wconf 90' lang='lat' dir='ltr'>ac</span> <span class='ocrx_word' id='word_1_826' title='bbox 1932 656 2023 695; x_wconf 77' lang='lat' dir='ltr'>Regni</span> <span class='ocrx_word' id='word_1_827' title='bbox 2041 658 2129 689; x_wconf 85' lang='lat' dir='ltr'>nostri</span> <span class='ocrx_word' id='word_1_828' title='bbox 2147 657 2242 690; x_wconf 47' lang='lat' dir='ltr'>Seiva*</span> 
     </span>
     <span class='ocr_line' id='line_1_103' title="bbox 1180 688 2020 729; baseline 0.008 -11"><span class='ocrx_word' id='word_1_829' title='bbox 1180 697 1289 718; x_wconf 84' lang='lat' dir='ltr'>tionem</span> <span class='ocrx_word' id='word_1_830' title='bbox 1309 689 1341 719; x_wconf 71' lang='grc' dir='ltr'>ὃς</span> <span class='ocrx_word' id='word_1_831' title='bbox 1360 688 1548 719; x_wconf 89' lang='lat' dir='ltr'>commodum</span> <span class='ocrx_word' id='word_1_832' title='bbox 1566 690 1680 729; x_wconf 80' lang='lat' dir='ltr'>diligitis</span> <span class='ocrx_word' id='word_1_833' title='bbox 1715 691 1864 722; x_wconf 87' lang='lat' dir='ltr'>nullatenus</span> <span class='ocrx_word' id='word_1_834' title='bbox 1880 696 2020 725; x_wconf 78' lang='lat' dir='ltr'>omittatis.</span> 
     </span>
     <span class='ocr_line' id='line_1_104' title="bbox 1217 713 2035 770; baseline 0.006 -12"><span class='ocrx_word' id='word_1_835' title='bbox 1217 726 1306 758; x_wconf 88' lang='lat' dir='ltr'>Teste</span> <span class='ocrx_word' id='word_1_836' title='bbox 1319 727 1403 765; x_wconf 91' lang='lat' dir='ltr'>Rege</span> <span class='ocrx_word' id='word_1_837' title='bbox 1416 726 1488 765; x_wconf 84' lang='lat' dir='ltr'>apud</span> <span class='ocrx_word' id='word_1_838' title='bbox 1503 713 1808 769; x_wconf 64' lang='lat' dir='ltr'>westmonasterium,</span> <span class='ocrx_word' id='word_1_839' title='bbox 1829 741 1876 760; x_wconf 91' lang='lat'>20.</span> <span class='ocrx_word' id='word_1_840' title='bbox 1891 732 1936 762; x_wconf 90' lang='lat' dir='ltr'>die</span> <span class='ocrx_word' id='word_1_841' title='bbox 1947 732 2035 770; x_wconf 90' lang='lat' dir='ltr'>Junii.</span> 
     </span>
    </p>
   </div>
   <div class='ocr_carea' id='block_1_20' title="bbox 1818 808 2089 847">
    <p class='ocr_par' dir='ltr' id='par_1_30' title="bbox 1818 808 2089 847">
     <span class='ocr_line' id='line_1_105' title="bbox 1818 808 2089 847; baseline 0.018 -12"><span class='ocrx_word' id='word_1_842' title='bbox 1818 809 1871 836; x_wconf 85' lang='lat' dir='ltr'>Per</span> <span class='ocrx_word' id='word_1_843' title='bbox 1887 808 1968 847; x_wconf 66' lang='lat' dir='ltr'>ipfiaem</span> <span class='ocrx_word' id='word_1_844' title='bbox 1987 811 2089 847; x_wconf 66' lang='lat' dir='ltr'>Regem</span> 
     </span>
    </p>
   </div>
   <div class='ocr_carea' id='block_1_21' title="bbox 1307 928 2120 980">
    <p class='ocr_par' dir='ltr' id='par_1_31' title="bbox 1307 928 2120 980">
     <span class='ocr_line' id='line_1_106' title="bbox 1307 928 2120 980; baseline 0.004 -16"><span class='ocrx_word' id='word_1_845' title='bbox 1307 928 1365 964; x_wconf 81' lang='lat' dir='ltr'>Ad</span> <span class='ocrx_word' id='word_1_846' title='bbox 1391 932 1498 976; x_wconf 83' lang='lat' dir='ltr'>Regem</span> <span class='ocrx_word' id='word_1_847' title='bbox 1522 933 1670 972; x_wconf 83' lang='lat' dir='ltr'>Franciae,</span> <span class='ocrx_word' id='word_1_848' title='bbox 1688 928 1779 977; x_wconf 73' lang='lat' dir='ltr'>fhper</span> <span class='ocrx_word' id='word_1_849' title='bbox 1804 932 1957 964; x_wconf 67' lang='lat' dir='ltr'>Dilatione</span> <span class='ocrx_word' id='word_1_850' title='bbox 1980 931 2120 980; x_wconf 70' lang='lat' dir='ltr'>homagii.</span> 
     </span>
    </p>
   </div>
   <div class='ocr_carea' id='block_1_22' title="bbox 1186 1012 2403 1750">
    <p class='ocr_par' dir='ltr' id='par_1_32' title="bbox 1186 1012 2403 1168">
     <span class='ocr_line' id='line_1_107' title="bbox 1264 1012 2403 1056; baseline 0.004 -11"><span class='ocrx_word' id='word_1_851' title='bbox 1264 1015 1402 1052; x_wconf 81' lang='lat' dir='ltr'>Agnifico</span> <span class='ocrx_word' id='word_1_852' title='bbox 1429 1014 1556 1053; x_wconf 90' lang='lat' dir='ltr'>Principi</span> <span class='ocrx_word' id='word_1_853' title='bbox 1573 1038 1583 1054; x_wconf 90' lang='lat'>,</span> <span class='ocrx_word' id='word_1_854' title='bbox 1611 1015 1745 1046; x_wconf 90' lang='lat' dir='ltr'>Domino</span> <span class='ocrx_word' id='word_1_855' title='bbox 1771 1016 1927 1056; x_wconf 87' lang='lat' dir='ltr'>Philippo,</span> <span class='ocrx_word' id='word_1_856' title='bbox 1953 1016 2011 1048; x_wconf 88' lang='lat' dir='ltr'>Dei</span> <span class='ocrx_word' id='word_1_857' title='bbox 2039 1018 2127 1055; x_wconf 65' lang='lat' dir='ltr'>gratia</span> <span class='ocrx_word' id='word_1_858' title='bbox 2177 1018 2252 1056; x_wconf 80' lang='lat' dir='ltr'>Regi</span> <span class='ocrx_word' id='word_1_859' title='bbox 2275 1019 2347 1050; x_wconf 85' lang='lat' dir='ltr'>Ann.</span> <span class='ocrx_word' id='word_1_860' title='bbox 2364 1012 2403 1049; x_wconf 64' lang='grc' dir='ltr'><strong>Π</strong></span> 
     </span>
     <span class='ocr_line' id='line_1_108' title="bbox 1189 1022 2380 1097; baseline 0.003 -13"><span class='ocrx_word' id='word_1_861' title='bbox 1189 1022 1260 1084; x_wconf 84' lang='lat' dir='ltr'>M</span> <span class='ocrx_word' id='word_1_862' title='bbox 1282 1054 1405 1084; x_wconf 85' lang='lat' dir='ltr'>Franciae</span> <span class='ocrx_word' id='word_1_863' title='bbox 1425 1054 1458 1084; x_wconf 74' lang='grc' dir='ltr'>δε</span> <span class='ocrx_word' id='word_1_864' title='bbox 1476 1054 1615 1084; x_wconf 76' lang='lat' dir='ltr'>Navarrae</span> <span class='ocrx_word' id='word_1_865' title='bbox 1631 1054 1750 1093; x_wconf 84' lang='lat' dir='ltr'>illustri,</span> <span class='ocrx_word' id='word_1_866' title='bbox 1774 1055 1858 1085; x_wconf 82' lang='lat' dir='ltr'>Fratri</span> <span class='ocrx_word' id='word_1_867' title='bbox 1875 1056 1924 1086; x_wconf 90' lang='lat' dir='ltr'>suo</span> <span class='ocrx_word' id='word_1_868' title='bbox 1950 1056 2091 1086; x_wconf 85' lang='lat' dir='ltr'>carissimo</span> <span class='ocrx_word' id='word_1_869' title='bbox 2104 1079 2114 1095; x_wconf 95' lang='lat'>,</span> <span class='ocrx_word' id='word_1_870' title='bbox 2141 1041 2255 1087; x_wconf 81' lang='lat' dir='ltr'>Edwar-</span> <span class='ocrx_word' id='word_1_871' title='bbox 2297 1058 2380 1097; x_wconf 80' lang='lat'>1318.</span> 
     </span>
     <span class='ocr_line' id='line_1_109' title="bbox 1188 1092 2390 1133; baseline 0.002 -11"><span class='ocrx_word' id='word_1_872' title='bbox 1188 1092 1255 1130; x_wconf 85' lang='lat' dir='ltr'>dus,</span> <span class='ocrx_word' id='word_1_873' title='bbox 1274 1092 1396 1130; x_wconf 86' lang='lat' dir='ltr'>ejusdem</span> <span class='ocrx_word' id='word_1_874' title='bbox 1415 1092 1502 1128; x_wconf 68' lang='lat' dir='ltr'>gratia</span> <span class='ocrx_word' id='word_1_875' title='bbox 1517 1115 1527 1130; x_wconf 88' lang='lat'>,</span> <span class='ocrx_word' id='word_1_876' title='bbox 1550 1094 1611 1123; x_wconf 72' lang='lat' dir='ltr'>&amp;o</span> <span class='ocrx_word' id='word_1_877' title='bbox 1639 1093 1753 1123; x_wconf 84' lang='lat' dir='ltr'>salutem</span> <span class='ocrx_word' id='word_1_878' title='bbox 1769 1116 1778 1131; x_wconf 90' lang='lat'>,</span> <span class='ocrx_word' id='word_1_879' title='bbox 1803 1094 1837 1124; x_wconf 89' lang='lat'>&amp;</span> <span class='ocrx_word' id='word_1_880' title='bbox 1851 1116 1861 1132; x_wconf 90' lang='lat'>,</span> <span class='ocrx_word' id='word_1_881' title='bbox 1881 1094 1915 1124; x_wconf 89' lang='lat' dir='ltr'>ad</span> <span class='ocrx_word' id='word_1_882' title='bbox 1936 1103 2017 1132; x_wconf 84' lang='lat' dir='ltr'>vota,</span> <span class='ocrx_word' id='word_1_883' title='bbox 2033 1093 2170 1125; x_wconf 81' lang='lat' dir='ltr'>successus</span> <span class='ocrx_word' id='word_1_884' title='bbox 2188 1105 2253 1133; x_wconf 84' lang='lat' dir='ltr'>pro·</span> <span class='ocrx_word' id='word_1_885' title='bbox 2275 1099 2326 1123; x_wconf 79' lang='lat' dir='ltr'>An.</span> <span class='ocrx_word' id='word_1_886' title='bbox 2347 1106 2390 1124; x_wconf 88' lang='lat' dir='ltr'>ii.</span> 
     </span>
     <span class='ocr_line' id='line_1_110' title="bbox 1186 1130 2354 1168; baseline 0 -7"><span class='ocrx_word' id='word_1_887' title='bbox 1186 1130 1279 1168; x_wconf 88' lang='lat' dir='ltr'>speros</span> <span class='ocrx_word' id='word_1_888' title='bbox 1294 1141 1327 1161; x_wconf 89' lang='lat' dir='ltr'>ac</span> <span class='ocrx_word' id='word_1_889' title='bbox 1344 1130 1448 1160; x_wconf 88' lang='lat' dir='ltr'>felices.</span> <span class='ocrx_word' id='word_1_890' title='bbox 2277 1138 2307 1161; x_wconf 79' lang='grc' dir='ltr'>Ε.</span> <span class='ocrx_word' id='word_1_891' title='bbox 2328 1144 2354 1161; x_wconf 82' lang='lat'>2.</span> 
     </span>
    </p>

    <p class='ocr_par' dir='ltr' id='par_1_33' title="bbox 1189 1168 2393 1324">
     <span class='ocr_line' id='line_1_111' title="bbox 1226 1168 2390 1209; baseline 0.001 -11"><span class='ocrx_word' id='word_1_892' title='bbox 1226 1168 1283 1199; x_wconf 93' lang='lat' dir='ltr'>Pro</span> <span class='ocrx_word' id='word_1_893' title='bbox 1298 1169 1464 1207; x_wconf 87' lang='lat' dir='ltr'>quibusdam</span> <span class='ocrx_word' id='word_1_894' title='bbox 1479 1168 1632 1208; x_wconf 88' lang='lat' dir='ltr'>Negotiis,</span> <span class='ocrx_word' id='word_1_895' title='bbox 1650 1179 1703 1200; x_wconf 88' lang='lat' dir='ltr'>nos</span> <span class='ocrx_word' id='word_1_896' title='bbox 1717 1170 1908 1208; x_wconf 81' lang='lat' dir='ltr'>tangentibus,</span> <span class='ocrx_word' id='word_1_897' title='bbox 1926 1170 2113 1202; x_wconf 83' lang='lat' dir='ltr'>venerabilem</span> <span class='ocrx_word' id='word_1_898' title='bbox 2127 1171 2239 1202; x_wconf 81' lang='lat' dir='ltr'>Patrem</span> <span class='ocrx_word' id='word_1_899' title='bbox 2249 1193 2258 1209; x_wconf 92' lang='lat'>,</span> <span class='ocrx_word' id='word_1_900' title='bbox 2277 1171 2390 1204; x_wconf 67' lang='lat' dir='ltr'>Rom&amp;</span> 
     </span>
     <span class='ocr_line' id='line_1_112' title="bbox 1193 1206 2391 1247; baseline 0.003 -10"><span class='ocrx_word' id='word_1_901' title='bbox 1193 1207 1231 1238; x_wconf 91' lang='lat' dir='ltr'>A.</span> <span class='ocrx_word' id='word_1_902' title='bbox 1254 1206 1493 1237; x_wconf 79' lang='lat' dir='ltr'>Hei-esordensem</span> <span class='ocrx_word' id='word_1_903' title='bbox 1515 1207 1693 1246; x_wconf 83' lang='lat' dir='ltr'>Episcopum</span> <span class='ocrx_word' id='word_1_904' title='bbox 1743 1209 1776 1239; x_wconf 90' lang='lat'>&amp;</span> <span class='ocrx_word' id='word_1_905' title='bbox 1790 1231 1800 1246; x_wconf 90' lang='lat'>,</span> <span class='ocrx_word' id='word_1_906' title='bbox 1824 1208 1941 1239; x_wconf 62' lang='lat' dir='ltr'>dilectos</span> <span class='ocrx_word' id='word_1_907' title='bbox 1967 1211 2000 1239; x_wconf 82' lang='lat'>&amp;</span> <span class='ocrx_word' id='word_1_908' title='bbox 2025 1209 2117 1240; x_wconf 83' lang='lat' dir='ltr'>fideles</span> <span class='ocrx_word' id='word_1_909' title='bbox 2136 1209 2260 1247; x_wconf 87' lang='lat' dir='ltr'>nostros,</span> <span class='ocrx_word' id='word_1_910' title='bbox 2282 1212 2327 1239; x_wconf 87' lang='lat' dir='ltr'>Fr.</span> <span class='ocrx_word' id='word_1_911' title='bbox 2349 1219 2391 1238; x_wconf 75' lang='grc' dir='ltr'>ιι.</span> 
     </span>
     <span class='ocr_line' id='line_1_113' title="bbox 1189 1231 2393 1285; baseline 0.002 -10"><span class='ocrx_word' id='word_1_912' title='bbox 1189 1245 1352 1284; x_wconf 75' lang='lat' dir='ltr'>johannem</span> <span class='ocrx_word' id='word_1_913' title='bbox 1373 1246 1447 1276; x_wconf 87' lang='lat' dir='ltr'>Abel</span> <span class='ocrx_word' id='word_1_914' title='bbox 1466 1245 1594 1276; x_wconf 87' lang='lat' dir='ltr'>Militem</span> <span class='ocrx_word' id='word_1_915' title='bbox 1610 1270 1619 1285; x_wconf 94' lang='lat'>,</span> <span class='ocrx_word' id='word_1_916' title='bbox 1643 1247 1676 1277; x_wconf 88' lang='lat'>&amp;</span> <span class='ocrx_word' id='word_1_917' title='bbox 1704 1231 1879 1284; x_wconf 73' lang='lat' dir='ltr'>Magistrum</span> <span class='ocrx_word' id='word_1_918' title='bbox 1903 1247 2078 1278; x_wconf 87' lang='lat' dir='ltr'>Richardum</span> <span class='ocrx_word' id='word_1_919' title='bbox 2103 1248 2138 1278; x_wconf 87' lang='lat' dir='ltr'>de</span> <span class='ocrx_word' id='word_1_920' title='bbox 2156 1248 2259 1279; x_wconf 87' lang='lat' dir='ltr'>Burton</span> <span class='ocrx_word' id='word_1_921' title='bbox 2281 1253 2393 1277; x_wconf 69' lang='lat' dir='ltr'>E.2.m;</span> 
     </span>
     <span class='ocr_line' id='line_1_114' title="bbox 1195 1284 2328 1324; baseline 0.001 -10"><span class='ocrx_word' id='word_1_922' title='bbox 1195 1284 1360 1324; x_wconf 91' lang='lat' dir='ltr'>Clericum,</span> <span class='ocrx_word' id='word_1_923' title='bbox 1379 1285 1414 1315; x_wconf 92' lang='lat' dir='ltr'>ad</span> <span class='ocrx_word' id='word_1_924' title='bbox 1433 1284 1551 1315; x_wconf 89' lang='lat' dir='ltr'>vestram</span> <span class='ocrx_word' id='word_1_925' title='bbox 1571 1285 1745 1322; x_wconf 77' lang='lat' dir='ltr'>praesentiam</span> <span class='ocrx_word' id='word_1_926' title='bbox 1764 1286 1896 1316; x_wconf 84' lang='lat' dir='ltr'>duximus</span> <span class='ocrx_word' id='word_1_927' title='bbox 1912 1285 2102 1317; x_wconf 71' lang='lat' dir='ltr'>destinandos:</span> <span class='ocrx_word' id='word_1_928' title='bbox 2286 1297 2328 1315; x_wconf 77' lang='grc' dir='ltr'>η.</span> 
     </span>
    </p>

    <p class='ocr_par' dir='ltr' id='par_1_34' title="bbox 1196 1323 2268 1509">
     <span class='ocr_line' id='line_1_115' title="bbox 1234 1323 2263 1363; baseline 0.003 -12"><span class='ocrx_word' id='word_1_929' title='bbox 1234 1323 1341 1354; x_wconf 72' lang='lat' dir='ltr'>Vestrae</span> <span class='ocrx_word' id='word_1_930' title='bbox 1368 1323 1509 1354; x_wconf 85' lang='lat' dir='ltr'>Serenitati</span> <span class='ocrx_word' id='word_1_931' title='bbox 1536 1324 1713 1354; x_wconf 64' lang='lat' dir='ltr'>affectuosius</span> <span class='ocrx_word' id='word_1_932' title='bbox 1737 1323 1942 1362; x_wconf 85' lang='lat' dir='ltr'>supplicantes,</span> <span class='ocrx_word' id='word_1_933' title='bbox 1975 1325 2100 1362; x_wconf 72' lang='lat' dir='ltr'>quatinus</span> <span class='ocrx_word' id='word_1_934' title='bbox 2117 1323 2263 1363; x_wconf 74' lang='lat' dir='ltr'>praefatos,</span> 
     </span>
     <span class='ocr_line' id='line_1_116' title="bbox 1196 1362 2264 1401; baseline -0.001 -8"><span class='ocrx_word' id='word_1_935' title='bbox 1196 1362 1383 1401; x_wconf 88' lang='lat' dir='ltr'>Episcopum,</span> <span class='ocrx_word' id='word_1_936' title='bbox 1404 1362 1528 1392; x_wconf 83' lang='lat' dir='ltr'>Militem</span> <span class='ocrx_word' id='word_1_937' title='bbox 1545 1385 1554 1400; x_wconf 87' lang='lat'>,</span> <span class='ocrx_word' id='word_1_938' title='bbox 1571 1364 1603 1393; x_wconf 87' lang='lat'>&amp;</span> <span class='ocrx_word' id='word_1_939' title='bbox 1623 1362 1784 1401; x_wconf 88' lang='lat' dir='ltr'>Clericum,</span> <span class='ocrx_word' id='word_1_940' title='bbox 1802 1363 1979 1401; x_wconf 71' lang='lat' dir='ltr'>conjunfflm</span> <span class='ocrx_word' id='word_1_941' title='bbox 1999 1363 2031 1393; x_wconf 87' lang='lat'>&amp;</span> <span class='ocrx_word' id='word_1_942' title='bbox 2048 1362 2176 1400; x_wconf 87' lang='lat' dir='ltr'>divisim,</span> <span class='ocrx_word' id='word_1_943' title='bbox 2194 1363 2264 1392; x_wconf 79' lang='lat' dir='ltr'>veli-</span> 
     </span>
     <span class='ocr_line' id='line_1_117' title="bbox 1198 1400 2265 1439; baseline -0.001 -7"><span class='ocrx_word' id='word_1_944' title='bbox 1198 1403 1231 1432; x_wconf 83' lang='lat' dir='ltr'>tis</span> <span class='ocrx_word' id='word_1_945' title='bbox 1250 1402 1369 1438; x_wconf 82' lang='lat' dir='ltr'>gratiose</span> <span class='ocrx_word' id='word_1_946' title='bbox 1387 1400 1548 1439; x_wconf 86' lang='lat' dir='ltr'>admittere,</span> <span class='ocrx_word' id='word_1_947' title='bbox 1566 1402 1600 1431; x_wconf 84' lang='lat'>&amp;</span> <span class='ocrx_word' id='word_1_948' title='bbox 1619 1403 1672 1439; x_wconf 86' lang='lat' dir='ltr'>eis,</span> <span class='ocrx_word' id='word_1_949' title='bbox 1690 1411 1723 1431; x_wconf 89' lang='lat' dir='ltr'>ac</span> <span class='ocrx_word' id='word_1_950' title='bbox 1741 1400 1849 1431; x_wconf 89' lang='lat' dir='ltr'>duobus</span> <span class='ocrx_word' id='word_1_951' title='bbox 1862 1411 1977 1439; x_wconf 89' lang='lat' dir='ltr'>eorum,</span> <span class='ocrx_word' id='word_1_952' title='bbox 1995 1402 2023 1430; x_wconf 90' lang='lat' dir='ltr'>in</span> <span class='ocrx_word' id='word_1_953' title='bbox 2042 1401 2112 1439; x_wconf 86' lang='lat' dir='ltr'>hiis,</span> <span class='ocrx_word' id='word_1_954' title='bbox 2131 1410 2194 1438; x_wconf 70' lang='lat' dir='ltr'>quae</span> <span class='ocrx_word' id='word_1_955' title='bbox 2212 1410 2265 1431; x_wconf 88' lang='lat' dir='ltr'>vo-</span> 
     </span>
     <span class='ocr_line' id='line_1_118' title="bbox 1199 1438 2268 1509; baseline 0 -40"><span class='ocrx_word' id='word_1_956' title='bbox 1199 1441 1258 1509; x_wconf 46' lang='lat' dir='ltr'>ff?</span> <span class='ocrx_word' id='word_1_957' title='bbox 1277 1448 1310 1470; x_wconf 87' lang='lat' dir='ltr'>ex</span> <span class='ocrx_word' id='word_1_958' title='bbox 1330 1448 1406 1478; x_wconf 86' lang='lat' dir='ltr'>parte</span> <span class='ocrx_word' id='word_1_959' title='bbox 1425 1438 1520 1469; x_wconf 76' lang='lat' dir='ltr'>nostra</span> <span class='ocrx_word' id='word_1_960' title='bbox 1537 1462 1546 1477; x_wconf 88' lang='lat'>,</span> <span class='ocrx_word' id='word_1_961' title='bbox 1567 1439 1740 1478; x_wconf 80' lang='lat' dir='ltr'>exposuerint</span> <span class='ocrx_word' id='word_1_962' title='bbox 1758 1439 1827 1470; x_wconf 71' lang='lat' dir='ltr'>viva</span> <span class='ocrx_word' id='word_1_963' title='bbox 1844 1450 1935 1479; x_wconf 86' lang='lat' dir='ltr'>voce,</span> <span class='ocrx_word' id='word_1_964' title='bbox 1952 1439 2038 1470; x_wconf 84' lang='lat' dir='ltr'>fidem</span> <span class='ocrx_word' id='word_1_965' title='bbox 2055 1439 2200 1470; x_wconf 84' lang='lat' dir='ltr'>credulam</span> <span class='ocrx_word' id='word_1_966' title='bbox 2218 1439 2268 1469; x_wconf 86' lang='lat' dir='ltr'>ad-</span> 
     </span>
    </p>

    <p class='ocr_par' dir='ltr' id='par_1_35' title="bbox 1220 1488 1304 1509">
     <span class='ocr_line' id='line_1_119' title="bbox 1220 1488 1304 1509; baseline -0.024 0"><span class='ocrx_word' id='word_1_967' title='bbox 1220 1490 1228 1509; x_wconf 82' lang='grc' dir='ltr'>ι</span> <span class='ocrx_word' id='word_1_968' title='bbox 1250 1488 1304 1509; x_wconf 84' lang='lat' dir='ltr'>ere.</span> 
     </span>
    </p>

    <p class='ocr_par' dir='ltr' id='par_1_36' title="bbox 1200 1515 2276 1750">
     <span class='ocr_line' id='line_1_120' title="bbox 1238 1515 2271 1555; baseline -0.001 -8"><span class='ocrx_word' id='word_1_969' title='bbox 1238 1516 1283 1547; x_wconf 85' lang='lat' dir='ltr'>Ad</span> <span class='ocrx_word' id='word_1_970' title='bbox 1299 1516 1362 1547; x_wconf 76' lang='lat' dir='ltr'>haec</span> <span class='ocrx_word' id='word_1_971' title='bbox 1375 1540 1384 1555; x_wconf 86' lang='lat'>,</span> <span class='ocrx_word' id='word_1_972' title='bbox 1402 1516 1437 1547; x_wconf 89' lang='lat' dir='ltr'>de</span> <span class='ocrx_word' id='word_1_973' title='bbox 1456 1527 1491 1547; x_wconf 87' lang='lat' dir='ltr'>eo</span> <span class='ocrx_word' id='word_1_974' title='bbox 1509 1517 1587 1555; x_wconf 65' lang='lat' dir='ltr'>quiid</span> <span class='ocrx_word' id='word_1_975' title='bbox 1608 1516 1824 1547; x_wconf 75' lang='lat' dir='ltr'>Excusationem</span> <span class='ocrx_word' id='word_1_976' title='bbox 1844 1527 1903 1547; x_wconf 88' lang='lat' dir='ltr'>non</span> <span class='ocrx_word' id='word_1_977' title='bbox 1921 1515 2058 1548; x_wconf 67' lang='lat' dir='ltr'>adventus</span> <span class='ocrx_word' id='word_1_978' title='bbox 2074 1515 2164 1547; x_wconf 90' lang='lat' dir='ltr'>nostri</span> <span class='ocrx_word' id='word_1_979' title='bbox 2181 1525 2271 1554; x_wconf 86' lang='lat' dir='ltr'>nuper</span> 
     </span>
     <span class='ocr_line' id='line_1_121' title="bbox 1200 1554 2267 1594; baseline -0.001 -8"><span class='ocrx_word' id='word_1_980' title='bbox 1200 1556 1234 1586; x_wconf 88' lang='lat' dir='ltr'>ad</span> <span class='ocrx_word' id='word_1_981' title='bbox 1255 1566 1324 1594; x_wconf 76' lang='lat' dir='ltr'>VOS,</span> <span class='ocrx_word' id='word_1_982' title='bbox 1341 1556 1417 1594; x_wconf 78' lang='lat' dir='ltr'>super</span> <span class='ocrx_word' id='word_1_983' title='bbox 1435 1556 1583 1586; x_wconf 64' lang='lat' dir='ltr'>ezr-afflone</span> <span class='ocrx_word' id='word_1_984' title='bbox 1599 1555 1734 1593; x_wconf 77' lang='lat' dir='ltr'>Homagii</span> <span class='ocrx_word' id='word_1_985' title='bbox 1749 1579 1757 1594; x_wconf 93' lang='lat'>,</span> <span class='ocrx_word' id='word_1_986' title='bbox 1780 1558 1813 1586; x_wconf 83' lang='lat'>&amp;</span> <span class='ocrx_word' id='word_1_987' title='bbox 1836 1556 1953 1586; x_wconf 83' lang='lat' dir='ltr'>aliorum</span> <span class='ocrx_word' id='word_1_988' title='bbox 1976 1556 2057 1585; x_wconf 87' lang='lat' dir='ltr'>vobis</span> <span class='ocrx_word' id='word_1_989' title='bbox 2073 1554 2267 1586; x_wconf 86' lang='lat' dir='ltr'>faciendorum</span> 
     </span>
     <span class='ocr_line' id='line_1_122' title="bbox 1201 1593 2269 1634; baseline -0.001 -9"><span class='ocrx_word' id='word_1_990' title='bbox 1201 1603 1260 1633; x_wconf 81' lang='lat' dir='ltr'>pro</span> <span class='ocrx_word' id='word_1_991' title='bbox 1277 1594 1391 1625; x_wconf 84' lang='lat' dir='ltr'>Ducatu</span> <span class='ocrx_word' id='word_1_992' title='bbox 1409 1594 1566 1632; x_wconf 48' lang='lat' dir='ltr'>praedicto,</span> <span class='ocrx_word' id='word_1_993' title='bbox 1582 1595 1615 1624; x_wconf 71' lang='grc' dir='ltr'>ὃ(</span> <span class='ocrx_word' id='word_1_994' title='bbox 1635 1594 1692 1624; x_wconf 85' lang='lat' dir='ltr'>aliis</span> <span class='ocrx_word' id='word_1_995' title='bbox 1709 1594 1823 1632; x_wconf 79' lang='lat' dir='ltr'>Terris,</span> <span class='ocrx_word' id='word_1_996' title='bbox 1840 1605 1904 1634; x_wconf 84' lang='lat' dir='ltr'>quas</span> <span class='ocrx_word' id='word_1_997' title='bbox 1921 1594 1956 1624; x_wconf 92' lang='lat' dir='ltr'>de</span> <span class='ocrx_word' id='word_1_998' title='bbox 1973 1595 2052 1624; x_wconf 87' lang='lat' dir='ltr'>vobis</span> <span class='ocrx_word' id='word_1_999' title='bbox 2069 1603 2162 1624; x_wconf 88' lang='lat' dir='ltr'>tenere</span> <span class='ocrx_word' id='word_1_1000' title='bbox 2181 1593 2269 1623; x_wconf 88' lang='lat' dir='ltr'>debe-</span> 
     </span>
     <span class='ocr_line' id='line_1_123' title="bbox 1204 1631 2276 1671; baseline -0.002 -8"><span class='ocrx_word' id='word_1_1001' title='bbox 1204 1643 1266 1663; x_wconf 89' lang='lat' dir='ltr'>mus</span> <span class='ocrx_word' id='word_1_1002' title='bbox 1285 1634 1314 1662; x_wconf 91' lang='lat' dir='ltr'>in</span> <span class='ocrx_word' id='word_1_1003' title='bbox 1333 1634 1452 1671; x_wconf 82' lang='lat' dir='ltr'>partibus</span> <span class='ocrx_word' id='word_1_1004' title='bbox 1471 1632 1652 1663; x_wconf 81' lang='lat' dir='ltr'>transmarinis</span> <span class='ocrx_word' id='word_1_1005' title='bbox 1666 1655 1676 1670; x_wconf 93' lang='lat'>,</span> <span class='ocrx_word' id='word_1_1006' title='bbox 1691 1633 1773 1662; x_wconf 81' lang='lat' dir='ltr'>vobis</span> <span class='ocrx_word' id='word_1_1007' title='bbox 1789 1642 1822 1662; x_wconf 84' lang='lat' dir='ltr'>ex</span> <span class='ocrx_word' id='word_1_1008' title='bbox 1840 1633 1920 1663; x_wconf 88' lang='lat' dir='ltr'>certis</span> <span class='ocrx_word' id='word_1_1009' title='bbox 1938 1633 2023 1663; x_wconf 83' lang='lat' dir='ltr'>causis</span> <span class='ocrx_word' id='word_1_1010' title='bbox 2040 1641 2107 1663; x_wconf 91' lang='lat' dir='ltr'>tunc</span> <span class='ocrx_word' id='word_1_1011' title='bbox 2128 1631 2276 1670; x_wconf 77' lang='lat' dir='ltr'>expositis,</span> 
     </span>
     <span class='ocr_line' id='line_1_124' title="bbox 1202 1669 2275 1709; baseline -0.001 -8"><span class='ocrx_word' id='word_1_1012' title='bbox 1202 1679 1343 1709; x_wconf 85' lang='lat' dir='ltr'>gratanter</span> <span class='ocrx_word' id='word_1_1013' title='bbox 1361 1671 1504 1702; x_wconf 76' lang='lat' dir='ltr'>admisistis</span> <span class='ocrx_word' id='word_1_1014' title='bbox 1526 1695 1535 1708; x_wconf 85' lang='lat'>,</span> <span class='ocrx_word' id='word_1_1015' title='bbox 1561 1672 1595 1702; x_wconf 87' lang='lat'>&amp;</span> <span class='ocrx_word' id='word_1_1016' title='bbox 1609 1671 1773 1701; x_wconf 80' lang='lat' dir='ltr'>dilationem</span> <span class='ocrx_word' id='word_1_1017' title='bbox 1790 1671 1869 1709; x_wconf 87' lang='lat' dir='ltr'>super</span> <span class='ocrx_word' id='word_1_1018' title='bbox 1888 1671 1940 1701; x_wconf 83' lang='lat' dir='ltr'>biis</span> <span class='ocrx_word' id='word_1_1019' title='bbox 1960 1670 2131 1702; x_wconf 68' lang='lat' dir='ltr'>eonceffist&#39;m</span> <span class='ocrx_word' id='word_1_1020' title='bbox 2146 1693 2157 1709; x_wconf 93' lang='lat'>,</span> <span class='ocrx_word' id='word_1_1021' title='bbox 2175 1669 2275 1702; x_wconf 74' lang='lat' dir='ltr'>vestrae</span> 
     </span>
     <span class='ocr_line' id='line_1_125' title="bbox 1204 1709 1792 1750; baseline -0.003 -9"><span class='ocrx_word' id='word_1_1022' title='bbox 1204 1710 1374 1741; x_wconf 77' lang='lat' dir='ltr'>excellentiae</span> <span class='ocrx_word' id='word_1_1023' title='bbox 1394 1719 1480 1750; x_wconf 83' lang='lat' dir='ltr'>grates</span> <span class='ocrx_word' id='word_1_1024' title='bbox 1496 1709 1639 1740; x_wconf 87' lang='lat' dir='ltr'>referimus</span> <span class='ocrx_word' id='word_1_1025' title='bbox 1656 1709 1792 1747; x_wconf 89' lang='lat' dir='ltr'>speciales.</span> 
     </span>
    </p>
   </div>
   <div class='ocr_carea' id='block_1_23' title="bbox 1238 1747 1947 1788">
    <p class='ocr_par' dir='ltr' id='par_1_37' title="bbox 1238 1747 1947 1788">
     <span class='ocr_line' id='line_1_126' title="bbox 1238 1747 1947 1788; baseline -0.001 -9"><span class='ocrx_word' id='word_1_1026' title='bbox 1238 1748 1305 1779; x_wconf 72' lang='lat' dir='ltr'>Dat.</span> <span class='ocrx_word' id='word_1_1027' title='bbox 1323 1749 1396 1786; x_wconf 84' lang='lat' dir='ltr'>apud</span> <span class='ocrx_word' id='word_1_1028' title='bbox 1418 1747 1724 1786; x_wconf 73' lang='lat' dir='ltr'>westmonasterium,</span> <span class='ocrx_word' id='word_1_1029' title='bbox 1744 1749 1787 1779; x_wconf 91' lang='lat'>16.</span> <span class='ocrx_word' id='word_1_1030' title='bbox 1805 1748 1850 1779; x_wconf 89' lang='lat' dir='ltr'>die</span> <span class='ocrx_word' id='word_1_1031' title='bbox 1860 1747 1947 1788; x_wconf 90' lang='lat' dir='ltr'>Junii.</span> 
     </span>
    </p>
   </div>
   <div class='ocr_carea' id='block_1_24' title="bbox 1256 1876 2230 1972">
    <p class='ocr_par' dir='ltr' id='par_1_38' title="bbox 1256 1876 2230 1972">
     <span class='ocr_line' id='line_1_127' title="bbox 1256 1876 2230 1925; baseline -0.002 -14"><span class='ocrx_word' id='word_1_1032' title='bbox 1256 1880 1305 1911; x_wconf 83' lang='lat' dir='ltr'>De</span> <span class='ocrx_word' id='word_1_1033' title='bbox 1324 1876 1484 1921; x_wconf 70' lang='lat' dir='ltr'>Potcstase,</span> <span class='ocrx_word' id='word_1_1034' title='bbox 1509 1876 1553 1909; x_wconf 77' lang='lat' dir='ltr'>ad</span> <span class='ocrx_word' id='word_1_1035' title='bbox 1565 1876 1735 1910; x_wconf 73' lang='lat' dir='ltr'>Fidelitatis</span> <span class='ocrx_word' id='word_1_1036' title='bbox 1754 1881 2005 1922; x_wconf 67' lang='lat' dir='ltr'>Sacramentum,</span> <span class='ocrx_word' id='word_1_1037' title='bbox 2025 1889 2080 1925; x_wconf 85' lang='lat' dir='ltr'>pro</span> <span class='ocrx_word' id='word_1_1038' title='bbox 2103 1879 2230 1910; x_wconf 78' lang='lat' dir='ltr'>Ducam</span> 
     </span>
     <span class='ocr_line' id='line_1_128' title="bbox 1527 1926 1932 1972; baseline 0.005 -13"><span class='ocrx_word' id='word_1_1039' title='bbox 1527 1928 1700 1972; x_wconf 63' lang='lat' dir='ltr'>Aquitania</span> <span class='ocrx_word' id='word_1_1040' title='bbox 1711 1950 1719 1965; x_wconf 90' lang='lat'>,</span> <span class='ocrx_word' id='word_1_1041' title='bbox 1736 1926 1932 1971; x_wconf 75' lang='lat' dir='ltr'>faciendum.</span> 
     </span>
    </p>
   </div>
   <div class='ocr_carea' id='block_1_25' title="bbox 1209 2011 2435 2396">
    <p class='ocr_par' dir='ltr' id='par_1_39' title="bbox 1209 2011 2435 2396">
     <span class='ocr_line' id='line_1_129' title="bbox 1273 2011 2428 2051; baseline 0 -7"><span class='ocrx_word' id='word_1_1042' title='bbox 1273 2011 1298 2044; x_wconf 88' lang='lat' dir='ltr'>E</span> <span class='ocrx_word' id='word_1_1043' title='bbox 1309 2012 1339 2043; x_wconf 86' lang='lat' dir='ltr'>X</span> <span class='ocrx_word' id='word_1_1044' title='bbox 1364 2012 1514 2050; x_wconf 89' lang='lat' dir='ltr'>omnibus,</span> <span class='ocrx_word' id='word_1_1045' title='bbox 1531 2011 1566 2042; x_wconf 86' lang='lat' dir='ltr'>ad</span> <span class='ocrx_word' id='word_1_1046' title='bbox 1587 2022 1676 2050; x_wconf 83' lang='lat' dir='ltr'>quos,</span> <span class='ocrx_word' id='word_1_1047' title='bbox 1692 2012 1753 2042; x_wconf 85' lang='lat' dir='ltr'>&amp;c.</span> <span class='ocrx_word' id='word_1_1048' title='bbox 1777 2012 1902 2043; x_wconf 86' lang='lat' dir='ltr'>salutem.</span> <span class='ocrx_word' id='word_1_1049' title='bbox 2300 2019 2375 2051; x_wconf 72' lang='grc' dir='ltr'>Λῃῃ,</span> <span class='ocrx_word' id='word_1_1050' title='bbox 2387 2017 2428 2050; x_wconf 82' lang='lat' dir='ltr'>D.</span> 
     </span>
     <span class='ocr_line' id='line_1_130' title="bbox 1312 2050 2403 2098; baseline 0.001 -18"><span class='ocrx_word' id='word_1_1051' title='bbox 1312 2051 1360 2081; x_wconf 90' lang='lat' dir='ltr'>De</span> <span class='ocrx_word' id='word_1_1052' title='bbox 1379 2051 1507 2080; x_wconf 86' lang='lat' dir='ltr'>fidelitate</span> <span class='ocrx_word' id='word_1_1053' title='bbox 1531 2051 1646 2087; x_wconf 66' lang='lat' dir='ltr'>probata</span> <span class='ocrx_word' id='word_1_1054' title='bbox 1670 2051 1703 2081; x_wconf 88' lang='lat'>&amp;</span> <span class='ocrx_word' id='word_1_1055' title='bbox 1729 2051 1984 2089; x_wconf 65' lang='lat' dir='ltr'>circumspe&amp;ione</span> <span class='ocrx_word' id='word_1_1056' title='bbox 2001 2051 2136 2089; x_wconf 64' lang='lat' dir='ltr'>providi,</span> <span class='ocrx_word' id='word_1_1057' title='bbox 2154 2050 2278 2082; x_wconf 84' lang='lat' dir='ltr'>Venera—</span> <span class='ocrx_word' id='word_1_1058' title='bbox 2319 2060 2403 2098; x_wconf 77' lang='lat'>1318.</span> 
     </span>
     <span class='ocr_line' id='line_1_131' title="bbox 1210 2087 2414 2129; baseline -0.001 -9"><span class='ocrx_word' id='word_1_1059' title='bbox 1210 2090 1271 2120; x_wconf 80' lang='lat' dir='ltr'>bilis</span> <span class='ocrx_word' id='word_1_1060' title='bbox 1290 2089 1400 2127; x_wconf 87' lang='lat' dir='ltr'>Patris,</span> <span class='ocrx_word' id='word_1_1061' title='bbox 1424 2088 1460 2119; x_wconf 90' lang='lat' dir='ltr'>A.</span> <span class='ocrx_word' id='word_1_1062' title='bbox 1479 2087 1689 2118; x_wconf 78' lang='lat' dir='ltr'>Herefordenlis</span> <span class='ocrx_word' id='word_1_1063' title='bbox 1706 2088 1864 2129; x_wconf 85' lang='lat' dir='ltr'>Episcopi,</span> <span class='ocrx_word' id='word_1_1064' title='bbox 1884 2090 1936 2127; x_wconf 87' lang='lat'>&amp;,</span> <span class='ocrx_word' id='word_1_1065' title='bbox 1954 2089 2125 2123; x_wconf 58' lang='lat' dir='ltr'>dilec‘rorum</span> <span class='ocrx_word' id='word_1_1066' title='bbox 2144 2090 2177 2120; x_wconf 87' lang='lat'>&amp;</span> <span class='ocrx_word' id='word_1_1067' title='bbox 2196 2089 2280 2119; x_wconf 90' lang='lat' dir='ltr'>Fide·</span> <span class='ocrx_word' id='word_1_1068' title='bbox 2298 2101 2350 2124; x_wconf 80' lang='lat' dir='ltr'>An.</span> <span class='ocrx_word' id='word_1_1069' title='bbox 2371 2105 2414 2126; x_wconf 68' lang='grc' dir='ltr'>η,</span> 
     </span>
     <span class='ocr_line' id='line_1_132' title="bbox 1209 2126 2369 2165; baseline -0.001 -6"><span class='ocrx_word' id='word_1_1070' title='bbox 1209 2128 1279 2159; x_wconf 82' lang='lat' dir='ltr'>lium</span> <span class='ocrx_word' id='word_1_1071' title='bbox 1298 2127 1475 2164; x_wconf 83' lang='lat' dir='ltr'>nostrorum,</span> <span class='ocrx_word' id='word_1_1072' title='bbox 1488 2126 1622 2165; x_wconf 79' lang='lat' dir='ltr'>johannis</span> <span class='ocrx_word' id='word_1_1073' title='bbox 1641 2126 1714 2157; x_wconf 86' lang='lat' dir='ltr'>Abel</span> <span class='ocrx_word' id='word_1_1074' title='bbox 1734 2126 1855 2165; x_wconf 88' lang='lat' dir='ltr'>Militis,</span> <span class='ocrx_word' id='word_1_1075' title='bbox 1873 2126 2008 2165; x_wconf 85' lang='lat' dir='ltr'>Magistri</span> <span class='ocrx_word' id='word_1_1076' title='bbox 2027 2127 2145 2159; x_wconf 87' lang='lat' dir='ltr'>Ricardi</span> <span class='ocrx_word' id='word_1_1077' title='bbox 2160 2127 2194 2158; x_wconf 92' lang='lat' dir='ltr'>de</span> <span class='ocrx_word' id='word_1_1078' title='bbox 2210 2127 2277 2158; x_wconf 87' lang='lat' dir='ltr'>Bur-</span> <span class='ocrx_word' id='word_1_1079' title='bbox 2298 2140 2328 2163; x_wconf 79' lang='lat' dir='ltr'>E.</span> <span class='ocrx_word' id='word_1_1080' title='bbox 2344 2145 2369 2162; x_wconf 80' lang='lat'>2.</span> 
     </span>
     <span class='ocr_line' id='line_1_133' title="bbox 1210 2164 2434 2204; baseline -0.001 -7"><span class='ocrx_word' id='word_1_1081' title='bbox 1210 2175 1261 2197; x_wconf 84' lang='lat' dir='ltr'>ton</span> <span class='ocrx_word' id='word_1_1082' title='bbox 1279 2165 1402 2204; x_wconf 85' lang='lat' dir='ltr'>Clerici,¹</span> <span class='ocrx_word' id='word_1_1083' title='bbox 1420 2165 1544 2203; x_wconf 72' lang='lat' dir='ltr'>plenarie</span> <span class='ocrx_word' id='word_1_1084' title='bbox 1562 2164 1696 2196; x_wconf 78' lang='lat' dir='ltr'>fiduciam</span> <span class='ocrx_word' id='word_1_1085' title='bbox 1715 2174 1883 2203; x_wconf 85' lang='lat' dir='ltr'>reportantes</span> <span class='ocrx_word' id='word_1_1086' title='bbox 1897 2188 1908 2204; x_wconf 82' lang='lat'>,</span> <span class='ocrx_word' id='word_1_1087' title='bbox 2299 2178 2361 2202; x_wconf 70' lang='lat' dir='ltr'>pas,</span> <span class='ocrx_word' id='word_1_1088' title='bbox 2390 2183 2434 2201; x_wconf 71' lang='grc' dir='ltr'>ῃ,</span> 
     </span>
     <span class='ocr_line' id='line_1_134' title="bbox 1247 2203 2435 2248; baseline 0 -13"><span class='ocrx_word' id='word_1_1089' title='bbox 1247 2205 1381 2235; x_wconf 88' lang='lat' dir='ltr'>Faciendi</span> <span class='ocrx_word' id='word_1_1090' title='bbox 1399 2204 1431 2234; x_wconf 73' lang='grc' dir='ltr'>δε</span> <span class='ocrx_word' id='word_1_1091' title='bbox 1450 2203 1597 2241; x_wconf 85' lang='lat' dir='ltr'>praestandi</span> <span class='ocrx_word' id='word_1_1092' title='bbox 1646 2213 1698 2241; x_wconf 87' lang='lat' dir='ltr'>pro</span> <span class='ocrx_word' id='word_1_1093' title='bbox 1716 2205 1797 2234; x_wconf 84' lang='lat' dir='ltr'>nobis</span> <span class='ocrx_word' id='word_1_1094' title='bbox 1815 2227 1824 2243; x_wconf 96' lang='lat'>,</span> <span class='ocrx_word' id='word_1_1095' title='bbox 1843 2205 1875 2235; x_wconf 88' lang='lat'>&amp;</span> <span class='ocrx_word' id='word_1_1096' title='bbox 1894 2206 2011 2235; x_wconf 88' lang='lat' dir='ltr'>nomine</span> <span class='ocrx_word' id='word_1_1097' title='bbox 2029 2203 2142 2243; x_wconf 88' lang='lat' dir='ltr'>nostro,</span> <span class='ocrx_word' id='word_1_1098' title='bbox 2161 2203 2280 2242; x_wconf 88' lang='lat' dir='ltr'>Magni·</span> <span class='ocrx_word' id='word_1_1099' title='bbox 2300 2217 2333 2240; x_wconf 70' lang='grc' dir='ltr'>Ε,</span> <span class='ocrx_word' id='word_1_1100' title='bbox 2355 2222 2381 2239; x_wconf 84' lang='lat'>2,</span> <span class='ocrx_word' id='word_1_1101' title='bbox 2406 2207 2435 2248; x_wconf 61' lang='grc' dir='ltr'>μζ,-</span> 
     </span>
     <span class='ocr_line' id='line_1_135' title="bbox 1211 2226 2415 2286; baseline 0.002 -13"><span class='ocrx_word' id='word_1_1102' title='bbox 1211 2242 1269 2273; x_wconf 84' lang='lat' dir='ltr'>fico</span> <span class='ocrx_word' id='word_1_1103' title='bbox 1286 2242 1434 2280; x_wconf 84' lang='lat' dir='ltr'>Principi,</span> <span class='ocrx_word' id='word_1_1104' title='bbox 1449 2242 1580 2272; x_wconf 91' lang='lat' dir='ltr'>Domino</span> <span class='ocrx_word' id='word_1_1105' title='bbox 1599 2226 1735 2280; x_wconf 66' lang='lat' dir='ltr'>Fhi&#39;lippo</span> <span class='ocrx_word' id='word_1_1106' title='bbox 1747 2266 1757 2280; x_wconf 97' lang='lat'>,</span> <span class='ocrx_word' id='word_1_1107' title='bbox 1776 2242 1854 2280; x_wconf 89' lang='lat' dir='ltr'>Regi</span> <span class='ocrx_word' id='word_1_1108' title='bbox 1874 2243 2001 2274; x_wconf 84' lang='lat' dir='ltr'>Franciae</span> <span class='ocrx_word' id='word_1_1109' title='bbox 2021 2242 2134 2282; x_wconf 87' lang='lat' dir='ltr'>illustri,</span> <span class='ocrx_word' id='word_1_1110' title='bbox 2150 2243 2279 2274; x_wconf 89' lang='lat' dir='ltr'>debitum</span> <span class='ocrx_word' id='word_1_1111' title='bbox 2302 2260 2374 2280; x_wconf 80' lang='lat' dir='ltr'>2,m,</span> <span class='ocrx_word' id='word_1_1112' title='bbox 2387 2259 2415 2286; x_wconf 87' lang='lat'>5.</span> 
     </span>
     <span class='ocr_line' id='line_1_136' title="bbox 1211 2281 2283 2320; baseline 0 -8"><span class='ocrx_word' id='word_1_1113' title='bbox 1211 2281 1360 2312; x_wconf 89' lang='lat' dir='ltr'>Fidelitatis</span> <span class='ocrx_word' id='word_1_1114' title='bbox 1384 2281 1596 2311; x_wconf 83' lang='lat' dir='ltr'>Sacramentum</span> <span class='ocrx_word' id='word_1_1115' title='bbox 1612 2304 1622 2319; x_wconf 93' lang='lat'>,</span> <span class='ocrx_word' id='word_1_1116' title='bbox 1649 2291 1701 2318; x_wconf 88' lang='lat' dir='ltr'>pro</span> <span class='ocrx_word' id='word_1_1117' title='bbox 1726 2281 1840 2312; x_wconf 87' lang='lat' dir='ltr'>Ducatu</span> <span class='ocrx_word' id='word_1_1118' title='bbox 1856 2281 1954 2311; x_wconf 84' lang='lat' dir='ltr'>nostro</span> <span class='ocrx_word' id='word_1_1119' title='bbox 1971 2282 2126 2319; x_wconf 77' lang='lat' dir='ltr'>Aquitaniae</span> <span class='ocrx_word' id='word_1_1120' title='bbox 2141 2304 2152 2320; x_wconf 92' lang='lat'>,</span> <span class='ocrx_word' id='word_1_1121' title='bbox 2171 2282 2205 2312; x_wconf 91' lang='lat'>&amp;</span> <span class='ocrx_word' id='word_1_1122' title='bbox 2224 2281 2283 2313; x_wconf 88' lang='lat' dir='ltr'>aliis</span> 
     </span>
     <span class='ocr_line' id='line_1_137' title="bbox 1214 2319 2285 2359; baseline 0 -9"><span class='ocrx_word' id='word_1_1123' title='bbox 1214 2320 1311 2350; x_wconf 87' lang='lat' dir='ltr'>Terris</span> <span class='ocrx_word' id='word_1_1124' title='bbox 1327 2343 1337 2359; x_wconf 84' lang='lat'>,</span> <span class='ocrx_word' id='word_1_1125' title='bbox 1365 2330 1431 2357; x_wconf 86' lang='lat' dir='ltr'>quas</span> <span class='ocrx_word' id='word_1_1126' title='bbox 1446 2319 1482 2349; x_wconf 93' lang='lat' dir='ltr'>de</span> <span class='ocrx_word' id='word_1_1127' title='bbox 1499 2319 1561 2357; x_wconf 87' lang='lat' dir='ltr'>ipso</span> <span class='ocrx_word' id='word_1_1128' title='bbox 1580 2328 1705 2349; x_wconf 87' lang='lat' dir='ltr'>tenemus</span> <span class='ocrx_word' id='word_1_1129' title='bbox 1723 2320 1752 2349; x_wconf 90' lang='lat' dir='ltr'>in</span> <span class='ocrx_word' id='word_1_1130' title='bbox 1773 2319 1893 2356; x_wconf 84' lang='lat' dir='ltr'>partibus</span> <span class='ocrx_word' id='word_1_1131' title='bbox 1912 2319 2095 2350; x_wconf 84' lang='lat' dir='ltr'>transmarinis</span> <span class='ocrx_word' id='word_1_1132' title='bbox 2112 2337 2122 2357; x_wconf 70' lang='lat'>5</span> <span class='ocrx_word' id='word_1_1133' title='bbox 2147 2319 2285 2359; x_wconf 79' lang='lat' dir='ltr'>praefatis,</span> 
     </span>
     <span class='ocr_line' id='line_1_138' title="bbox 1213 2356 2286 2396; baseline 0 -7"><span class='ocrx_word' id='word_1_1134' title='bbox 1213 2358 1375 2396; x_wconf 80' lang='lat' dir='ltr'>Episcopo,</span> <span class='ocrx_word' id='word_1_1135' title='bbox 1397 2357 1487 2387; x_wconf 83' lang='lat' dir='ltr'>Militi</span> <span class='ocrx_word' id='word_1_1136' title='bbox 1503 2380 1513 2396; x_wconf 81' lang='lat'>,</span> <span class='ocrx_word' id='word_1_1137' title='bbox 1537 2358 1570 2388; x_wconf 89' lang='lat'>&amp;</span> <span class='ocrx_word' id='word_1_1138' title='bbox 1589 2356 1707 2387; x_wconf 87' lang='lat' dir='ltr'>Clerico</span> <span class='ocrx_word' id='word_1_1139' title='bbox 1721 2381 1731 2396; x_wconf 94' lang='lat'>,</span> <span class='ocrx_word' id='word_1_1140' title='bbox 1749 2357 1783 2388; x_wconf 88' lang='lat'>&amp;</span> <span class='ocrx_word' id='word_1_1141' title='bbox 1800 2367 1901 2388; x_wconf 79' lang='lat' dir='ltr'>eorum</span> <span class='ocrx_word' id='word_1_1142' title='bbox 1917 2357 2052 2396; x_wconf 87' lang='lat' dir='ltr'>cuilibet,</span> <span class='ocrx_word' id='word_1_1143' title='bbox 2070 2357 2180 2395; x_wconf 89' lang='lat' dir='ltr'>plenam</span> <span class='ocrx_word' id='word_1_1144' title='bbox 2199 2357 2286 2389; x_wconf 89' lang='lat' dir='ltr'>Pote-</span> 
     </span>
    </p>
   </div>
   <div class='ocr_carea' id='block_1_26' title="bbox 1192 2394 2287 2435">
    <p class='ocr_par' dir='ltr' id='par_1_40' title="bbox 1192 2394 2287 2435">
     <span class='ocr_line' id='line_1_139' title="bbox 1192 2394 2287 2435; baseline 0 -8"><span class='ocrx_word' id='word_1_1145' title='bbox 1192 2434 1197 2435; x_wconf 24' lang='lat'><em>⁷</em></span> <span class='ocrx_word' id='word_1_1146' title='bbox 1213 2397 1330 2435; x_wconf 84' lang='lat' dir='ltr'>statem,</span> <span class='ocrx_word' id='word_1_1147' title='bbox 1348 2396 1382 2426; x_wconf 89' lang='lat'>&amp;</span> <span class='ocrx_word' id='word_1_1148' title='bbox 1401 2394 1517 2433; x_wconf 84' lang='lat' dir='ltr'>speciale</span> <span class='ocrx_word' id='word_1_1149' title='bbox 1537 2395 1710 2426; x_wconf 83' lang='lat' dir='ltr'>Mandatum</span> <span class='ocrx_word' id='word_1_1150' title='bbox 1730 2396 1915 2426; x_wconf 87' lang='lat' dir='ltr'>concedimus</span> <span class='ocrx_word' id='word_1_1151' title='bbox 1932 2406 1980 2434; x_wconf 84' lang='lat' dir='ltr'>per</span> <span class='ocrx_word' id='word_1_1152' title='bbox 1998 2396 2161 2435; x_wconf 90' lang='lat' dir='ltr'>praesentes,</span> <span class='ocrx_word' id='word_1_1153' title='bbox 2178 2395 2287 2427; x_wconf 87' lang='lat' dir='ltr'>Ratum</span> 
     </span>
    </p>
   </div>
   <div class='ocr_carea' id='block_1_27' title="bbox 1215 2433 2290 2588">
    <p class='ocr_par' dir='ltr' id='par_1_41' title="bbox 1215 2433 2290 2548">
     <span class='ocr_line' id='line_1_140' title="bbox 1215 2433 2290 2473; baseline -0.001 -8"><span class='ocrx_word' id='word_1_1154' title='bbox 1215 2436 1336 2466; x_wconf 89' lang='lat' dir='ltr'>habituri</span> <span class='ocrx_word' id='word_1_1155' title='bbox 1362 2434 1395 2464; x_wconf 83' lang='lat'>&amp;</span> <span class='ocrx_word' id='word_1_1156' title='bbox 1419 2433 1533 2465; x_wconf 83' lang='lat' dir='ltr'>firmum</span> <span class='ocrx_word' id='word_1_1157' title='bbox 1557 2434 1585 2464; x_wconf 89' lang='lat' dir='ltr'>id</span> <span class='ocrx_word' id='word_1_1158' title='bbox 1604 2457 1614 2472; x_wconf 83' lang='lat'>,</span> <span class='ocrx_word' id='word_1_1159' title='bbox 1640 2434 1716 2472; x_wconf 87' lang='lat' dir='ltr'>quod</span> <span class='ocrx_word' id='word_1_1160' title='bbox 1736 2444 1783 2472; x_wconf 87' lang='lat' dir='ltr'>per</span> <span class='ocrx_word' id='word_1_1161' title='bbox 1800 2434 1953 2472; x_wconf 65' lang='lat' dir='ltr'>praedictos</span> <span class='ocrx_word' id='word_1_1162' title='bbox 1966 2458 1976 2473; x_wconf 86' lang='lat'>,</span> <span class='ocrx_word' id='word_1_1163' title='bbox 1993 2434 2185 2473; x_wconf 87' lang='lat' dir='ltr'>Episcopum,</span> <span class='ocrx_word' id='word_1_1164' title='bbox 2207 2434 2290 2465; x_wconf 89' lang='lat' dir='ltr'>Mili-</span> 
     </span>
     <span class='ocr_line' id='line_1_141' title="bbox 1216 2472 2288 2512; baseline -0.001 -7"><span class='ocrx_word' id='word_1_1165' title='bbox 1216 2483 1275 2505; x_wconf 84' lang='lat' dir='ltr'>tem</span> <span class='ocrx_word' id='word_1_1166' title='bbox 1289 2496 1299 2512; x_wconf 88' lang='lat'>,</span> <span class='ocrx_word' id='word_1_1167' title='bbox 1323 2474 1356 2504; x_wconf 89' lang='lat'>&amp;</span> <span class='ocrx_word' id='word_1_1168' title='bbox 1373 2472 1521 2504; x_wconf 87' lang='lat' dir='ltr'>Clericum</span> <span class='ocrx_word' id='word_1_1169' title='bbox 1535 2495 1546 2512; x_wconf 91' lang='lat'>,</span> <span class='ocrx_word' id='word_1_1170' title='bbox 1571 2474 1616 2503; x_wconf 84' lang='lat' dir='ltr'>vel</span> <span class='ocrx_word' id='word_1_1171' title='bbox 1634 2483 1723 2503; x_wconf 83' lang='lat' dir='ltr'>unum</span> <span class='ocrx_word' id='word_1_1172' title='bbox 1739 2483 1839 2503; x_wconf 86' lang='lat' dir='ltr'>eorum</span> <span class='ocrx_word' id='word_1_1173' title='bbox 1856 2496 1869 2512; x_wconf 89' lang='lat'>,.</span> <span class='ocrx_word' id='word_1_1174' title='bbox 1890 2472 1990 2503; x_wconf 83' lang='lat' dir='ltr'>nostro</span> <span class='ocrx_word' id='word_1_1175' title='bbox 2007 2474 2126 2504; x_wconf 79' lang='lat' dir='ltr'>nomine</span> <span class='ocrx_word' id='word_1_1176' title='bbox 2142 2495 2153 2511; x_wconf 89' lang='lat'>,</span> <span class='ocrx_word' id='word_1_1177' title='bbox 2179 2472 2288 2505; x_wconf 64' lang='lat' dir='ltr'>fadlum</span> 
     </span>
     <span class='ocr_line' id='line_1_142' title="bbox 1217 2512 1515 2548; baseline -0.003 -5"><span class='ocrx_word' id='word_1_1178' title='bbox 1217 2513 1299 2544; x_wconf 86' lang='lat' dir='ltr'>fuerit</span> <span class='ocrx_word' id='word_1_1179' title='bbox 1314 2512 1343 2542; x_wconf 92' lang='lat' dir='ltr'>in</span> <span class='ocrx_word' id='word_1_1180' title='bbox 1360 2512 1412 2542; x_wconf 90' lang='lat' dir='ltr'>hac</span> <span class='ocrx_word' id='word_1_1181' title='bbox 1434 2520 1515 2548; x_wconf 89' lang='lat' dir='ltr'>parte.</span> 
     </span>
    </p>

    <p class='ocr_par' dir='ltr' id='par_1_42' title="bbox 1256 2550 1478 2588">
     <span class='ocr_line' id='line_1_143' title="bbox 1256 2550 1478 2588; baseline -0.005 -8"><span class='ocrx_word' id='word_1_1182' title='bbox 1256 2551 1289 2580; x_wconf 89' lang='lat' dir='ltr'>ln</span> <span class='ocrx_word' id='word_1_1183' title='bbox 1304 2550 1399 2588; x_wconf 80' lang='lat' dir='ltr'>cujus,</span> <span class='ocrx_word' id='word_1_1184' title='bbox 1418 2551 1478 2580; x_wconf 86' lang='lat' dir='ltr'>&amp;c.</span> 
     </span>
    </p>
   </div>
   <div class='ocr_carea' id='block_1_28' title="bbox 1256 2585 1975 2628">
    <p class='ocr_par' dir='ltr' id='par_1_43' title="bbox 1256 2585 1975 2628">
     <span class='ocr_line' id='line_1_144' title="bbox 1256 2585 1975 2628; baseline 0.001 -9"><span class='ocrx_word' id='word_1_1185' title='bbox 1256 2588 1325 2619; x_wconf 77' lang='lat' dir='ltr'>Dat.</span> <span class='ocrx_word' id='word_1_1186' title='bbox 1342 2588 1414 2626; x_wconf 82' lang='lat' dir='ltr'>apud</span> <span class='ocrx_word' id='word_1_1187' title='bbox 1435 2587 1721 2620; x_wconf 77' lang='lat' dir='ltr'>West&#39;monasterium</span> <span class='ocrx_word' id='word_1_1188' title='bbox 1732 2612 1742 2628; x_wconf 90' lang='lat'>,</span> <span class='ocrx_word' id='word_1_1189' title='bbox 1764 2585 1808 2620; x_wconf 78' lang='lat'>16.</span> <span class='ocrx_word' id='word_1_1190' title='bbox 1825 2589 1871 2621; x_wconf 88' lang='lat' dir='ltr'>die</span> <span class='ocrx_word' id='word_1_1191' title='bbox 1886 2589 1975 2628; x_wconf 65' lang='lat' dir='ltr'>Junii-‚=</span> 
     </span>
    </p>
   </div>
   <div class='ocr_carea' id='block_1_29' title="bbox 1245 2664 2131 2690">
    <p class='ocr_par' dir='ltr' id='par_1_44' title="bbox 1245 2664 2131 2690">
     <span class='ocr_line' id='line_1_145' title="bbox 1245 2664 2131 2690; baseline 0 0"><span class='ocrx_word' id='word_1_1192' title='bbox 1245 2664 2131 2690; x_wconf 95' lang='lat' dir='ltr'> </span> 
     </span>
    </p>
   </div>
   <div class='ocr_carea' id='block_1_30' title="bbox 1419 2721 2109 2769">
    <p class='ocr_par' dir='ltr' id='par_1_45' title="bbox 1419 2721 2109 2769">
     <span class='ocr_line' id='line_1_146' title="bbox 1419 2721 2109 2769; baseline -0.004 -11"><span class='ocrx_word' id='word_1_1193' title='bbox 1419 2726 1468 2758; x_wconf 80' lang='lat' dir='ltr'>De</span> <span class='ocrx_word' id='word_1_1194' title='bbox 1490 2722 1670 2758; x_wconf 77' lang='lat' dir='ltr'>Intendendo</span> <span class='ocrx_word' id='word_1_1195' title='bbox 1696 2721 1904 2769; x_wconf 72' lang='lat' dir='ltr'>P&#39;rovtfiribus</span> <span class='ocrx_word' id='word_1_1196' title='bbox 1927 2721 2109 2759; x_wconf 72' lang='lat' dir='ltr'>Cardinalis.</span> 
     </span>
    </p>
   </div>
   <div class='ocr_carea' id='block_1_31' title="bbox 1221 2805 2440 3465">
    <p class='ocr_par' dir='ltr' id='par_1_46' title="bbox 1221 2805 2440 3465">
     <span class='ocr_line' id='line_1_147' title="bbox 1224 2805 2438 2881; baseline -0.003 -40"><span class='ocrx_word' id='word_1_1197' title='bbox 1224 2806 1355 2881; x_wconf 77' lang='lat' dir='ltr'>REX</span> <span class='ocrx_word' id='word_1_1198' title='bbox 1381 2808 1628 2848; x_wconf 85' lang='lat' dir='ltr'>Vicecomitibus,</span> <span class='ocrx_word' id='word_1_1199' title='bbox 1645 2808 1770 2848; x_wconf 79' lang='lat' dir='ltr'>BalliviS,</span> <span class='ocrx_word' id='word_1_1200' title='bbox 1789 2808 1945 2847; x_wconf 81' lang='lat' dir='ltr'>Min&#39;istris,</span> <span class='ocrx_word' id='word_1_1201' title='bbox 1960 2809 1994 2840; x_wconf 64' lang='grc' dir='ltr'>δέ</span> <span class='ocrx_word' id='word_1_1202' title='bbox 2013 2807 2147 2838; x_wconf 88' lang='lat' dir='ltr'>omnibus</span> <span class='ocrx_word' id='word_1_1203' title='bbox 2164 2805 2289 2838; x_wconf 80' lang='lat' dir='ltr'>fidelibus</span> <span class='ocrx_word' id='word_1_1204' title='bbox 2312 2815 2386 2848; x_wconf 57' lang='lat' dir='ltr'>Anu,</span> <span class='ocrx_word' id='word_1_1205' title='bbox 2400 2816 2438 2846; x_wconf 50' lang='grc' dir='ltr'>Ι)Α</span> 
     </span>
     <span class='ocr_line' id='line_1_148' title="bbox 1308 2845 2416 2894; baseline -0.004 -14"><span class='ocrx_word' id='word_1_1206' title='bbox 1308 2849 1360 2880; x_wconf 84' lang='lat' dir='ltr'>suis</span> <span class='ocrx_word' id='word_1_1207' title='bbox 1374 2873 1384 2888; x_wconf 89' lang='lat'>,</span> <span class='ocrx_word' id='word_1_1208' title='bbox 1409 2851 1469 2879; x_wconf 69' lang='lat' dir='ltr'>tam</span> <span class='ocrx_word' id='word_1_1209' title='bbox 1488 2848 1559 2879; x_wconf 84' lang='lat' dir='ltr'>infra</span> <span class='ocrx_word' id='word_1_1210' title='bbox 1580 2848 1735 2879; x_wconf 85' lang='lat' dir='ltr'>Libertates</span> <span class='ocrx_word' id='word_1_1211' title='bbox 1749 2869 1763 2885; x_wconf 83' lang='lat'>,-</span> <span class='ocrx_word' id='word_1_1212' title='bbox 1783 2849 1871 2886; x_wconf 75' lang='lat' dir='ltr'>quain</span> <span class='ocrx_word' id='word_1_1213' title='bbox 1888 2852 1980 2886; x_wconf 82' lang='lat' dir='ltr'>extra,</span> <span class='ocrx_word' id='word_1_1214' title='bbox 1998 2846 2033 2878; x_wconf 86' lang='lat' dir='ltr'>ad</span> <span class='ocrx_word' id='word_1_1215' title='bbox 2053 2854 2121 2885; x_wconf 87' lang='lat' dir='ltr'>quos</span> <span class='ocrx_word' id='word_1_1216' title='bbox 2139 2846 2200 2878; x_wconf 85' lang='lat' dir='ltr'>&amp;c.</span> <span class='ocrx_word' id='word_1_1217' title='bbox 2225 2845 2293 2877; x_wconf 81' lang='lat' dir='ltr'>salu·</span> <span class='ocrx_word' id='word_1_1218' title='bbox 2335 2857 2416 2894; x_wconf 68' lang='lat'>1315,</span> 
     </span>
     <span class='ocr_line' id='line_1_149' title="bbox 1223 2896 2422 2921; baseline -0.005 5"><span class='ocrx_word' id='word_1_1219' title='bbox 1223 2896 1291 2918; x_wconf 72' lang='lat' dir='ltr'><strong>tem·</strong></span> <span class='ocrx_word' id='word_1_1220' title='bbox 2200 2915 2205 2918; x_wconf 85' lang='lat'><em>-</em></span> <span class='ocrx_word' id='word_1_1221' title='bbox 2357 2915 2362 2921; x_wconf 90' lang='lat'>.</span> <span class='ocrx_word' id='word_1_1222' title='bbox 2382 2904 2422 2921; x_wconf 76' lang='lat' dir='ltr'>ix.</span> 
     </span>
     <span class='ocr_line' id='line_1_150' title="bbox 1262 2898 2382 2966; baseline -0.004 -9"><span class='ocrx_word' id='word_1_1223' title='bbox 1262 2925 1359 2966; x_wconf 78' lang='lat' dir='ltr'>Cum,</span> <span class='ocrx_word' id='word_1_1224' title='bbox 1377 2922 1552 2957; x_wconf 83' lang='lat' dir='ltr'>Venerabilis</span> <span class='ocrx_word' id='word_1_1225' title='bbox 1569 2924 1666 2964; x_wconf 78' lang='lat' dir='ltr'>Pater,</span> <span class='ocrx_word' id='word_1_1226' title='bbox 1685 2920 1872 2963; x_wconf 80' lang='lat' dir='ltr'>Gauceli&#39;nus,</span> <span class='ocrx_word' id='word_1_1227' title='bbox 1889 2924 1962 2955; x_wconf 81' lang='lat' dir='ltr'>tituli</span> <span class='ocrx_word' id='word_1_1228' title='bbox 1976 2924 2145 2955; x_wconf 58' lang='lat' dir='ltr'>Sanito‘rum</span> <span class='ocrx_word' id='word_1_1229' title='bbox 2166 2921 2292 2954; x_wconf 84' lang='lat' dir='ltr'>Marcel·</span> <span class='ocrx_word' id='word_1_1230' title='bbox 2308 2898 2382 2961; x_wconf 31' lang='lat' dir='ltr'>{aa</span> 
     </span>
     <span class='ocr_line' id='line_1_151' title="bbox 1224 2962 2436 3002; baseline -0.002 -8"><span class='ocrx_word' id='word_1_1231' title='bbox 1224 2964 1273 2994; x_wconf 77' lang='lat' dir='ltr'>lini</span> <span class='ocrx_word' id='word_1_1232' title='bbox 1297 2966 1329 2996; x_wconf 90' lang='lat'>&amp;</span> <span class='ocrx_word' id='word_1_1233' title='bbox 1357 2964 1431 2995; x_wconf 90' lang='lat' dir='ltr'>Petri</span> <span class='ocrx_word' id='word_1_1234' title='bbox 1458 2963 1594 2995; x_wconf 85' lang='lat' dir='ltr'>Presbiter</span> <span class='ocrx_word' id='word_1_1235' title='bbox 1619 2963 1773 2994; x_wconf 84' lang='lat' dir='ltr'>Cardinalis</span> <span class='ocrx_word' id='word_1_1236' title='bbox 1787 2985 1798 3002; x_wconf 95' lang='lat'>,</span> <span class='ocrx_word' id='word_1_1237' title='bbox 1822 2964 1911 2994; x_wconf 84' lang='lat' dir='ltr'>mittat</span> <span class='ocrx_word' id='word_1_1238' title='bbox 1934 2962 2104 2993; x_wconf 88' lang='lat' dir='ltr'>Bernardum</span> <span class='ocrx_word' id='word_1_1239' title='bbox 2128 2962 2231 3001; x_wconf 89' lang='lat' dir='ltr'>Beneyt</span> <span class='ocrx_word' id='word_1_1240' title='bbox 2253 2962 2289 2996; x_wconf 83' lang='lat'>&amp;</span> <span class='ocrx_word' id='word_1_1241' title='bbox 2307 2975 2367 2998; x_wconf 65' lang='lat' dir='ltr'>pas,</span> <span class='ocrx_word' id='word_1_1242' title='bbox 2393 2979 2436 2997; x_wconf 67' lang='grc' dir='ltr'>Π,</span> 
     </span>
     <span class='ocr_line' id='line_1_152' title="bbox 1223 2999 2440 3045; baseline -0.004 -11"><span class='ocrx_word' id='word_1_1243' title='bbox 1223 3002 1371 3034; x_wconf 89' lang='lat' dir='ltr'>Thomam</span> <span class='ocrx_word' id='word_1_1244' title='bbox 1397 3003 1432 3034; x_wconf 90' lang='lat' dir='ltr'>de</span> <span class='ocrx_word' id='word_1_1245' title='bbox 1458 3003 1564 3033; x_wconf 60' lang='lat' dir='ltr'>Sandto</span> <span class='ocrx_word' id='word_1_1246' title='bbox 1590 3001 1677 3032; x_wconf 87' lang='lat' dir='ltr'>Claro</span> <span class='ocrx_word' id='word_1_1247' title='bbox 1692 3024 1702 3040; x_wconf 95' lang='lat'>,</span> <span class='ocrx_word' id='word_1_1248' title='bbox 1726 3001 1881 3036; x_wconf 79' lang='lat' dir='ltr'>Serviente&#39;s</span> <span class='ocrx_word' id='word_1_1249' title='bbox 1898 3002 1958 3032; x_wconf 84' lang='lat' dir='ltr'>suos</span> <span class='ocrx_word' id='word_1_1250' title='bbox 1975 3024 1985 3040; x_wconf 85' lang='lat'>,</span> <span class='ocrx_word' id='word_1_1251' title='bbox 2004 3012 2056 3039; x_wconf 89' lang='lat' dir='ltr'>pro</span> <span class='ocrx_word' id='word_1_1252' title='bbox 2074 2999 2163 3032; x_wconf 89' lang='lat' dir='ltr'>Bladis</span> <span class='ocrx_word' id='word_1_1253' title='bbox 2181 3001 2213 3031; x_wconf 75' lang='grc' dir='ltr'>δε</span> <span class='ocrx_word' id='word_1_1254' title='bbox 2231 3000 2288 3030; x_wconf 86' lang='lat' dir='ltr'>aliis</span> <span class='ocrx_word' id='word_1_1255' title='bbox 2306 3013 2440 3045; x_wconf 43' lang='lat'>12:244,</span> 
     </span>
     <span class='ocr_line' id='line_1_153' title="bbox 1222 3037 2389 3079; baseline -0.004 -7"><span class='ocrx_word' id='word_1_1256' title='bbox 1222 3042 1334 3072; x_wconf 88' lang='lat' dir='ltr'>diversis</span> <span class='ocrx_word' id='word_1_1257' title='bbox 1359 3040 1387 3072; x_wconf 89' lang='lat' dir='ltr'>V</span> <span class='ocrx_word' id='word_1_1258' title='bbox 1389 3041 1534 3073; x_wconf 64' lang='lat' dir='ltr'>iemalibus</span> <span class='ocrx_word' id='word_1_1259' title='bbox 1560 3051 1612 3079; x_wconf 91' lang='lat' dir='ltr'>pro</span> <span class='ocrx_word' id='word_1_1260' title='bbox 1638 3039 1760 3078; x_wconf 77' lang='lat' dir='ltr'>expensis</span> <span class='ocrx_word' id='word_1_1261' title='bbox 1782 3039 1907 3078; x_wconf 89' lang='lat' dir='ltr'>Hospitii</span> <span class='ocrx_word' id='word_1_1262' title='bbox 1923 3039 1979 3078; x_wconf 88' lang='lat' dir='ltr'>sui,</span> <span class='ocrx_word' id='word_1_1263' title='bbox 1996 3050 2050 3078; x_wconf 86' lang='lat' dir='ltr'>pro</span> <span class='ocrx_word' id='word_1_1264' title='bbox 2070 3039 2201 3070; x_wconf 87' lang='lat' dir='ltr'>Denariis</span> <span class='ocrx_word' id='word_1_1265' title='bbox 2218 3037 2287 3075; x_wconf 85' lang='lat' dir='ltr'>suis,</span> <span class='ocrx_word' id='word_1_1266' title='bbox 2305 3056 2342 3074; x_wconf 68' lang='lat' dir='ltr'>m,</span> <span class='ocrx_word' id='word_1_1267' title='bbox 2362 3049 2389 3075; x_wconf 46' lang='lat'>⁶·</span> 
     </span>
     <span class='ocr_line' id='line_1_154' title="bbox 1222 3078 2069 3116; baseline -0.002 -6"><span class='ocrx_word' id='word_1_1268' title='bbox 1222 3079 1250 3110; x_wconf 83' lang='lat' dir='ltr'>in</span> <span class='ocrx_word' id='word_1_1269' title='bbox 1268 3080 1383 3110; x_wconf 85' lang='lat' dir='ltr'>diversis</span> <span class='ocrx_word' id='word_1_1270' title='bbox 1400 3081 1471 3111; x_wconf 91' lang='lat' dir='ltr'>locis</span> <span class='ocrx_word' id='word_1_1271' title='bbox 1487 3080 1612 3110; x_wconf 91' lang='lat' dir='ltr'>emendis</span> <span class='ocrx_word' id='word_1_1272' title='bbox 1629 3079 1662 3110; x_wconf 92' lang='lat'>&amp;</span> <span class='ocrx_word' id='word_1_1273' title='bbox 1679 3078 1874 3116; x_wconf 83' lang='lat' dir='ltr'>providendis:</span> <span class='ocrx_word' id='word_1_1274' title='bbox 2067 3110 2069 3113; x_wconf 71' lang='grc'>,</span> 
     </span>
     <span class='ocr_line' id='line_1_155' title="bbox 1262 3115 2286 3156; baseline -0.006 -7"><span class='ocrx_word' id='word_1_1275' title='bbox 1262 3118 1352 3149; x_wconf 88' lang='lat' dir='ltr'>Vobis</span> <span class='ocrx_word' id='word_1_1276' title='bbox 1378 3118 1540 3149; x_wconf 87' lang='lat' dir='ltr'>mandamus</span> <span class='ocrx_word' id='word_1_1277' title='bbox 1563 3118 1641 3156; x_wconf 88' lang='lat' dir='ltr'>quod</span> <span class='ocrx_word' id='word_1_1278' title='bbox 1667 3116 1770 3147; x_wconf 81' lang='lat' dir='ltr'>eisdem</span> <span class='ocrx_word' id='word_1_1279' title='bbox 1787 3140 1797 3155; x_wconf 96' lang='lat'>,</span> <span class='ocrx_word' id='word_1_1280' title='bbox 1818 3116 1958 3148; x_wconf 80' lang='lat' dir='ltr'>Bernardo</span> <span class='ocrx_word' id='word_1_1281' title='bbox 1977 3117 2009 3147; x_wconf 91' lang='lat'>&amp;</span> <span class='ocrx_word' id='word_1_1282' title='bbox 2029 3116 2172 3152; x_wconf 82' lang='lat' dir='ltr'>Thomae,</span> <span class='ocrx_word' id='word_1_1283' title='bbox 2187 3115 2220 3144; x_wconf 75' lang='grc' dir='ltr'>δε</span> <span class='ocrx_word' id='word_1_1284' title='bbox 2237 3124 2286 3144; x_wconf 83' lang='lat' dir='ltr'>eo-</span> 
     </span>
     <span class='ocr_line' id='line_1_156' title="bbox 1223 3152 2421 3197; baseline -0.005 -10"><span class='ocrx_word' id='word_1_1285' title='bbox 1223 3166 1287 3187; x_wconf 90' lang='lat' dir='ltr'>rum</span> <span class='ocrx_word' id='word_1_1286' title='bbox 1305 3157 1381 3188; x_wconf 81' lang='lat' dir='ltr'>alteri</span> <span class='ocrx_word' id='word_1_1287' title='bbox 1396 3180 1405 3194; x_wconf 85' lang='lat'>,</span> <span class='ocrx_word' id='word_1_1288' title='bbox 1432 3158 1462 3187; x_wconf 80' lang='lat' dir='ltr'>in‘·</span> <span class='ocrx_word' id='word_1_1289' title='bbox 1481 3156 1563 3187; x_wconf 55' lang='lat' dir='ltr'>dietis</span> <span class='ocrx_word' id='word_1_1290' title='bbox 1582 3157 1603 3176; x_wconf 56' lang='lat'>³¹&lt;</span> <span class='ocrx_word' id='word_1_1291' title='bbox 1622 3155 1804 3196; x_wconf 83' lang='lat' dir='ltr'>providentiis</span> <span class='ocrx_word' id='word_1_1292' title='bbox 1817 3179 1827 3194; x_wconf 86' lang='lat'>,</span> <span class='ocrx_word' id='word_1_1293' title='bbox 1853 3164 1903 3193; x_wconf 88' lang='lat' dir='ltr'>pro</span> <span class='ocrx_word' id='word_1_1294' title='bbox 1923 3155 2050 3185; x_wconf 82' lang='lat' dir='ltr'>Denariis</span> <span class='ocrx_word' id='word_1_1295' title='bbox 2070 3153 2120 3183; x_wconf 86' lang='lat' dir='ltr'>suis</span> <span class='ocrx_word' id='word_1_1296' title='bbox 2137 3152 2286 3191; x_wconf 82' lang='lat' dir='ltr'>faciendis,</span> <span class='ocrx_word' id='word_1_1297' title='bbox 2334 3170 2350 3185; x_wconf 76' lang='grc'><strong>.</strong></span> <span class='ocrx_word' id='word_1_1298' title='bbox 2362 3170 2421 3197; x_wconf 56' lang='grc' dir='ltr'>ΠΙ,</span> 
     </span>
     <span class='ocr_line' id='line_1_157' title="bbox 1223 3189 2416 3242; baseline -0.006 -16"><span class='ocrx_word' id='word_1_1299' title='bbox 1223 3194 1293 3226; x_wconf 88' lang='lat' dir='ltr'>sicut</span> <span class='ocrx_word' id='word_1_1300' title='bbox 1310 3195 1479 3233; x_wconf 63' lang='lat' dir='ltr'>praeditstum</span> <span class='ocrx_word' id='word_1_1301' title='bbox 1496 3195 1554 3232; x_wconf 83' lang='lat' dir='ltr'>est,</span> <span class='ocrx_word' id='word_1_1302' title='bbox 1570 3195 1624 3225; x_wconf 85' lang='lat' dir='ltr'>sitis</span> <span class='ocrx_word' id='word_1_1303' title='bbox 1642 3194 1812 3225; x_wconf 86' lang='lat' dir='ltr'>consulentes</span> <span class='ocrx_word' id='word_1_1304' title='bbox 1829 3195 1862 3224; x_wconf 91' lang='lat'>&amp;</span> <span class='ocrx_word' id='word_1_1305' title='bbox 1882 3193 2064 3230; x_wconf 74' lang='lat' dir='ltr'>Auxiliantes3</span> <span class='ocrx_word' id='word_1_1306' title='bbox 2082 3192 2115 3222; x_wconf 89' lang='lat'>&amp;</span> <span class='ocrx_word' id='word_1_1307' title='bbox 2135 3192 2173 3221; x_wconf 86' lang='lat' dir='ltr'>eis</span> <span class='ocrx_word' id='word_1_1308' title='bbox 2190 3190 2289 3235; x_wconf 51' lang='lat' dir='ltr'>Caria-⁴</span> <span class='ocrx_word' id='word_1_1309' title='bbox 2329 3215 2393 3242; x_wconf 87' lang='lat'>715·</span> <span class='ocrx_word' id='word_1_1310' title='bbox 2408 3189 2416 3196; x_wconf 85' lang='grc'><em>“</em></span> 
     </span>
     <span class='ocr_line' id='line_1_158' title="bbox 1223 3229 2289 3272; baseline -0.006 -8"><span class='ocrx_word' id='word_1_1311' title='bbox 1223 3234 1306 3271; x_wconf 88' lang='lat' dir='ltr'>gium</span> <span class='ocrx_word' id='word_1_1312' title='bbox 1320 3257 1331 3272; x_wconf 90' lang='lat'>,</span> <span class='ocrx_word' id='word_1_1313' title='bbox 1355 3244 1409 3272; x_wconf 88' lang='lat' dir='ltr'>pro</span> <span class='ocrx_word' id='word_1_1314' title='bbox 1432 3234 1514 3264; x_wconf 65' lang='lat' dir='ltr'>dietis</span> <span class='ocrx_word' id='word_1_1315' title='bbox 1539 3232 1713 3264; x_wconf 57' lang='lat' dir='ltr'>Vistualibus</span> <span class='ocrx_word' id='word_1_1316' title='bbox 1726 3256 1736 3271; x_wconf 92' lang='lat'>,</span> <span class='ocrx_word' id='word_1_1317' title='bbox 1760 3233 1811 3264; x_wconf 89' lang='lat' dir='ltr'>suis</span> <span class='ocrx_word' id='word_1_1318' title='bbox 1837 3232 2014 3270; x_wconf 84' lang='lat' dir='ltr'>sumptibus,</span> <span class='ocrx_word' id='word_1_1319' title='bbox 2040 3230 2143 3260; x_wconf 83' lang='lat' dir='ltr'>habere</span> <span class='ocrx_word' id='word_1_1320' title='bbox 2166 3229 2289 3268; x_wconf 79' lang='lat' dir='ltr'>faciatis,</span> 
     </span>
     <span class='ocr_line' id='line_1_159' title="bbox 1223 3268 2288 3316; baseline -0.005 -14"><span class='ocrx_word' id='word_1_1321' title='bbox 1223 3273 1352 3316; x_wconf 82' lang='lat' dir='ltr'>quotiens</span> <span class='ocrx_word' id='word_1_1322' title='bbox 1364 3272 1536 3316; x_wconf 31' lang='lat' dir='ltr'>‘Sc-quando</span> <span class='ocrx_word' id='word_1_1323' title='bbox 1555 3280 1601 3310; x_wconf 83' lang='lat' dir='ltr'>pei·</span> <span class='ocrx_word' id='word_1_1324' title='bbox 1621 3271 1709 3310; x_wconf 74' lang='lat' dir='ltr'>ipsos,</span> <span class='ocrx_word' id='word_1_1325' title='bbox 1724 3271 1768 3301; x_wconf 93' lang='lat' dir='ltr'>vel</span> <span class='ocrx_word' id='word_1_1326' title='bbox 1789 3280 1886 3301; x_wconf 88' lang='lat' dir='ltr'>eorum</span> <span class='ocrx_word' id='word_1_1327' title='bbox 1906 3269 2040 3307; x_wconf 82' lang='lat' dir='ltr'>alterum,</span> <span class='ocrx_word' id='word_1_1328' title='bbox 2057 3268 2134 3308; x_wconf 86' lang='lat' dir='ltr'>super</span> <span class='ocrx_word' id='word_1_1329' title='bbox 2152 3268 2208 3298; x_wconf 83' lang='lat' dir='ltr'>hoc</span> <span class='ocrx_word' id='word_1_1330' title='bbox 2228 3268 2288 3298; x_wconf 75' lang='lat' dir='ltr'>fue-</span> 
     </span>
     <span class='ocr_line' id='line_1_160' title="bbox 1221 3316 1423 3342; baseline 0.01 -2"><span class='ocrx_word' id='word_1_1331' title='bbox 1221 3319 1277 3341; x_wconf 88' lang='lat' dir='ltr'>ritis</span> <span class='ocrx_word' id='word_1_1332' title='bbox 1295 3321 1323 3341; x_wconf 85' lang='lat' dir='ltr'>re</span> <span class='ocrx_word' id='word_1_1333' title='bbox 1345 3316 1423 3342; x_wconf 77' lang='lat' dir='ltr'>uniti.</span> 
     </span>
     <span class='ocr_line' id='line_1_161' title="bbox 1259 3321 2284 3388; baseline -0.007 -9"><span class='ocrx_word' id='word_1_1334' title='bbox 1259 3349 1294 3379; x_wconf 89' lang='lat' dir='ltr'>In</span> <span class='ocrx_word' id='word_1_1335' title='bbox 1312 3321 1389 3387; x_wconf 58' lang='lat' dir='ltr'>c‘iijus</span> <span class='ocrx_word' id='word_1_1336' title='bbox 1402 3372 1415 3388; x_wconf 88' lang='lat'>,</span> <span class='ocrx_word' id='word_1_1337' title='bbox 1431 3350 1491 3381; x_wconf 86' lang='lat' dir='ltr'>&amp;c.</span> <span class='ocrx_word' id='word_1_1338' title='bbox 1515 3349 1599 3387; x_wconf 86' lang='lat' dir='ltr'>usquc</span> <span class='ocrx_word' id='word_1_1339' title='bbox 1616 3348 1651 3379; x_wconf 86' lang='lat' dir='ltr'>ad</span> <span class='ocrx_word' id='word_1_1340' title='bbox 1667 3347 1690 3378; x_wconf 93' lang='lat' dir='ltr'>F</span> <span class='ocrx_word' id='word_1_1341' title='bbox 1692 3347 1783 3378; x_wconf 81' lang='lat' dir='ltr'>estum</span> <span class='ocrx_word' id='word_1_1342' title='bbox 1802 3346 1898 3377; x_wconf 63' lang='lat' dir='ltr'>Sancti</span> <span class='ocrx_word' id='word_1_1343' title='bbox 1917 3345 2070 3376; x_wconf 78' lang='lat' dir='ltr'>Michaelis</span> <span class='ocrx_word' id='word_1_1344' title='bbox 2088 3345 2221 3383; x_wconf 78' lang='lat' dir='ltr'>proximo</span> <span class='ocrx_word' id='word_1_1345' title='bbox 2239 3342 2284 3373; x_wconf 85' lang='lat' dir='ltr'>fu-</span> 
     </span>
     <span class='ocr_line' id='line_1_162' title="bbox 1221 3389 1481 3418; baseline 0 0"><span class='ocrx_word' id='word_1_1346' title='bbox 1221 3395 1315 3418; x_wconf 83' lang='lat' dir='ltr'>turum</span> <span class='ocrx_word' id='word_1_1347' title='bbox 1334 3389 1481 3418; x_wconf 80' lang='lat' dir='ltr'>duraturas.-</span> 
     </span>
     <span class='ocr_line' id='line_1_163' title="bbox 1255 3423 1926 3465; baseline -0.006 -8"><span class='ocrx_word' id='word_1_1348' title='bbox 1255 3425 1345 3457; x_wconf 82' lang='lat' dir='ltr'>Teste</span> <span class='ocrx_word' id='word_1_1349' title='bbox 1360 3425 1443 3464; x_wconf 85' lang='lat' dir='ltr'>Rege</span> <span class='ocrx_word' id='word_1_1350' title='bbox 1461 3425 1536 3465; x_wconf 87' lang='lat' dir='ltr'>apud</span> <span class='ocrx_word' id='word_1_1351' title='bbox 1555 3425 1700 3463; x_wconf 86' lang='lat' dir='ltr'>Fulmcre,</span> <span class='ocrx_word' id='word_1_1352' title='bbox 1723 3425 1766 3455; x_wconf 89' lang='lat'>16.</span> <span class='ocrx_word' id='word_1_1353' title='bbox 1784 3424 1829 3454; x_wconf 91' lang='lat' dir='ltr'>die</span> <span class='ocrx_word' id='word_1_1354' title='bbox 1841 3423 1926 3462; x_wconf 86' lang='lat' dir='ltr'>Junii.</span> 
     </span>
    </p>
   </div>
   <div class='ocr_carea' id='block_1_32' title="bbox 1501 3504 2273 3520">
    <p class='ocr_par' dir='ltr' id='par_1_47' title="bbox 1501 3504 2273 3520">
     <span class='ocr_line' id='line_1_164' title="bbox 1501 3504 2273 3520; baseline 0 0"><span class='ocrx_word' id='word_1_1355' title='bbox 1501 3504 2273 3520; x_wconf 95' lang='lat' dir='ltr'> </span> 
     </span>
    </p>
   </div>
   <div class='ocr_carea' id='block_1_33' title="bbox 1467 3555 2034 3607">
    <p class='ocr_par' dir='ltr' id='par_1_48' title="bbox 1467 3555 2034 3607">
     <span class='ocr_line' id='line_1_165' title="bbox 1467 3555 2034 3607; baseline -0.014 -10"><span class='ocrx_word' id='word_1_1356' title='bbox 1467 3566 1516 3597; x_wconf 88' lang='lat' dir='ltr'>De</span> <span class='ocrx_word' id='word_1_1357' title='bbox 1540 3560 1711 3604; x_wconf 47' lang='lat' dir='ltr'>condutta,</span> <span class='ocrx_word' id='word_1_1358' title='bbox 1732 3571 1786 3607; x_wconf 85' lang='lat' dir='ltr'>pro</span> <span class='ocrx_word' id='word_1_1359' title='bbox 1811 3555 2034 3592; x_wconf 74' lang='lat' dir='ltr'>Cardinalibtts.</span> 
     </span>
    </p>
   </div>
   <div class='ocr_carea' id='block_1_34' title="bbox 1217 3628 2432 4098">
    <p class='ocr_par' dir='ltr' id='par_1_49' title="bbox 1217 3628 2432 4098">
     <span class='ocr_line' id='line_1_166' title="bbox 1219 3628 2432 3704; baseline -0.015 -24"><span class='ocrx_word' id='word_1_1360' title='bbox 1219 3645 1338 3704; x_wconf 77' lang='lat' dir='ltr'>REX</span> <span class='ocrx_word' id='word_1_1361' title='bbox 1357 3646 1602 3685; x_wconf 68' lang='lat' dir='ltr'>vicecomitibus,</span> <span class='ocrx_word' id='word_1_1362' title='bbox 1620 3647 1653 3677; x_wconf 59' lang='grc' dir='ltr'>ὃς</span> <span class='ocrx_word' id='word_1_1363' title='bbox 1672 3646 1805 3675; x_wconf 70' lang='lat' dir='ltr'>omnibus</span> <span class='ocrx_word' id='word_1_1364' title='bbox 1820 3642 1944 3679; x_wconf 53' lang='lat' dir='ltr'>ninivis,</span> <span class='ocrx_word' id='word_1_1365' title='bbox 1963 3639 2115 3677; x_wconf 60' lang='lat' dir='ltr'>immistus,</span> <span class='ocrx_word' id='word_1_1366' title='bbox 2136 3640 2170 3671; x_wconf 69' lang='grc' dir='ltr'>δε</span> <span class='ocrx_word' id='word_1_1367' title='bbox 2189 3633 2282 3671; x_wconf 73' lang='lat' dir='ltr'>fideii-</span> <span class='ocrx_word' id='word_1_1368' title='bbox 2302 3628 2376 3664; x_wconf 82' lang='lat' dir='ltr'>Ann.</span> <span class='ocrx_word' id='word_1_1369' title='bbox 2391 3629 2432 3667; x_wconf 66' lang='lat' dir='ltr'>D„</span> 
     </span>
     <span class='ocr_line' id='line_1_167' title="bbox 1291 3676 2405 3739; baseline -0.013 -20"><span class='ocrx_word' id='word_1_1370' title='bbox 1291 3688 1341 3718; x_wconf 91' lang='lat' dir='ltr'>bus</span> <span class='ocrx_word' id='word_1_1371' title='bbox 1357 3688 1409 3719; x_wconf 86' lang='lat' dir='ltr'>suis</span> <span class='ocrx_word' id='word_1_1372' title='bbox 1422 3711 1432 3727; x_wconf 92' lang='lat'>,</span> <span class='ocrx_word' id='word_1_1373' title='bbox 1447 3688 1506 3718; x_wconf 77' lang='lat' dir='ltr'>tam</span> <span class='ocrx_word' id='word_1_1374' title='bbox 1524 3686 1593 3716; x_wconf 85' lang='lat' dir='ltr'>infra</span> <span class='ocrx_word' id='word_1_1375' title='bbox 1620 3685 1773 3715; x_wconf 84' lang='lat' dir='ltr'>Libertates</span> <span class='ocrx_word' id='word_1_1376' title='bbox 1787 3705 1797 3719; x_wconf 87' lang='lat'>,</span> <span class='ocrx_word' id='word_1_1377' title='bbox 1822 3681 1907 3720; x_wconf 68' lang='lat' dir='ltr'>quam</span> <span class='ocrx_word' id='word_1_1378' title='bbox 1924 3689 1999 3710; x_wconf 79' lang='lat' dir='ltr'>exrra</span> <span class='ocrx_word' id='word_1_1379' title='bbox 2013 3699 2025 3717; x_wconf 67' lang='lat'>7</span> <span class='ocrx_word' id='word_1_1380' title='bbox 2051 3678 2085 3709; x_wconf 83' lang='lat' dir='ltr'>ad</span> <span class='ocrx_word' id='word_1_1381' title='bbox 2103 3689 2172 3718; x_wconf 91' lang='lat' dir='ltr'>quos</span> <span class='ocrx_word' id='word_1_1382' title='bbox 2183 3702 2195 3718; x_wconf 86' lang='lat'>,</span> <span class='ocrx_word' id='word_1_1383' title='bbox 2220 3679 2280 3710; x_wconf 67' lang='grc' dir='ltr'>ἃς.</span> <span class='ocrx_word' id='word_1_1384' title='bbox 2299 3676 2405 3739; x_wconf 67' lang='lat' dir='ltr'><em>A1318.</em></span> 
     </span>
     <span class='ocr_line' id='line_1_168' title="bbox 2329 3723 2416 3741; baseline 0 0"><span class='ocrx_word' id='word_1_1385' title='bbox 2329 3723 2353 3740; x_wconf 66' lang='lat'>&#39;1-</span> <span class='ocrx_word' id='word_1_1386' title='bbox 2374 3724 2416 3741; x_wconf 85' lang='lat'>11.</span> 
     </span>
     <span class='ocr_line' id='line_1_169' title="bbox 1217 3727 2372 3803; baseline -0.01 -6"><span class='ocrx_word' id='word_1_1387' title='bbox 1217 3727 1339 3796; x_wconf 35' lang='lat' dir='ltr'>{alig-¹13]</span> <span class='ocrx_word' id='word_1_1388' title='bbox 1353 3788 1363 3803; x_wconf 89' lang='lat'>,</span> <span class='ocrx_word' id='word_1_1389' title='bbox 1387 3761 1560 3794; x_wconf 85' lang='lat' dir='ltr'>Venerabilis</span> <span class='ocrx_word' id='word_1_1390' title='bbox 1576 3759 1656 3791; x_wconf 86' lang='lat' dir='ltr'>Pater</span> <span class='ocrx_word' id='word_1_1391' title='bbox 1668 3781 1678 3796; x_wconf 94' lang='lat'>,</span> <span class='ocrx_word' id='word_1_1392' title='bbox 1705 3757 1852 3795; x_wconf 78' lang='lat' dir='ltr'>Dominus</span> <span class='ocrx_word' id='word_1_1393' title='bbox 1871 3756 1962 3787; x_wconf 85' lang='lat' dir='ltr'>Lucas</span> <span class='ocrx_word' id='word_1_1394' title='bbox 1979 3755 2013 3786; x_wconf 90' lang='lat' dir='ltr'>de</span> <span class='ocrx_word' id='word_1_1395' title='bbox 2032 3755 2120 3786; x_wconf 79' lang='lat' dir='ltr'>Flisco</span> <span class='ocrx_word' id='word_1_1396' title='bbox 2134 3778 2143 3790; x_wconf 79' lang='lat'>,</span> <span class='ocrx_word' id='word_1_1397' title='bbox 2168 3753 2281 3787; x_wconf 66' lang='lat' dir='ltr'>Sanctae</span> <span class='ocrx_word' id='word_1_1398' title='bbox 2301 3755 2328 3777; x_wconf 79' lang='grc' dir='ltr'>Ε·</span> <span class='ocrx_word' id='word_1_1399' title='bbox 2347 3761 2372 3778; x_wconf 87' lang='lat'>2·</span> 
     </span>
     <span class='ocr_line' id='line_1_170' title="bbox 1221 3792 2431 3840; baseline -0.01 -5"><span class='ocrx_word' id='word_1_1400' title='bbox 1221 3801 1325 3834; x_wconf 84' lang='lat' dir='ltr'>Mariae</span> <span class='ocrx_word' id='word_1_1401' title='bbox 1357 3804 1387 3832; x_wconf 91' lang='lat' dir='ltr'>in</span> <span class='ocrx_word' id='word_1_1402' title='bbox 1412 3800 1468 3830; x_wconf 76' lang='lat' dir='ltr'>Via</span> <span class='ocrx_word' id='word_1_1403' title='bbox 1503 3798 1573 3831; x_wconf 70' lang='lat' dir='ltr'>Lata</span> <span class='ocrx_word' id='word_1_1404' title='bbox 1593 3794 1783 3828; x_wconf 64' lang='lat' dir='ltr'>sacrosanctae</span> <span class='ocrx_word' id='word_1_1405' title='bbox 1808 3794 1950 3826; x_wconf 83' lang='lat' dir='ltr'>Romanae</span> <span class='ocrx_word' id='word_1_1406' title='bbox 1975 3794 2106 3824; x_wconf 80' lang='lat' dir='ltr'>Ecclesiae</span> <span class='ocrx_word' id='word_1_1407' title='bbox 2133 3792 2281 3825; x_wconf 88' lang='lat' dir='ltr'>Diaconus</span> <span class='ocrx_word' id='word_1_1408' title='bbox 2304 3793 2363 3818; x_wconf 70' lang='lat' dir='ltr'>Pas·</span> <span class='ocrx_word' id='word_1_1409' title='bbox 2386 3799 2431 3840; x_wconf 44' lang='grc' dir='ltr'>ΠΙ</span> 
     </span>
     <span class='ocr_line' id='line_1_171' title="bbox 1220 3831 2415 3877; baseline -0.018 -4"><span class='ocrx_word' id='word_1_1410' title='bbox 1220 3840 1373 3873; x_wconf 86' lang='lat' dir='ltr'>Cardinalis</span> <span class='ocrx_word' id='word_1_1411' title='bbox 1388 3863 1398 3877; x_wconf 90' lang='lat'>,</span> <span class='ocrx_word' id='word_1_1412' title='bbox 1424 3838 1497 3868; x_wconf 87' lang='lat' dir='ltr'>infra</span> <span class='ocrx_word' id='word_1_1413' title='bbox 1523 3837 1664 3873; x_wconf 88' lang='lat' dir='ltr'>Regnum</span> <span class='ocrx_word' id='word_1_1414' title='bbox 1683 3833 1813 3864; x_wconf 85' lang='lat' dir='ltr'>nostrum</span> <span class='ocrx_word' id='word_1_1415' title='bbox 1832 3833 1946 3869; x_wconf 80' lang='lat' dir='ltr'>Angliae</span> <span class='ocrx_word' id='word_1_1416' title='bbox 1963 3833 2022 3870; x_wconf 84' lang='lat' dir='ltr'>jam</span> <span class='ocrx_word' id='word_1_1417' title='bbox 2040 3831 2173 3871; x_wconf 76' lang='lat' dir='ltr'>existens,</span> <span class='ocrx_word' id='word_1_1418' title='bbox 2190 3833 2280 3863; x_wconf 72' lang='lat' dir='ltr'>versus</span> <span class='ocrx_word' id='word_1_1419' title='bbox 2297 3831 2361 3854; x_wconf 59' lang='lat'>1:12.</span> <span class='ocrx_word' id='word_1_1420' title='bbox 2367 3835 2415 3865; x_wconf 82' lang='lat' dir='ltr'>p,2</span> 
     </span>
     <span class='ocr_line' id='line_1_172' title="bbox 1220 3870 2372 3918; baseline -0.009 -6"><span class='ocrx_word' id='word_1_1421' title='bbox 1220 3889 1310 3918; x_wconf 87' lang='lat' dir='ltr'>partes</span> <span class='ocrx_word' id='word_1_1422' title='bbox 1326 3879 1361 3909; x_wconf 88' lang='lat' dir='ltr'>de</span> <span class='ocrx_word' id='word_1_1423' title='bbox 1379 3873 1630 3913; x_wconf 69' lang='lat' dir='ltr'>Norhamptonia,</span> <span class='ocrx_word' id='word_1_1424' title='bbox 1649 3872 1701 3912; x_wconf 81' lang='lat' dir='ltr'>pro</span> <span class='ocrx_word' id='word_1_1425' title='bbox 1719 3872 1857 3909; x_wconf 89' lang='lat' dir='ltr'>Negotiis</span> <span class='ocrx_word' id='word_1_1426' title='bbox 1872 3871 1960 3903; x_wconf 68' lang='lat' dir='ltr'>dictae</span> <span class='ocrx_word' id='word_1_1427' title='bbox 1978 3870 2127 3910; x_wconf 78' lang='lat' dir='ltr'>Ecclefioe,</span> <span class='ocrx_word' id='word_1_1428' title='bbox 2144 3870 2171 3901; x_wconf 89' lang='lat' dir='ltr'>se</span> <span class='ocrx_word' id='word_1_1429' title='bbox 2185 3871 2281 3903; x_wconf 88' lang='lat' dir='ltr'>diver·</span> <span class='ocrx_word' id='word_1_1430' title='bbox 2301 3876 2335 3894; x_wconf 76' lang='lat' dir='ltr'>m·</span> <span class='ocrx_word' id='word_1_1431' title='bbox 2348 3876 2372 3902; x_wconf 89' lang='lat'>3-</span> 
     </span>
     <span class='ocr_line' id='line_1_173' title="bbox 1220 3928 2210 3955; baseline -0.018 -4"><span class='ocrx_word' id='word_1_1432' title='bbox 1220 3928 1271 3951; x_wconf 85' lang='lat' dir='ltr'>tat:</span> <span class='ocrx_word' id='word_1_1433' title='bbox 1705 3950 1709 3955; x_wconf 91' lang='lat'><em>.</em></span> <span class='ocrx_word' id='word_1_1434' title='bbox 1879 3942 1889 3955; x_wconf 66' lang='lat'>=.</span> <span class='ocrx_word' id='word_1_1435' title='bbox 2036 3942 2040 3944; x_wconf 15' lang='lat' dir='ltr'>Y</span> <span class='ocrx_word' id='word_1_1436' title='bbox 2111 3949 2115 3953; x_wconf 25' lang='grc' dir='ltr'><strong><em>ι</em></strong></span> <span class='ocrx_word' id='word_1_1437' title='bbox 2163 3952 2166 3954; x_wconf 18' lang='lat' dir='ltr'>q</span> <span class='ocrx_word' id='word_1_1438' title='bbox 2207 3941 2210 3944; x_wconf 30' lang='grc'>,</span> 
     </span>
     <span class='ocr_line' id='line_1_174' title="bbox 1250 3945 2280 3994; baseline -0.011 -7"><span class='ocrx_word' id='word_1_1439' title='bbox 1250 3955 1326 3987; x_wconf 68' lang='lat' dir='ltr'>&#39;Nos</span> <span class='ocrx_word' id='word_1_1440' title='bbox 1338 3979 1350 3994; x_wconf 82' lang='lat'><strong>‚</strong></span> <span class='ocrx_word' id='word_1_1441' title='bbox 1371 3950 1494 3984; x_wconf 79' lang='lat' dir='ltr'>volentes</span> <span class='ocrx_word' id='word_1_1442' title='bbox 1511 3948 1599 3991; x_wconf 89' lang='lat' dir='ltr'>ipsum</span> <span class='ocrx_word' id='word_1_1443' title='bbox 1617 3949 1781 3981; x_wconf 90' lang='lat' dir='ltr'>Dominum</span> <span class='ocrx_word' id='word_1_1444' title='bbox 1806 3947 2004 3986; x_wconf 81' lang='lat' dir='ltr'>Cardinalem,</span> <span class='ocrx_word' id='word_1_1445' title='bbox 2020 3947 2089 3986; x_wconf 83' lang='lat' dir='ltr'>dum</span> <span class='ocrx_word' id='word_1_1446' title='bbox 2108 3947 2181 3978; x_wconf 86' lang='lat' dir='ltr'>infra</span> <span class='ocrx_word' id='word_1_1447' title='bbox 2199 3945 2244 3991; x_wconf 76' lang='lat' dir='ltr'>Re</span> <span class='ocrx_word' id='word_1_1448' title='bbox 2260 3964 2280 3991; x_wconf 78' lang='lat'>.·&#39;</span> 
     </span>
     <span class='ocr_line' id='line_1_175' title="bbox 1220 3985 2280 4029; baseline -0.009 -4"><span class='ocrx_word' id='word_1_1449' title='bbox 1220 4005 1289 4028; x_wconf 88' lang='lat' dir='ltr'>num</span> <span class='ocrx_word' id='word_1_1450' title='bbox 1306 3993 1433 4025; x_wconf 88' lang='lat' dir='ltr'>nostrum</span> <span class='ocrx_word' id='word_1_1451' title='bbox 1452 3991 1550 4029; x_wconf 87' lang='lat' dir='ltr'>fuerit,</span> <span class='ocrx_word' id='word_1_1452' title='bbox 1567 3989 1663 4020; x_wconf 78' lang='lat' dir='ltr'>debite</span> <span class='ocrx_word' id='word_1_1453' title='bbox 1681 3988 1804 4019; x_wconf 88' lang='lat' dir='ltr'>venerari</span> <span class='ocrx_word' id='word_1_1454' title='bbox 1816 4010 1827 4025; x_wconf 86' lang='lat'>‚</span> <span class='ocrx_word' id='word_1_1455' title='bbox 1851 3988 1884 4018; x_wconf 90' lang='lat'><strong>&amp;</strong></span> <span class='ocrx_word' id='word_1_1456' title='bbox 1901 3987 1978 4017; x_wconf 89' lang='lat' dir='ltr'>suam</span> <span class='ocrx_word' id='word_1_1457' title='bbox 1994 3986 2144 4017; x_wconf 86' lang='lat' dir='ltr'>Familiam</span> <span class='ocrx_word' id='word_1_1458' title='bbox 2160 3985 2246 4016; x_wconf 84' lang='lat' dir='ltr'>Curia</span> <span class='ocrx_word' id='word_1_1459' title='bbox 2258 3995 2280 4014; x_wconf 87' lang='lat'>1-</span> 
     </span>
     <span class='ocr_line' id='line_1_176' title="bbox 1220 4023 2282 4098; baseline -0.013 -32"><span class='ocrx_word' id='word_1_1460' title='bbox 1220 4042 1261 4067; x_wconf 88' lang='lat' dir='ltr'>ter</span> <span class='ocrx_word' id='word_1_1461' title='bbox 1277 4031 1432 4073; x_wconf 68' lang='lat' dir='ltr'>pertractari</span> <span class='ocrx_word' id='word_1_1462' title='bbox 1448 4052 1458 4070; x_wconf 84' lang='lat'>,</span> <span class='ocrx_word' id='word_1_1463' title='bbox 1481 4027 1678 4068; x_wconf 67' lang='lat' dir='ltr'>assignavimus</span> <span class='ocrx_word' id='word_1_1464' title='bbox 1692 4049 1703 4067; x_wconf 86' lang='lat'>‚</span> <span class='ocrx_word' id='word_1_1465' title='bbox 1726 4025 1843 4098; x_wconf 58' lang='grc' dir='ltr'>ἀῦεέξρε</span> <span class='ocrx_word' id='word_1_1466' title='bbox 1866 4025 2022 4058; x_wconf 78' lang='lat' dir='ltr'>servientes</span> <span class='ocrx_word' id='word_1_1467' title='bbox 2037 4025 2162 4063; x_wconf 84' lang='lat' dir='ltr'>nostros,</span> <span class='ocrx_word' id='word_1_1468' title='bbox 2179 4023 2282 4090; x_wconf 42' lang='lat' dir='ltr'>Ardnailg⁸</span> 
     </span>
     <span class='ocr_line' id='line_1_177' title="bbox 1944 4070 2275 4090; baseline -0.012 4"><span class='ocrx_word' id='word_1_1469' title='bbox 1944 4074 1947 4075; x_wconf 48' lang='lat'><em>⁷</em></span> <span class='ocrx_word' id='word_1_1470' title='bbox 2233 4070 2249 4089; x_wconf 88' lang='lat' dir='ltr'>u</span> <span class='ocrx_word' id='word_1_1471' title='bbox 2271 4085 2275 4090; x_wconf 73' lang='grc'><em>,</em></span> 
     </span>
    </p>
   </div>
  </div>
 </body>
</html>
