2562 4279
754 171 864 212 ET
948 167 1214 209 ACTA

46 256 121 289 Ann.
132 254 173 285 D.
223 253 295 286 Nec
306 265 366 286 non
380 256 459 295 super
473 256 554 289 Dote
565 257 600 289 &
613 256 772 295 Dotalitio,
789 266 822 287 ac
831 255 1016 293 Donatione,
1030 260 1147 292 propter
1154 251 1242 290 Nup-

68 294 153 334 1338.
184 293 234 324 tias
247 295 276 323 in
291 294 344 325 hac
360 304 436 332 parte
450 296 630 335 assignandis,
918 332 923 338 ,

47 337 113 363 Edv.
131 341 158 370 3.
224 330 262 361 Et
274 342 319 371 ea,
336 343 399 371 quae
414 335 451 364 fic
466 335 599 365 Traetata
612 336 645 365 ὃς
657 333 842 364 Concordata
854 332 957 362 fuerint
970 354 980 369 ,
998 337 1181 368 quacumque
1195 326 1244 357 fir-

187 371 285 401 mitate
298 372 458 403 vallandum
472 375 505 404 &
518 373 705 410 firmandum,
930 409 934 413 Ι
1088 406 1092 410 ,

226 407 265 440 Et
282 411 378 440 omnia
395 411 446 442 alia
466 411 501 442 &
514 411 617 451 fingula
637 409 813 446 faciendum,
831 417 984 452 quae-circa
995 405 1245 449 praem-iffazneces-

188 445 253 477 saria
266 447 385 487 fuerint,
401 451 487 479 etiarn
502 449 521 479 fi
536 449 699 480 mandatum
713 449 822 487 exigant
831 446 965 484 speciale,
983 444 1117 488 praefatu,
1128 442 1246 479 Episco-

187 494 228 522 po
236 486 269 517 ὃς
278 485 390 517 Comiti
397 511 406 525 ‚
413 489 447 518 &
459 498 561 518 eorum
576 489 708 524 cuilibet,
717 487 844 524 plenam,
853 493 951 515 tenore
959 482 1137 520 praesentium
1144 504 1154 518 ,
1162 490 1246 511 com-

189 524 330 554 mittimus
342 525 376 556 &
391 525 577 557 concedimus
593 525 786 561 Potestatem3
1173 558 1178 563 ι

228 561 429 595 Promittentes
441 564 510 594 Nos
523 564 631 595 Ratum
646 565 679 594 &
695 562 834 599 Gratum,
853 567 986 598 quatenus
997 558 1031 588 ad
1045 558 1115 602 Nos
1131 565 1244 594 attinet,

189 599 334 631 habituros
370 602 484 641 uicquid
498 613 547 640 per
563 602 711 641 praefat0s‚
730 600 905 638 Episcopum
918 599 952 629 &
968 595 1134 639 Comitem,
1152 597 1245 640 &heo-

187 648 252 669 rum
267 611 422 707 qttiffmllibet
435 665 446 680 ,
469 641 658 679 TraCtatum,
672 636 909 675 Concordatum,
927 637 960 668 &
975 635 1101 673 Adrum,
1119 638 1202 665 tuerit
1216 643 1246 663 in

187 686 286 714 praemi
320 688 341 708 s.

226 751 262 784 In
275 755 353 793 qu'us
365 778 375 795 ‚
392 756 454 788 &c.

223 828 292 861 Dat.
311 831 384 870 apud
397 831 518 863 Turrim
532 828 668 860 London.
686 828 861 861 duodecimo
875 830 921 860 die
937 827 1021 858 Maii.

38 949 56 968 '¹'
74 951 112 978 V·
124 959 173 986 42·
191 950 210 972 '⁴‘
228 953 278 984 De
295 954 372 986 Pace
390 951 592 996 conservanda
618 957 649 986 in
670 955 805 985 Civitate
829 952 982 986 Londoniae
1008 950 1099 996 affine
1121 945 1166 980 ad
1183 948 1245 980 Re-

388 998 489 1033 ditum
507 1004 593 1048 Regis
610 999 777 1049 apartibus
794 1002 828 1034 T
822 1001 1032 1046 ransmarinis.

36 1071 112 1102 Anu·
125 1071 167 1103 D·
271 1083 296 1116 E
304 1092 332 1116 Μ
340 1095 360 1116 o
371 1094 423 1117 Ra
433 1093 456 1116 N
465 1094 486 1116 D
494 1093 550 1117 υΜ
569 1087 650 1125 quod
659 1086 805 1118 Dominus
817 1084 898 1124 Rex,
916 1092 981 1115 ante
996 1083 1155 1122 Paffagium
1162 1080 1242 1111 suum

57 1112 142 1150 ¹338·
280 1124 373 1156 versus
384 1133 473 1164 partes
486 1125 711 1164 Transmarinis,
729 1125 828 1168 volens
837 1125 869 1155 &
884 1123 1037 1168 desiderans
1046 1121 1152 1165 Pacem
1166 1120 1243 1185 suarln

35 1154 87 1178 ‘¹7¹³
108 1161 150 1178 ¹²·
186 1163 294 1201 ubique
311 1164 510 1195 inviolabiliter
529 1165 711 1202 conservari,
729 1164 876 1201 Majorem
890 1185 900 1200 ‚
918 1162 1127 1205 Vicecomites‚
1145 1157 1244 1202 &.A‘

33 1191 62 1216 Ε·
85 1198 110 1225 3·
185 1200 375 1240 dermannos,
393 1211 425 1232 ac
440 1203 617 1240 quamplures
631 1204 717 1241 alios,
735 1201 863 1232 Civitatis
879 1200 1056 1243 Londonijae,
1074 1207 1171 1242 coram
1184 1196 1243 1233 ipso

32 1227 166 1263 claufiiz.
185 1239 286 1278 Rege,
304 1241 377 1278 apud
392 1241 681 1272 Westrnonasterium
696 1241 847 1278 existente,
865 1248 1021 1270 convocari
1035 1238 1121 1281 fecit,
1150 1274 1155 1279 ¹
1179 1274 1184 1279 η

31 1268 119 1302 E.3.p
126 1287 130 1291 ’
141 1275 165 1294 ¹·
221 1278 322 1309 Petens
344 1280 377 1311 &
392 1289 521 1317 quaerens
543 1281 579 1310 ab
594 1281 632 1310 eis
644 1280 779 1318 qualiter,
796 1279 829 1309 &
845 1277 1013 1322 quomodo»,
1030 1275 1106 1320 dieta
1119 1273 1243 1320 Civitas,

32 1312 69 1330 m·
87 1313 116 1340 5·
137 1305 162 1333 Α·
182 1317 217 1348 &
240 1317 297 1347 Pax
317 1318 346 1347 in
367 1318 465 1348 eadem
480 1341 490 1356 ,
515 1319 627 1356 poffeiit
641 1341 651 1357 ,
675 1318 733 1348 tarn
754 1318 784 1346 in
798 1316 938 1353 absentia,
955 1325 1043 1359 quam
1056 1324 1084 1343 in
1097 1316 1242 1356 prae-lenna

181 1356 252 1387 dieti
269 1355 375 1395 Regis,
393 1356 514 1387 securius
529 1356 682 1395 custodiri,
700 1356 734 1387 &
749 1356 916 1395 praecipiens
937 1354 1041 1384 eisdem
1057 1352 1138 1391 quod
1151 1350 1241 1389 ipsum

180 1393 298 1431 Regem
311 1394 378 1425 inde
390 1395 497 1433 plenius
512 1395 665 1426 certificent
679 1396 712 1426 &
727 1394 897 1431 informem,
990 1431 995 1437 ¹
1111 1430 1126 1435 ..
1221 1429 1226 1434 .

222 1433 285 1472 Qui
299 1433 430 1471 quidem,
450 1434 564 1472 Major,
582 1433 794 1471 Vicecomites,
812 1431 1021 1477 Alderman'niss,
1039 1431 1071 1461 ὃς
1083 1428 1242 1473 alii'prqaedi-

179 1471 236 1510 eu,
254 1480 322 1502 tunc
338 1472 445 1503 ibidem
461 1472 625 1516 praesentes,
644 1471 842 1516 respondentes
856 1493 866 1509 ,
882 1470 1074 1514 supplicarunt
1087 1477 1118 1498 ut
1133 1470 1183 1511 ipli
1198 1467 1241 1497 su-

176 1510 309 1588 {j‘ifsdssffi
316 1509 756 1589 effiassissffsdfiifissssssllssbssssflssllss
767 1507 1241 1589 ᾏῇἓῐῗῗῖἓὲιέἒὲἓέῗὲῗῗὟηῗω

214 1586 253 1617 Et
271 1587 362 1618 dietus
384 1587 450 1618 Rex
466 1611 476 1627 ,
501 1587 587 1619 dictae
608 1598 710 1619 eorum
728 1586 931 1625 Supplicationi
943 1594 1084 1622 annuens,
1103 1583 1172 1613 dixit
1185 1592 1239 1620 eis,

178 1625 263 1664 quod
277 1626 335 1656 hoc
350 1626 453 1657 faciant
468 1626 598 1657 indilate:
737 1665 742 1671 ι
996 1663 1001 1668 ⁸
1111 1662 1126 1667 ..
1222 1659 1226 1664 ,

218 1664 264 1695 Ac
288 1664 396 1703 praefati
409 1688 419 1704 ,
447 1665 544 1703 Major
560 1689 569 1705 ,
587 1665 802 1703 Vicecomites,
818 1658 1242 1706 Aldermanni,h&·alirpraedi-

180 1703 239 1741 cri,
257 1703 352 1733 habita
367 1704 441 1735 inter
454 1704 481 1734 se
494 1704 574 1742 super
586 1703 731 1742 praemiffis
744 1703 944 1734 deliberatione
957 1701 1093 1744 pleniori,
1110 1700 1242 1744 dixerunt

179 1741 207 1772 se
222 1742 258 1771 de
272 1740 411 1772 Custodia
424 1741 553 1773 Civitatis
576 1743 611 1773 ὅτ,
634 1742 714 1773 Pacis
729 1741 927 1784 praedictarum
942 1740 1071 1770 securiter
1084 1737 1243 1783 ordinasse,

218 1779 380 1811 Afferentes
393 1781 474 1819 quod
488 1790 548 1810 non
561 1788 708 1818 oporteret
721 1780 811 1824 ipsum
829 1779 996 1824 Dormnum
1011 1778 1126 1817 Regem
1138 1777 1175 1807 de
1188 1777 1241 1806 alia

181 1816 322 1849 Custodia
335 1818 477 1850 dietarum
492 1818 621 1850 Civitatis
635 1819 668 1849 &
681 1818 761 1849 Pacis
774 1817 922 1856 ordinare,
971 1856 976 1861 .
1039 1856 1043 1860 Ι
1069 1856 1074 1861 .
1118 1855 1123 1860 ι
1153 1855 1158 1859 .
1183 1854 1187 1859 ι

217 1855 257 1887 Et
269 1857 479 1896 concedentes,
494 1867 548 1895 pro
562 1857 608 1896 se,
627 1857 661 1888 &
673 1857 731 1887 aliis
746 1855 926 1888 Concivibus
939 1855 991 1886 suis
1007 1854 1138 1886 CiVitatis
1151 1853 1239 1897 illius,

179 1895 262 1934 quod
279 1896 328 1932 ipfi
343 1895 451 1926 easdem
468 1894 624 1927 Civitatem
638 1897 672 1927 δε
686 1895 792 1926 Pacem
806 1895 882 1926 salvo
906 1895 940 1925 &
952 1894 1050 1924 secure
1064 1893 1114 1924 suo
1129 1902 1240 1930 pericu-

177 1933 212 1964 lo
225 1933 401 1973 custodient,
418 1935 452 1965 &
467 1935 525 1965 hoc
539 1934 721 1965 concorditer
734 1933 952 1978 assumpserunts,
1063 1971 1069 1976 .
1202 1969 1207 1974 ,

216 1970 273 2002 Per
296 1971 375 2011 quod
394 1972 486 2003 dictus
505 1972 653 2003 Dominus
675 1972 741 2002 Rex
756 1974 876 2011 injunxit
899 1972 932 2002 &
947 1979 1083 2015 praecepit
1103 1970 1239 2014 praefatis,

177 2007 303 2049 Major-i,
322 2010 550 2042 Vicecomitibus
566 2034 577 2051 ,
596 2011 808 2048 Aldermannis,
828 2012 861 2042 δε
881 2010 938 2040 aliis
959 2010 1098 2054 praedietis
1112 2010 1172 2046 (qui
1187 2018 1240 2039 co-

176 2058 239 2080 ram
254 2048 390 2079 Domino
405 2049 487 2088 Rege
499 2049 704 2088 postmodum,
721 2049 756 2079 ad
770 2049 940 2079 Mandatum
953 2052 1033 2092 suum
1047 2071 1057 2087 ,
1074 2049 1148 2092 apud
1161 2048 1240 2078 Tur-

178 2087 235 2118 rim
258 2086 421 2118 Londoniae
436 2089 586 2125 venerunt)
610 2089 639 2118 in
654 2088 723 2118 Fide
736 2089 770 2119 &
784 2087 948 2127 Ligeantia‚
966 2087 1068 2131 quibus
1082 2086 1162 2131 dieto
1177 2084 1240 2116 Re-

178 2125 208 2166 gi
229 2125 291 2155 sunt
311 2125 414 2156 astricti
428 2148 438 2164 ,
456 2127 490 2156 &
506 2127 556 2157 sub
571 2127 744 2157 forisfactura
757 2128 891 2157 omniurn
908 2136 972 2169 quae
986 2125 1063 2170 Regi
1076 2124 1239 2155 forisfacere

178 2171 332 2202 poterunt,
349 2164 428 2203 quod
437 2162 592 2196 Civitatem
606 2164 771 2204 praedic'tam
784 2165 858 2196 salvo
871 2166 903 2196 &
919 2163 1035 2195 fideliter
1048 2164 1083 2195 ad
1098 2173 1170 2202 opus
1178 2163 1241 2194 Re—

181 2203 223 2242 gis
239 2201 398 2233 custodiant
411 2226 421 2242 ,
447 2205 481 2235 &
496 2203 604 2234 Pacem
627 2203 714 2244 Regis
728 2203 837 2234 ibidem
851 2203 962 2234 illaesam
977 2202 1162 2240 conservent,
1183 2211 1242 2232 eas-

178 2250 256 2310 3:ng
248 2240 287 2271 fic
299 2240 437 2272 custodiri
451 2242 554 2274 saciant
567 2243 601 2274 &
621 2241 722 2276 servari
738 2243 817 2282 quta
828 2241 1049 2281 assumptionem
1062 2241 1138 2272 suam
1150 2240 1243 2279 supra-

258 2289 289 2310 m

217 2317 257 2349 Et
277 2302 479 2350 Malefaetores
499 2321 532 2352 ὃς
555 2319 761 2360 Delinquentes
782 2321 813 2351 in
827 2320 950 2352 Civitate
963 2321 996 2352 &
1009 2318 1158 2363 Suburbiis
1171 2328 1244 2356 prae-

179 2355 262 2387 dietis
279 2359 395 2394 puniant
406 2358 439 2389 &
452 2358 607 2398 castigent,
625 2369 712 2398 prout
725 2360 759 2390 ad
772 2359 844 2397 ipsos
858 2361 994 2398 pertinet,
1007 2359 1047 2403 ,ec
1061 2358 1097 2388 de
1114 2367 1188 2402 jure,
1202 2358 1240 2401 ,ὃς

180 2395 338 2464 ἓευῃάἐῐη
359 2396 469 2465 Ι-ἁεὲεῐη
490 2398 524 2429 &
545 2397 792 2430 Consuetudinem
813 2397 912 2436 Regni
931 2399 964 2430 δε
985 2397 1071 2428 ἀιᾶεε
1092 2395 1221 2429 Civitatis
1233 2420 1244 2434 ,

216 2443 268 2465 erit
309 2444 371 2465 cren
394 2446 441 2465 um

221 2472 354 2503 Maxime
368 2474 427 2511 ipso
441 2458 526 2512 Rege
536 2476 776 2507 inTransmarinis
791 2476 915 2514 partibus
929 2475 966 2506 fic
980 2482 1099 2513 agente3
1117 2476 1154 2505 ita
1162 2473 1242 2512 quod

179 2508 289 2541 Gestus
306 2511 432 2548 ipsorum
452 2515 577 2552 praebeat
598 2515 698 2552 Regni
714 2516 820 2545 caeteris
835 2514 1014 2553 exemplum,
1029 2514 1057 2545 se
1071 2525 1087 2546 a
1100 2522 1241 2552 perpetra-

179 2549 260 2579 tione
273 2550 414 2581 malorum
429 2552 460 2581 in
476 2552 564 2592 Regis
578 2553 700 2585 absentia
711 2553 882 2584 retrahendi:

216 2586 325 2619 Dicens
338 2590 377 2619 eis
414 2589 471 2620 uod
480 2613 491 2629 ,
508 2592 529 2622 si
542 2593 571 2621 in
585 2591 727 2622 Custodia
740 2591 900 2630 hujusmodi
912 2602 948 2622 ne
967 2591 1081 2622 licentes
1094 2591 1122 2621 se
1136 2589 1242 2634 habue-

179 2625 236 2657 rint
248 2626 294 2658 vel
307 2628 376 2657 remi
401 2638 451 2667 os,
469 2639 518 2667 per
531 2631 610 2667 quod
624 2629 699 2660 dicta
712 2629 837 2669 Civitas,
849 2638 902 2674 'aut
916 2632 944 2675 ip
956 2641 971 2660 a
985 2616 1042 2660 Pax
1055 2654 1064 2668 ,
1082 2639 1144 2660 non
1154 2628 1242 2672 ⁴fuerit

179 2664 271 2695 modo
283 2687 294 2704 ,
321 2675 381 2704 quo
400 2669 578 2704 praemittitur
592 2691 603 2707 ‚
628 2668 724 2699 debite
745 2668 884 2700 custodita
897 2691 907 2707 ,
931 2669 1008 2699 idem
1024 2668 1090 2698 Rex
1105 2667 1139 2698 ad
1152 2667 1241 2705 ipsos,

177 2710 313 2741 tanquam
335 2704 478 2736 Mandatis
503 2706 592 2744 Regis
610 2706 806 2741 inobedientes
820 2730 830 2745 ,
854 2709 887 2739 &
903 2707 984 2737 Pacis
997 2707 1052 2751 suae
1063 2707 1243 2744 Violatores,

177 2750 214 2771 ac
226 2742 410 2780 assumptioni
421 2744 476 2773 suae
490 2744 650 2782 hujusmodi
662 2747 920 2784 contravenientes,
939 2747 973 2777 &
989 2746 1053 2775 alias
1066 2769 1076 2784 ,
1093 2754 1179 2783 prout
1193 2744 1243 2774 de-

178 2778 280 2809 lictum
302 2780 383 2820 suu‘m
401 2784 542 2821 exegerit,
559 2785 667 2823 capiet,
686 2785 720 2815 δι’
742 2794 809 2823 eos,
827 2792 912 2822 prout
934 2785 962 2814 in
984 2784 1044 2816 hoc
1065 2784 1126 2815 casu
1141 2807 1152 2823 ,
1169 2792 1242 2822 prae-

179 2817 266 2848 miffis
281 2818 460 2850 consideratis
469 2842 479 2859 ,
496 2823 652 2861 convenit,
670 2823 767 2860 puniet
781 2832 850 2854 cum
863 2822 983 2863 Rigore.

216 2893 308 2926 Teste
320 2894 403 2936 Rege
416 2895 491 2935 apud
505 2897 625 2929 Turrim
640 2897 775 2930 London.
793 2898 969 2930 duodecimo
984 2899 1030 2930 die
1041 2898 1122 2930 Maii.

303 3023 353 3055 De
360 3022 452 3068 fiilvo
470 3022 623 3057 Condufin
635 3034 692 3071 pro
707 3027 838 3059 Domino
852 3024 889 3058 de
903 3024 1113 3068 Cravendouk=

30 3107 99 3140 Ann
122 3107 154 3138 D

102 3131 108 3137 .
156 3130 164 3138 .
183 3106 241 3168 R
251 3105 278 3138 E
287 3106 318 3138 X
342 3107 491 3139 Univerfis
503 3109 537 3141 &
551 3109 663 3150 singulis
676 3110 837 3142 Admirallis
853 3133 863 3150 ‚
879 3110 1125 3149 vicecomitibus,
1145 3111 1243 3151 Majo-

61 3147 146 3185 1338.
261 3146 354 3185 ribus,
371 3146 496 3186 Ballivis,
515 3148 670 3188 Ministris,
689 3149 849 3187 Magistris,
867 3150 900 3181 &
916 3149 1075 3180 Marinariis
1090 3150 1241 3195 Navium,

32 3188 86 3214 An.
102 3182 146 3214 ‘12.
182 3192 216 3213 ac
237 3183 293 3214 aliis
314 3184 454 3216 Fidelibus
475 3187 526 3217 suis
539 3210 550 3225 ,
573 3188 644 3218 infra
667 3188 822 3219 Libertates
843 3189 876 3219 &
896 3195 995 3227 extra,
1020 3188 1080 3218 tam
1096 3190 1125 3218 in
1140 3188 1217 3219 Mari
1231 3212 1241 3228 ,

33 3227 65 3251 E.
91 3233 115 3260 3.
183 3221 270 3259 quam
283 3222 312 3252 in
324 3223 435 3263 Terra,
448 3225 482 3255 ad
497 3235 568 3264 quos
583 3251 592 3263 ,
610 3227 670 3258 &e
690 3226 825 3259 Salutem.

32 3261 153 3290 Aleman.
221 3260 318 3291 Sciatis
333 3262 431 3301 quod,
448 3264 535 3301 esim,
554 3264 672 3295 Nobilis
686 3265 756 3304 Vir,
772 3265 945 3296 Willielmus
962 3265 1108 3297 Dominus
1125 3266 1162 3297 de
1169 3266 1242 3297 Cra-

38 3309 82 3327 12.
96 3304 125 3326 Ε.
142 3309 167 3337 3.
186 3298 323 3329 vendouk
337 3323 347 3337 ‚
383 3301 416 3331 &
438 3300 581 3339 johannes
601 3303 727 3334 Bernaoe
746 3304 783 3335 de
806 3304 945 3343 Fiemyng
959 3327 969 3342 ‚
992 3314 1024 3335 ac
1040 3304 1185 3343 johannes
1206 3306 1242 3337 de

34 3343 60 3374 p.
78 3347 101 3366 ι.
115 3348 149 3367 m.
185 3336 405 3376 Thraudeston,
422 3338 456 3369 ὃς
469 3339 627 3371 Familiares
641 3343 674 3373 &
689 3345 848 3373 Servientes
861 3342 917 3380 sui,
936 3343 970 3372 ad
986 3352 1074 3380 partes
1089 3344 1241 3375 Transma-

39 3375 82 3403 18.
185 3375 273 3414 rinas,
290 3375 327 3405 de
340 3376 451 3408 licentia
463 3378 575 3417 nostr'a,
595 3382 628 3411 ὃ(
642 3390 695 3420 pro
715 3381 879 3418 quibusdam
901 3381 1039 3419 Negotiis
1054 3383 1171 3422 nostris,
1189 3384 1243 3413 ibi-

186 3413 253 3443 dem
274 3414 453 3452 expediendis
467 3438 478 3454 ,
500 3426 585 3455 prout
600 3419 637 3448 eis
646 3418 753 3455 plenius
769 3420 938 3457 injunximus
975 3420 1001 3449 se
1013 3420 1167 3460 divertant,
1185 3422 1242 3452 sus-

185 3452 315 3489 cepimus
337 3452 407 3489 ipsos
420 3478 429 3491 ,
455 3453 647 3496 wilhelmum
660 3479 669 3494 ‚
691 3456 855 3495 johannem
870 3482 880 3495 ,
896 3459 930 3489 &
942 3443 1123 3498 johannem,
1141 3471 1174 3490 ac
1190 3461 1242 3491 Fa-

185 3491 305 3520 miliares
324 3491 357 3521 &
378 3490 536 3523 Servientes
555 3496 632 3532 suos,
651 3497 684 3525 &
700 3504 801 3525 eorum
817 3497 990 3534 quemlibet,
1009 3498 1102 3528 eundo
1117 3509 1185 3528 cum
1201 3499 1241 3529 E-

185 3530 267 3567 quis,
284 3529 443 3568 Hernefiis,
461 3531 494 3561 &
515 3530 571 3560 aliis
592 3532 691 3562 Rebus
713 3534 782 3571 suis,
799 3536 832 3563 ad
849 3543 937 3570 partes
950 3535 1112 3573 praedictam
1131 3537 1239 3568 ibidem

184 3567 344 3607 morando,
362 3569 395 3599 ὅ(
410 3568 511 3598 exinde
525 3569 688 3609 redeundo,
705 3572 763 3601 tarn
776 3573 805 3601 in
819 3572 912 3610 Mari,
930 3573 1016 3610 quam
1037 3575 1065 3603 in
1080 3575 1189 3614 Terra,
1208 3578 1238 3607 in

183 3604 401 3637 Protectionem
423 3609 457 3638 ὅτ
476 3606 682 3639 Defenfionem
700 3610 828 3640 nostram
841 3634 851 3648 ,
873 3620 906 3641 ac
921 3610 1038 3643 Salvum
1051 3612 1086 3643 &
1100 3613 1238 3645 Securum

183 3643 374 3675 Conduetum
386 3645 531 3675 nostrum:

219 3684 238 3703 *²
259 3682 297 3714 Et
310 3683 376 3714 ideo
389 3684 472 3714 vobis
483 3684 664 3722 mandamUS,
681 3683 742 3720 &c.
778 3694 839 3716 rout
851 3690 880 3716 in
893 3690 997 3717 Literis
1010 3689 1042 3718 de
1055 3691 1202 3721 Conduc‘lu.

218 3720 254 3751 In
269 3723 364 3760 cujus,
376 3722 436 3752 &c.
456 3722 542 3760 usque
563 3723 597 3753 ad
611 3722 726 3754 Festum
775 3726 903 3757 ativitatis
915 3726 1011 3757 Sancti
1021 3727 1160 3765 Johannis
1171 3729 1242 3769 Bap-

182 3758 256 3790 tistae
269 3761 405 3798 proximo
419 3760 545 3792 futurum
557 3761 704 3793 duraturas.

33 3674 52 3692 ⁹
68 3673 105 3703 V.
118 3677 168 3712 432

221 3834 311 3868 Teste
325 3837 407 3879 Rege
421 3838 495 3878 apud
507 3839 627 3871 Turrim
643 3839 780 3872 London.
798 3840 914 3873 decimo
926 3843 1009 3873 tertio
1022 3842 1068 3873 die
1082 3842 1165 3876 Maii.

872 3919 926 3948 Per
936 3917 1019 3958 ipficm
1031 3921 1136 3959 Regem.

224 4090 297 4119 Tam.
314 4090 358 4119 11.
375 4090 409 4120 P.
427 4092 474 4122 IV.

1297 158 1763 217 PUBLICA.
2294 196 2345 232 19

2359 292 2484 323 AnnD.

2377 333 2461 371 1338.

1469 344 1519 374 De
1528 343 1739 391 fitperftdendo
1754 349 1915 384 Demandae
1928 353 2139 388 Decimarum.
2354 372 2422 398 Edv.
2444 381 2470 406 3=

1285 423 1339 479 R
1351 423 1375 453 E
1386 423 1417 454 X
1442 424 1617 468 Vicecomiti
1631 428 1760 462 Eborum
1772 431 1904 465 Salutem.
2354 441 2406 464 An.
2431 445 2473 463 ¹2²

1378 462 1594 498 Considerantes
1615 468 1811 500 Affeffionem
1829 472 1975 510 specialem
2023 486 2107 515 quam
2158 477 2339 509 Venerabiles
2355 480 2384 503 Ε·
2407 487 2431 513 3·

1286 495 1395 540 Patres,
1413 502 1747 550 Gaucelinusjohannis,
1766 507 1974 542 Praebendarius
1988 497 2154 546 Praebend’ae
2167 517 2203 547 de
2210 515 2337 546 Driffeld
2355 515 2438 551 Claus
2448 524 2491 546 122ss

1287 544 1317 564 111
1331 536 1456 570 Ecclesia
1473 542 1545 573 beati
1559 543 1634 573 Petri
1649 544 1798 584 Eborum,
1816 550 1848 579 &
1864 549 1982 582 Persona
1999 551 2130 584 Ecclesiae
2143 555 2178 584 de
2187 554 2266 584 Hem
2288 565 2339 596 ng·
2357 558 2384 581 E.
2398 560 2443 590 3-1>
2468 566 2492 585 ¹-

1287 574 1378 614 burgh
1390 601 1400 615 ,
1426 576 1546 624 Petrus,
1572 581 1795 625 Archidiaconus
1815 586 1946 618 Eborum
1959 613 1969 627 ,
1987 591 2020 620 &
2035 590 2246 623 Praebendarius
2289 604 2341 623 rae-
2358 603 2393 621 m·
2411 600 2422 618 ¹
2435 614 2442 621 ·

1288 612 1391 644 bendae
1411 616 1447 646 de
1465 618 1610 650 Wistowe
1624 630 1654 650 in
1669 621 1793 653 Ecclesia
1806 625 1956 664 praedicta,
1974 627 2007 657 ὃς
2020 628 2201 668 Bertrandus,
2221 630 2341 662 Persona

1288 650 1424 696 Ecclesiae
1441 655 1479 685 de
1498 655 1709 700 Brantyngham
1733 660 1865 692 Eborurn
1889 664 2015 696 Dioeceii
2031 692 2039 705 ‚
2066 669 2178 699 Sancffae
2198 668 2342 700 Romanae

1286 688 1424 759 ¹{egeriae
1443 692 1606 726 Cardinales
1618 721 1628 735 ,
1653 697 1687 727 ad
1709 697 1857 730 Coronam
1876 702 1991 740 Angliae
2002 705 2136 737 haetenus
2146 709 2280 738 novimus
2295 710 2344 739 ha—

1308 739 1334 758 u1
1357 740 1392 768 e,

1313 807 1317 812 .
1330 768 1398 798 Nec
1414 779 1474 813 non
1487 769 1603 815 'Bonum
1614 772 1713 803 locum
1725 785 1812 813 quem
1826 776 1911 808 iidem
1925 777 2085 812 Cardinales
2098 783 2198 821 nobis,
2214 784 2243 814 in
2258 794 2345 822 agen-

1290 806 1331 837 dis
1343 807 1448 850 'nostris
1457 833 1466 847 ,
1484 819 1513 839 in
1528 810 1617 841 Curia
1629 812 1763 849 praedieta
1775 815 1875 851 pluries
1890 826 2038 850 tenuerunt
2049 843 2059 857 ,
2082 821 2115 851 ὃς
2129 823 2211 852 nobis
2223 823 2257 854 ὃς
2271 823 2343 854 Hae-

1289 844 1403 876 redibus
1416 847 1517 877 nostris
1530 857 1625 879 tenere
1638 859 1771 887 poterunt
1784 854 1812 882 in
1825 853 1968 895 futurum,

1300 922 1305 927 .
1327 883 1372 930 ᾼε
1389 884 1541 925 Volentes‚
1558 897 1595 918 eo
1609 897 1761 928 praetextu,
1775 900 1843 922 cum
1864 892 1967 924 eisdem
1984 894 2178 930 Cardinalibus
2189 908 2270 939 agere
2282 910 2344 940 gra-

1286 930 1528 1005 Ποὲὂυεείῖῐῐηυε
1550 964 1630 1002 quod
1649 965 1736 997 iidem
1755 965 1915 999 Cardinales
1937 969 2075 1003 Beneficia
2093 973 2137 1004 sua
2156 976 2287 1013 praedicla
2305 977 2343 1009 de

1288 1001 1513 1039 quibuscumque
1527 1001 1656 1034 Decimis
1670 1004 1703 1034 δε
1717 1005 1852 1045 Auxiliis‚
1869 1007 1960 1039 Clero
1972 1009 2068 1050 Regni
2084 1012 2173 1043 nostri
2185 1024 2273 1054 nuper
2286 1016 2344 1046 irn-

1287 1039 1384 1076 positis
1396 1063 1406 1076 ,
1431 1040 1464 1070 &
1485 1041 1568 1070 nobis
1586 1051 1636 1078 per
1656 1052 1746 1080 nuper
1765 1045 1919 1077 Summum
1934 1046 2123 1088 Pontificem,
2137 1054 2182 1082 seu
2195 1055 2277 1083 etiarn
2291 1064 2342 1091 per

1288 1077 1421 1122 Praelatos
1444 1077 1478 1108 &
1502 1077 1621 1109 Clerum
1640 1079 1739 1119 Regni
1759 1084 1871 1123 nostri,
1899 1087 2037 1119 conceffis
2051 1112 2061 1127 ‚
2085 1098 2150 1129 erga
2163 1100 2215 1120 nos
2228 1100 2342 1125 teneant

1308 1124 1396 1153 uieta3

1286 1126 1307 1154 q
1324 1153 1362 1184 Et
1377 1154 1443 1184 ideo
1457 1154 1507 1185 tibi
1522 1155 1701 1193 praecipimus
1716 1160 1797 1196 quod
1810 1159 1986 1202 Demandae,

1326 1193 1425 1231 Qiarn
1442 1194 1562 1236 praefatis
1577 1192 1787 1237 Cardinalibus,
1806 1200 1834 1228 in
1847 1199 1991 1231 Beneficiis
2012 1202 2064 1234 suis
2075 1204 2239 1245 praedicstis,
2258 1216 2346 1238 occa-

1287 1231 1365 1261 sione
1380 1229 1514 1261 Decimae
1534 1231 1710 1272 Triennalis‚
1736 1237 1819 1266 nobis
1841 1247 1930 1274 nuper
1951 1249 1998 1276 per
2013 1241 2124 1273 dietum
2138 1244 2258 1276 Clerum
2272 1256 2345 1277 con-

1287 1269 1389 1307 ceffae‚
1407 1269 1467 1300 fieri
1482 1269 1567 1308 facis,
1585 1280 1614 1300 ut
1629 1272 1749 1312 dicitur,
1766 1275 1800 1305 ad
1815 1285 1887 1313 opus
1901 1277 2046 1316 nostrum,

1323 1308 1456 1338 Omnino
1471 1307 1651 1353 supersederi,
1669 1311 1702 1341 &
1717 1312 1789 1349 ipsos
1805 1314 1871 1344 inde
1894 1316 2004 1352 quietos
2018 1317 2075 1348 effe
2090 1322 2250 1361 permittas,
2265 1323 2343 1360 juxta

1284 1355 1414 1378 tenorem
1427 1345 1627 1378 Conceffioms
1641 1349 1744 1380 nostrae
1758 1352 1932 1389 supradictae.

1322 1421 1413 1454 Teste
1427 1422 1512 1462 Rege
1527 1424 1600 1462 apud
1613 1424 1733 1457 Turrim
1747 1426 1884 1460 London.
1902 1429 2018 1462 decimo
2030 1434 2132 1471 quinto
2145 1435 2191 1466 die
2206 1434 2289 1466 Maii,

1947 1511 2001 1540 Per
2012 1511 2095 1550 ipsum
2107 1514 2211 1550 Regem.

1329 1626 1377 1657 De
1403 1626 1535 1657 Henrico
1557 1624 1593 1657 de
1610 1628 1746 1674 Douglas
1764 1631 1801 1662 V
1797 1633 1942 1663 icecomiti
1960 1630 2104 1667 Cambriae
2131 1633 2296 1672 liberando.

1284 1707 1410 1765 REX
1435 1708 1546 1740 dileetae
1562 1710 1612 1741 fibi
1630 1729 1698 1756 -ις-
1716 1722 1780 1757 quae
1801 1713 1855 1744 fuit
1872 1714 2118 1761 'Uxor'Johannis
2139 1720 2175 1752 de
2197 1721 2345 1764 Glanton‚
2366 1727 2443 1759 Ann.
2452 1728 2492 1759 D.

1356 1757 1447 1785 nuper
1460 1747 1667 1781 Constabularu
1680 1750 1774 1782 Castri
1789 1752 1878 1782 nostri
1893 1752 2029 1794 Karlioli‚
2048 1757 2182 1790 Salutem.
2392 1768 2475 1808 1338.

1321 1784 1494 1817 Mandamus
1516 1788 1599 1819 vobis
1615 1812 1625 1827 ,
1657 1788 1774 1820 firmiter
1795 1792 1971 1830 injungentes
1985 1816 1995 1831 ‚
2022 1795 2102 1833 quod
2123 1797 2286 1831 Henricum
2306 1802 2343 1833 de
2360 1810 2413 1834 An.
2432 1817 2476 1836 12.

1283 1818 1431 1864 Douglas,
1450 1825 1486 1855 de
1500 1826 1615 1865 Scotia‚
1634 1826 1671 1857 de
1687 1828 1802 1859 Guerra
1815 1838 1946 1868 captum,
1963 1832 1997 1862 &
2011 1833 2041 1863 in
2049 1832 2153 1867 Castro
2166 1838 2266 1870 nostro
2272 1850 2344 1877 ptae—
2361 1851 2391 1874 Ε.
2411 1856 2438 1883 3.

1281 1859 1359 1893 dicto
1372 1864 1421 1893 sub
1437 1862 1577 1895 Custodia
1591 1865 1701 1903 vestra,
1719 1875 1750 1897 ut
1764 1868 1884 1906 dicitur,
1901 1869 2066 1910 detentum,
2082 1873 2201 1907 Dilecto
2213 1877 2246 1908 ὃς
2260 1878 2343 1910 Fide·
2359 1885 2494 1921 claufiiz.

1281 1899 1300 1930 li
1313 1901 1428 1941 nostro,
1448 1902 1577 1933 Antonio
1597 1904 1633 1934 de
1653 1904 1735 1944 Lucy
1750 1928 1759 1943 ‚
1785 1905 1959 1938 Vicecomiti
1979 1909 2080 1940 nostro
2095 1911 2263 1954 Cumbriae,
2283 1918 2341 1948 fine
2362 1928 2389 1950 Ε.
2401 1930 2494 1960 3.p.i.

1281 1939 1415 1971 dilatione
1436 1939 1555 1971 liberetis
1577 1942 1654 1974 salvo
1678 1943 1915 1984 custodiendum,
1945 1956 2030 1984 prout
2049 1949 2142 1981 eidem
2164 1952 2341 1988 Vicecomiti
2360 1971 2397 1990 m.
2411 1971 2441 1998 4.

1281 1977 1412 2010 duximus
1427 1977 1536 2018 plenius
1548 1981 1771 2019 injungendum:
1790 1982 1828 2014 Et
1844 1983 1903 2014 hoc
1917 1986 2072 2018 nullatenus
2087 1991 2231 2023 omittatis.

1320 2054 1410 2088 Teste
1424 2053 1508 2095 Rege
1519 2055 1594 2095 apud
1608 2057 1728 2090 Turrim
1741 2058 1878 2092 London.
1897 2060 2015 2095 decimo
2027 2065 2128 2103 quinto
2140 2067 2188 2099 die
2200 2067 2281 2100 Maii.

1972 2143 2027 2171 Per
2040 2145 2123 2183 ipsum
2134 2147 2239 2184 Regem.

1307 2257 1356 2289 De
1372 2257 1509 2305 Epiftopo
1527 2259 1740 2309 Herefhrderfi
1750 2260 1795 2294 ad
1810 2260 1980 2306 Custodiam
2000 2263 2150 2301 Hiberniae
2168 2266 2317 2317 affignaw.

1287 2340 1375 2397 RE
1386 2340 1427 2387 X⁷
1441 2344 1592 2387 omnibuS,
1611 2346 1645 2377 ad
1661 2355 1749 2387 quos,
1767 2347 1828 2379 &c-
1844 2346 1979 2380 Salutem.
2363 2371 2392 2403 A
2455 2372 2489 2404 D

1380 2381 1478 2412 Sciatis
1491 2383 1571 2421 quod
1585 2384 1672 2423 Nos,
2388 2381 2463 2442 xnf'g
2489 2398 2499 2411 ⁹

1324 2417 1375 2449 De
1393 2419 1522 2452 fidelitate
1540 2424 1659 2459 probata
1681 2424 1714 2455 ὃς
1733 2425 1991 2463 circumspeffione
2008 2429 2128 2466 provida
2142 2454 2152 2468 ‚
2171 2430 2345 2464 Venerabilis
2366 2421 2473 2478 An³32⁴

1287 2451 1393 2496 Patris,
1413 2458 1559 2497 Thomae,
1578 2462 1793 2493 Herefordenfis
1807 2463 1958 2503 Episcopi,
1976 2466 2097 2504 plenarie
2112 2468 2288 2502 confidentes
2412 2471 2417 2477 ’
2434 2461 2443 2479 ¹
2469 2472 2478 2479 ⁹

1323 2495 1530 2529 Constituimus
1548 2501 1637 2539 ipsum
1657 2500 1819 2532 Custodem
1839 2502 1939 2533 Terrae
1952 2505 2056 2535 nostrae
2074 2506 2238 2547 Hiberniae,
2257 2495 2304 2541 ad'
2365 2492 2392 2516 E.
2415 2497 2443 2525 3·

1285 2535 1419 2565 ciendum
1437 2538 1533 2567 omnia
1555 2540 1588 2569 &
1611 2539 1715 2578 singula
1729 2562 1739 2577 ,
1757 2550 1822 2578 quae
1842 2541 1877 2571 ad
1889 2541 1991 2573 salvam
2006 2545 2039 2574 ὃς
2053 2545 2160 2576 bonam
2174 2510 2346 2579 Custodiafg
2365 2531 2426 2555 Pat.
2439 2537 2481 2555 η’

1285 2573 1409 2616 ejusdem
1423 2574 1538 2614 Terrae,
1556 2579 1589 2608 ὃς
1604 2577 1857 2610 conservationem
1872 2579 1950 2611 Pacis
1965 2581 2070 2612 nostrae
2085 2584 2208 2623 ibidem,
2222 2597 2255 2617 ac
2268 2587 2346 2617 Offi-
2365 2569 2394 2632 'En
2406 2574 2418 2601 3
2426 2572 2462 2603 'p'
2472 2577 2499 2593 χ’

1285 2621 1363 2642 cium
1374 2612 1542 2651 Justiciariae
1554 2616 1653 2645 Terrae
1665 2616 1752 2654 illius,
1769 2619 1909 2654 pertinent
1962 2621 1996 2650 ὃ(
2012 2621 2154 2653 honorem
2168 2624 2296 2655 nostrum
2312 2628 2346 2657 &
2395 2623 2402 2631 ⁰
2419 2613 2464 2641 34'

1287 2651 1573 2695 commodum·inibi
1595 2664 1775 2687 concernunt
1789 2678 1799 2694 ,
1824 2643 1960 2694 quamd'iu
1982 2659 2086 2691 nostrae
2096 2662 2231 2699 placuerit
2245 2663 2349 2703 volun-¹

1287 2697 1513 2773 tanPercipiendo
1535 2741 1584 2775 per
1603 2722 1722 2776 Annum
1736 2757 1746 2770 ,
1771 2732 1805 2763 ad
1825 2733 2005 2779 Scaccarium
2029 2736 2158 2768 nostrum
2181 2738 2349 2781 Dubliniae,

1286 2768 1421 2806 quamdiu
1437 2768 1608 2800 Custodiam
1622 2771 1786 2807 praedffiam
1801 2772 1838 2802 fic
1853 2773 1995 2812 habuerit,
2015 2774 2196 2813 Qingentas
2210 2777 2327 2818 Libras,

1324 2804 1384 2836 Pro
1398 2808 1500 2844 quibus
1516 2808 1638 2839 Terram
1651 2809 1815 2847 praedictam
1831 2810 1869 2841 fic
1883 2811 2022 2842 custodiet
2038 2836 2047 2851 ,
2064 2815 2097 2845 ὅ(
2112 2816 2163 2845 erit
2178 2816 2233 2853 ipse
2247 2819 2347 2848 vicefi—

1286 2854 1350 2875 mus
1365 2844 1400 2874 de
1414 2846 1591 2877 Hominibus
1606 2847 1640 2876 ad
1655 2848 1760 2886 Arma,
1781 2858 1850 2878 cum
1867 2857 1910 2880 tot
1925 2849 2013 2889 Equis
2028 2854 2190 2893 coopertis,
2208 2856 2345 2888 continue

1286 2883 1357 2913 diirn
1373 2882 1542 2914 Custodiam
1557 2884 1686 2916 habuerit
1699 2885 1895 2924 supradictam.
2133 2912 2139 2913 γ

1323 2921 1359 2952 In
1369 2923 1462 2960 cujus,
1479 2923 1541 2954 &c.

1324 2997 1414 3030 Teste
1429 2999 1513 3039 Rege
1525 2999 1599 3038 apud
1614 2999 1734 3032 Turrim
1745 3001 1884 3034 London.
1901 3003 2017 3037 decimo
2032 3007 2133 3046 quinto
2145 3005 2190 3038 die
2205 3006 2289 3040 Maiia

2038 3085 2093 3113 Per
2104 3083 2185 3123 ipfizm
2199 3086 2307 3123 Regem.

1284 3152 1402 3215 *ET
1418 3153 1581 3186 mandatum
1595 3155 1764 3195 estJohanni
1776 3157 1812 3188 de
1825 3157 1999 3196 Cherleton,
2017 3158 2271 3199 nuperJusticiario
2279 3161 2342 3194 Re-
2365 3175 2382 3195 ο
2400 3179 2424 3206 v
2449 3180 2497 3213 442

1387 3194 1429 3230 gis
1443 3193 1609 3233 Hiberniae,
1627 3195 1673 3227 vel
1688 3196 1744 3233 ejus
1760 3196 1876 3227 Locum
1892 3199 2012 3236 tenenti,
2428 3199 2435 3206 '
2494 3212 2497 3215 ’

1323 3230 1418 3269 Qiod
1431 3232 1525 3262 eidem
1539 3232 1683 3273 Episcopo
1695 3234 1817 3264 Terram
1832 3235 1920 3265 Regis
1936 3236 2118 3276 praedid’tam,
2136 3247 2251 3269 necnon
2265 3239 2343 3271 Offi-

1286 3269 1363 3300 cium
1379 3268 1525 3301 Custodiae
1539 3272 1697 3310 praedietae,
1716 3274 1771 3303 una
1784 3283 1852 3316 cum
1865 3259 1985 3315 Castris,
2005 3274 2156 3314 Maneriis,
2175 3277 2289 3316 Terris,
2309 3279 2344 3309 δε

1287 3308 1475 3341 Tenementis
1491 3309 1596 3348 Regu,
1614 3312 1643 3340 in
1660 3311 1751 3341 Terra
1764 3311 1914 3349 praedicta,
1934 3313 2014 3342 1imul
2029 3323 2098 3343 cum
2114 3314 2343 3356 Munitionibus,

1285 3345 1431 3387 Instauro,
1447 3349 1480 3378 &
1494 3348 1550 3378 aliis
1564 3350 1647 3379 rebus
1662 3349 1749 3388 Regis
1762 3350 1881 3387 ibidem,
1897 3359 1931 3379 ac
1945 3352 2078 3382 omnibus
2092 3353 2125 3383 &
2139 3353 2340 3391 finguli82Cu-

1286 3385 1407 3416 stodiam
1428 3387 1504 3416 illam
1523 3388 1702 3424 tangentibus
1718 3412 1727 3425 ,
1743 3398 1807 3425 quae
1822 3388 1882 3418 sunt
1895 3389 1924 3417 in
1938 3387 2079 3420 Custodia
2092 3391 2152 3429 sui,
2170 3393 2269 3422 liberet
2285 3403 2338 3423 cu-

1285 3423 1431 3454 stodienda
1450 3426 1479 3455 in
1498 3425 1593 3455 forma
1614 3425 1748 3462 praedic'ta
1764 3448 1774 3462 ,
1799 3426 1834 3456 δε
1855 3426 1934 3463 quod
1956 3427 2033 3458 idem
2049 3427 2196 3467 johannes
2209 3430 2245 3460 de
2260 3431 2340 3463 disto

1285 3461 1398 3494 Officio
1407 3462 1575 3502 justiciariae
1588 3464 1703 3494 ulterius
1716 3473 1776 3497 non
1790 3465 1969 3497 intromittat.

1322 3538 1412 3570 Teste
1424 3548 1455 3571 ut
1472 3538 1560 3578 supra.

1967 3620 2021 3649 Per
2033 3617 2116 3658 ipfitm
2129 3620 2235 3659 Regem.

1286 3693 1380 3754 ET
1407 3692 1571 3724 mandatum
1584 3693 1625 3725 est
1638 3693 1881 3732 Archiepiscopis‚
1899 3693 2046 3734 Episcopis
2055 3721 2064 3734 ,
2073 3696 2338 3737 Abbatibus,Prio-

1363 3733 1439 3762 ribus
1452 3756 1461 3770 ‚
1486 3731 1650 3763 Comitibus
1662 3755 1671 3771 ,
1696 3733 1849 3763 Baronibus
1862 3755 1871 3770 ,
1901 3735 2057 3772 sli'ilitibus,
2077 3735 2189 3766 Liberis
2201 3737 2340 3771 Homini-

1285 3771 1354 3809 bus,
1372 3771 1405 3802 &
1418 3771 1552 3801 omnibus
1568 3771 1640 3809 aliis,
1658 3771 1693 3800 de
1709 3772 1801 3801 Terra
1813 3771 1899 3810 Regis
1913 3772 2076 3812 Hiberniae,

1324 3808 1417 3846 Quod
1436 3808 1530 3839 eidem
1548 3808 1691 3847 Episcopo
1706 3831 1715 3847 ,
1732 3819 1866 3847 tanquam
1882 3809 2003 3840 Custodi
2018 3811 2120 3842 Terrae
2130 3813 2290 3855 praedizstae,
2304 3818 2337 3848 in

1285 3847 1419 3878 omnibus
1434 3870 1443 3885 ,
1469 3856 1532 3884 quae
1553 3849 1588 3877 ad
1608 3846 1777 3878 Custodiam
1798 3847 1956 3885 hujusmcli
1975 3851 2132 3889 pertinent,
2155 3851 2338 3886 intendentes

1284 3886 1337 3917 fint
1350 3886 1383 3915 &
1398 3885 1629 3925 Respondentes,
1646 3886 1717 3918 ficut
1730 3886 1901 3925 praedictum
1916 3886 1965 3918 est.

1322 3924 1357 3955 In
1370 3924 1448 3961 cujus
1457 3947 1467 3961 ,
1485 3924 1544 3954 &e

1323 3999 1412 4033 Teste
1423 4007 1453 4032 ut
1466 3999 1552 4038 supra.

1974 4065 2028 4096 Per
2040 4063 2122 4105 ipficm
2134 4067 2238 4105 Regem.

1796 4098 1863 4131 C2
2279 4101 2345 4140 ET
