2562 4279
188 185 241 224 816

39 268 115 300 Arm.
127 267 169 299 D.
187 269 286 313 tentis,
306 264 382 306 ipsis,

64 316 95 346 13
109 318 148 345 lo.
188 317 251 339 Vlce
261 329 270 343 2
378 340 383 345 ,
670 334 674 338 .
789 332 794 336 .
812 332 816 336 .
1025 330 1028 333 .
1190 326 1195 331 .

36 348 103 376 lidv.
126 356 152 383 3.
226 345 293 374 lilos
316 341 465 370 nob1scum
488 335 600 368 transire
621 334 741 364 fecimus
754 355 764 370 ,
787 340 885 361 itinere
898 329 989 361 versus
1003 328 1109 359 didiam
1124 326 1245 357 Curiam

188 378 389 421 praetermiff03
533 414 537 418 Ι
582 412 587 417 .
719 410 724 414 ¹
822 406 846 414 Α
979 406 984 412 .
1008 406 1032 413 Η

227 418 427 458 Qamobrem
444 413 589 445 Sanctitati
602 409 702 441 vestrae
718 407 863 438 instantius
875 408 907 437 δε
925 415 1133 443 votiViuS,qu0
1148 402 1244 442 possu-

188 469 250 489 mus
284 455 466 494 supplicamus
489 452 616 489 quatinus
629 471 638 487 ,
657 448 802 477 dictorum
818 444 1002 476 Clericorum
1017 443 1181 473 nostrorum
1197 441 1246 471 In-

127 522 129 524 .
188 481 349 527 nocentiam
370 492 502 522 habentes
527 489 557 521 (si
578 486 680 525 placet)
705 485 785 522 fiiper
799 482 945 522 praemiffis
961 480 1174 512 misericorditer
1190 479 1245 523 Eii-

189 534 309 565 cusatam
325 555 334 569 ,
358 530 393 560 ab
415 529 497 560 omni
512 526 646 557 Processu
668 532 767 554 contra
779 533 827 553 eos
844 521 1004 560 (occasione
1017 518 1170 563 nonCom
1192 528 1245 548 ari-

190 573 273 603 tionis
287 571 341 600 sure
354 578 451 599 coram
466 567 548 596 vobis
562 562 705 598 faciendo)
720 561 884 598 supersederi
901 560 1000 598 jubere
1019 558 1106 589 velitis
1119 567 1153 587 ex
1172 597 1177 601 ⁹
1197 566 1246 586 au-

189 609 223 641 sis
244 609 351 647 praeviis
366 630 376 645 ,
400 614 430 637 ut
450 605 490 635 est
499 603 623 642 justum,
642 603 678 630 ne
693 599 784 638 (quod
799 599 879 636 abfit)
916 605 1032 641 raetcxtu
1051 595 1178 641 Mandati
1192 605 1246 638 no-

189 648 256 686 stri,
273 647 308 677 de
330 643 490 681 morando,
507 643 557 672 sub
579 638 749 671 confidentia
767 637 869 669 vestrae
917 634 1088 673 eatltudinls,
1106 645 1144 665 eis
1157 633 1247 671 faeti,

187 694 338 724 graventur
353 684 398 713 vel
411 681 563 720 aliqualiter
577 679 766 710 involvantur.

226 723 397 760 Conservet,
413 722 473 751 ἃς.
815 754 821 759 .
1130 750 1136 756 ι

265 761 332 792 Dat.
349 758 423 798 apud
437 758 481 789 W
483 755 745 792 estmonasterium,
759 753 875 785 decimo
892 753 998 783 oti’tavo
1012 750 1159 781 Odiobris.

404 261 625 293 consideratione
643 256 733 287 nostri
749 280 758 294 ,
776 253 903 293 ignoscet
917 252 1009 284 vestra
1023 251 1180 291 Benignitas
1195 246 1246 280 ista

284 885 333 917 De
347 880 477 915 ducendo
499 883 641 913 Comitem
662 876 698 909 de
714 874 852 918 Adurresf
863 874 953 919 usc'Jue
969 870 1150 923 Uj'ndesbre.

38 970 114 1001 Ann.
129 969 171 1000 D.

60 1018 145 1048 1340.

37 1051 90 1076 Λα.
111 1058 151 1083 ¹4·

194 967 323 1026 REX
359 967 479 999 Dileffls
498 967 531 997 &
553 963 695 995 Fidelibus
716 960 768 991 suis
781 983 790 999 ,
816 958 947 990 Henrico
963 956 1000 988 de
1014 956 1119 997 Percy,
1136 958 1170 988 &
1187 955 1250 987 Ra-

331 992 340 1007 >

270 1007 378 1045 dulpho
393 1006 429 1036 de
443 1004 558 1042 Nevill,
577 1003 720 1044 Salutem,

229 1046 307 1085 Qia
320 1069 329 1084 ,
352 1046 392 1076 ob
411 1053 497 1074 cerm
518 1042 607 1073 causas
621 1064 631 1079 ,
648 1040 664 1069 s
678 1038 800 1069 ecialiter
814 1046 866 1066 nos
884 1044 1049 1073 moventes,
1067 1034 1200 1065 volumus
1213 1033 1247 1064 &

191 1084 382 1115 ordinavimus
404 1083 479 1120 quod
491 1080 633 1119 Johannes
674 1087 754 1108 omes
773 1075 809 1105 de
826 1074 942 1106 Murref
951 1097 961 1112 ,
979 1083 1068 1111 nuper
1082 1073 1119 1103 de
1134 1071 1249 1103 Guerra

192 1123 297 1161 Captus
313 1145 322 1161 ,
347 1123 380 1153 &
403 1123 432 1150 iii
454 1118 570 1150 Prisonfi
591 1117 662 1148 infra
681 1116 819 1154 Regnum
839 1113 969 1156 nostrum
986 1112 1143 1155 DetentuS,
1160 1111 1248 1157 iisque

191 1160 324 1192 Castrum
344 1159 475 1190 nostrum
490 1159 526 1188 de
542 1155 721 1195 Wyndesore
736 1177 746 1193 ,
772 1162 839 1183 curn
860 1161 940 1181 omni
962 1150 1103 1181 celeritate
1117 1160 1173 1187 qua
1187 1149 1246 1194 fieri

189 1202 291 1238 poterit
305 1223 314 1238 ,
338 1199 474 1236 ducatur,
492 1199 522 1227 in
537 1197 640 1227 eodem
653 1193 737 1237 *salvo
752 1189 969 1228 custodiendus,
988 1189 1134 1227 quousque
1146 1188 1182 1218 de
1195 1188 1247 1218 Li-

186 1240 329 1270 beratione
343 1236 389 1267 sua
402 1237 480 1267 aliter
495 1236 577 1266 fuerit
596 1233 773 1274 ordinatum,
981 1268 988 1274 Κ
1097 1266 1101 1271 ·
1205 1266 1210 1271 .

225 1277 315 1307 Vobis
337 1274 502 1305 mandamus
515 1298 525 1311 ,
549 1271 699 1304 distriffii'is
718 1275 890 1307 injungentes
903 1288 912 1304 ,
938 1265 1018 1309 quod
1042 1265 1136 1295 statim
1159 1305 1163 1309 ι
1183 1265 1246 1296 visis

185 1315 365 1354 praesenribus
381 1338 391 1351 ,
409 1313 523 1350 Corpus
542 1311 649 1351 praefati
670 1308 811 1344 Comitis,
831 1306 888 1349 sive
903 1305 983 1335 fuerit
997 1314 1026 1333 in
1041 1290 1181 1350 Custodi}
1192 1314 1246 1347 ye-

186 1352 260 1392 stra,
280 1354 335 1384 sive
348 1354 376 1382 in
391 1350 531 1382 Custodia
545 1349 746 1387 cujuscumque
764 1345 890 1388 alteriu5‚
907 1352 923 1372 a
935 1341 1076 1372 Custodia
1088 1365 1098 1381 ,
1118 1352 1175 1380 qua
1186 1350 1244 1381 Jam

187 1392 326 1423 detinetur
339 1414 349 1429 ,
371 1391 482 1428 recipi,
507 1390 540 1420 δε
561 1387 649 1425 ipsum
667 1386 752 1423 usque
773 1382 883 1426 disium
909 1380 1043 1425 Castrum
1066 1380 1193 1411 nostrum
1208 1380 1245 1412 de

185 1430 365 1469 Wyndesore
386 1439 433 1466 per
455 1428 516 1458 illos
529 1450 538 1463 ,
564 1427 593 1455 in
607 1424 707 1462 quibus
722 1421 872 1461 specialiter
888 1419 1046 1457 confiditis,
1065 1419 1141 1449 salvo
1154 1420 1188 1451 &
1202 1419 1244 1450 se-

186 1471 273 1507 cure,
290 1467 453 1506 Sumptibus
465 1465 583 1502 nostris,
601 1463 666 1494 duci
678 1462 781 1493 faciatis
802 1484 812 1499 ,
830 1457 1049 1489 Constabulario
1065 1456 1159 1488 Castri
1173 1468 1245 1496 prae-

187 1508 257 1538 dieti
271 1505 442 1537 liberandus:

225 1545 263 1576 Et
287 1546 344 1575 hoc
357 1567 367 1582 ,
394 1543 462 1573 sicut
483 1541 552 1572 Nos
568 1564 577 1579 ,
602 1540 635 1571 &
650 1539 825 1576 Honorem,
841 1545 875 1567 ac
889 1534 1094 1567 Commodum
1109 1534 1244 1566 nostruin

189 1584 316 1622 diligitis,
335 1581 427 1613 modis
442 1581 576 1611 omnibus
590 1579 703 1609 faciatis.
951 1613 955 1618 Ι
1139 1613 1144 1618 .

226 1623 336 1653 Damus
351 1628 445 1651 autern
459 1617 608 1650 Universis
627 1618 660 1648 &
681 1615 791 1654 singulis
806 1637 815 1652 ,
833 1612 1005 1656 Custodiam
1020 1611 1158 1650 Corporis
1170 1622 1244 1650 prae-

185 1662 254 1692 dieti
269 1659 392 1691 Comitis
413 1658 599 1693 habentibus,
620 1664 719 1685 tenore
734 1653 928 1691 praesentium,
946 1662 975 1681 in
994 1651 1145 1689 mandatis,
1165 1651 1244 1689 quod

185 1700 276 1739 ipsum
298 1697 447 1729 Comitem
470 1696 551 1727 vobis
573 1694 692 1724 liberent
708 1717 717 1730 ,
735 1691 770 1722 ad
785 1691 896 1734 dietum
912 1689 1046 1720 Castrum
1061 1689 1097 1720 de
1111 1689 1243 1729 Wynde-

186 1740 248 1769 sore
263 1737 330 1768 duci
343 1734 502 1767 faciendum
518 1735 545 1763 iri
562 1731 654 1762 forma
669 1730 841 1767 supradieta,
878 1768 883 1772 .
900 1768 904 1772 ³
1052 1767 1056 1772 ¹
1081 1768 1086 1772 Ι

226 1777 270 1807 Ac
291 1776 375 1805 etiam
390 1772 537 1805 Universis
557 1772 590 1801 &
606 1770 718 1806 singulis
732 1767 975 1804 Vicecomitibus,
990 1765 1101 1796 Ballivis
1136 1767 1170 1797 &
1185 1767 1242 1797 aliis

188 1814 327 1846 Ministris
342 1812 459 1850 nostris,
474 1812 532 1841 tam
548 1809 617 1839 infra
634 1808 804 1844 Libertates,
823 1806 909 1843 quam
923 1814 1015 1843 extra,
1033 1807 1094 1842 qu'o
1127 1805 1241 1843 illis,ad

188 1854 278 1892 ipsum
302 1851 449 1881 Comitem
469 1849 554 1886 usque
574 1846 607 1877 ad
630 1846 707 1876 idern
731 1844 865 1875 Castrum
887 1843 922 1873 de
935 1842 1116 1881 Wyndesore
1131 1843 1240 1874 ducen—

188 1893 257 1922 dum
281 1889 466 1920 Condustum
482 1911 491 1926 ‚
514 1886 642 1916 videlicet
656 1907 665 1923 ,
684 1884 801 1923 quilibet
816 1892 916 1912 eorum
930 1891 979 1919 per
991 1880 1126 1925 Ballivam
1139 1883 1172 1913 &
1187 1881 1243 1912 Di-

187 1930 297 1961 striCtus
308 1928 386 1965 suos,
405 1927 508 1957 habere
529 1925 628 1955 faciant
640 1947 649 1961 ,
669 1923 797 1960 quotiens
812 1922 844 1952 &
861 1920 974 1958 quando
990 1929 1039 1957 per
1053 1920 1125 1958 ipsos
1140 1920 1242 1961 Depu-

186 1978 272 2005 tatOS,
287 1967 332 1997 vel
346 1975 448 1996 eorum
462 1965 583 2001 aliquem
594 1987 603 1999 ,
621 1970 655 1991 ex
673 1969 749 1999 parte
761 1959 857 1990 nostra
869 1959 971 1989 fuerint
983 1960 1160 2002 przemuniti3

226 2005 425 2036 Mandavimus
440 2004 517 2034 enirn
533 2001 706 2032 Vicecomiti
720 1999 819 2030 nostro
831 1997 1071 2035 Northumbriae,
1090 1997 1170 2036 quod
1179 1997 1243 2029 Mi—

186 2046 224 2077 sas
237 2045 269 2075 δε
286 2043 329 2073 Ex
350 2043 424 2073 ensas

225 2083 301 2121 Qiae
320 2053 395 2121 jiixta
409 2065 618 2111 D'iscietionem
632 2077 760 2111 vestram
776 2100 786 2114 ,
810 2085 863 2114 pro
880 2074 1029 2116 Dud‘iione
1044 2073 1167 2118 ejusdem
1179 2073 1244 2105 Co-

186 2123 278 2160 mitis,
296 2122 328 2151 &
343 2119 548 2150 Sustentatione
562 2117 625 2156 sufi,
642 2126 675 2147 ac
691 2116 822 2147 Aliorum
835 2113 927 2152 ipsum
940 2115 978 2144 lic
993 2111 1158 2143 ducentium
1171 2137 1181 2152 ,
1199 2123 1242 2144 ra-

184 2160 352 2192 tionabiliter
367 2157 542 2197 apponenda:
556 2156 676 2194 fuerint,

224 2198 273 2230 De
286 2198 413 2228 Exitibus
427 2196 537 2227 Ballivae
551 2195 603 2225 suae
615 2195 720 2232 solvat,
929 2230 935 2235 ᾗ

222 2237 353 2267 Necnon
368 2235 544 2266 Vicecomiti
556 2233 654 2264 nostro
668 2232 814 2269 Eborum,
833 2229 913 2268 quod
928 2230 999 2268 ipse,
1018 2229 1038 2260 si
1054 2229 1145 2260 distus
1153 2229 1242 2261 Vice-

184 2285 283 2307 comes
299 2274 521 2305 Northumbriae
542 2282 601 2302 non
621 2271 721 2301 habeat
743 2269 818 2300 unde
833 2269 939 2299 solvere
953 2268 1039 2298 dictas
1053 2267 1192 2306 Expensas
1206 2269 1240 2299 ὃς

185 2314 288 2351 Misas,
307 2323 359 2350 pro
380 2312 527 2342 Duecione
549 2312 582 2342 &
597 2309 803 2340 Sustentatione
818 2307 975 2346 praedieiis,
994 2308 1116 2337 inveniat
1127 2307 1163 2337 de
1177 2306 1239 2337 Bal-

182 2354 248 2384 livae
261 2352 316 2382 suae
330 2351 474 2387 Exitibus,
492 2351 520 2379 in
532 2349 625 2379 forma
640 2347 779 2378 aiitediCta
794 2359 804 2384 ·,
820 2348 856 2377 ita
872 2345 951 2384 quud
961 2368 970 2383 ,
986 2355 1038 2383 pro
1051 2345 1163 2376 defesiu
1177 2355 1239 2376 non

182 2391 336 2422 Solutionis
357 2389 544 2427 Expensarum
566 2389 599 2418 ὃ(
613 2386 749 2416 Misarum
769 2385 893 2422 illarum,
912 2384 1019 2421 praefati
1032 2382 1157 2415 Comitis
1173 2383 1239 2414 Du-

184 2429 245 2460 etio
258 2428 292 2458 ad
306 2428 418 2458 dietum
431 2425 564 2455 Castrum
577 2425 731 2455 nullatenus
746 2422 900 2453 differatur.

222 2466 260 2497 Et
275 2475 326 2495 nos
339 2465 388 2495 sibi
402 2463 487 2502 inde,
506 2465 534 2493 in
544 2462 695 2500 Compoto
706 2462 769 2499 suo,
789 2461 912 2491 debitam
926 2458 1135 2491 Allocationem
1150 2460 1237 2492 habe-

183 2515 215 2536 re
221 2504 454 2573 ngiegnCiistode
468 2540 578 2580 Angliae
597 2537 671 2577 apud
686 2536 879 2581 NValyngford
896 2559 906 2575 ,
922 2536 1060 2568 vicefimo
1075 2538 1176 2576 quinto
1191 2537 1237 2569 die

183 2581 330 2613 Ostobris.

37 1109 93 1152 Par.
112 1106 153 1158 i4.

36 1166 175 1199 E.3.p.3.

36 1209 74 1227 m.
93 1210 134 1237 ¹4·

684 2617 738 2644 Per
752 2617 843 2644 Breve
856 2613 887 2643 de
900 2616 1020 2644 Privato
1033 2613 1132 2652 sigillo.

35 2760 52 2779 ὕ
63 2764 167 2798 V.214.
386 2740 412 2766 ²*
438 2744 486 2776 De
503 2737 662 2786 recipiendo
681 2740 825 2771 Comitem
846 2735 881 2769 de
897 2736 1039 2780 Murref.

36 2835 113 2866 Ann.
126 2836 166 2866 D.

56 2884 142 2914 1340.

35 2918 87 2941 An.
107 2924 148 2950 ¹4-

188 2831 244 2885 Κ
254 2827 318 2859 EX
346 2825 563 2858 Constabulario
580 2823 672 2854 Castri
684 2823 722 2854 sui
737 2821 774 2853 de
786 2821 829 2852 W
832 2820 983 2860 yndesore‚
1003 2820 1136 2852 Salutem.

286 2866 363 2905 Qia
376 2889 386 2904 ,
410 2865 451 2896 ob
471 2873 557 2895 certas
577 2862 684 2899 causas,
701 2872 752 2892 nos
766 2869 929 2902 moventes,
947 2859 1141 2891 ordinavimus
1154 2861 1233 2899 quod

181 2903 326 2944 johannes-
338 2904 446 2935 Comes
461 2903 496 2933 de
511 2901 645 2938 Murres,
662 2899 721 2935 &c.
739 2906 770 2929 ut
778 2900 813 2938 fh
830 2910 863 2928 ra
878 2900 908 2937 us
925 2909 956 2927 ue
972 2898 1027 2928 haec
1041 2900 1147 2936 verba3
1168 2904 1231 2930 viz.

221 2943 312 2973 Vobis
330 2943 491 2972 mandamus
511 2939 591 2978 qubd
613 2938 726 2976 Corpus
748 2948 804 2976 prae
826 2938 873 2968 iffi
943 2938 1016 2967 mitis
1036 2938 1072 2967 ab
1093 2938 1143 2969 illis
1157 2961 1166 2976 ,
1184 2941 1233 2977 qui

186 2981 273 3017 ipsum
288 2981 322 3012 ad
334 2981 446 3012 disium
458 2978 590 3010 Castrum
606 2978 752 3014 duxerint,
776 2977 928 3014 recipiatis,
945 2976 979 3005 &
991 2975 1114 3007 eundem
1129 2976 1232 3007 Comi-

186 3029 244 3051 tem
259 3022 288 3050 in
303 3021 405 3050 eodem
425 3017 529 3048 Castro
547 3017 622 3047 salvo
637 3017 669 3047 &c
686 3016 780 3045 secure
796 3014 931 3046 custodiri
947 3014 1066 3052 faciatis,
1087 3015 1232 3054 quousque

184 3059 220 3088 de
239 3058 449 3089 Deliberatione
467 3055 514 3087 sua
533 3056 609 3086 aliter
631 3054 792 3085 duxerimus
813 3052 999 3084 ordinandum
1014 3077 1025 3092 ,
1050 3053 1118 3084 sicut
1131 3054 1233 3092 praedi-

181 3097 262 3165 <ghEat¹
276 3096 493 3172 gg'siimptibus
507 3155 516 3171 ,
543 3142 595 3170 pro
608 3131 813 3161 Sustentatione
832 3129 953 3168 ejusdem
969 3128 1108 3169 Comitis,
1128 3142 1160 3162 ac
1174 3131 1236 3162 iilo-

181 3183 246 3203 rum
262 3183 312 3210 per
327 3183 397 3210 quos
409 3172 442 3202 ad
458 3171 590 3202 Castrum
605 3169 671 3200 illud
686 3170 722 3199 sic
735 3169 836 3199 duetus
851 3169 948 3205 fuerit,
966 3178 1019 3205 pro
1032 3177 1161 3206 tempore
1175 3180 1235 3208 quo

180 3212 252 3249 ipsos
274 3213 302 3240 in
319 3211 451 3241 Adventu
473 3210 522 3240 suo
543 3218 626 3247 penes
648 3217 701 3240 vos
718 3208 822 3238 morari
844 3208 1010 3245 contigerit,
1025 3207 1236 3247 ordinabimus,

181 3252 215 3281 &
230 3259 278 3279 cos
292 3250 372 3280 vobis
386 3249 454 3279 solvi
466 3249 605 3278 faciemus.

181 3287 306 3357 OTege
323 3286 452 3319 Custode
466 3286 578 3324 Angli-a:
593 3284 667 3324 apud
680 3282 874 3324 Walyngford
887 3307 897 3321 ,
923 3282 1057 3314 vicesimo
1076 3286 1178 3323 quinto
1191 3284 1237 3316 die

215 3330 263 3357 ctu
285 3327 328 3356 ris.

34 2974 167 3025 Ciny-Cili.

35 3033 63 3056 E.
77 3036 168 3065 3-P-2·

34 3076 70 3095 m,
91 3076 136 3104 23.

672 3363 726 3391 Per
742 3363 834 3391 Breve
848 3360 878 3390 de
897 3362 1015 3390 Pri-vato
1029 3359 1128 3398 sigillo.

204 3512 252 3545 De
273 3513 383 3544 Comite
395 3509 542 3556 slepedislo
558 3532 566 3548 ,
593 3510 623 3539 in
646 3504 813 3549 Subsidium
834 3504 1064 3538 Deliberasionis
1089 3506 1212 3537 Comitis

561 3558 673 3588 Sarum
687 3582 696 3597 ‚
722 3553 851 3599 conceffo.

40 3636 116 3667 Ann.
130 3637 172 3668 D.

62 3685 137 3715 1340
188 3642 321 3702 REX
347 3644 510 3680 Omnibus,
526 3640 561 3671 ad
578 3651 666 3679 quos,
683 3640 745 3671 δίε.
763 3638 895 3669 Salutem.

41 3718 92 3742 An.
111 3724 153 3749 ¹4·
225 3680 527 3756 Curisicsalsssilcizgtoiii'&
548 3716 648 3747 Fidelis
669 3715 779 3752 noster,
795 3713 969 3744 Willielmus
985 3713 1021 3743 de
1036 3711 1145 3744 Monte
1159 3712 1237 3744 Acu-

43 3756 71 3779 Ε·
93 3763 118 3788 3·
255 3754 361 3786 Comes
376 3757 493 3794 Sarum,
510 3757 542 3786 δε
560 3754 738 3784 Marescallus
755 3753 882 3792 Angliae,

40 3793 101 3818 PM·
122 3798 165 3824 ¹4-
229 3777 332 3834 Nuper
347 3796 375 3822 in
391 3794 501 3824 Guerra
514 3793 628 3830 nostra,
646 3794 674 3822 in
691 3792 811 3830 partibus
822 3790 1025 3821 Transmarinis
1032 3789 1093 3834 5&
1106 3790 1135 3819 in
1144 3788 1237 3819 Obse-

37 3830 62 3854 Σ
83 3838 107 3864 3·
116 3834 140 3864 p·
151 3837 176 3865 3·
193 3838 260 3866 quio
274 3831 370 3859 nostro
385 3833 487 3862 ibidem
503 3854 512 3869 ‚
537 3840 633 3861 contra
646 3830 752 3861 Hostes
767 3829 876 3860 nostros
890 3829 926 3858 de
942 3828 1077 3866 Francia,
1092 3837 1145 3865 pro
1157 3837 1236 3857 recu-

41 3875 78 3893 m·
90 3875 133 3902 ¹4·
188 3868 332 3910 peratione
347 3869 379 3898 ὃς
392 3869 537 3900 salvatione
548 3869 658 3907 Jurium
673 3868 836 3898 nostrorum
849 3869 878 3897 in
892 3866 995 3897 eisdem
1011 3866 1150 3904 partibus,
1169 3875 1236 3905 pro-

187 3905 374 3981 grti'degniiilos
392 3943 498 3973 Hostes
509 3944 618 3976 nostros
631 3945 667 3975 de
681 3943 795 3975 Guerra
804 3951 904 3981 >captus
919 3942 1030 3981 fuisset,
1044 3942 1078 3973 ὅτ,
1091 3940 1235 3972 Carcerali

187 3980 336 4012 Custodi-»e
351 3979 542 4019 Mancipatus,

225 4019 456 4089 ANdosliludabilem
476 4057 508 4088 ὅς
525 4056 636 4088 fidelem
654 4057 779 4088 Gestum
792 4057 872 4096 ipfius
888 4056 1013 4088 Comitis
1024 4057 1058 4087 in
1070 4057 1123 4088 hac
1136 4063 1233 4096 parte⁰

190 3760 222 3783 (Ο

639 159 1441 213 CONVENTIONES,

1497 158 1880 211 LITERAE,

1284 254 1399 275 necnon
1413 244 1447 275 ad
1463 244 1652 275 intolerabiles
1667 244 1820 283 Sumptus,
1838 254 1910 282 quos
1924 243 1981 282 ipse
1993 243 2144 275 occasione
2159 243 2349 275 Deliberatio-
2365 239 2442 270 Ann-
2453 240 2498 271 D-

1286 284 1329 313 nis
1343 283 1398 314 suae
1411 284 1504 314 facere
1519 283 1679 321 oportebit,
1697 281 1963 313 Confiderationem
1979 283 2127 321 habentes,
2381 288 2469 318 1340-

1325 321 1515 360 volentesque
1530 322 1619 360 ipsum
1634 331 1670 351 eo
1684 330 1819 359 praetextu
1834 321 1978 358 gratiosius
1991 321 2120 359 prosequi
2140 321 2170 350 in
2186 320 2239 351 hac
2256 329 2350 359 parte,
2364 320 2428 346 Ehv.
2452 329 2477 355 3·
2522 347 2523 351 ,

1327 359 1377 390 De
1392 360 1510 391 Assensu
1522 360 1707 391 Praelatorum
1721 383 1731 398 ,
1758 359 1913 389 Comitum
1930 383 1940 397 ,
1959 358 2119 397 Barormm,
2136 359 2170 390 &
2181 359 2300 393 aliorum
2314 359 2351 390 de

1290 396 1427 429 Concilio
1443 398 1543 429 nostro
1551 422 1560 437 ,
1577 398 1768 429 concessimus
1783 398 1878 428 eidem
1888 397 1999 428 Comiti
2012 397 2128 435 Corpus
2139 397 2278 436 Johannis
2287 396 2351 428 Co-

1289 437 1364 478 mitis
1387 436 1423 466 de
1446 436 1564 467 Murref
1572 462 1582 476 ,
1598 447 1686 476 nuper
1700 437 1736 467 de
1752 436 1864 467 Guerrfi
1878 438 1968 475 capti,
1987 437 2020 467 &
2035 435 2069 466 ad
2083 436 2209 466 nostram
2224 435 2353 473 Dispoli-

1288 482 1398 504 tionem
1420 475 1450 504 in
1469 475 1604 506 omnibus
1624 475 1764 506 existentis
1778 500 1788 512 ,
1811 475 1844 505 ad
1867 474 2057 505 ordinandum
2073 474 2162 505 libere
2177 474 2213 505 de
2229 475 2353 513 eodem,

1288 521 1373 556 prout
1388 513 1488 543 melius
1501 514 1536 545 &
1555 514 1589 544 ad
1607 515 1693 552 majus
1714 513 1907 545 commodum
1922 513 2004 551 ipsius
2019 513 2145 544 Comitis
2160 513 2260 544 Sarum
2275 512 2353 543 vide-

1287 551 1363 581 bitur
1376 550 1523 588 expedire,
1543 553 1572 582 in
1591 552 1753 583 Subsidium
1769 552 1988 583 Deliberationis
2007 551 2132 590 ejusdem
2155 551 2281 583 Comitis
2302 551 2353 583 Sa-

1288 598 1351 619 rum
1365 598 1380 618 a
1396 588 1538 620 Custodia
1549 589 1721 627 supradicta:

1307 666 1312 670 Ι
1325 626 1361 657 N
1363 627 1469 657 olentes
1485 627 1566 665 quod
1579 629 1710 665 praefatus
1724 629 1835 660 Comes
1849 629 1949 660 Sarum
1958 653 1967 666 ,
1986 628 2031 659 seu
2045 627 2104 666 illi,
2120 629 2169 666 qui
2178 627 2351 659 Custodiam

1288 665 1410 703 ejusdem
1428 665 1552 696 Comitis
1565 666 1602 696 de
1615 665 1735 697 Murref
1744 668 1918 705 habuerunt,
1937 666 2089 705 postquam
2102 667 2180 698 idem
2195 667 2304 698 Comes
2315 667 2353 698 de

1288 703 1406 747 Murref
1422 704 1541 742 praefato
1557 703 1671 734 Comiti
1689 704 1790 736 Sarum
1810 706 1975 737 deliberatus
1996 706 2096 745 fuerit,
2112 706 2221 736 ratione
2234 705 2354 737 Delibe-

1288 751 1403 773 rationis
1426 742 1587 781 hujusmodi
1604 767 1614 780 ,
1638 743 1852 775 occasionentur
1867 769 1878 784 ,
1903 744 2087 776 molestentur
2103 767 2114 783 ,
2131 745 2161 774 in
2174 744 2288 784 aliquo,
2306 745 2352 776 seu

1287 789 1446 820 graventur.

1361 818 1395 849 In
1409 820 1504 857 cujus,
1523 819 1584 850 &c.
1720 840 1725 845 -

1289 857 1419 926 Οἷεὲὶς
1438 857 1570 888 Custode
1589 857 1704 896 Angliae
1723 857 1797 897 apud
1817 858 2007 899 Walyngford
2021 884 2031 900 ,
2052 860 2192 893 vicesimo
2212 860 2290 892 sexto
2302 860 2350 892 die

1322 906 1337 927 c
1351 907 1371 927 o
1393 906 1436 926 ris.

1782 937 1836 965 Per
1852 938 1945 966 Breve
1960 937 1992 966 de
2006 939 2124 968 Privato
2137 938 2236 977 Sigillo.

1311 1055 1370 1090 Ad
1396 1060 1512 1104 Papam
1531 1085 1541 1101 ,
1568 1069 1622 1105 pro
1647 1057 1871 1105 Disjiensiztione
1887 1084 1897 1100 ,
1915 1060 2006 1106 fitper
2026 1063 2229 1095 Matrimonio
2246 1066 2325 1096 inter

1395 1109 1633 1154 Primogcnitum
1651 1110 1739 1154 Regis
1756 1111 1793 1147 ὠ·
1814 1108 1928 1141 Filiam
1950 1111 2046 1142 Ducis
2064 1107 2240 1144 Brabantiae.

1287 1190 1453 1251 PAPAE
1481 1192 1560 1231 Rex,
1579 1194 1640 1238 ἃς.
2360 1195 2434 1226 Ann.
2446 1195 2489 1226 D.

1287 1230 1735 1313 refrffli‘ssoffssissffsssssi'cffiu}
1750 1231 2349 1310 ,⁴³Zssefilessss'nqsssssffl‘fkpssffissssiffsssissif
2356 1244 2472 1309 Λζῗῒῖί.

1286 1307 1430 1352 tudinibus
1451 1311 1667 1354 praeponimus,
1693 1311 1727 1342 &
1746 1309 1883 1354 desiderio
1907 1310 2103 1348 prosequimur
2125 1310 2258 1348 ampliori
2271 1335 2281 1349 ,
2335 1316 2390 1342 τε.
2412 1322 2436 1349 3.

1287 1356 1350 1384 quae
1365 1346 1493 1389 subje&is
1508 1348 1589 1378 nobis
1605 1348 1722 1387 Populis
1734 1347 1815 1379 Pacis
1830 1348 2017 1380 stabilimenta
2030 1349 2195 1387 perveniant
2209 1372 2221 1388 ,
2237 1349 2272 1381 ὃς
2314 1350 2350 1380 ir-
2360 1354 2430 1378 Rom.
2447 1360 2490 1386 ¹4·

1287 1388 1452 1422 cumpositae
1466 1386 1608 1418 Nationes
1623 1388 1708 1417 nobis
1721 1389 1861 1425 perpetuis
1874 1387 2016 1419 Amicitiis
2031 1388 2249 1427 conjungantur.
2358 1392 2390 1416 Ε.
2405 1399 2430 1426 3.
2446 1399 2482 1417 m.

1300 1462 1305 1468 .
1323 1423 1397 1454 San'e
1413 1448 1422 1461 ,
1447 1425 1526 1470 curn·
1538 1426 1611 1456 inter
1630 1425 1700 1456 Nos
1719 1427 1752 1458 &
1767 1425 1908 1457 Illustrem
1917 1426 2080 1466 Johannem
2094 1425 2214 1457 Ducem
2227 1426 2349 1458 Braban-
2360 1435 2388 1453 2·

1285 1461 1616 1533 ileci'ssgigrfiiingmusseum
1629 1464 1963 1534 moggumgarislgissiriium,
1978 1464 2006 1495 su
2028 1474 2058 1495 er
2071 1464 2264 1535 Matriismonio
2280 1488 2290 1504 ,
2306 1467 2351 1535 ig}

1284 1538 1454 1583 Praeclaram
1468 1514 1483 1533 u
1563 1513 1820 1573 ucerkrissianfngigtaie
1834 1513 1939 1574 Βικιῑιίἓ1
1948 1512 2145 1582 ἓιζὺὲἓῖπεῗ
2153 1514 2352 1574 cdfftilffie’ndo

1285 1577 1394 1608 habitus
1408 1579 1439 1609 fit
1454 1579 1623 1619 Tradimus,

1322 1616 1385 1661 Ac,
1403 1627 1456 1661 pro
1470 1628 1506 1662 eo
1520 1619 1602 1663 quod
1615 1619 1702 1664 dieti,
1718 1619 1805 1651 Filius
1824 1620 1858 1651 ὅς
1871 1619 1941 1650 Filia
1981 1619 2087 1652 Tertio
2101 1619 2203 1652 Gradu
2219 1619 2351 1651 Consan-

1282 1663 1423 1700 guimtatis
1438 1658 1457 1675 *
1472 1667 1598 1702 invicem
1613 1659 1640 1690 se
1649 1667 1768 1689 attinent
1783 1682 1793 1697 ,
1810 1668 1871 1689 non
1886 1642 2016 1698 posismt,
2035 1658 2090 1689 abs
2105 1669 2140 1704 ue
2155 1658 2348 1703 Dispensatio-
2359 1665 2380 1687 ²*
2390 1669 2443 1697 v,2
2450 1675 2494 1705 15,

1284 1703 1321 1724 ne
1323 1694 1415 1763 Ῐὲἷὲἶιε
1430 1695 1623 1736 Apostolicae,
1641 1706 1706 1736 quae
1719 1697 1757 1729 sic
1771 1697 1908 1729 Trastata
1919 1697 1998 1736 sunt,
2016 1697 2074 1729 effe
2107 1707 2135 1729 ui
2151 1707 2330 1738 mancipare,

1321 1756 1540 1816 Considerantec
1560 1774 1678 1818 qualiter
1692 1797 1702 1813 ,
1724 1775 1797 1818 inter
1810 1774 1923 1805 dictum
1935 1774 2054 1806 Ducem
2068 1774 2223 1807 Brabantiae
2238 1775 2272 1806 ὅ(
2285 1775 2350 1807 suos

1285 1808 1437 1848 SubditOS,
1456 1821 1506 1850 ac,
1523 1811 1656 1843 Diieeios
1672 1814 1706 1844 &
1718 1812 1828 1844 Fideles
1840 1812 1971 1851 nostros,
1989 1813 2135 1845 Homines
2147 1813 2184 1845 de
2198 1813 2347 1853 Fiandria,

1285 1847 1392 1893 Foedus
1412 1858 1581 1894 perpetuum
1604 1850 1645 1881 est
1664 1850 1834 1896 firmatum,
1855 1852 1890 1883 &
1910 1852 2018 1896 nedum
2032 1852 2180 1892 nostrum,
2197 1853 2232 1884 δε
2247 1852 2348 1891 Regni

1284 1886 1375 1931 nostri
1395 1887 1509 1927 Angliae
1523 1913 1533 1927 ,
1558 1889 1597 1920 set
1609 1888 1718 1920 Christi
1731 1889 1870 1920 Fidelium
1905 1891 2050 1929 praecipue
2065 1890 2284 1930 Mercamrum,
2297 1901 2351 1928 pu-

1283 1925 1395 1956 blicum
1410 1928 1528 1958 vertitur
1541 1928 1687 1966 interesse,
1705 1936 1737 1959 ut
1747 1929 1821 1972 inter
1836 1913 1972 1960 Subditos
1985 1928 2097 1960 nostros
2117 1939 2151 1961 ac
2165 1929 2350 1960 Brabantinos

1285 1964 1319 1994 &
1343 1964 1552 2006 Flemmyngos
1567 1965 1717 1998 Comunio
1738 1965 1855 2004 pacifica
1868 1968 1898 1998 vi
1917 1975 1961 1997 eat
1976 1967 2010 1998 ὅτ
2023 1966 2135 2006 secura,
2153 1978 2217 2006 quae
2229 1967 2346 2007 quidem

1286 2001 1438 2073 Comurpo
1459 2004 1576 2042 pacifica
1594 2014 1630 2050 ex
1648 2005 1726 2036 ἀίἃέ.
1748 2003 1863 2045 Copula
1878 1975 2004 2036 lxffmitaii
2018 2005 2129 2036 solidari
2143 2006 2236 2044 posset
2251 2005 2349 2036 multo

1285 2043 1612 2122 pegggrglliktlgtigizgsirrrziea?
1621 2067 1686 2122 {Juae
1697 2082 1852 2127 secundum
1867 2082 2022 2126 Qalitates
2029 2081 2217 2127 Personarum
2226 2105 2236 2121 ,
2249 2081 2351 2113 Loco-

1284 2128 1368 2164 rum,
1386 2121 1420 2151 &
1441 2121 1632 2166 Temporum·
1643 2144 1653 2160 ‚
1670 2122 1791 2160 prOVide
1805 2121 1939 2160 dispensat
1952 2120 2076 2152 Munera
2091 2120 2255 2152 Gratiarum
2265 2144 2275 2159 ,
2289 2131 2347 2152 vo-

1285 2166 1353 2203 tivis
1372 2159 1523 2190 affefflbus
1545 2160 1732 2199 supplicamus
1748 2185 1757 2199 ,
1782 2161 1912 2198 quatinus
1953 2169 1988 2190 ex
2001 2160 2086 2191 causis
2101 2159 2264 2198 praemiffis,
2282 2168 2354 2190 cum

1285 2196 1366 2228 dietis
1384 2198 1459 2228 Filio
1473 2199 1507 2230 &
1522 2198 1592 2229 Filia
1605 2223 1614 2238 ,
1629 2208 1675 2238 ut,
1694 2199 1901 2239 impedimento
1915 2185 2174 2239 Consanguinitatis
2187 2197 2350 2237 hujusmodi

1284 2245 1345 2280 nori
1365 2236 1498 2268 obstante
1511 2260 1521 2274 ‚
1545 2237 1624 2268 licite
1637 2237 1741 2278 poffint
1753 2238 1914 2268 adinvicem
1928 2236 2152 2268 Matrimonium
2168 2237 2352 2276 contrahere,

1284 2273 1441 2313 dignemini
1460 2286 1528 2307 curn
1554 2276 1616 2314 ipfis
1628 2300 1638 2315 ,
1651 2278 1732 2316 juxta
1747 2277 1872 2307 formam
1886 2275 2118 2315 Supplicationis,
2135 2276 2215 2314 super
2227 2275 2287 2307 hoc
2299 2285 2351 2306 ve-

1283 2312 1348 2357 strae
1363 2313 1530 2359 Beatitudini
1544 2315 1741 2355 porrigendae,
1757 2315 1793 2346 de
1807 2315 1985 2353 Benignitate
1999 2314 2078 2346 Sedis
2090 2314 2269 2354 Apostolicae
2291 2315 2349 2350 mi:

1281 2351 1456 2383 sericorditer
1468 2353 1631 2391 dispensare.
1715 2355 1727 2371 ’

1319 2389 1494 2430 Conservet,
1513 2392 1574 2423 &c.

1355 2429 1423 2461 Dat.
1443 2429 1517 2469 apud
1532 2429 1841 2470 Westmonasterium,
1858 2431 2004 2464 tricefimo
2015 2431 2061 2462 die
2074 2429 2225 2463 Octobris.

1345 2561 1406 2591 Pro
1433 2561 1522 2593 Petro
1555 2561 1664 2606 (nuper
1685 2559 1796 2592 Sana-e
1824 2558 1983 2602 praxedis,
2001 2555 2186 2605 Presbytero)
2212 2568 2292 2590 nunc

1645 2608 1784 2654 Epistopo
1801 2604 1960 2649 Sabinetfi.

1347 2690 1412 2721 EX
1438 2692 1590 2730 omnibus,
1608 2693 1668 2723 &c.
1688 2691 1822 2722 Salutem.
2355 2693 2433 2725 Anu,
2445 2696 2490 2727 Ιχ

1377 2729 1561 2761 Attendentes
1581 2739 1721 2769 magnum
1749 2731 1848 2759 locum
1863 2751 1873 2766 ,
1898 2738 1985 2767 quern
2006 2753 2017 2766 ,
2041 2728 2214 2760 Venerabilis
2234 2727 2317 2759 Pater
2330 2753 2341 2768 ,
2377 2742 2464 2773 1340,

1276 2769 1376 2799 Petrus
1389 2767 1545 2807 Episcopus
1565 2769 1737 2806 Sabinensis,
1758 2767 1871 2798 Sanetae
1886 2767 2031 2798 Romanae
2050 2766 2186 2798 Ecclesiae
2201 2765 2340 2799 Cardina-
2352 2775 2405 2801 An.
2426 2783 2469 2811 14.

1276 2808 1307 2838 lis
1343 2807 1427 2837 nobis
1440 2808 1468 2837 in
1483 2807 1584 2838 nostris
1597 2806 1710 2846 agendis
1723 2807 1811 2836 tenuit
1826 2816 1841 2836 a
1850 2805 1978 2844 jamdiu,
2305 2825 2308 2827 -
2354 2814 2384 2838 Ε.
2409 2820 2436 2848 3.

1312 2831 1382 2876 Nec
1397 2855 1457 2875 non
1469 2845 1695 2877 Benivolentiam
1709 2846 1874 2875 continuam
1883 2868 1893 2884 ,
1911 2854 1997 2883 quam
2015 2844 2072 2883 ipse
2091 2854 2177 2883 penes
2191 2843 2261 2875 Nos
2274 2854 2339 2883 ges·
2353 2851 2412 2877 Pat.
2426 2848 2462 2882 &-

1275 2885 1325 2923 sit,
1340 2885 1374 2916 ὅ(
1393 2885 1465 2922 gerit
1482 2885 1585 2924 jugiter
1599 2908 1609 2923 ,
1628 2884 1679 2914 hiis
1690 2883 1807 2922 diebus,
1824 2883 1859 2914 ad
1874 2893 1924 2922 m,
1941 2893 2006 2922 quae
2018 2882 2132 2914 nostros
2146 2883 2284 2914 Honores
2299 2884 2334 2916 δε
2350 2889 2426 2915 Cart.
2433 2890 2461 2915 in

1275 2922 1445 2954 Commoda
1458 2930 1654 2961 concernunt,
1671 2922 1834 2953 exhibendo
1849 2932 1903 2959 pro
1917 2923 2022 2953 viribus
2033 2922 2060 2952 se
2074 2930 2214 2961 paratum,
2351 2926 2467 2961 partibus

1310 2962 1355 2992 Ac
1371 2961 1515 3001 volentes,
1533 2971 1569 2992 eo
1582 2969 1737 3000 praetexm,
1753 2961 1835 2998 ipsius
1851 2960 2004 2999 Precibus,
2021 2961 2105 2991 nobis
2118 2960 2237 2999 oblatis,
2253 2960 2336 2992 favo-
2347 2963 2477 3001 transma-

1275 3001 1396 3031 rabiliter
1411 3000 1563 3039 inclinare,
2220 3029 2223 3031 Α
2351 3003 2412 3029 rinis
2433 3012 2477 3038 ¹4-

1314 3038 1515 3070 Conceffimus
1530 3062 1540 3077 ‚
1562 3039 1597 3070 ὃς
1616 3038 1778 3069 Licentiam
1794 3037 1936 3070 Dedimus
1955 3047 2009 3075 pro
2022 3036 2138 3074 Nobis,
2157 3036 2191 3067 &
2203 3035 2338 3068 Haeredi-
2352 3044 2421 3076 1:13.

1275 3078 1326 3109 bus
1342 3077 1460 3117 nostris,
1479 3077 1559 3116 quod
1573 3077 1649 3108 idem
1663 3077 1821 3115 Episcopus
1837 3076 1901 3106 'vel
1917 3076 2059 3107 Attomati
2074 3074 2114 3105 sui
2130 3077 2160 3106 in
2174 3075 2227 3105 hac
2240 3084 2336 3120 parte,
2349 3087 2387 3107 m.
2403 3088 2430 3106 2.

1275 3117 1386 3156 singulis
1408 3118 1498 3147 Annis
1539 3116 1688 3156 Sexaginta
1700 3116 1805 3146 Saccos
1846 3125 1923 3153 anae,
1940 3124 1994 3152 pro
2008 3112 2136 3144 Vesturis
2152 3113 2336 3145 Familiarum

1276 3155 1391 3186 suorum
1411 3140 1545 3186 faciendis
1559 3179 1570 3193 ,
1593 3154 1664 3185 infra
1685 3154 1733 3185 Re
1757 3163 1829 3197 nuni
1845 3152 1975 3183 nostrum
1997 3151 2109 3196 Angliae
2125 3176 2134 3191 ,
2158 3153 2188 3182 in
2202 3153 2274 3184 locis
2282 3153 2336 3196 ubi

1276 3193 1406 3231 expedire
1419 3193 1557 3232 viderint,
1577 3192 1683 3224 Emere
1694 3194 1728 3224 δε
1767 3190 1897 3222 rovidere
1909 3213 1920 3229 ,
1942 3192 1975 3222 &
1989 3190 2047 3222 Eos
2062 3201 2092 3220 in
2107 3190 2249 3222 Portubus
2263 3200 2335 3230 ejus-

1276 3232 1342 3262 dem
1358 3232 1471 3271 Regni,
1489 3242 1562 3270 quos
1575 3231 1611 3261 eli
1631 3230 1721 3261 endos
1740 3229 1886 3266 duxerint,
1905 3238 2033 3266 carcare,
2051 3230 2085 3260 ὃ(
2099 3230 2134 3259 ad
2147 3237 2238 3267 partes
2258 3239 2335 3260 eitte-

1277 3281 1318 3301 ras
1341 3271 1444 3301 ducere
1464 3269 1584 3308 possint,
1601 3279 1616 3298 a
1639 3269 1704 3307 sque
1718 3266 1860 3298 Custuma
1873 3267 1919 3298 seu
1933 3268 2080 3308 Subfidio,
2099 3268 2185 3299 nobis
2199 3267 2268 3298 inde
2281 3268 2336 3299 sol·

1276 3309 1393 3376 vendis,
1411 3308 1446 3352 ad
1460 3317 1552 3377 totzgcn
1565 3309 1653 3338 vitam
1668 3306 1750 3346 ipsius
1763 3305 1928 3337 Cardinalis.

1366 3357 1384 3376 n
1399 3357 1435 3377 cu
1446 3356 1476 3376 us
1543 3355 1569 3375 c.

1276 3423 1304 3455 Α
1314 3384 1405 3415 Teste
1421 3357 1512 3453 sljlesse
1532 3383 1606 3422 apud
1619 3382 1809 3421 Gandanum,
1827 3382 1943 3414 decimo
1957 3385 2059 3423 quinto
2073 3383 2120 3414 die
2136 3382 2334 3422 Novembris,

1305 3433 1365 3454 nno
1379 3431 1409 3454 ut
1432 3433 1507 3462 upra.

1487 3550 1536 3581 De
1551 3551 1654 3582 venire
1665 3547 1769 3594 facias
1786 3548 1961 3594 Epifiopum
1978 3544 2014 3579 de
2028 3547 2126 3579 Man.

1277 3635 1333 3690 R
1344 3632 1642 3703 {iffissaDigffiiifferssbi
1654 3656 1664 3672 ,
1687 3632 1816 3664 Thomae
1830 3632 1875 3694 'de
1891 3632 2042 3673 Drayton,
2059 3629 2097 3662 de
2111 3627 2222 3669 Magna
2231 3627 2331 3667 Jeme·
2348 3627 2475 3708 Ἓξ),

1311 3696 1488 3757 Quibusdain
1499 3711 1587 3755 certis
1600 3695 1636 3740 de
1649 3710 1736 3741 causis
1750 3711 1832 3755 vobis
1845 3709 2027 3754 mandamus,
2045 3706 2164 3754 firmiter
2182 3705 2327 3747 injungen-
2340 3712 2391 3736 An.
2415 3693 2458 3746 ¹4·-

1272 3756 1329 3787 tes,
1350 3749 1429 3793 quod
1450 3748 1625 3793 Episcopum
1643 3748 1679 3780 de
1696 3748 1771 3795 Mari
1790 3759 1819 3778 iri
1833 3748 1946 3793 Scotia,
1964 3755 2050 3786 quem
2064 3756 2121 3790 uria
2131 3752 2198 3787 cum
2210 3743 2326 3790 quibus-
2338 3751 2368 3775 Ε.
2390 3755 2416 3783 3.

1273 3786 1338 3817 dam
1353 3788 1410 3817 aliis
1422 3786 1598 3831 Hominibus
1611 3786 1648 3831 de
1663 3787 1778 3825 Scotia,
1797 3797 1830 3818 ac
1845 3786 1932 3817 Bonis
1945 3787 1979 3818 ὅτ.
1992 3783 2107 3815 Catauis
2121 3782 2189 3818 sum,
2206 3790 2236 3810 iri
2253 3790 2324 3826 qua·
2338 3785 2473 3822 claus.14.

1271 3825 1338 3855 darn
1358 3824 1440 3857 Navi
1454 3849 1464 3864 ,
1487 3836 1517 3856 in
1540 3824 1596 3869 qu&
1611 3825 1688 3870 idem
1705 3825 1864 3870 =Episcopus
1883 3833 1962 3869 erat,
1973 3822 2048 3861 apud
2061 3818 2185 3852 Kerkele
2198 3818 2305 3849 arestari
2315 3827 2366 3858 ,ᾖ
2377 3832 2401 3859 3.
2410 3829 2473 3859 pn.

1272 3864 1305 3908 ὃς
1325 3863 1499 3933 fuissit
1515 3863 1778 3933 assistis&
1792 3857 2190 3934 simassi}
2202 3857 2325 3934 ὲᾶἓὲῖ·
2337 3871 2374 3890 m·

1270 3912 1366 3970 gleirrixie
1378 3941 1498 3985 faciatis,
1515 3940 1622 3971 ibidem
1631 3964 1641 3980 ,
1658 3927 1738 3980 [ιῖΡετ
1752 3940 1889 3979 aliquibus
1903 3920 2164 3980 nos-tangentibus,
2183 3919 2326 3979 examina?

1271 3987 1362 4023 turus,
1371 3979 1546 4025 'ulteriusque
1568 3979 1690 4010 faeturus
1715 3978 1793 4017 quod
1809 3987 1858 4016 per
1871 3974 2038 4006 Concilium
2052 3972 2182 4004 nostrum
2193 3980 2324 4010 contige-

1269 4017 1460 4087 ritgdgffii&
1480 4056 1548 4087 alios
1564 4055 1706 4088 Homines
1724 4053 1761 4084 de
1781 4051 1880 4084 Scotia
1893 4074 1904 4088 ,
1919 4059 1971 4089 per
1985 4059 2038 4083 vos
2051 4049 2089 4082 fic
2104 4048 2251 4087 arestatos,
2254 4049 2324 4119 c11:110}
