2562 4279
164 131 212 171 28

12 211 89 245 Ann.
103 211 144 244 D.
161 215 210 254 ca,
229 215 258 244 in
274 214 395 246 crastino
406 213 517 244 Saniiae
533 212 633 242 Mariae
646 210 844 250 Magdalenae,
859 213 995 250 proximo
1011 210 1124 249 futuro,
1142 209 1220 247 super
1237 226 1242 230 ·

35 262 119 291 1329.
160 254 272 284 diversis
286 257 318 284 St
333 253 421 284 arduis
436 252 586 290 Negotiis,
601 249 670 281 Nos
682 251 715 281 &
731 250 844 281 Statum
859 251 954 290 Regni
967 249 1055 281 nostri
1070 249 1223 287 specialiter

13 295 81 319 Eav.
104 301 129 328 3.
161 293 350 331 tangentibus,
367 289 427 325 &a
440 296 521 330 prout
529 287 615 328 ficpra
629 288 661 318 de
677 291 750 318 Dat.
773 298 809 319 10
824 292 895 329 Sept.
914 293 956 320 A.
980 298 1006 319 1.
1025 291 1138 318 mutatis
1154 297 1222 317 com-

154 337 280 370 petenter
298 330 444 358 mutandis.

195 405 286 437 Teste
301 415 329 436 ut
343 406 429 443 supra.

15 544 31 560 ⁴²
52 545 104 571 lV.

16 591 80 620 392·

162 534 189 560 δὲ
217 538 265 570 De
293 535 450 568 mirando
468 536 559 582 firper
578 534 785 583 Sponfhlibus.
811 540 887 570 inter
903 538 1140 583 Primogenitum
1168 535 1223 566 Fi-

206 585 282 616 lium
302 587 385 630 Regis
402 587 532 618 Franciae
559 589 596 624 ρὰ·
621 587 807 619 Alianoram
828 589 966 619 Sororem
992 588 1079 632 Regis
1104 592 1223 616 comra-

209 631 322 665 hendis.

11 731 88 763 Ama„
100 730 139 761 D·
158 717 420 786 Κῖἰὲυῃὶνςτίῐε
432 719 466 764 ad
483 730 570 758 quos,
588 720 649 751 &c.
668 719 815 776 Salutem.T

8 779 116 837 «414329.
195 793 244 826 De
263 757 672 839 Citletiirilitiiggiigirigtssrldzlsd}
686 759 888 829 c{1311}OICTlidhelitsa’te
921 793 1225 840 robata,'dile&orum

8 852 37 875 E*
72 829 87 874 ἦ
157 832 192 863 &
210 833 337 876 fidelium
356 835 538 875 nostrorum,
554 837 722 868 venerabilis
745 836 849 873 Patris,
908 844 996 864 enrici
1017 833 1224 877 Lincolnienlis

7 858 102 915 DJ,-
160 870 184 901 E
208 873 312 912 iicopi,
335 872 503 905 Cancellarii
524 875 630 914 nostri,
652 875 798 912 Radulphi
819 874 854 903 de
872 873 992 917 Nevill,
1017 871 1060 901 W
1064 871 1169 901 illielmi
1187 870 1223 899 de

6 928 36 951 E.
58 916 87 943 s'
158 910 180 941 l&
198 920 267 956 onte
279 911 394 951 Acuto,
411 913 535 945 Roberti
548 914 583 945 de
599 914 726 952 Ardern,
744 914 777 945 Sc
791 910 915 943 Galfridi
936 911 962 941 le
981 911 1093 948 Scrop,
1110 909 1222 947 plenam

156 948 290 981 fiduciam
304 961 493 990 reportantes,
1203 986 1208 991 ¹

196 987 274 1027 Ipsos
311 990 459 1029 Qiatuor,
478 990 568 1028 Tres,
587 991 621 1022 &
643 990 728 1021 Duos
748 999 869 1028 eorum,
883 988 1045 1033 ordinamus
1066 987 1100 1018 ὃς
1116 984 1223 1017 consti-

157 1028 262 1058 tuimus
303 1038 480 1060 rocuratores
492 1029 605 1060 nostros
619 1030 653 1060 ὃς
668 1029 805 1059 Nuncios
819 1028 964 1066 speciales,
1004 1066 1010 1070 ·
1119 1065 1123 1070 ἰ
1139 1065 1143 1069 .

195 1066 242 1097 Ad
265 1066 455 1105 metandum,
476 1077 544 1098 cum
568 1067 729 1108 Magnifico
749 1067 899 1106 Principe,
918 1066 1052 1097 Domino
1072 1063 1223 1107 Philippo,

155 1103 240 1145 Rege
261 1104 439 1136 Francorum
461 1104 579 1144 Illustri,
597 1107 643 1137 seu
662 1106 896 1149 Deputandis·ab
908 1115 971 1149 το,
988 1103 1067 1147 super
1082 1103 1222 1146 Sponsali-

156 1143 209 1174 bus
245 1143 291 1174 seu
305 1143 513 1183 Matrimonio,
532 1146 603 1176 inter
619 1145 847 1183 Primogenitum
863 1144 965 1174 Filium
979 1142 1101 1180 ejusdem
1122 1141 1223 1179 Regis,

155 1182 190 1213 ἅ*-
203 1167 365 1212 Ᾱίίειιοῑεῐη
379 1183 517 1214 Sororem
530 1183 657 1214 nostram
671 1183 838 1214 cariffimam
847 1207 856 1220 ,
874 1180 1090 1219 contrahendo,

10 945 127 998 1.723,i3

197 1220 236 1251 Et
251 1220 286 1251 ad
299 1222 412 1260 omnia,
428 1231 493 1260 qum
506 1222 540 1252 ad
553 1222 713 1261 hujusmodi
724 1221 893 1253 Traetaturn
907 1221 1064 1259 pertinent,
1080 1219 1221 1257 quantum

155 1258 191 1289 ad
207 1259 276 1290 Nos
287 1260 402 1299 attinet,
419 1261 597 1297 faciendum,
1166 1296 1170 1301 ,

193 1297 327 1328 Necnon
341 1298 376 1329 ad
391 1298 603 1330 certificandum
617 1299 686 1330 Nos
699 1298 779 1337 super
791 1298 862 1335 hiis,
879 1306 946 1337 quae
964 1296 1074 1328 traeiari
1092 1302 1221 1335 contige-

154 1336 193 1367 rit
207 1336 236 1366 in
252 1337 305 1367 hac
319 1346 406 1375 parte.

192 1373 228 1404 In
242 1376 336 1414 cujus,
356 1376 418 1407 &c.

195 1450 264 1482 Dat.
284 1451 358 1492 apud
374 1451 574 1491 Cantuariam,
591 1453 708 1485 decimo
723 1452 801 1485 sexto
813 1452 858 1484 die
869 1451 955 1492 Junii.

189 1586 339 1619 Similiter
353 1587 430 1617 inter
444 1584 621 1632 Johannem
638 1585 674 1618 de
687 1584 814 1619 Eltham
829 1588 865 1624 (ῤ’
885 1596 980 1618 unam
994 1582 1030 1617 de
1047 1581 1184 1617 Filiabus

493 1633 625 1680 ejusdem
645 1637 732 1682 Regis
752 1637 895 1669 Franciae.

3 1727 132 1760 Αῃῃ,Ῑ),
153 1718 279 1789 REX
293 1719 460 1758 Univerfis,
477 1719 511 1750 ad
524 1720 680 1762 quoS,&c.
698 1720 832 1751 Salutem.

25 1777 111 1807 1329,
257 1756 386 1789 Noverit
400 1758 574 1790 Univeriitas
587 1757 761 1797 vestra,&c.
779 1766 810 1788 ut
817 1759 903 1798 Jiipra
917 1758 950 1788 de
962 1757 1046 1788 verbo
1060 1757 1223 1787 adverbum

2 1811 55 1834 An.
74 1817 99 1844 3-
154 1794 235 1867 ἔβητ’
252 1796 290 1826 ibi
308 1797 388 1836 super
409 1796 603 1835 sponsalibus,
619 1798 664 1827 seu
686 1797 895 1834 Matriinonio,
914 1797 986 1827 inter
1003 1796 1165 1835 Johannem
1185 1795 1222 1827 de

3 1850 34 1873 Et
56 1855 80 1882 3,
182 1836 287 1874 itham,
302 1835 453 1866 Comitem
474 1834 651 1873 Cornubiae,
672 1835 795 1866 Fratrem
820 1834 951 1865 nostrum
973 1833 1162 1873 carissimum,
1187 1835 1221 1865 &

1 1884 107 1912 mmm,
155 1883 240 1905 unam
254 1873 291 1903 de
305 1874 424 1904 Filiabus
441 1873 563 1912 ejusdem
576 1873 664 1914 Regis
680 1873 898 1912 contrahendis,
917 1874 950 1905 &
964 1873 998 1904 ad
1019 1874 1134 1912 omnia,
1155 1884 1220 1913 quae

154 1911 216 1947 &a
232 1919 262 1941 ut
270 1912 365 1951 fitpra.

190 1986 282 2018 Teste
295 1996 326 2019 ut
339 1988 428 2030 supra.

339 2121 559 2167 Arquietantia
568 2121 659 2167 super
682 2124 816 2157 Damnis
835 2124 866 2153 in
884 2121 1041 2167 Vasionia.

0 2231 127 2265 Arm-D-
151 2213 286 2275 PAteat
300 2213 448 2258 Uniyersis
463 2225 512 2254 per
529 2214 691 2260 praesentes,
711 2215 793 2255 quod
809 2225 884 2260 ego,
899 2215 1062 2247 Gulielmus
1080 2217 1222 2262 Amaneni

221 2252 257 2284 de
278 2252 455 2292 Chastillon,
472 2254 581 2284 Remisi
602 2264 655 2299 pro
672 2265 737 2294 me,
757 2255 946 2294 Haeredibus,
965 2256 997 2286 &
1014 2255 1223 2287 Executoribus

0 2280 107 2348 423²?
154 2293 222 2322 meis
259 2292 493 2336 excellentissimo
515 2292 658 2336 Principi,
679 2293 813 2338 Domino
836 2303 922 2332 meo,
952 2293 1085 2325 Domino
1108 2294 1224 2326 Edwar-

0 2354 24 2376 E
46 2332 63 2384 '3
155 2329 212 2368 do,
229 2314 303 2375 l3egi
317 2331 428 2369 Angli-ae
440 2330 556 2400 1Ιὶυὲιὲ
571 2336 693 2362 omnem
711 2332 867 2376 A&1onem
887 2333 920 2363 &
941 2331 1140 2371 Demandam,
1159 2343 1225 2372 quas

155 2378 222 2407 erga
236 2369 328 2406 ipsum
341 2369 451 2407 habeo,
465 2380 484 2399 v
545 2371 627 2400 abere
648 2379 769 2408 potero,
788 2380 894 2401 ratione
915 2369 1140 2410 Dampnorum,

0 2370 87 2423 Ciauk
107 2395 134 2423 3.

0 2429 135 2493 &ff

1158 2382 1224 2441 ssuae

1190 2422 1224 2441 0-

159 2445 230 2474 mini
252 2444 362 2482 Regis,
384 2446 414 2474 in
431 2444 549 2475 Guerris
570 2445 721 2476 Vasconiae
740 2447 870 2484 sustinui,
895 2447 929 2478 δε
950 2446 1109 2478 Vadiorum
1133 2450 1223 2480 michi

157 2482 210 2514 hiis
230 2482 428 2513 occasionibus
451 2483 694 2522 qualitercumque
708 2484 890 2523 debitorum,
905 2485 1041 2524 &ipsum
1058 2486 1222 2519 Dominum

157 2531 258 2552 meum
272 2521 404 2568 Regem,
421 2521 455 2552 &
470 2521 608 2552 Haeredes
621 2522 700 2561 suOS,
717 2523 783 2554 inde
801 2524 913 2562 Qiieto
929 2533 978 2562 per
993 2524 1152 2562 praesentes:

193 2559 303 2590 Volens
321 2561 354 2591 &
375 2560 550 2591 Loncedens
568 2570 622 2599 pro
645 2570 714 2599 rne,
736 2561 908 2592 Haeredibus
923 2585 932 2601 ,
958 2563 992 2594 &
1017 2562 1222 2597 Executoribus

154 2599 226 2630 meis
264 2597 346 2636 quod
366 2607 467 2629 omnes
487 2598 608 2638 Literae,
627 2599 718 2630 michi
758 2611 786 2631 er
798 2600 949 2640 praeclietos
965 2600 1024 2632 Pro
1045 2604 1165 2635 enitores
1180 2604 1222 2635 di-

154 2637 196 2668 ἂὶ
220 2620 346 2667 Domini
368 2638 426 2667 mei
451 2637 480 2667 R
518 2638 554 2674 is,
572 2637 618 2668 seu
631 2637 721 2675 ipsum
775 2640 907 2669 ominum
921 2649 1019 2670 meum
1067 2650 1167 2681 egem,
1185 2643 1222 2674 de

153 2674 369 2706 Restauratione
399 2674 497 2714 Deper
518 2677 622 2706 itorum
641 2677 671 2706 in
691 2676 809 2707 Guerris
830 2678 992 2717 praedietis,
1027 2689 1060 2709 ac
1083 2681 1223 2712 iblutione

154 2713 315 2745 Vadiorum
329 2723 481 2752 meorum,
498 2714 692 2745 occafioiiibus
705 2715 852 2753 praemiffis
865 2716 965 2755 faetae,
982 2717 1157 2757 ubicumque
1179 2722 1223 2751 in-

155 2761 252 2822 }iegtae
272 2752 390 2791 fuerint,
409 2752 511 2784 nullius
532 2753 586 2783 sint
606 2753 724 2793 valoris,
738 2755 772 2786 ὃς
793 2757 876 2786 omni
889 2757 990 2793 vigore
1005 2766 1114 2788 careant
1126 2758 1159 2789 &
1180 2759 1223 2790 es-

169 2800 185 2821 e
218 2801 243 2821 u.

191 2828 226 2859 In
243 2829 320 2867 cujus
334 2830 374 2860 rei
387 2829 585 2861 testimonium
601 2830 781 2869 praesentibus
795 2831 923 2873 Sigillum
935 2842 1034 2864 meum
1047 2835 1169 2875 apposui.

157 2407 185 2436 in
199 2407 337 2444 obsequio
351 2405 570 2446 Progenitorum
583 2408 652 2438 dieti
668 2408 794 2439 Domini
807 2409 865 2439 mei
878 2409 985 2448 Regis,
1004 2409 1038 2439 ὃ(
1056 2410 1137 2447 ipsius

193 2905 263 2936 Dat.
282 2905 355 2950 apud
371 2905 577 2951 cantuariam,
597 2907 714 2952 decimo
736 2908 844 2941 oetavo
861 2908 907 2940 die
926 2909 1019 2950 Junii,
1037 2921 1112 2943 anno
1126 2912 1222 2954 Regni

154 2945 237 2984 ipsius
254 2943 378 2974 Domini
392 2945 478 2984 Regis
491 2956 567 2976 nunc
588 2947 701 2977 Tertio.

157 3086 216 3119 Ad
240 3089 356 3133 Papam
377 3113 387 3129 ‚
421 3086 458 3120 de
480 3100 537 3120 non
563 3087 705 3121 credendo
729 3087 964 3136 Suggestionibus
984 3091 1120 3139 Epifiopi
1143 3092 1223 3140 Offi-

639 3138 747 3181 rienfis.

9 3235 76 3266 Αῃῃ
107 3233 139 3265 D
160 3216 308 3287 PAlg}
323 3217 389 3287 {ex
405 3221 507 3265 devota
519 3220 630 3266 Pedum
647 3222 911 3271 osculabeatorumn.
1056 3265 1063 3271 -
1203 3268 1209 3273 .

353 3268 438 3289 moris
459 3260 678 3301 confidentiam,
696 3272 751 3299 qua
772 3272 801 3292 in
821 3261 914 3292 vestra
934 3265 1224 3304 recumbimuslargi-

9 3282 116 3348 Azf‘g'
165 3295 224 3327 flua
243 3296 471 3340 bonitate,'quae
488 3308 577 3341 ’penes
600 3299 666 3330 Nos
683 3307 829 3339 emergunt
851 3300 1038 3342 displicentia,
1057 3304 1091 3334 &
1106 3304 1225 3335 adverti-

11 3354 42 3377 Ε.
65 3360 88 3386 3-
166 3344 246 3372 mus,
259 3334 344 3378 ‘posse
357 3334 509 3379 Dispendia
526 3339 684 3384 parturire,
692 3340 721 3368 in
735 3338 833 3382 vestrae
853 3338 1010 3383 Saitestitatis
1029 3343 1157 3386 notit-iam
1178 3343 1225 3381 pia

11 3393 80 3415 Rom.
102 3398 127 3425 3·
168 3372 325 3403 devotione
336 3372 487 3404 deferimus
500 3399 509 3411 :
522 3384 555 3405 oc
568 3385 620 3412 pro
635 3377 653 3395 'l‘
668 3377 782 3407 salubris
795 3384 970 3415 appolitione
983 3379 1117 3411 Remedii
1130 3380 1227 3412 Pater-

166 3421 210 3441 nae
224 3411 408 3442 solicitudinis
422 3413 630 3450 providentiam
645 3417 808 3445 excitamus.

204 3449 298 3480 Ecce!
318 3450 400 3480 Pater
423 3451 620 3489 Sancffissime,
637 3453 708 3483 curn
731 3463 838 3491 nuper,
857 3454 888 3484 in
907 3455 979 3486 terra
1000 3456 1097 3488 nostra
1119 3457 1226 3488 Hiber-

164 3489 219 3518 niae
255 3489 327 3519 inter
350 3488 486 3526 quosdam
510 3490 633 3520 Nobiles
655 3491 692 3521 de
713 3491 814 3522 eadem
833 3492 940 3531 Terra,
967 3496 1059 3531 gravis
1081 3496 1227 3527 Dissensio

165 3512 259 3557 suisset
273 3536 384 3565 exorta,
398 3537 430 3558 ac
440 3551 450 3567 ,
468 3538 518 3565 per
531 3530 692 3566 repentinos
706 3530 877 3569 Aggressus,
894 3531 1079 3571 Homicidia,
1096 3534 1228 3574 Rapinae,

167 3564 301 3595 Incendia
317 3589 326 3603 ,
351 3567 384 3597 δε
404 3568 454 3597 alia
472 3567 583 3606 Flagitia
604 3569 748 3606 inumera,
764 3569 922 3600 furibundis
942 3572 1042 3601 animis
1057 3581 1228 3613 perpetrata,

168 3602 262 3634 Frater
286 3603 445 3635 Richardus
459 3605 628 3636 Ossoriensis
641 3606 812 3646 Episcopus,
830 3617 862 3639 ut
873 3607 1036 3647 didicimus,

205 3642 282 3680 Qii,
300 3643 343 3686 ob
356 3643 524 3674 modestiam
540 3645 640 3676 Officii
653 3645 816 3683 Pastoralis,
832 3656 998 3678 commotos
1013 3649 1157 3680 iracundia
1170 3651 1229 3680 ani-

170 3687 233 3708 mos
242 3680 398 3722 ‘salubribus
415 3684 636 3715 exortationibus
651 3684 747 3714 debuit
761 3685 915 3724 mitigasse,

173 3754 178 3759 ¹
207 3716 331 3761 Timore
352 3719 408 3749 Dei
430 3721 587 3759 postposito
600 3745 610 3761 ,
642 3722 848 3761 Perpetratores
870 3723 1004 3756 scelerum
1025 3725 1230 3764 praedietorum

171 3752 311 3790 instigavit
334 3760 464 3796 nephaiie
485 3760 519 3789 ad
531 3761 689 3799 hujusmodi
710 3762 822 3792 Flaoitia
835 3764 1061 3803 committenda,
1080 3766 1231 3803 impunita-

171 3793 272 3821 tem&
285 3795 519 3828 evacuationem
536 3801 573 3829 eis
588 3787 800 3840 promittendo,
819 3802 911 3840 eisque
925 3802 1052 3840 praestitit
1067 3804 1231 3842 multiplici-

173 3836 216 3858 ter
224 3827 323 3860 Consil
335 3843 380 3862 uin
395 3836 427 3864 ἃ
437 3836 597 3875 Juvamen,
614 3848 647 3869 ac
664 3839 793 3877 quaedam
810 3841 860 3870 alia
873 3842 904 3870 in
920 3841 1011 3872 nostri
1030 3841 1231 3880 praejudicium

171 3875 335 3912 attemptare
356 3881 413 3901 non
433 3877 560 3914 expavit,
579 3886 642 3914 quae
663 3876 697 3906 ad
712 3878 848 3917 praesens,
865 3879 906 3910 ob
918 3889 1005 3911 certas
1019 3881 1126 3919 causas,
1144 3881 1231 3911 subti-

171 3915 285 3950 cemuS,
303 3913 339 3935 iet
354 3918 384 3938 ea
397 3910 494 3942 vestine
508 3913 676 3951 Benignitati
693 3916 756 3946 alias
771 3920 957 3957 proponimus
969 3920 1104 3950 intimare.

212 3942 348 3982 Cumque
360 3945 444 3991 sz,
464 3959 566 3988 nuper,
585 3963 633 3989 per
648 3954 796 3984 Ministros
811 3955 939 3995 nostros,
956 3957 993 3988 de
1011 3956 1156 3996 praemiffis
1174 3955 1231 3988 Ex-

172 3981 291 4026 ceffibus
307 3983 509 4027 mandassemus
523 3991 668 4021 veritatem
685 3993 806 4030 inquiri,
825 3994 858 4024 ὃς
872 3994 1077 4034 Delinquentes
1093 3997 1171 4035 juxta
1185 3997 1230 4026 sua

171 4021 305 4052 demerita
319 4031 434 4060 punire,
452 4034 535 4062 prout
549 4027 648 4067 decet,
665 4029 742 4061 idem
756 4029 934 4072 Episcopus,
950 4042 1084 4073 tanquam
1096 4035 1171 4067 male
1177 4035 1229 4067 sibi

12 3430 42 3453 r..
63 3436 86 3462 3.

12 3474 88 3500 7713.

11 3503 86 3529 ην.

17 3549 83 3576 393·

610 117 1867 173 CONVENTIONEQIATERAE‚

1265 205 1413 250 conscius,
1430 206 1553 238 Terram
1567 206 1733 245 praedietam
1750 205 1864 237 latenter
1879 204 1961 242 exiit,
1979 203 2013 235 &
2028 202 2063 235 ad
2078 203 2146 236 Nos
2157 205 2187 236 in
2200 194 2482 273 Angliamu¹¹³1¹³3¹ss9u

1285 255 1351 276 enit.
2450 256 2459 262 .

1264 257 1283 278 v
1301 284 1338 315 Et
1358 293 1530 323 quamquam
1553 284 1603 314 sibi
1623 293 1674 322 per
1696 282 1766 313 Nos
1789 282 1950 322 injunctum
1971 281 2083 320 fuisset,
2100 289 2146 320 ut,
2163 282 2199 314 ad
2218 293 2331 316 certum
2347 277 2416 304 Ed'v·
2438 284 2464 312 3·

1265 321 1361 361 diem,
1383 333 1483 354 coram
1504 323 1603 362 nobis,
1628 324 1662 354 &c
1683 320 1821 352 Concilio
1839 320 1957 358 nostin,
1976 328 2172 360 compareret,
2189 321 2225 352 ad
2242 323 2332 354 infor-

1268 362 1407 392 mandum
1427 361 1498 392 Nos
1517 362 1598 400 super
1616 361 1734 391 veritate
1749 359 1979 398 praemilsorum,
1996 359 2053 396 ipse
2068 367 2180 398 tamen,
2197 359 2334 393 fidelitatis

1266 399 1468 437 Sacramento,
1486 410 1546 438 quo
1566 399 1648 430 nobis
1666 398 1844 438 astringitur,
1860 397 2047 436 praetermiffo
2069 397 2146 428 clam
2165 399 2200 430 &
2215 399 2333 431 occulte

1266 437 1388 468 Navem
1401 439 1498 477 petiit,
1517 439 1550 470 ὅτ
1566 439 1603 469 sic
1620 438 1685 468 exiit
1698 437 1835 477 Regnum
1849 436 1990 467 nostrum.

1305 476 1437 515 Verum,
1456 479 1520 515 quia
1528 478 1588 516 jam
1599 477 1681 507 nobis
1693 476 1813 506 relatum
1828 474 1868 506 est
1883 474 1964 514 quod
1976 473 2053 505 idem
2078 473 2251 515 Episcopus,
2269 486 2334 510 ante

1268 512 1429 546 Recess‘um
1443 515 1524 546 suum
1537 516 1574 547 de
1587 515 1743 553 Hibernia,
1762 515 1887 552 quietem
1903 513 2008 554 Populi
2022 513 2125 543 Terrae
2145 514 2218 545 illius
2238 516 2335 547 multi-

1267 553 1379 592 pliciter
1403 554 1593 593 perturbavit,
1611 555 1644 585 ὅ(
1666 554 1700 584 ad
1721 553 1822 584 vestrae
1835 552 1991 583 Sanctitatis
2006 552 2182 590 praesentiam
2202 553 2335 592 disposuit

1268 592 1295 621 ie
1315 592 1479 630 transferre,
1505 602 1554 629 ac,
1581 592 1616 623 ad
1637 591 1886 623 commovendum
1908 591 2030 622 eundem
2051 590 2195 629 Populum
2209 616 2220 630 ,
2244 593 2336 631 aliqua

1267 631 1401 699 ἓξηεςρίτ
1425 640 1491 669 quae
1510 631 1561 661 sub
1582 631 1694 661 Pietatis
1705 631 1846 663 velamine
1859 629 1960 662 vestrae
1971 629 2092 660 intendit
2105 630 2252 669 suggerere
2264 631 2335 663 San-

1299 677 1368 699 itati-

1305 707 1341 737 N
1343 693 1376 737 os
1394 707 1497 746 igitur,
1515 707 1574 746 ejus
1593 708 1726 746 malitiae,
1744 717 1878 746 quatenus
1896 709 2069 746 poterimus,
2086 707 2206 739 obviare
2215 711 2336 748 cupien-

1267 753 1326 784 tes,
1344 745 1512 776 Beatitudini
1525 746 1628 776 vestrae
1637 748 1742 777 votivis
1753 746 1902 778 affectibus
1923 747 2125 785 supplicamus,
2144 748 2275 785 quatinus
2293 749 2335 780 ei-

1266 783 1334 814 dem
1351 783 1513 823 Episcopo,
1530 785 1599 816 cum
1612 784 1702 822 ipsum
1715 784 1750 815 ad
1772 785 1892 816 vestram
1916 785 2091 823 praesentiani
2112 786 2264 826 contigerit
2283 786 2335 818 de-

1267 822 1390 860 clinare,
1407 823 1441 854 &
1463 823 1554 861 aliqua
1573 831 1672 853 contra
1692 822 1778 862 Nos,
1795 824 1828 855 &
1843 824 1951 855 Fideles
1962 823 2091 862 nostros,
2108 824 2154 854 seu
2168 823 2278 856 Statum
2292 826 2337 857 di-

1269 861 1324 891 &ae
1339 861 1442 892 Terrae
1453 861 1576 901 nostrae,
1594 861 1771 901 suggesserit,
1789 864 1862 900 quasi
1876 872 1910 893 ex
1922 863 1987 893 zelo
2004 861 2178 902 Religionis,
2192 863 2238 894 seu
2255 864 2335 896 Fidei

1268 899 1449 930 Orthodoxae
1469 900 1552 938 (cum
1574 900 1706 938 profesto
1727 899 1762 930 ad
1783 901 1842 931 hoc
1864 903 1920 939 ejus
1933 903 2054 932 intentio
2067 902 2221 933 nullatenus
2235 902 2336 943 diriga-

1268 938 1324 980 tur)
1340 937 1427 968 fidem
1441 948 1501 968 non
1517 939 1638 976 praebeat
1652 938 1688 969 de
1701 939 1774 969 facili
1789 938 1878 970 vestra
1893 939 2059 978 Apostolica
2077 939 2242 972 Sanetimdo
2251 965 2261 980 ,
2279 951 2334 973 nec

1266 986 1324 1016 ejus
1339 975 1482 1007 Relatibus
1498 977 1650 1015 aliqualiter
1665 986 1822 1008 moveatur.

1305 1014 1373 1046 Nos
1387 1017 1481 1053 enim,
1500 1015 1588 1054 quam
1605 1016 1666 1046 cito
1681 1015 1717 1046 de
1751 1014 1878 1046 raemisfis
1890 1017 1994 1047 erimus
2004 1017 2038 1048 ad
2054 1018 2170 1056 plenum
2194 1019 2335 1050 informa-

1266 1054 1306 1092 ti,
1324 1063 1355 1084 ea
1374 1064 1423 1092 per
1443 1054 1576 1085 ordinem
1595 1053 1697 1084 vestrae
1718 1025 1890 1085 (elementiae
1907 1055 2037 1086 intimare
2051 1058 2228 1097 curabimus,
2248 1067 2278 1088 ut
2300 1057 2335 1088 ad

1265 1093 1504 1131 compescendam
1519 1092 1602 1132 ipsius
1615 1092 1751 1123 malitiam
1766 1102 1816 1132 per
1831 1092 1953 1124 vestram
1961 1092 2110 1126 Paternam
2122 1097 2334 1134 providentiam

1268 1131 1375 1162 salubre
1389 1131 1567 1164 Remedium
1582 1140 1748 1172 apponatur.

1305 1207 1465 1241 Conservet
1475 1232 1486 1248 ,
1511 1209 1572 1240 &c.

1305 1283 1376 1316 Dat.
1394 1285 1469 1324 apud
1481 1285 1683 1325 cantuariam,
1699 1285 1815 1317 decimo
1829 1285 1937 1318 oetavo
1949 1285 1995 1317 die
2002 1284 2089 1325 Junii.

1451 1408 1510 1443 Ad
1522 1409 1698 1444 Cardinales
1713 1419 1818 1443 contra
1835 1408 1950 1443 dilium
1964 1408 2152 1456 Epifiopum.

1266 1493 1475 1557 VEnerabili
1489 1497 1521 1526 in
1534 1495 1655 1527 Christo
1669 1495 1762 1535 Patri,
1781 1495 1916 1528 Domino
1937 1494 2043 1534 Petro,
2061 1493 2121 1525 Dei
2140 1495 2246 1535 gratia,
2264 1495 2336 1528 tituli
2357 1503 2431 1534 Ann,
2441 1502 2487 1535 1),v

1349 1534 1455 1579 Sancti.
1468 1535 1601 1573 Stephani
1619 1537 1649 1566 in
1661 1534 1764 1566 Coelio
1778 1534 1886 1566 Monte
1898 1534 2059 1565 Presbitero
2074 1533 2234 1579 Cardinali‚
2254 1534 2337 1580 Ami·
2375 1552 2461 1582 ¹329·

1266 1581 1313 1640 {i}
1324 1571 1378 1642 go
1400 1573 1560 1614 carlffimo,
1578 1573 1752 1614 Edwardus,
1767 1574 1828 1605 &c.
1845 1573 1974 1605 Salutem
1988 1573 2022 1606 &
2036 1572 2152 1604 sincerae
2174 1572 2337 1605 dilectionis
2355 1585 2406 1610 An.
2424 1593 2452 1620 3·

1308 1620 1323 1640 e
1355 1621 1414 1642 um.
2353 1625 2384 1650 E.
2422 1643 2428 1649 ,

1305 1649 1432 1718 (ζυῧῃτεε
1455 1651 1681 1690 praesumptionis
1700 1650 1817 1682 audacia
1831 1650 2013 1690 Richardus,
2030 1649 2202 1682 Ossoriensis
2215 1649 2334 1690 Episco-
2355 1629 2462 1690 lbicsem:

1303 1698 1333 1727 s,
1375 1689 1497 1727 opulum
1517 1690 1619 1721 Terrae
1639 1689 1744 1721 nostrae
1763 1690 1915 1721 Hiberniae
1929 1690 2131 1729 conturbavit,
2149 1690 2182 1722 &
2198 1690 2336 1729 quosdam
2454 1692 2460 1695 ⁴

1299 1728 1410 1771 omines
1423 1728 1459 1772 ad
1471 1728 1679 1760 committenda
1692 1730 1767 1760 varia
1781 1729 1894 1769 Flagztia
1909 1730 2004 1773 pravis
2019 1729 2240 1767 persuasionibus
2260 1730 2338 1760 exci-

1266 1773 1350 1804 tavit,
1369 1767 1452 1798 nobis
1465 1776 1525 1797 non
1537 1766 1631 1808 potest
1643 1769 1673 1798 in
1686 1769 1855 1799 memoriam
1869 1777 1930 1798 non
1941 1777 2046 1799 venire.

1303 1803 1342 1835 Et
1364 1806 1428 1843 quia
1452 1804 1529 1836 idem
1548 1806 1704 1845 Episcopus
1724 1805 1759 1837 ad
1775 1805 1951 1844 praesentiam
1965 1805 2090 1836 Domini
2105 1806 2221 1838 Summi
2235 1806 2339 1838 Ponti-

1265 1841 1341 1882 ficis,
1360 1843 1394 1874 ad
1417 1843 1590 1882 palliandum
1609 1844 1727 1876 Errores
1748 1845 1830 1883 suos,
1845 1846 1907 1884 jam
1925 1845 1952 1876 se
1972 1843 2129 1883 transtulit,
2147 1855 2178 1877 ut
2199 1846 2338 1876 intellexi-

1265 1891 1345 1920 mus,
1370 1882 1404 1912 &
1427 1892 1510 1920 quae,
1533 1882 1634 1914 Nobis
1653 1884 1687 1915 &
1711 1883 1854 1915 Fidelibus
1875 1882 1995 1922 nostris,
2019 1884 2048 1914 in
2070 1882 2164 1915 Terra
2182 1883 2338 1923 praedicSffi,

1261 1920 1461 1959 praejudicialia
1482 1921 1516 1953 &
1534 1921 1706 1961 dampnosa,
1731 1922 1869 1953 malitiose
1887 1931 1955 1953 com
1997 1921 2049 1952 suit
2063 1945 2074 1960 ,
2098 1932 2164 1960 quae
2185 1923 2260 1961 quasi
2285 1922 2337 1952 sub

1261 1959 1402 1991 velamine
1414 1958 1526 1992 Pietatis
1539 1959 1634 1992 eidem
1655 1959 1793 1992 Domino
1813 1959 1939 1992 Summo
1985 1959 2098 1992 ontifici
2117 1960 2251 1999 disposuit
2271 1961 2338 1992 inti-

1260 2007 1356 2028 mare:

1299 2036 1360 2068 Pro
1382 2045 1423 2067 ter
1438 2036 1536 2077 quod,
1553 2045 1585 2069 ut
1598 2037 1682 2076 ipfius
1705 2036 1826 2069 Malitiae
1845 2037 1997 2075 obvietur,
2015 2035 2138 2068 Litteras
2159 2036 2267 2067 nostras
2299 2037 2338 2069 de

1261 2075 1344 2113 ipsius
1384 2076 1492 2115 piscopi
1505 2076 1582 2107 malo
1596 2076 1706 2115 Gestu,
1723 2076 1804 2107 dieto
1820 2075 1956 2107 Domino
1969 2075 2096 2107 Summo
2111 2075 2248 2106 Pontifici
2284 2076 2337 2106 ire-

1261 2115 1320 2145 &as
1337 2115 1469 2154 (quarum
1482 2115 1699 2154 Transcriptum
1716 2115 1912 2146 mandavimus
1923 2115 1976 2145 hiis
1988 2113 2113 2153 includi,
2132 2122 2164 2146 ut
2179 2120 2335 2145 contento-

1262 2163 1328 2185 rum
1343 2155 1373 2184 in
1388 2154 1492 2185 eisdem
1507 2155 1638 2185 notitiam
1653 2154 1757 2184 habere
1769 2154 1892 2192 valentis)
1909 2153 2073 2184 Dileffioni
2086 2152 2204 2192 vestrae,
2221 2153 2257 2183 de
2277 2152 2336 2191 qua

1263 2202 1321 2230 prae
1335 2194 1459 2231 caeteris,
1478 2192 1613 2224 fiduciam
1628 2193 1754 2231 gerimus
1765 2193 1953 2232 ampliorem,
1971 2191 2184 2224 tranfinittimus
2197 2201 2249 2230 per
2262 2201 2336 2232 prae-

1262 2232 1382 2263 sentium
1397 2230 1592 2270 Portitorem3

1301 2270 1494 2308 Deprecantes
1514 2271 1622 2302 obnixe
1644 2279 1675 2302 ut
1695 2280 1740 2301 eas
1761 2269 1854 2301 eidem
1878 2269 2016 2300 Domino
2044 2268 2169 2300 Summo
2197 2268 2337 2300 Pontifici

1263 2309 1428 2347 praesentare
1443 2309 1551 2348 velitis,
1569 2310 1603 2340 ὅτ
1615 2308 1649 2339 ad
1663 2308 1858 2347 repellendum
1871 2309 1994 2340 eundem
2008 2307 2186 2346 Episcopum
2195 2330 2207 2347 ,
2224 2318 2261 2338 ne
2283 2307 2336 2339 suis

1263 2347 1499 2387 suggestionibus
1515 2347 1582 2378 fides
1604 2349 1780 2387 praebeatur,
1806 2347 1957 2379 consilium
1978 2347 2011 2378 &
2030 2349 2166 2385 juvamen
2189 2355 2336 2384 apponere

1262 2395 1428 2469 epol-{3522}
1446 2423 1482 2455 de
1502 2423 1571 2463 hiis,
1591 2435 1656 2464 quae
1676 2425 1755 2470 idem
1776 2424 1934 2470 Episcopus
1953 2431 2114 2462 proponere

1264 2471 1416 2501 contigerit
1430 2487 1440 2501 ,
1467 2473 1574 2502 quanto
1598 2464 1717 2496 celerius
1740 2472 1884 2502 poteritis,
1907 2472 1959 2500 per
1977 2461 2081 2493 vestras
2102 2444 2129 2490 ί

1262 2501 1379 2533 reddere
1399 2503 1542 2533 certiores.

1300 2540 1466 2578 Scripsimus
1478 2550 1591 2580 autem,
1610 2540 1716 2572 dileeto
1729 2539 1848 2571 Clerico
1867 2537 1987 2576 nostro,
2006 2534 2334 2581 Magistrqwiilielmo

1263 2579 1299 2610 de
1316 2579 1459 2618 Weston,
1477 2579 1559 2618 quod
1574 2579 1630 2617 ipse
1644 2579 1756 2609 dietum
1768 2577 1951 2616 Negotium,
1966 2577 2024 2606 tarn
2048 2585 2135 2613 penes
2154 2576 2243 2614 ipsum
2264 2575 2333 2606 Do-

1264 2619 1376 2647 minum
1387 2617 1543 2648 Summum
1559 2616 1749 2654 Pontificem,
1767 2616 1855 2654 quam
1869 2615 1955 2646 etiarn
1967 2623 2053 2652 penes
2067 2614 2145 2652 Vos,
2162 2623 2233 2646 cum
2249 2615 2335 2646 omni

1263 2656 1409 2694 diligentia
1424 2655 1614 2695 prosequatur.

2155 2421 2201 2452 seu
2221 2424 2335 2461 petere,

2132 2460 2223 2490 itteras
2243 2461 2334 2492 velitis

1302 2731 1370 2763 Dat.
1389 2741 1420 2763 ut
1431 2731 1519 2772 supra.

1310 2858 1339 2885 *ἲ
1364 2858 1423 2893 Ad
1445 2862 1581 2906 Papam,
1596 2858 1688 2906 ficper
1713 2854 1852 2890 indebitis
1880 2852 2096 2890 Vexasionibus
2118 2857 2151 2887 in
2184 2855 2280 2889 Curia
2351 2849 2368 2866 ⁴*
2385 2851 2439 2880 ¹V·'

1727 2909 1877 2940 Romana.
2353 2897 2419 2926 394·

1317 2992 1413 3025 APAE
1427 2993 1494 3024 Rex
1506 2992 1612 3025 devota
1623 2991 1735 3024 Pedum
1748 2991 1842 3023 oscula
1853 2991 2015 3024 beatorum
2349 2994 2427 3027 Arm,
2441 2994 2481 3027 D,

1353 3032 1480 3071 Nuper,
1508 3032 1591 3064 Pater
1612 3030 1790 3063 Sanoiffime
1803 3054 1814 3070 ,
1845 3040 1900 3070 pro
1919 3027 2134 3071 conseryatione
2149 3025 2238 3071 Regii
2254 3026 2331 3073 Juris
2369 3044 2455 3074 ¹329·

1264 3071 1369 3110 nostri,
1394 3081 1428 3102 ac
1447 3071 1652 3112 indempnitate
1669 3070 1789 3102 Nobilis
1811 3070 1878 3107 viri,
1904 3069 1938 3100 &
1959 3065 2048 3110 fidelis
2068 3064 2176 3110 nostri,
2190 3065 2329 3110 Johanms
2345 3077 2399 3101 An.
2420 3083 2447 3111 3.

1263 3109 1300 3140 de
1319 3111 1466 3142 Warenna
1485 3110 1610 3142 Comitis
1628 3109 1748 3148 Surriae,
1777 3107 1891 3138 Consan
1931 3115 1987 3149 inei
2007 3103 2097 3149 nostri
2110 3128 2119 3142 ,
2144 3105 2228 3149 nobis
2248 3106 2276 3136 su
2315 3115 2328 3136 r
2346 3116 2377 3139 E.
2400 3121 2426 3149 3,

1265 3149 1324 3180 hoc
1338 3150 1459 3190 graviter
1474 3149 1674 3188 conquerentis
1707 3147 1742 3178 &
1754 3153 1785 3176 ut
1797 3145 1888 3189 gravis
1936 3142 2089 3188 iffensionis
2111 3151 2228 3189 materia
2246 3152 2278 3175 to
2290 3143 2329 3175 le-
2345 3155 2416 3178 Rom.
2429 3153 2458 3188 3:

1264 3197 1359 3227 retur,
1376 3186 1478 3220 vestrae
1493 3186 1661 3219 Beatitudini
1673 3171 1798 3216 studiose
1813 3182 1954 3222 explicare
1967 3190 2129 3214 curaVimus
2151 3182 2263 3215 vieibus
2284 3192 2328 3214 re-
2346 3193 2378 3217 1¹:-
2396 3198 2423 3225 3.

2345 3237 2382 3256 77)-
2419 3246 2428 3254 ι

1262 3235 1436 3295 penuilziliter
1448 3264 1520 3294 inter
1533 3262 1731 3294 Anteeeffores
1745 3259 1852 3299 praefati
1863 3257 2008 3298 Comitis,
2020 3260 2054 3291 δε
2069 3258 2214 3298 quondam
2230 3259 2330 3291 Abba·
2401 3237 2414 3264 3

1265 3265 1546 3340 tesQluniacenses,
1565 3309 1640 3332 certa
1652 3298 1854 3338 Compositio,
1869 3297 1930 3334 &c.
1942 3305 2025 3337 prout
2037 3297 2125 3338 fiapra
2141 3299 2174 3329 de
2186 3301 2260 3329 Dat.
2279 3307 2328 3340 23.

1266 3340 1345 3371 Febr.
1366 3340 1445 3380 usqae
1458 3340 1516 3370 haec
1528 3339 1625 3370 verba.
2231 3375 2237 3381 .

1306 3379 1343 3410 Et
1357 3389 1410 3420 pro
1421 3389 1458 3409 eo
1473 3378 1550 3417 quod
1567 3379 1649 3408 nobis
1667 3377 1784 3409 relatum
1799 3377 1907 3415 extitit,
1925 3375 2005 3415 quod
2018 3375 2108 3407 vestra
2119 3375 2190 3407 Beni
2230 3384 2277 3405 itas
2292 3373 2329 3404 de

1266 3417 1370 3448 eodem
1385 3417 1528 3456 Prioratu,
1546 3416 1651 3448 dile8to
1665 3417 1747 3447 nobis
1760 3417 1789 3446 in
1802 3415 1939 3453 Christo,
1955 3414 2043 3445 Fratri
2050 3414 2176 3454 Johanni
2210 3411 2331 3443 eCour-

1267 3465 1364 3497 tenay,
1383 3455 1536 3487 Monacho
1549 3456 1682 3487 Abbatiae
1694 3454 1730 3485 de
1742 3453 1910 3494 Tavystok,
1926 3453 2096 3492 disposuerat
2108 3450 2256 3496 de'vestrae
2270 3449 2330 3494 Po-

1268 3495 1371 3526 test-atis
1386 3494 1558 3533 plenitudine
1572 3493 1722 3534 providere
1731 3517 1740 3531 ‚
1757 3493 1962 3524 confiderantes
1977 3491 2079 3523 exinde
2092 3487 2254 3530 periculosae
2260 3487 2330 3519 Dis-

1268 3533 1398 3565 sensionis
1412 3535 1556 3564 materiam
1572 3532 1653 3573 posse
1667 3531 1850 3564 verisimiliter
1863 3531 1998 3570 suboriri,
2091 3566 2098 3573 ,
2309 3565 2315 3571 ,

1305 3572 1450 3603 SanCritati
1469 3572 1570 3604 vestrae
1592 3570 1698 3602 devota
1718 3571 1846 3601 instantia
1867 3570 1997 3602 duximus
2011 3563 2224 3609 supplicandum
2239 3573 2330 3609 quati-

1269 3611 1340 3650 nus,
1358 3611 1506 3649 pl'aemiffis
1520 3610 1565 3649 pia
1579 3608 1746 3640 discuffione
1758 3609 1873 3647 pensatis
1883 3634 1892 3648 ,
1912 3609 1931 3639 fi
1946 3617 2010 3646 quae
2031 3607 2066 3649 in.
2080 3602 2181 3642 nostri,
2196 3603 2242 3633 seu
2259 3613 2329 3648 juris

1269 3650 1351 3687 ipfius
1372 3649 1513 3687 Comitis,
1529 3647 1725 3686 prae‘udicium
1747 3650 1777 3679 in
1798 3648 1832 3679 ea
1847 3656 1923 3686 parte
1937 3645 2024 3676 essent
2039 3641 2330 3685 disposita-,praemis-

1270 3690 1365 3718 sorum
1380 3689 1495 3718 veritate
1506 3697 1566 3717 non
1598 3685 1704 3725 etesia,
1724 3697 1755 3718 ea
1767 3685 1952 3728 dignaremini¹
1963 3683 2057 3725 facere
2070 3688 2211 3724 revocari,
2230 3680 2264 3710 δε
2287 3688 2328 3710 ta-

1269 3727 1330 3756 liter
1344 3725 1424 3764 super
1436 3724 1582 3763 praemisfis
1597 3725 1744 3763 ordinare,
1762 3725 1843 3764 quod
1859 3721 2002 3762 cujussibet
2017 3717 2204 3750 Diffensioms
2215 3718 2329 3750 tollere-

1270 3766 1457 3832 tuerateria,
1476 3764 1510 3795 &
1525 3763 1665 3794 Filiorum
1677 3763 1795 3796 devotio
1807 3763 1960 3795 nullatenus
1975 3759 2138 3790 turbaretur.

1338 3812 1419 3833 erum

1309 3841 1386 3880 Qia
1398 3826 1437 3872 de'
1446 3839 1621 3872 exauditione
1635 3838 1796 3880 hujusmodi
1807 3836 1972 3870 nostrorum
1985 3839 2136 3871 rogatuum
2149 3833 2284 3879 nondum
2295 3834 2331 3867 ad

1269 3879 1339 3911 Nos
1355 3882 1483 3917 pervenit
1495 3889 1586 3912 certus
1602 3891 1720 3919 rumor,
1738 3878 1865 3917 quamvis
1880 3877 2044 3916 litterarum.
2054 3871 2212 3916 nostrarum
2236 3873 2333 3919 hujus-

1270 3918 1350 3948 modi
1373 3918 1522 3950 Delatores
1542 3920 1559 3950 a
1581 3919 1674 3949 vestra
1691 3914 1924 3953 Mansuetudine,
1942 3920 1974 3942 ut
1986 3910 2153 3955 didicimus,
2171 3911 2332 3943 favorabili-

1270 3966 1313 3987 ter
1327 3955 1434 3988 admiffi
1448 3959 1550 3988 fuerint
1564 3958 1598 3988 &
1612 3956 1736 3995 benigne
1751 3954 1799 3991 (de
1809 3962 1869 3991 quo
1880 3959 1967 3996 grates
1981 3949 2014 3980 &
2031 3951 2131 3994 gratias
2147 3949 2248 3994 vestrae
2262 3950 2334 3994 Cle-

1270 3997 1382 4025 mentia
1405 3996 1549 4026 referimus
1571 3993 1773 4029 multiformes)
1793 3999 1823 4021 ut
1843 3988 1937 4021 cordis
1951 3987 2045 4020 nostrl
2058 3987 2224 4021 desiderium
2239 3989 2336 4021 muln-

1269 4034 1372 4073 plicata
1383 4032 1550 4067 intercessio
1564 4032 1673 4072 plenius
1687 4029 1850 4068 attestetur,

2272 4062 2342 4101 Q
