2562 4279
759 194 873 238 ET
955 192 1224 235 ACTA

54 282 129 317 Ann.
142 280 183 312 D.
200 282 279 314 vium
290 284 327 314 ab
341 282 402 314 Ore
415 283 507 323 Aquae
517 282 667 322 Tamil'xae,
684 281 744 313 tam
759 282 898 321 Qinque
910 280 1069 317 Portuum,
1088 280 1174 317 quam
1182 280 1249 310 alio-

76 328 157 362 1325·
200 332 263 354 rum
291 322 431 354 Portuum
461 324 494 354 &
522 323 672 360 locorum,
689 331 739 360 per
760 320 912 351 Costeram
936 319 1041 362 Maris,
1054 318 1149 360 ¹versus
1163 326 1251 362 partes

54 363 119 391 Ἐάν.
140 371 167 388 2-
200 362 403 400 occidentales,
421 361 553 400 quamdiu
565 361 646 390 nobis
660 360 812 398 placuerit,
830 365 914 396 prout
925 358 956 387 in
971 356 1073 387 Liter1s
1087 355 1188 386 nostris
1196 355 1250 387 Pa-

202 401 340 439 rentibus,
359 400 425 431 inde
439 399 596 437 confeetis,
613 398 721 436 plenius
735 398 914 433 continetur,
939 433 944 438 ι

240 439 382 470 Dedimus
396 439 422 468 ei
435 437 607 468 Potestatem
631 436 788 473 scrutandi,
805 436 835 464 in
849 432 958 472 singulis
972 432 1131 469 Portubus,
1149 434 1183 464 &
1207 433 1252 464 lo-

205 478 246 508 cis
261 478 335 517 aliis,
353 487 402 515 per
419 475 570 507 Costeram
587 474 766 513 praedietam,
783 482 885 504 omnes
905 472 939 501 &
958 470 1097 513 fingqus,
1115 471 1252 515 Regnum

205 516 335 547 nostrum
355 515 555 554 ingredientes,
573 521 668 544 utrum
688 513 787 550 aliquae
807 510 927 547 Literae,
945 509 1027 539 nobis
1048 517 1094 539 aut
1110 509 1253 540 Fidehbus

205 555 306 586 nostris
320 553 534 593 praejudiciales,
553 551 598 582 seu
611 551 741 589 suspe&ae
750 572 759 587 ,
774 548 947 592 deferantur:
1144 586 1149 591 .

240 592 278 624 Et
294 602 393 623 omnes
406 592 485 629 illos,
502 600 587 628 penes
601 599 672 628 quos
693 586 852 625 hujusmodi
872 586 977 616 Literae
996 592 1112 623 repertae
1132 586 1254 625 iuermt,

204 641 273 663 cum
289 631 391 662 Litetis
405 630 457 659 illis
473 629 623 660 arestandi:

243 670 281 701 Et
294 670 367 708 ipsos
378 668 412 698 ad
426 667 495 699 Nos
509 665 650 698 mittendi:
891 702 896 707 .
979 702 985 708 .
1125 703 1130 708 .
1155 696 1158 700 ,
1213 696 1216 699 ,

241 709 297 739 Seu
308 710 338 738 in
353 706 473 737 Prisonis
487 705 605 743 nostris,
623 704 643 733 fi
658 702 731 733 forte
744 710 813 734 tunc
828 702 962 732 fuerimus
976 711 1006 732 m
1029 710 1159 740 remotis,
1177 702 1253 733 salvo

204 746 339 778 custodiri
353 745 488 776 faciendi:

243 785 375 815 Necnon
395 781 562 820 deputandi,
580 779 647 810 alios
668 779 718 810 sub
738 779 765 809 se
788 779 853 817 (pro
866 780 965 818 quibus
978 778 1143 816 respondere
1159 778 1257 810 volue-

204 824 251 859 rit)
267 822 302 854 ad
317 823 492 854 Scrutinium
510 818 678 856 praedietum
693 819 723 848 in
740 818 810 849 locis
824 818 961 855 praedictis
975 817 1152 856 faciendum3

241 861 279 892 Et
301 862 368 892 ideo
391 860 473 891 vobis
495 856 659 887 mandamus
681 856 760 895 quod
775 856 867 886 eidem
880 856 1045 894 Nicholao,
1063 857 1095 886 ὃς
1110 856 1259 893 Deputatis

203 901 241 931 ab
257 907 308 939 eo,
326 901 353 930 in
373 898 392 917 ³*
411 894 571 934 praemfflis,
589 895 642 925 fitis
663 894 861 932 Intendentes,
876 894 1080 932 Consulemes,
1098 895 1131 925 &
1151 895 1259 924 Auxili-

58 914 76 932 θ
95 916 149 942 IV'
205 947 299 977 antes,
317 936 462 976 quotiens,
479 934 513 964 &
536 934 667 972 quando,
686 933 765 971 super
787 934 862 972 hoc,
880 942 914 964 ex
932 941 1007 973 parte
1025 933 1139 972 nostra,
1155 934 1259 964 fueritis

66 952 128 989 ¹84·

207 980 388 1044 refflgiiir'nus
400 1018 496 1041 tamen
508 1011 606 1050 quod,
624 1021 660 1041 eo
677 1018 830 1049 praetextu,
849 1011 971 1049 capiatur
983 1010 1113 1047 occasio,
1131 1010 1176 1041 seu
1199 1020 1262 1041 ma—

206 1053 273 1084 teria
284 1049 504 1088 invadendi2vel
514 1049 647 1090 gravandi
663 1049 855 1087 Mercatores,
871 1057 917 1080 aut
930 1048 998 1079 alios
1013 1058 1062 1089 per
1077 1048 1161 1079 Mare
1174 1057 1261 1080 trans-

207 1098 388 1165 euiitiegujus³
405 1127 466 1157 &c.
485 1126 619 1165 quamdiu
634 1126 718 1157 nobis
730 1126 879 1166 placuerit,
896 1126 1048 1157 duraturas.

280 1165 370 1197 Teste
383 1165 466 1205 Rege
481 1165 555 1203 apud
568 1165 686 1196 Turrim
701 1164 862 1196 Londoniae
871 1165 1004 1204 ,decimo
1019 1163 1064 1194 die
1081 1164 1263 1195 Decembris.

885 1243 940 1272 Per
954 1240 1037 1281 ipsum
1050 1222 1153 1279 Regem.

442 1370 493 1401 De
513 1368 621 1401 Armis
637 1364 824 1400 militaribus
834 1363 1039 1412 fitsctpiendis.

210 1453 324 1511 REX
344 1453 520 1485 Vicecomiti
537 1451 669 1483 Eborum
682 1452 815 1484 Salutem

303 1492 384 1524 Cum
405 1501 511 1529 nuper,
529 1501 577 1531 per
595 1498 689 1521 toturn
710 1491 848 1530 Regnum
867 1488 1014 1528 nostrum,
1031 1488 1147 1528 publice
1168 1488 1268 1519 feceri-

212 1538 275 1561 mus
294 1530 482 1569 proclamari,
521 1529 580 1560 uod
600 1539 703 1560 omnes
723 1529 780 1566 illi,
799 1530 849 1567 qui
870 1529 990 1559 habeant
1010 1529 1203 1566 Qadraginta
1217 1527 1268 1557 Li-

213 1568 301 1600 bratas
321 1569 423 1600 Terrae
445 1568 491 1598 vel
543 1567 668 1606 eddituS,
685 1575 731 1599 aut
754 1567 884 1598 Feodum
899 1568 979 1597 unius
995 1565 1099 1597 Militis
1111 1567 1153 1596 int
1189 1575 1270 1602 rum,

214 1607 309 1639 valens
331 1606 523 1647 Quadraginta
546 1606 644 1636 Libras
666 1615 715 1644 per
736 1605 870 1643 Annum,
888 1607 922 1637 &
944 1615 993 1643 ea,
1010 1615 1060 1643 per
1078 1604 1152 1635 Tres
1196 1613 1268 1633 nnos

214 1645 355 1687 integros,
373 1654 535 1683 tenuerant,
551 1644 608 1676 five
620 1645 657 1675 de
670 1644 770 1683 nobis,
789 1644 844 1675 five
865 1643 900 1673 de
921 1643 978 1673 aliis
998 1650 1143 1680 tenerent,
1160 1643 1194 1673 &
1208 1641 1270 1685 Mi’.

212 1684 272 1716 lites
293 1695 355 1716 non
374 1683 479 1722 essent,
496 1683 587 1713 Arma
608 1681 742 1712 Militaria
763 1682 929 1720 susciperent
947 1689 1012 1712 ante
1035 1681 1151 1712 Festum
1173 1679 1270 1711 saneti

213 1723 363 1754 Michaelis
407 1721 495 1752 Anno
517 1720 617 1759 Regni
635 1719 725 1750 nostri
744 1719 875 1750 Decimo
895 1719 1015 1759 septimo
1027 1743 1038 1758 ‚
1056 1719 1102 1751 vel
1120 1720 1150 1749 in
1167 1718 1272 1749 eodem

213 1762 299 1793 Festo
312 1761 347 1792 ad
360 1747 508 1791 ultimum:
1033 1776 1047 1789 s

251 1800 298 1831 Ac
313 1798 428 1838 quidam
442 1798 542 1828 Finem
556 1796 672 1828 fecerint
693 1796 859 1836 nobiscum,
870 1806 932 1867 cpro
956 1792 1101 1835 Respestu
1119 1794 1272 1834 habendo,

213 1839 251 1870 de
264 1836 424 1877 hujusmodi
435 1836 530 1867 Armis
544 1835 737 1873 suscipiendis,
756 1835 840 1874 usque
855 1846 869 1865 a
911 1843 1004 1866 certos
1025 1835 1102 1874 dies,
1116 1835 1177 1873 jam
1200 1843 1274 1872 prae-

214 1878 329 1915 teritos,
347 1877 380 1907 δε
393 1875 482 1905 Arma
495 1872 658 1912 hujusmodi
672 1874 804 1904 nondum
818 1873 1008 1913 susceperunt:

252 1914 288 1946 Et
304 1914 416 1953 quidam
428 1913 473 1944 alii
487 1922 541 1943 nec
558 1912 646 1943 Arma
662 1913 707 1942 illa
722 1912 875 1951 suscipere,
890 1922 944 1943 nec
960 1912 1060 1942 Finem
1075 1912 1226 1943 nobiscum
1233 1911 1275 1942 fa-

215 1963 282 1984 cere
301 1953 438 1984 haetenus
457 1959 639 1988 curaverunt,
657 1953 685 1981 in
708 1950 795 1981 nostri
818 1951 852 1981 &
874 1951 959 1982 distae
972 1950 1205 1982 Proclamationis
1220 1960 1275 1980 no-

216 1992 282 2022 sttae
302 1999 503 2028 contemptum
524 1989 703 2020 manifestum
719 2001 729 2027 ς
750 1999 872 2028 quorum
891 1990 1071 2028 punitionem
1091 1989 1127 2020 ad
1151 1988 1220 2020 Nos
1241 1988 1276 2020 ad

217 2031 335 2068 praesens
350 2030 533 2061 reservamus:

255 2068 339 2107 Nos,
356 2068 483 2098 volentes
506 2067 612 2097 dietam
633 2066 895 2097 proclamationem
917 2066 1033 2098 effectui
1055 2065 1155 2097 debito
1169 2066 1278 2096 manci-

217 2107 294 2145 pari,
310 2106 518 2142 ordinavimus,
536 2115 590 2142 pro
604 2105 767 2135 defensione
780 2105 880 2142 Regni
895 2104 1005 2144 nostri,
1020 2103 1101 2143 quod
1112 2104 1278 2142 omnesissi,

217 2145 269 2183 qui
285 2144 400 2184 Qadra
420 2145 477 2175 inta
491 2144 618 2174 Libratas
631 2143 732 2174 Terrae
747 2144 794 2174 vel
809 2142 968 2182 Redditus,
982 2144 1059 2181 juxta
1077 2153 1179 2175 verum
1201 2143 1280 2173 valo-

218 2190 282 2214 rem
303 2193 393 2214 eorun
414 2192 478 2222 em,
495 2191 542 2213 aut
562 2181 694 2212 Feodum
717 2183 799 2212 unius
820 2181 922 2212 Militis
943 2182 1102 2220 integrum,
1121 2181 1215 2213 valens
1228 2190 1279 2220 per

218 2221 341 2253 Annum
363 2221 542 2261 quadraginta
565 2220 679 2258 Libras,
697 2220 818 2258 habent,
836 2221 869 2252 δε
890 2229 921 2250 ea
943 2230 993 2258 per
1017 2220 1100 2251 Duos
1121 2220 1223 2250 Annos
1237 2227 1279 2250 te—

219 2262 348 2299 nuerint,
367 2261 424 2292 five
437 2260 473 2290 de
488 2259 586 2298 nobis,
604 2259 660 2290 five
673 2258 710 2289 de
722 2259 777 2289 aliis
793 2267 922 2297 teneant,
939 2260 973 2290 δε
989 2257 1098 2289 Milites
1118 2268 1179 2289 non
1201 2258 1279 2296 sunt,

220 2299 310 2330 Arma
325 2298 457 2330 Militaria
471 2298 614 2338 suscipiant
629 2299 697 2328 citra
710 2297 825 2329 Festum
845 2296 958 2328 Paschae
980 2298 1116 2336 proximo
1136 2297 1281 2335 futurum,

221 2337 269 2369 vel
283 2339 313 2368 in
328 2337 434 2368 eodem
451 2335 535 2367 Festo
549 2336 583 2366 ad
598 2335 745 2366 ultimum:

259 2375 299 2407 Et
315 2376 381 2407 ideo
395 2376 447 2406 tibi
461 2375 659 2415 praecipimus,
677 2373 794 2405 firmiter
817 2373 1009 2415 injungentes,
1027 2374 1127 2414 quod,
1144 2375 1175 2404 in
1196 2374 1280 2412 pleno

221 2413 372 2445 Comitatu
390 2423 441 2444 tuo
454 2438 464 2452 ,
482 2413 596 2451 publice
617 2412 700 2443 facias
722 2412 911 2452 proclamari,
930 2414 1009 2453 quod
1032 2423 1134 2446 omnes
1157 2412 1221 2451 illi,
1247 2412 1283 2443 de

221 2452 327 2484 Balliva
341 2452 405 2491 tua,
424 2454 472 2491 qui
485 2451 588 2483 habent
605 2452 796 2491 Qadraginta
809 2451 934 2483 Libratas
946 2452 1049 2483 Terrae
1066 2452 1111 2483 vel
1124 2450 1266 2482 Redditus
1275 2476 1285 2490 ,

218 2493 297 2531 juxta
312 2501 414 2523 verum
426 2491 554 2522 valorem
572 2490 758 2529 eorumdem,
775 2498 822 2521 aut
835 2490 859 2521 F
861 2491 967 2522 eodum
981 2492 1065 2521 unius
1090 2490 1191 2521 Militis
1213 2491 1285 2521 inte-

221 2540 309 2568 grum
318 2553 328 2568 ,
345 2530 440 2561 valens
454 2529 645 2569 Qadraginta
660 2529 759 2559 Libras
775 2537 825 2567 per
840 2528 959 2560 Annum
969 2530 1019 2567 ,&
1032 2539 1066 2560 ea
1080 2539 1130 2567 per
1143 2528 1214 2559 duos
1222 2528 1285 2559 An-

223 2574 277 2599 nos
291 2569 451 2606 tenuerint,
469 2568 504 2598 de
521 2578 695 2606 quocunque
710 2576 841 2606 teneant,
855 2569 889 2604 §c
903 2568 1011 2598 Milites
1025 2577 1085 2598 non
1099 2567 1178 2605 sunt,
1197 2566 1286 2597 Arma

225 2606 382 2645 Militaria,
399 2607 449 2637 sub
471 2607 548 2646 gravi
569 2606 745 2637 forisfaetuxa
768 2605 864 2637 nostra
879 2629 890 2645 ,
906 2606 1073 2644 suscipiant,
1089 2607 1159 2637 citra
1174 2605 1287 2637 dietum

223 2641 344 2676 Festum
358 2645 492 2682 Paschae,
510 2644 556 2676 vel
571 2646 600 2674 in
615 2644 720 2675 eodem
736 2643 840 2682 Festo,
859 2653 889 2675 ut
903 2643 944 2675 est
957 2645 1077 2675 dietum.

266 2683 304 2714 Et
318 2683 355 2714 de
369 2685 532 2714 nominibus
545 2683 678 2721 illorum,
696 2684 746 2721 qui
763 2690 872 2713 tantum
887 2683 987 2714 Terrae
1000 2683 1046 2715 vel
1067 2681 1226 2722 Redditus,
1242 2682 1289 2714 seu

227 2721 389 2760 hujusmodi
411 2721 558 2760 Feodum,
577 2723 606 2751 in
627 2721 732 2752 Balliva
751 2720 815 2759 tua,
832 2720 954 2759 habent,
972 2722 1005 2753 &
1026 2731 1058 2752 ea
1078 2723 1218 2752 tenuerint
1239 2731 1290 2759 per

227 2761 299 2791 duos
321 2760 440 2798 Annos,
459 2760 528 2790 sicut
550 2760 718 2797 praediecum
740 2759 780 2790 est
818 2761 901 2790 nobis
917 2784 928 2799 ,
945 2760 996 2791 sub
1018 2760 1116 2799 Sigillo
1137 2769 1203 2797 tuo,
1218 2769 1290 2790 con-

230 2798 301 2867 ἐπε
320 2799 402 2829 facias
423 2798 492 2828 citra
510 2798 621 2829 dietum
644 2797 759 2829 Festum
780 2782 917 2837 fiaschae,
944 2797 1107 2829 Remittens
1127 2798 1210 2828 nobis
1231 2798 1290 2829 hoc

256 2846 330 2866 reve.

266 2873 381 2912 Etscias
394 2873 473 2911 quod
488 2873 524 2904 de
540 2872 619 2913 gestu
633 2881 702 2912 tuo,
722 2875 814 2912 quoad
830 2875 967 2912 praesentis
989 2876 1186 2906 executionem
1206 2884 1286 2904 man-

230 2911 312 2949 dati,
334 2912 368 2943 &
389 2913 529 2950 praecipue
552 2911 646 2950 quoad
667 2912 927 2952 Certificationem,
946 2924 995 2951 per
1017 2922 1046 2944 te
1067 2914 1103 2944 de
1126 2911 1290 2943 nominibus

231 2950 372 2988 praedietis
382 2950 559 2988 faciendam,
577 2951 679 2986 inquiri
695 2949 847 2989 faciemus,
867 2951 916 2990 &,
935 2952 955 2982 fi
970 2953 999 2982 in
1013 2951 1114 2990 culpa,
1133 2952 1178 2981 seu
1200 2952 1291 2988 negli-

232 2988 340 3032 gentis,
362 2996 390 3031 te
405 2989 524 3019 inveniri
540 2989 706 3027 contigerit,
723 2988 758 3018 ad
769 2989 835 3027 Te,
853 2989 886 3020 &
902 2998 965 3027 tua,
984 3000 1044 3020 non
1057 2991 1291 3029 immerito,gra-

233 3037 306 3058 vtter
322 3036 476 3064 capiemus.

234 3065 359 3136 br{este
379 3063 460 3103 Rege
483 3063 556 3103 apud
576 3063 699 3095 Turrim
714 3064 894 3103 Londoniae,
910 3065 1085 3096 duodecimo
1101 3065 1146 3096 die
1162 3065 1292 3097 Decem-

65 1451 141 1485 Ann.
149 1452 192 1483 D.

95 1499 176 1531 1325.

65 1535 116 1559 An.
135 1541 177 1565 ¹9·

63 1574 95 1596 Ε.
117 1579 144 1596 2.

63 1607 198 1644 Claus.19.

70 1650 99 1672 E.
120 1656 145 1672 2.
162 1657 197 1673 m.

73 1685 118 1711 16.
129 1684 154 1712 d.

919 3143 973 3173 Per
986 3142 1069 3183 ipficm
1083 3145 1186 3181 Regem.

275 3216 390 3250 Eodem
403 3213 495 3248 modo
507 3215 671 3250 mandatum
684 3219 725 3250 est
738 3218 849 3259 singulis
856 3219 1082 3251 vicecomitibus
1092 3229 1141 3258 per
1150 3216 1290 3259 Angliam.

285 3343 336 3377 Ne
354 3345 419 3389 quis
431 3368 440 3384 ,
463 3351 606 3387 pratextu
624 3342 796 3376 litterarum
808 3345 968 3390 Papalium
981 3369 991 3385 ‚
1015 3342 1140 3389 aliqua,
1164 3341 1246 3388 Juri

394 3391 506 3422 Coronae
517 3390 735 3436 prajua'icialia
745 3416 754 3432 ‚
778 3401 954 3438 attemptare
966 3392 1136 3437 praefirmat.

91 3479 157 3511 Ann
182 3479 223 3511 D.

113 3504 195 3558 1323.

92 3562 145 3587 An.
163 3568 207 3593 19.

243 3474 379 3533 REX,
396 3475 548 3506 venerabili
566 3476 595 3505 in
615 3474 733 3506 Christo
755 3475 846 3514 Patri,
864 3476 917 3506 W.
940 3475 1038 3506 ebidem
1052 3478 1152 3516 gratini,
1171 3477 1293 3509 Cantua-

320 3514 400 3545 riens1
412 3513 653 3552 Archiepiscopo,
670 3516 753 3545 totius
768 3514 878 3554 Angliae
891 3514 1023 3553 Primati,
1041 3516 1172 3546 Salutem.

276 3551 413 3584 Volentes
432 3553 637 3583 conservationi
655 3552 767 3590 Jurium
787 3551 915 3583 Coronae
936 3552 1056 3590 nostrae,
1075 3563 1158 3591 prout
1179 3553 1212 3584 ad
1234 3555 1292 3585 hoc

240 3591 359 3622 vinculo
373 3591 549 3629 astringimur
559 3590 733 3630 Juramenti‚
753 3590 844 3621 modis
864 3592 897 3622 &
917 3591 986 3628 viis,
1005 3592 1106 3629 quibus
1125 3593 1293 3631 poterimus,

241 3630 407 3669 providere,
426 3630 460 3660 &
481 3629 593 3659 illorum
614 3630 777 3667 conatibus,
798 3630 845 3668 qui
866 3629 1024 3667 hujusmodi
1041 3630 1109 3668 Jura
1129 3630 1290 3669 decurtare,

242 3668 287 3698 seu
303 3669 462 3699 diminuere
475 3669 647 3704 moliuntur,
668 3667 805 3706 resistere,
825 3676 908 3704 prout
920 3667 1017 3707 decet,

280 3706 372 3738 Vobis
385 3707 548 3738 mandamus
558 3729 567 3744 ,
585 3707 613 3735 in
629 3705 683 3735 fide
696 3706 730 3737 &
742 3705 894 3737 dilectione
903 3729 912 3745 ,
931 3708 1031 3744 quibus
1045 3707 1126 3737 nobis
1138 3709 1290 3746 tenemini,

242 3743 358 3777 firmiter
378 3747 550 3786 injungentes
564 3769 573 3782 ,
593 3745 673 3782 quod
689 3768 699 3783 ,
724 3744 744 3774 sl
764 3745 863 3782 aliquae
882 3745 981 3776 litterae
1002 3744 1115 3782 Papales
1128 3767 1138 3783 ,
1161 3746 1207 3777 seu
1229 3747 1290 3776 alite

241 3793 420 3823 quaecunque
442 3786 482 3821 (in
506 3784 605 3822 quibus
624 3784 713 3821 aliqua
732 3783 833 3820 nobis,
851 3784 895 3814 seu
913 3782 975 3822 Juri
990 3780 1119 3814 Coronae
1131 3784 1251 3822 nostrae,
1269 3785 1288 3804 ²*

239 3829 286 3851 aut
308 3822 421 3861 Populo
443 3823 557 3860 nostro,
575 3821 770 3860 praejudicialia
792 3821 843 3852 sint
866 3822 1010 3858 contenta)
1025 3822 1107 3852 vobis
1120 3821 1216 3853 delatae
1230 3823 1292 3853 fue-

236 3860 310 3899 rint,
328 3862 373 3892 seu
386 3872 497 3892 exnunc
510 3861 611 3891 deferri
627 3861 793 3898 contigerit,
811 3859 1000 3898 exequendae,
1018 3870 1077 3898 eas,
1096 3861 1178 3890 nobis
1189 3862 1292 3891 incon-

239 3897 331 3936 sultis,
350 3902 508 3931 executioni
523 3900 676 3929 nullatenus
691 3897 876 3936 demandeti83
896 3908 950 3929 nec
972 3899 1142 3937 quicquam,
1160 3900 1238 3938 quod
1261 3901 1290 3929 in

241 3936 349 3975 nostri,
366 3940 399 3969 ὅ(
413 3941 495 3978 regia:
509 3939 647 3977 dignitatis
663 3937 765 3968 nostra:
779 3936 974 3975 praejudicium
983 3959 993 3974 ,
1009 3937 1110 3967 cedere
1122 3939 1292 3978 poterit,at³

239 3977 402 4017 temptetis,
418 3987 464 4008 aut
487 3988 535 4015 per
556 3977 701 4008 Officiales
717 4001 726 4014 ,
745 3976 789 4007 seu
813 3974 960 4005 Ministros
979 3975 1087 4006 vestros
1102 3998 1113 4014 ,
1136 3978 1291 4015 attemptari

240 4011 394 4048 aliqualiter
408 4018 571 4053 permittatis

278 4050 404 4090 Taliter,
420 4055 451 4083 in
464 4055 516 4085 hac
532 4066 626 4094 parte,
645 4065 697 4086 vos
718 4054 849 4084 habentes
885 4051 964 4091 quod
984 4053 1136 4091 quicquam
1156 4053 1185 4082 in
1206 4053 1292 4083 dimi-

240 4090 391 4121 nutionem
405 4089 519 4129 Jurium
542 4093 673 4127 Coronae
692 4092 796 4133 nostrae
817 4076 867 4132 (aes
882 4100 1005 4131 quorum
1025 4089 1215 4125 defensionem
1230 4113 1240 4129 ,
1257 4100 1291 4123 ex

92 3617 226 3671 daus-¹9·

93 3676 123 3700 E.
145 3682 169 3708 3.
191 3683 226 3701 m.

100 3718 142 3745 17.
158 3711 183 3738 cl.

97 3795 112 3809 ⁸
128 3796 180 3822 IV.

100 3832 160 3869 185.

1306 182 1786 237 poetioli.
2276 213 2353 253 149

1290 278 1387 308 debito
1403 277 1551 310 Fidelitatis
1566 282 1598 311 δε
1616 278 1779 319 Legeantiae
1793 281 1909 322 vestrae,
1927 280 2030 315 astriffl
2044 283 2118 323 estis)
2135 292 2193 316 non
2216 281 2279 326 fiat,
2296 287 2341 318 seu
2359 288 2434 320 Anu.
2446 284 2489 323 Da

1291 316 1444 354 aliqualiter
1461 325 1656 360 attemptetur,
1675 330 1723 356 pet
1746 322 1822 359 quod
1845 322 1878 352 ad
1901 333 1970 361 vos,
1988 331 2122 362 tanquam
2134 326 2168 356 ad
2183 324 2342 357 Violatores
2378 332 2462 367 1325*

1292 354 1599 394 eorumdemJurium,
1618 367 1732 396 capere,
1750 368 1780 389 ut
1794 362 1944 399 convenit,
1961 362 2120 394 debeamus.
2357 369 2422 396 Edv.
2443 377 2471 395 a,

1295 392 1512 462 Dgfflbtssis‘fge
1527 396 1599 431 apud
1614 395 1751 427 Sanctum
1769 397 1971 438 Edmundum,
1988 402 2124 433 vicelimo
2149 401 2273 434 secundo
2295 402 2341 435 die

1976 479 2030 507 Per
2040 476 2124 517 e'pstem
2134 481 2239 517 Regem.

1419 545 1532 576 Eodem
1550 548 1640 579 modo
1655 550 1820 581 mandatum
1835 551 1876 581 est
1889 551 2061 592 subscriptis,
2080 555 2229 595 videlicet,

1295 625 1409 651 Domino
1423 624 1466 652 W.
1488 622 1605 652 Eborum
1620 625 1802 664 Archiepisco-
1839 626 1949 656 Abbati
1960 629 1991 658 de
2004 630 2079 660 Bello
2093 630 2145 660 loco
2159 634 2245 670 Regis.

1326 669 1362 699 po
1377 660 1489 697 Angliae
1505 663 1631 691 Primati-
1840 664 1951 694 Abbati
1964 667 1994 695 de
2008 669 2139 708 Leycestr.

1296 701 1411 728 Domino
1422 702 1460 728 L.
1476 699 1602 728 Dunolm.
1619 700 1748 740 Epfiopo.
1840 702 1953 732 Abbati
1967 707 2072 744 Wfi‘m.

1296 741 1411 766 Domino
1422 736 1459 774 J
1473 736 1574 767 Karln.
1590 738 1721 777 Epifiopo.
1842 740 1953 771 Abbati
1971 744 2003 772 de
2017 746 2171 782 Langedon.

1297 778 1411 805 Domino
1424 778 1463 804 H.
1479 775 1604 805 Lincoln.
1618 777 1748 816 Epijiopo.
1844 778 1956 809 Abbati
1968 781 2000 810 de
2013 784 2106 820 Burgo
2122 787 2215 815 Sancfli
2226 786 2312 816 Petri.

1298 817 1414 843 Domino
1428 813 1464 852 J.
1478 817 1605 856 WJ‘WW·
1620 815 1751 856 Epifiopo.
1845 816 1958 847 Abbati
1974 818 2060 850 beatae
2077 825 2179 853 Mariae
2198 824 2323 856 Eburum.

1298 850 1335 889 J.
1349 851 1498 892 Cicestrens.
1513 855 1642 892 Episcopo.
1846 854 1958 885 Abbati
1972 857 2003 886 de
2016 858 2135 897 Colceslr.

1298 890 1349 920 Th.
1367 893 1488 931 Wygorn.
1502 891 1529 919 Ε
1546 893 1631 930 isc'opo.
1847 892 1961 923 Abbati
1974 895 2006 925 de
2019 896 2165 936 Ramefi’ye.

1300 933 1334 959 R.
1350 933 1445 958 Sarum
1460 899 1591 968 Episbopo.
1846 931 1960 961 Abbati
1972 934 2004 962 de
2021 934 2162 974 Thorneye.

1301 971 1335 998 R.
1350 971 1478 998 Coventr.
1495 967 1532 1003 &
1548 968 1627 998 Lich.
1643 967 1773 1008 Epifiopo.
1848 969 1961 1000 Abbati
1974 972 2006 1001 de
2021 974 2162 1011 Redynger.

1302 1005 1338 1045 J.
1352 1006 1475 1035 Bathon.
1493 1004 1531 1040 &
1547 1006 1657 1038 W'ellen.
1677 1008 1810 1048 Eptfiopo.
1849 1007 1963 1039 Abbati
1976 1011 2008 1040 de
2022 1010 2170 1041 Thornton.

1303 1047 1342 1074 H.
1385 1043 1460 1083 offim.
1474 1043 1606 1084 Epifiopo.
1850 1046 1961 1077 Abbati
1978 1050 2010 1079 de
2024 1048 2170 1088 Evelham.

1305 1085 1348 1113 W
1391 1092 1453 1113 aon.
1469 1083 1600 1123 Episcopo.
1852 1085 1964 1115 Abbati
1976 1088 2008 1117 de
2025 1087 2133 1127 Ofizeye.

1304 1126 1333 1152 S.
1348 1122 1470 1151 London.
1485 1122 1617 1161 Episcopo.
1852 1123 1965 1154 Abbati
1979 1125 2011 1155 de
2025 1127 2104 1156 Hida
2115 1127 2200 1165 juxta
2215 1129 2341 1169 Wntonr‘

1305 1159 1341 1198 J.
1357 1160 1536 1200 Landavenf
1552 1163 1605 1198 Epi
1618 1168 1683 1199 copo.
1853 1161 1965 1192 Abbati
1980 1165 2011 1193 de
2024 1165 2178 1232 Cirenrgstr.

1306 1202 1346 1229 D.
1358 1201 1519 1238 Menevens.'
1532 1201 1585 1238 Epi
1598 1201 1664 1238 c‘opo.
1854 1199 1966 1230 Abbati
1982 1203 2014 1232 de
2031 1205 2113 1241 Wync
2134 1205 2240 1235 ecombe.

1307 1237 1343 1275 J.
1359 1236 1462 1276 Elienfi
1476 1240 1530 1277 Epi
1542 1246 1607 1276 copo.
1854 1238 1967 1269 Abbati
1983 1241 2014 1270 de
2027 1241 2124 1281 Seleby.

1307 1279 1350 1306 A.
1366 1279 1510 1314 Bangoren
1525 1277 1534 1306 .’
1543 1275 1677 1315 Epifiopo.
1855 1277 1968 1307 Abbati
1978 1281 2073 1309 saneti
2087 1282 2164 1310 Petri
2179 1280 2270 1311 Glauci·

1309 1355 1334 1383 P
1459 1314 1610 1383 Aslavens
1623 1314 1755 1355 Epiftopo.
1856 1316 1967 1346 Abbati
1984 1317 2106 1357 Glaston.

1335 1357 1399 1383 riori
1418 1357 1502 1384 Duno
1514 1365 1549 1384 m.

1309 1392 1399 1422 Priori
1414 1393 1446 1422 de
1457 1391 1660 1432 Bridelyngton.

1308 1432 1400 1461 Priori
1413 1431 1508 1461 Sane‘ti
1522 1435 1571 1461 Sw
1587 1431 1659 1461 thini
1675 1433 1800 1473 Wynton.

1308 1471 1399 1499 Priori
1415 1470 1509 1516 Santti
1519 1469 1561 1508 Jo
1582 1473 1661 1500 annis
1675 1469 1780 1511 Jerlm.
1789 1473 1818 1501 in

1310 1506 1470 1575 Αἱῖἴξὶίῖῗίὲ
1484 1544 1636 1576 Waltham.

1312 1583 1426 1613 Abbati
1442 1585 1475 1614 de
1489 1584 1635 1625 Abyndon.

1856 1354 1971 1384 Abbati
1985 1357 2018 1385 de
2031 1356 2177 1396 Laugeley.

1856 1393 1970 1424 Abbati
1984 1394 2016 1424 de
2029 1396 2167 1425 Croiland.

1858 1431 1969 1462 Abbati
1980 1433 2012 1462 de
2028 1432 2166 1463 Waleden.

1856 1470 1969 1500 Abbati
1996 1473 2092 1502 Sanan·
2116 1471 2265 1512 Augustini
2295 1474 2369 1502 cana-⁷

1895 1516 1971 1539 tuar.

1858 1547 1971 1577 Abbati
1983 1548 2014 1577 de
2031 1549 2130 1578 Sant't'o
2145 1547 2271 1579 Albano.

1859 1585 1970 1616 Abbati
1986 1587 2017 1617 de
2031 1588 2130 1617 Sancto
2140 1588 2296 1618 Edmundm

1513 1712 1562 1743 De
1580 1712 1754 1757 Maritagio
1770 1710 1843 1744 Filii
1856 1712 1944 1757 Regis
1962 1713 1994 1743 in
2010 1711 2170 1758 Hzspania.

1316 1793 1453 1852 REX,
1471 1794 1576 1826 Nobili
1592 1795 1717 1834 muneri,
1737 1795 1875 1826 Dominae
1889 1794 2012 1834 Majorae
2027 1796 2162 1835 Gareiae,
2179 1796 2323 1834 Salutem,
2339 1797 2373 1828 δε
2391 1788 2466 1822 Ann-
2480 1789 2522 1821 D·

1395 1834 1510 1864 fincerae
1522 1833 1679 1865 dilectionis
1691 1833 1840 1864 affeetum.
2414 1829 2497 1870 1326·

1353 1870 1524 1903 Retulerunt
1538 1873 1620 1903 nobis
1633 1872 1747 1903 Nuncii
1762 1871 1868 1909 nostri,
1888 1881 1959 1910 quos
1973 1882 2061 1911 nuper
2073 1874 2108 1905 ad
2131 1881 2219 1911 partes
2241 1873 2355 1912 Ispaniae
2366 1896 2376 1912 ,
2389 1872 2440 1897 An.
2460 1877 2502 1903 ¹9-

1315 1919 1369 1948 pro
1383 1910 1549 1949 quibusdam
1563 1910 1683 1948 Copulis
1697 1910 1889 1949 conjugalibus
1902 1911 2008 1942 ibidem
2030 1912 2245 1950 contrahendis,
2264 1912 2373 1943 misera-
2391 1912 2418 1935 E.
2442 1916 2467 1934 2·

1317 1958 1399 1987 muS,
1416 1950 1502 1987 quam
1519 1950 1642 1989 benigne
1657 1950 1690 1981 &
1705 1948 1866 1980 honorifice
1881 1958 1930 1979 eos
1946 1950 1976 1979 in
1989 1949 2073 1981 dietis
2084 1951 2206 1989 partibus
2221 1950 2374 1990 pertradia-
2388 1945 2528 1981 Chul-¹9·

1317 1986 1383 2024 stis,
1398 1987 1435 2018 de
1448 1998 1507 2026 quo
1522 1989 1605 2019 vobis
1616 1997 1705 2027 grates
1717 1988 1861 2019 referimus
1875 1987 2010 2025 speciales.
2393 1988 2422 2011 Ε·
2440 1992 2466 2010 2·
2487 1991 2525 2011 m·

1355 2024 1394 2057 Et
1409 2026 1474 2064 quia
1488 2025 1588 2057 Nobis
1601 2027 1718 2057 relatum
1733 2026 1774 2057 est
1791 2025 1886 2064 quod,
1905 2036 1990 2063 penes
2004 2026 2081 2066 Vos,
2100 2028 2136 2058 ab
2150 2027 2286 2066 aliquibus
2307 2036 2381 2066 prae-
2398 2031 2438 2058 ¹7·
2457 2020 2482 2048 d·

1319 2062 1448 2103 dicatur,
1465 2064 1547 2102 quod
1560 2064 1730 2102 Edwardus,
1747 2064 1819 2095 filius
1834 2064 1931 2094 noster
1947 2064 2176 2105 Primogenitus,
2193 2066 2259 2096 alibi
2272 2067 2301 2096 in
2340 2075 2382 2096 at-

1319 2102 1393 2133 tibus
1407 2102 1533 2134 Franciae
1546 2102 1662 2134 deberet
1673 2113 1722 2141 per
1737 2112 1790 2133 nos
1802 2103 1979 2141 maritari,&
1996 2113 2031 2134 ex
2046 2104 2103 2135 hoc
2113 2105 2287 2144 quamplures
2334 2113 2380 2134 aff-

1320 2148 1396 2171 nates
1409 2142 1528 2179 partium
1544 2141 1654 2172 illarum
1668 2149 1909 2180 commoventur,
1925 2141 2025 2173 vestrae
2033 2140 2193 2174 Dileetioni
2206 2151 2309 2174 notum
2324 2153 2339 2173 e
2365 2153 2381 2173 e

1320 2179 1471 2219 volumus,
1489 2181 1571 2219 quod
1585 2190 1645 2211 non
1662 2180 1702 2211 est
1716 2180 1822 2211 ibidem
1838 2182 1995 2219 maritatus,
2012 2191 2066 2212 nec
2079 2181 2158 2219 super
2182 2181 2240 2212 hoc
2260 2182 2381 2212 Tracta-

1322 2225 1364 2249 tus
1378 2218 1556 2258 habetur,&
1571 2218 1677 2250 nostrae
1693 2218 1843 2250 voluntatis
1858 2227 1904 2249 aut
1917 2220 2079 2250 intentionis
2090 2229 2267 2258 nequaquam
2281 2219 2382 2258 existit,

1322 2256 1404 2294 quod
1417 2257 1509 2289 didius
1523 2257 1609 2288 Filius
1627 2255 1723 2288 noster
1740 2256 1842 2288 alicubi
1857 2258 2026 2296 copuletur,
2046 2258 2096 2289 nisi
2109 2259 2158 2289 ubi
2173 2259 2253 2297 alias,
2269 2268 2319 2297 per
2338 2259 2381 2290 di-

1322 2295 1386 2326 etos
1403 2295 1540 2328 Nuncios
1557 2295 1686 2335 nostros,
1703 2295 1873 2327 Traetatum
1889 2295 1989 2328 existit.

1360 2333 1417 2373 Et,
1435 2335 1476 2365 ob
1496 2335 1570 2366 hanc
1594 2336 1718 2372 causam,
1738 2334 1813 2373 jam,
1828 2334 1965 2365 dileetum
1986 2335 2133 2367 Clericurn
2148 2336 2295 2374 nostrum,
2314 2335 2384 2366 Ma*v

1324 2371 1444 2410 gistrum
1467 2373 1583 2403 Petrum
1603 2373 1638 2404 de
1658 2373 1827 2410 Galiciano,
1844 2372 1879 2403 ad
1899 2372 1986 2404 dictas
2002 2382 2091 2411 partes
2106 2375 2222 2414 Ispaniae
2236 2374 2383 2405 transmifi-

1324 2418 1388 2441 mus
1402 2421 1455 2450 pro
1468 2411 1535 2449 hiis,
1555 2420 1620 2450 quae
1633 2411 1696 2442 alias
1708 2411 1821 2442 traitata
1835 2411 1961 2450 fuerant,
1976 2420 2062 2450 prout
2073 2412 2171 2451 decet,
2188 2411 2382 2444 firmitateval-

1324 2449 1420 2480 landis.

1363 2487 1401 2519 Et
1414 2488 1539 2526 insuper,
1557 2487 1690 2519 Domino
1704 2488 1826 2519 Summo
1848 2486 1998 2526 Pontifici,
2017 2496 2066 2526 pet
2088 2488 2194 2520 nostras
2212 2489 2302 2519 literas
2322 2488 2382 2526 spe·

1326 2526 1424 2565 ciales,
1441 2526 1572 2558 duximus
1591 2527 1609 2546 ³*
1628 2527 1857 2565 supplicandum,
1879 2534 1909 2556 ut
1925 2537 1976 2564 pro
1989 2537 2042 2565 eo,
2061 2528 2140 2565 qubd
2164 2527 2293 2558 Personae
2313 2537 2384 2557 con-
2399 2521 2413 2537 ⁴¹¹
2433 2521 2485 2550 IV·

1323 2565 1477 2604 jungendae
1491 2564 1604 2595 Consan
1628 2566 1745 2596 uinitatis
1760 2565 1846 2602 gradu
1860 2564 1888 2594 se
1909 2567 2066 2604 attingunt,
2084 2566 2235 2603 dispenlare
2257 2566 2384 2604 dignetur
2405 2559 2464 2589 ¹3⁶·

1327 2605 1356 2635 su
1378 2614 1406 2634 er
1419 2603 1581 2642 hujusmodi
1623 2604 1707 2642 opula
1721 2604 1756 2633 de
1773 2603 1947 2641 plenitudine
1962 2604 2104 2642 potestatis
2120 2604 2302 2642 Apostolicae.

1399 2650 1434 2673 at.
1449 2641 1522 2680 apud
1537 2642 1673 2673 SanCtum
1689 2642 1894 2680 Edmundum,
1914 2643 2009 2680 primo
2023 2643 2069 2673 die
2078 2642 2210 2682 Januarii.

1567 2777 1614 2810 De
1633 2779 1783 2810 Scrutim‘o
1793 2787 1848 2822 pro
1868 2774 1980 2809 Literis
1991 2776 2142 2822 staspeffls.

1330 2861 1467 2918 REX,
1484 2862 1591 2892 dilefftis
1604 2863 1637 2893 &
1653 2861 1780 2892 fidelibus
1793 2861 1861 2899 suis,
1878 2860 2038 2891 Willielmo
2050 2860 2086 2892 de
2100 2859 2201 2901 Grey,
2216 2861 2250 2893 ὃς
2260 2861 2384 2901 Johanni
2402 2867 2475 2898 Αῃῃ,
2486 2866 2528 2898 D,

1407 2901 1443 2930 de
1460 2900 1620 2940 Shelnyng,
1639 2900 1772 2933 Salutem.
2204 2911 2209 2916 ’
2418 2906 2500 2945 1326¹

1366 2938 1462 2968 Sciatis
1476 2939 1572 2977 quod,
1880 2971 1882 2973 ,
2398 2938 2513 2979 An.'19.

1366 2975 1446 3007 Cum
1463 2978 1701 3016 ordinaverimus,
1717 2986 1769 3014 pro
1783 2972 1943 3007 defensione
1956 2976 2053 3014 Regni
2067 2976 2172 3016 nostri,
2191 2977 2270 3016 quod
2284 2977 2312 3006 in
2328 2977 2381 3007 sin—
2398 2987 2425 3010 E.
2443 2993 2469 3010 2,

1327 3015 1397 3054 gulis
1410 3015 1549 3045 Portubus
1564 3016 1684 3053 ejusdem
1701 3016 1812 3054 Regni,
1830 3025 1880 3052 per
1891 3024 1983 3046 certos
1999 3015 2091 3046 fideles
2115 3016 2244 3053 nostros,
2262 3015 2380 3051 diligens
2396 3025 2452 3048 Pas,
2483 3030 2525 3055 19⁶

1328 3054 1501 3084 Scrutinium
1518 3054 1564 3084 fiat
1576 3055 1653 3092 super
1675 3054 1773 3084 Literis
1787 3053 2030 3092 quibuscumque,
2048 3064 2063 3083 a
2084 3055 2205 3091 partibus
2226 3053 2381 3083 transmari·
2396 3063 2425 3086 E.
2441 3069 2454 3085 2
2478 3065 2503 3094 p,

1330 3093 1372 3161 ῐέἰε
1387 3093 1415 3121 in
1430 3092 1709 3161 Regnumdnostrum
1721 3091 1945 3130 deferendis,vel
1958 3094 1993 3123 ab
2008 3092 2110 3122 codem
2125 3092 2230 3131 Regno
2245 3090 2279 3120 ad
2295 3099 2384 3128 partes
2402 3107 2469 3126 ran.
2484 3105 2510 3131 7.

1359 3138 1444 3161 xteras
1478 3140 1559 3161 ortan
1580 3142 1600 3162 is

1366 3169 1403 3199 Et
1416 3140 1495 3207 qugd
1511 3155 1617 3200 omnes²
1626 3170 1660 3201 δε
1675 3169 1789 3206 singulae
1803 3168 2045 3207 Lite1·ae,Nobis,
2064 3168 2108 3199 seu
2124 3167 2252 3198 Coronae
2268 3167 2383 3205 nostrae,

1330 3208 1542 3247 praejudiciales,
1560 3218 1606 3239 aut
1620 3208 1765 3246 suspectae,
1783 3207 1817 3238 ad
1831 3218 1883 3238 nos
1897 3208 2072 3245 deferantur,
2090 3207 2135 3238 vel
2153 3207 2316 3245 mittantur,
2334 3216 2384 3237 an-

1333 3255 1447 3287 tequam
1462 3246 1599 3278 Executio
1614 3246 1659 3278 fiat
1674 3247 1708 3276 de
1721 3247 1841 3285 eisdem,
2307 3283 2311 3288 Π

1367 3286 1406 3316 Et
1421 3285 1519 3316 Nobis
1536 3285 1631 3316 datum
1650 3286 1681 3316 sit
1693 3285 1810 3322 intelligi
1826 3284 1903 3322 quod
1920 3283 2278 3322 quamplures,hujusmodi
2293 3283 2384 3313 l1teras

1330 3323 1500 3362 deferentes,
1519 3324 1630 3355 dietum
1647 3324 1818 3354 Scrutinium
1830 3323 1967 3353 declinare
1987 3322 2128 3359 volentes,
2146 3323 2175 3351 in
2195 3321 2326 3352 Navibus
2348 3321 2381 3351 δε

1330 3362 1437 3393 Batellis
1453 3386 1462 3401 ,
1479 3373 1529 3401 per
1549 3361 1701 3393 Costeram
1724 3362 1815 3400 Aquae
1837 3360 1971 3391 Tamifiae
1985 3383 1994 3398 ‚
2011 3362 2082 3391 inter
2105 3360 2248 3391 Recolure
2262 3384 2270 3397 ,
2290 3358 2384 3403 Grey-

1331 3401 1415 3440 stou,
1432 3402 1466 3432 &
1480 3401 1670 3439 Whststaple,
1685 3401 1845 3438 frequenter
1863 3398 1897 3429 ad
1919 3407 2022 3429 terram
2043 3407 2202 3436 ponuntur,
2221 3399 2254 3428 ὅς
2276 3397 2384 3428 theras

1330 3440 1387 3470 illas
1401 3450 1459 3478 quo
1474 3440 1615 3471 voluerint
1628 3439 1774 3477 deferunt3
1790 3437 1865 3468 unde
1880 3438 1961 3467 nobis
1976 3438 2009 3468 ὃς
2022 3437 2126 3476 Regno
2140 3436 2238 3466 nostro
2259 3434 2384 3473 dampna

1331 3479 1365 3509 ὃ(-
1381 3479 1503 3516 pericula
1516 3486 1648 3516 poterunt
1661 3478 1788 3515 evenire,
2246 3511 2250 3517 ι

1368 3517 1436 3547 Nos
1446 3540 1455 3555 ,
1472 3516 1628 3555 hujusmodi
1643 3515 1777 3546 Pei-iculis
1792 3514 1907 3545 obviare
1923 3514 2063 3549 volentes,
2081 3513 2114 3543 &
2130 3511 2166 3542 de
2177 3510 2312 3555 fidelitate
2332 3522 2384 3543 ve-

1331 3554 1385 3585 stra
1407 3554 1598 3593 confidentes,
1615 3553 1810 3593 assignavimus
1829 3563 1880 3583 vos
1896 3576 1905 3589 ,
1923 3551 2097 3589 conjunffim
2113 3573 2122 3587 ,
2140 3550 2174 3580 &
2195 3550 2306 3580 divisim
2320 3574 2330 3588 ,
2348 3549 2384 3580 ad

1330 3593 1548 3624 custodiendum
1560 3594 1656 3623 omnia
1669 3594 1730 3622 loca
1766 3601 1815 3629 pet
1828 3589 1977 3620 Costetam
1997 3589 2081 3619 dietae
2103 3590 2195 3625 Aquae
2214 3587 2385 3628 Thamifiae,

1330 3633 1403 3663 inter
1415 3631 1562 3672 praedietas
1575 3631 1661 3661 Villas
1675 3630 1711 3660 de
1725 3614 1885 3672 Recolure,
1904 3627 2066 3671 Greyston,
2084 3627 2117 3657 &
2126 3625 2319 3670 ¹Whitstapel:

1370 3669 1407 3701 Et
1422 3670 1456 3700 ad
1470 3670 1587 3707 diligens
1605 3668 1778 3699 Scrutinium
1793 3677 1821 3696 in
1837 3666 1971 3695 omnibus
1987 3667 2019 3696 ὃς
2036 3665 2144 3703 lmgulis
2158 3665 2242 3701 locis,
2261 3664 2383 3695 ubiNa-

1331 3719 1379 3740 ves
1400 3709 1555 3746 applicant,
1573 3708 1619 3737 vel
1639 3708 1776 3744 applicare
1798 3712 1944 3741 poterunt,
1964 3713 2012 3741 per
2036 3702 2188 3733 Costeram
2201 3702 2383 3741 praedidffim,

1332 3748 1402 3777 inter
1416 3746 1561 3784 praedicitas
1575 3744 1660 3775 Villas
1670 3769 1678 3782 ,
1696 3743 1854 3774 faciendum
1891 3743 1949 3771 tam
1964 3740 2094 3772 videlicet
2106 3741 2141 3771 de
2156 3741 2206 3771 illis
2227 3742 2278 3779 qui
2298 3741 2381 3779 Reg-

1331 3795 1401 3830 num
1416 3784 1546 3814 nostrum
1561 3783 1688 3821 ingredi,
1702 3782 1789 3819 quam
1803 3780 1839 3810 de
1853 3765 1902 3809 iilis
1915 3781 1963 3818 qui
1979 3779 2054 3810 idem
2068 3779 2203 3819 Regnum
2216 3778 2312 3817 egredi
2329 3790 2382 3811 vo-

1345 3831 1449 3853 uennt:

1332 3824 1342 3854 l
1369 3861 1406 3892 Et
1419 3859 1453 3890 ad
1467 3869 1567 3890 omnes
1582 3858 1661 3895 illos,
1679 3867 1762 3895 penes
1776 3867 1848 3894 quos
1863 3855 2021 3894 hujusmodi
2044 3855 2148 3886 Literae
2169 3855 2385 3895 praejudiciales,

1332 3908 1378 3930 aut
1393 3898 1539 3936 suspecstae,
1557 3905 1673 3935 repertae
1694 3896 1814 3932 fuerint,
1832 3895 1888 3924 una
1909 3904 1978 3924 cum
2000 3894 2082 3924 literis
2104 3894 2154 3923 illis
2188 3894 2385 3932 arestandum,

1331 3939 1365 3969 ὃς
1379 3937 1428 3968 sub
1442 3936 1530 3966 aresto
1543 3934 1699 3973 hujusmodi
1714 3943 1762 3972 per
1769 3933 2008 3970 Vicecomites,in
2024 3942 2147 3970 quorum
2161 3917 2269 3963 i3allivis
2284 3933 2384 3970 reperti

1332 3976 1450 4013 fuerint,
1469 3973 1606 4004 custodiri
1624 3972 1801 4010 faciendum,
1820 3971 1964 4009 quousque
1982 3971 2055 4000 aliud
2075 3970 2142 4000 inde
2162 3970 2321 4001 duxerimus
2334 3970 2383 4000 de-

1333 4012 1541 4044 mandandum:

1372 4052 1409 4082 Et
1426 4051 1492 4081 ideo
1508 4050 1590 4081 vobis
1605 4049 1788 4086 mand-amus,
1806 4047 1885 4086 quod
1897 4046 1932 4078 ad
1953 4047 2105 4086 praemissa,
2123 4047 2220 4078 omnia
2239 4048 2272 4079 ὃς
2294 4046 2385 4083 singu-

1333 4091 1358 4122 la
1368 4114 1376 4129 ‚
1394 4088 1519 4121 facienda
1533 4090 1566 4122 &
1582 4087 1760 4126 exequenda,
1777 4089 1806 4118 in
1817 4086 1911 4156 foyrma
1924 4087 2058 4126 praedicta
2070 4086 2230 4118 intendatis:
2350 4118 2388 4151 Et
