2562 4279
6 154 53 174 nn.
71 143 112 174 D.

0 184 82 221 1328.

0 223 46 250 dv.
66 232 91 257 3.

0 263 68 288 'idem
73 280 79 286 .

565 48 1367 104 CONVENTIONE&

131 79 146 104 1
159 78 179 105 2

130 149 336 211 VEiierabili
358 150 387 178 in
407 146 541 178 Christro
559 146 636 176 Patri
650 169 659 183 ‚
680 145 816 175 Domino
838 142 869 173 B.
891 143 949 173 Dei
969 141 1055 182 gratia
1070 165 1079 181 ,
1097 141 1191 172 Tituli

213 188 308 218 Sancii
324 186 499 223 Clementis,
518 184 677 214 Presbitero
693 181 855 220 Cardinali,
866 181 991 220 Amico,
1001 182 1061 212 δίε.
1075 180 1192 213 Edwar-

129 227 198 263 dus,
218 228 279 257 &o
294 226 416 255 Salutem
430 225 463 254 &
478 224 592 253 smCCI‘ae
608 221 767 251 dileetionis
782 219 929 251 affectum.

166 264 244 295 Cum
259 264 317 293 dira
331 263 505 293 Guerrarum
519 261 715 296 discrimina,a
731 260 822 296 longis
838 268 915 290 retro
928 257 1190 297 temporibus,Po-

126 304 207 343 pulos
230 302 416 332 miserabiliter
438 299 597 330 afflixerunt
617 297 730 335 Angliae
754 300 787 329 &
805 298 911 328 Scotiae
931 298 1114 334 Nationum,
1128 295 1189 330 &c.

121 349 204 379 prout
213 340 298 379 Jiaepra
307 363 316 378 ,
335 339 413 378 usque
427 338 482 368 haec
494 337 601 372 verba,
621 340 683 365 viz.

167 380 246 409 Pacis
265 380 297 408 δε
319 377 462 407 Amicitiae
484 376 621 412 Foedera,
640 385 709 405 cum
724 374 846 413 specialis
861 374 1123 405 confoederationis
1134 372 1192 403 alli-

128 417 236 458 gantia,
255 413 372 445 stabilita
389 415 440 444 sint
453 415 487 445 ὃ(
504 413 625 444 firmata:

165 455 248 493 Nos,
267 453 468 490 desiderantes,
488 452 535 489 pifi.
550 451 790 491 conlideratione,
810 451 891 489 ipsius
914 450 1002 490 Regis
1020 452 1055 482 &
1073 450 1190 481 suorum

125 493 278 525 honori&
298 492 374 521 saluti
396 491 552 529 provideri,
572 490 770 521 paternitatem
794 490 914 520 vestram
938 499 1071 527 rogamus
1091 490 1124 519 ὃς
1146 499 1190 518 re-

124 533 263 569 quirimus
276 540 308 560 ex
321 529 443 568 affedu,
462 530 608 568 quatinus,
627 537 658 559 ut
672 528 820 560 Processus
837 529 870 566 (si
885 539 958 566 quos
976 537 1077 559 contra
1098 527 1189 565 ipsum

126 570 239 609 Regem
255 569 379 606 Scotiae,
397 568 442 598 seu
459 570 515 606 ejus
532 568 684 606 Regnum,
703 577 748 598 aut
759 567 894 597 Subditos
909 567 986 605 suos,
1005 567 1134 597 Clericos
1142 566 1188 596 vel

127 609 246 645 Laicos,
265 607 442 637 Au&oritate
456 606 643 644 Apostolica,
661 606 728 636 facti
740 606 866 642 fuerunt)
882 605 977 635 debite
997 606 1031 636 &
1054 603 1190 634 effectua-

126 646 188 676 liter
211 654 399 684 revocentur,
415 645 524 684 velitis,
541 655 640 676 amore
654 644 759 682 nostri,
778 654 866 683 opem
881 645 915 674 &
931 644 1080 674 consilium
1093 644 1189 680 impo-

126 695 192 715 nere
205 693 364 723 oportuna,
382 685 418 714 ita
432 683 510 722 quod
527 683 628 714 exinde
643 683 723 714 Pacis
738 685 772 715 ὃς
789 684 933 714 Amicitiae
944 682 1098 720 Stabilitas,
1116 682 1188 711 inter

125 733 179 754 nos
193 724 225 754 ὃς
242 722 332 761 ipsum
347 722 480 761 Regem,
497 722 606 753 solidius
622 723 785 762 perseveret.

162 799 230 831 Dat.
248 807 280 831 ut
295 799 382 839 supra.

247 876 422 910 Consimiles
436 878 540 909 Literae
556 877 713 918 diriguntur
725 876 899 915 subscriptis,
917 875 1068 913 videlicet,

163 956 279 986 Domino
295 957 330 985 G.
346 954 422 985 tituli
437 956 532 985 sanai
544 958 645 984 Ciriaci
657 958 685 984 in
701 957 800 984 Termis
816 953 968 984 Presbitero
981 950 1142 990 Cardinali,

163 996 277 1023 Domino
294 998 329 1024 G.
345 995 452 1023 Sanrsr‘ae
467 996 559 1023 Luciae
574 997 602 1022 in
614 993 691 1022 Silice
705 996 825 1022 Diacono
841 990 1002 1029 cardinali,

158 1035 279 1100 ,Domiyio
294 1036 329 1063 G.
352 1032 475 1072 Episcopo
496 1031 633 1074 Sabinenfi
661 1033 768 1062 SanHae
789 1034 917 1061 Romanae
945 1029 1068 1070 Ecclesiae
1090 1027 1186 1058 Cardi-

199 1083 236 1100 na
248 1083 257 1100 1

160 1095 278 1139 Domini
291 1112 324 1139 R.
341 1110 371 1138 de
386 1112 485 1147 Farges
499 1110 606 1139 Sanclae
620 1111 724 1139 Mariae
739 1110 833 1138 Novae
850 1110 971 1137 Diacono
988 1105 1145 1143 Cardinali,

161 1150 278 1214 D⁰⁷'²{.²¹⁰
298 1150 330 1178 P.
350 1147 472 1187 Episcopo
493 1147 635 1189 Portuenfi
655 1149 764 1177 Sanc‘lae
784 1150 913 1176 Romame
940 1144 1064 1185 Ecclefiae
1088 1144 1185 1174 Cardi-

198 1198 234 1215 πα
247 1200 255 1215 ι

158 1210 275 1255 Domini
290 1228 325 1256 G.
339 1223 493 1266 Albanetifi
508 1226 616 1254 sanerae
629 1226 757 1253 Romana
769 1223 890 1264 Ecclefiae
903 1221 1045 1252 Cardinali

162 1265 280 1293 Domino
293 1266 330 1292 L.
347 1265 456 1293 Sanaae
473 1266 578 1293 Mariae
592 1266 621 1291 in
636 1265 694 1292 Via
707 1261 769 1290 lata
782 1265 904 1291 Diacono
918 1244 1080 1298 Cardinafi,

164 1304 278 1331 Domino
303 1304 335 1331 P.
350 1304 445 1331 Sand’t'i
460 1301 564 1339 Angeli
576 1304 697 1331 Diacono
711 1299 870 1338 cardinali,

160 1343 277 1370 Domino
291 1344 327 1370 G.
341 1340 426 1370 Tituli
438 1342 595 1370 Sanaorum
608 1338 767 1369 Marcellini
779 1337 817 1373 (ἔγ
831 1341 910 1368 Petri
923 1336 1073 1366 Presbitero
1087 1336 1185 1366 Cardi-

199 1378 257 1408 nali

164 1404 281 1447 Dominir
295 1420 327 1447 P.
348 1421 397 1447 Dei
407 1416 521 1455 gratia,
538 1414 660 1455 Epiftopo
675 1414 822 1455 penestrin.
839 1416 946 1445 Saneft'ae
954 1416 1081 1445 Romanae
1095 1412 1188 1443 Eccle-

194 1455 244 1495 fiae
256 1455 395 1485 Cardinali
401 1480 410 1494 ,
435 1459 463 1484 V
463 1454 667 1484 icecancellario.

164 1496 281 1524 Domino
294 1498 336 1524 A.
352 1495 447 1523 SanHi
460 1493 600 1533 Eustachii
614 1496 734 1522 Diacono
750 1491 910 1530 Cardinali,

163 1535 278 1562 Domino
293 1535 336 1562 A.
350 1534 458 1562 Sanc‘lae
471 1535 574 1562 Mariae
586 1536 614 1561 in
628 1534 736 1560 Portica
749 1533 869 1560 Diacono
884 1529 1044 1569 Cardinali‚

161 1573 277 1600 Domino
292 1573 324 1600 P.
339 1569 417 1600 tituli
431 1572 540 1601 Sancfi‘ae
556 1569 685 1609 Susannae
698 1569 852 1599 Presbitero
866 1568 1027 1607 cardinali,

162 1611 278 1638 Domino
291 1611 327 1638 B.
340 1610 449 1639 SanHae
464 1612 569 1639 Mariae
581 1613 610 1638 in
625 1612 733 1647 Aquiro
747 1610 866 1637 Diacono
882 1607 1041 1645 Cardinali,

161 1649 277 1677 Domino
291 1649 332 1676 N.
346 1649 441 1677 Sanffl
455 1648 580 1677 Adriani
594 1650 713 1676 Diacono
728 1645 888 1684 cardinali,

161 1687 278 1715 Domino
291 1685 328 1725 J.
343 1688 437 1716 Sanc‘i‘i
451 1686 579 1716 Theodori
594 1688 717 1715 Diacono
728 1683 883 1714 cardinali.

121 1814 181 1845 Pro
206 1807 422 1844 Cardinalibus
436 1836 446 1852 ‚
475 1808 511 1842 de
539 1811 689 1851 Decima,
716 1812 791 1856 Regi
807 1820 862 1856 per
887 1809 1011 1843 Clerum
1039 1810 1182 1856 cmuffz,

547 1856 752 1891 exonerandis.

186 1946 244 1977 EX
255 1970 263 1984 ,
281 1944 468 1976 Thesaurario
483 1945 515 1976 &
529 1942 684 1974 Baronibus
699 1942 751 1974 suis
764 1942 800 1974 de
811 1943 976 1984 Scaccario,
992 1945 1127 1977 Salutem.

222 1985 321 2014 Sciatis
333 1983 429 2022 quod,
448 1984 489 2014 ob
505 1982 701 2013 Affectionem
709 2005 718 2021 ,
727 1993 813 2021 quam
823 1991 887 2021 erga
902 1983 1099 2015 Venerabilem
1109 1984 1184 2016 Coe-

121 2031 183 2053 tum
200 2022 394 2053 Cardinalium
409 2021 544 2053 Ecclefiae
557 2021 700 2051 Romanae
711 2022 836 2060 gerimus
857 2022 892 2052 &
911 2022 1064 2061 habemus,
1081 2024 1183 2060 pardo-

121 2062 252 2092 iiavimus
276 2062 408 2091 omnibus
427 2062 460 2092 &
487 2060 598 2098 fingulis
614 2058 828 2097 Cardinalibus,
846 2060 876 2089 in
891 2059 998 2098 Regno
1013 2061 1114 2092 nostro
1131 2062 1185 2092 Be-

93 2118 98 2125 ·
119 2099 271 2138 neficiatis,
288 2109 389 2130 omnes
404 2099 538 2129 Pecuniae
549 2098 684 2136 summaS,
702 2098 793 2137 ipsos,
810 2099 918 2129 ratione
932 2099 1082 2139 Decimae,
1099 2102 1185 2132 nobis

74 2155 81 2162 ·
119 2148 170 2176 per
189 2138 309 2169 Cleruni
324 2138 420 2177 Regni
437 2137 526 2167 nostri
541 2146 630 2174 nuper
641 2136 801 2175 concessae,
819 2138 1033 2176 contingentes:

160 2177 196 2208 Et
216 2177 283 2208 ideo
305 2178 387 2207 vobis
403 2175 568 2206 mandamus
581 2175 661 2213 quod
675 2185 776 2205 omnes
788 2174 950 2207 Cardinales
966 2177 1137 2216 praedic‘tos,
1151 2179 1183 2209 in

120 2215 226 2253 Regno
244 2215 343 2245 nostro
358 2239 366 2252 ,
383 2223 413 2245 ut
433 2215 613 2252 praemittitur
626 2236 635 2252 ,
653 2213 837 2244 Beneficiatos
851 2238 861 2252 ,
878 2214 915 2245 de
937 2214 1013 2246 dic‘ta
1032 2215 1158 2247 Decima
1174 2241 1184 2256 ,

120 2254 207 2292 ipsos,
226 2255 334 2284 ratione
349 2253 557 2284 Beneficiorum
572 2252 741 2290 suorum,in
756 2252 861 2292 Regno
877 2253 976 2284 nostro
991 2254 1181 2293 existentium,

120 2294 322 2336 contingente,
341 2291 376 2322 ad
398 2292 473 2322 idem
493 2292 676 2322 Scaccarium
696 2292 860 2330 exonerari,
878 2293 912 2323 &
934 2293 1044 2330 quietos
1067 2294 1124 2324 effe
1138 2294 1180 2325 fa-

119 2340 216 2367 claris,

157 2368 358 2399 Distridtiones
376 2367 414 2405 (fi
430 2378 497 2406 quas
513 2369 566 2406 eis,
584 2367 725 2406 praemissa
740 2368 909 2407 occasione,
926 2368 984 2399 fieri
999 2369 1130 2408 feceritis)
1148 2371 1182 2403 si-

120 2417 158 2438 ne
171 2407 303 2438 dilatione
316 2407 427 2437 relaxari
442 2407 572 2436 facientes
586 2407 700 2437 eisdem.

156 2482 247 2514 Teste
261 2481 347 2521 Rege
361 2481 436 2521 apud
449 2481 485 2513 N
486 2482 666 2521 orhampton.
681 2482 796 2514 declino
811 2483 856 2515 die
870 2484 960 2524 Maii,

594 2561 646 2590 Per
658 2559 740 2598 ipficm
755 2563 852 2599 Regem
866 2560 905 2596 ῤ’
921 2560 1074 2593 Concilium.

181 2687 208 2713 *θ
235 2688 293 2722 Ad
306 2692 442 2736 Papam,
468 2691 577 2721 iterata
597 2691 701 2723 Preces
714 2699 769 2734 pro
789 2688 997 2732 Cantuarienst
1014 2688 1127 2722 Elec'io.

96 2794 102 2801 .
120 2773 242 2834 PApae
259 2773 324 2803 Rex
338 2773 442 2804 devota
457 2772 567 2803 Pedum
580 2772 674 2803 oscula
687 2773 845 2803 beatorum.

207 2812 279 2850 Qio
304 2812 447 2842 intentiori
469 2811 604 2841 desiderio
620 2835 630 2849 ,
658 2811 739 2841 Pater
763 2810 965 2849 Sanctiffime,
982 2810 1180 2851 Elefflonem,

120 2859 208 2887 nuper
231 2852 259 2879 in
280 2849 403 2880 Ecclesiii
423 2849 616 2879 Cantuariensi
640 2851 780 2880 canonice
801 2851 835 2880 ὃς
857 2849 1042 2880 concorditer
1056 2850 1180 2880 celebra-

120 2896 198 2926 tam,
217 2888 269 2926 de,
287 2888 408 2918 discreto
428 2887 501 2917 Viro
514 2911 523 2924 ,
543 2887 685 2926 Magistro
705 2888 825 2918 Simone
846 2888 882 2918 de
905 2888 1045 2926 Mepham
1058 2912 1068 2926 ,
1087 2888 1180 2919 Sacrae

121 2925 294 2965 Theologiae
315 2926 451 2956 Doctore
464 2949 474 2964 ,
491 2927 519 2955 in
541 2925 796 2966 Archiepiscopum
815 2927 874 2956 loci
894 2926 987 2964 illius,
1005 2927 1080 2957 felici
1101 2936 1182 2965 opta-

120 2974 184 2995 mus
198 2964 315 2995 effe<stui
329 2965 498 3001 mancipari,
519 2966 556 2993 eo
569 2964 669 2994 vestrae
685 2964 872 3002 Clementiae,
891 2975 944 3002 pro
964 2965 1047 3003 ipsius
1067 2966 1181 3004 expedi-

121 3004 217 3042 tione,
233 3012 330 3041 preces
344 3004 481 3040 cogimur
493 3002 666 3040 frequentius
679 3003 786 3033 iterare.

157 3041 261 3080 Nuper
282 3041 439 3080 siquidem,
466 3040 547 3070 Pater
565 3040 670 3071 Sancte
682 3063 692 3078 ,
716 3042 776 3071 tam
799 3040 977 3072 Electionem
996 3041 1180 3082 praedic‘tam,

118 3081 206 3117 quam
228 3080 318 3110 Elet‘li
338 3080 485 3117 personam
510 3077 588 3115 (Cui
609 3079 645 3108 de
659 3079 734 3108 Vitae
754 3081 910 3118 saneritate,
929 3082 963 3111 &
986 3080 1108 3111 Morum
1122 3082 1180 3112 ele-

117 3118 228 3157 gantia,
247 3118 382 3149 laudabile
393 3117 612 3148 Testimonium
627 3118 803 3155 perhibetur)
819 3118 920 3148 vestrae
938 3118 1104 3149 Beatitudini
1126 3131 1178 3158 pu-

117 3156 148 3186 ra
162 3157 318 3187 intentione
331 3156 755 3194 recommendavimus,votivi's
769 3156 904 3186 desideriis
915 3156 1097 3194 supplicando
1110 3168 1178 3196 qua-

117 3195 198 3224 tenus
219 3195 311 3225 eidem
334 3195 455 3233 ΕΙεξὶο,
474 3196 503 3224 in
526 3194 601 3224 felici
622 3193 797 3231 expeditione
819 3195 925 3233 negotii
947 3196 1091 3226 elefflonis
1106 3206 1178 3234 prae-

116 3232 226 3272 milsae,
240 3234 339 3271 jubere
353 3233 542 3270 dignaremini
558 3232 661 3262 favoris
676 3234 710 3264 δε
724 3233 821 3272 gratiae
840 3233 1043 3270 plenitudinem
1065 3234 1179 3264 exhibe-

116 3282 163 3309 re,
182 3271 215 3302 &
237 3272 328 3309 ipsum
347 3271 381 3301 ad
400 3271 558 3301 Ecclesiam
580 3270 625 3308 (ad
645 3272 722 3309 cujus
736 3272 863 3310 regimen
879 3271 937 3301 tam
949 3271 1042 3302 sanCt‘e
1058 3272 1090 3302 ὅ(
1105 3282 1178 3303 con-

115 3309 238 3378 colim&
253 3318 370 3341 vocatus
385 3309 487 3347 extitit)
505 3310 648 3340 remittere
660 3309 776 3340 feliciter
790 3308 960 3347 expeditum.

185 3359 264 3379 erum

155 3387 232 3424 Qia
246 3372 283 3417 dg
294 3386 453 3426 hujusmodi
466 3385 659 3424 expeditione,
674 3388 733 3425 jam
747 3386 850 3417 diutius
864 3384 1037 3424 praestolata,
1056 3397 1115 3417 non
1136 3387 1177 3417 est

115 3422 221 3455 delatus
239 3425 274 3455 ad
295 3434 348 3455 nos
370 3425 462 3456 adhuc
484 3435 584 3455 rumor
596 3434 703 3463 certus,
722 3435 894 3463 quamquam
908 3434 923 3454 a
939 3425 1081 3455 nonnullis
1093 3426 1178 3455 nobis

117 3465 279 3499 nuperrime
293 3465 412 3495 relatum
427 3464 516 3494 extitit
530 3463 610 3501 quod
619 3487 629 3502 ,
645 3466 804 3494 examinato
819 3463 903 3493 dietae
916 3462 1072 3493 Eleffionis
1087 3473 1178 3503 nego-

117 3501 177 3537 tio,
191 3500 226 3530 de
238 3503 319 3539 ipsius
334 3502 492 3540 propinqua
504 3502 739 3541 confirmatione,
757 3501 837 3532 firma
851 3500 952 3531 fiducia
963 3502 1134 3539 habebatur,

153 3538 375 3570 Sanctitudinem
396 3540 518 3571 vestram
538 3540 707 3578 affeetione,
727 3539 782 3578 qua
802 3539 950 3578 possumus
970 3541 1097 3578 cariore,
1115 3540 1177 3578 pul-

116 3575 225 3607 sandam
241 3578 371 3609 duximus
383 3580 513 3616 precibus
527 3580 645 3617 iteratis,
663 3580 811 3617 quatinus,

154 3614 272 3646 Pensatis
289 3616 409 3647 Paterna
424 3616 605 3648 Providentia
619 3618 829 3655 incommodis,
846 3626 911 3654 quae
932 3626 993 3646 non
1015 3616 1106 3647 solum
1127 3617 1176 3653 ipsi

118 3649 306 3684 Cantuariensi
326 3655 462 3685 Eccleliae
474 3678 484 3694 ,
501 3656 538 3685 set
557 3657 640 3686 etiam
663 3657 716 3686 toti
735 3656 841 3695 Regno
863 3653 962 3685 nostro
978 3677 989 3693 ,
1014 3664 1049 3684 ex
1068 3655 1175 3685 diutina

119 3685 273 3755 {aganone
293 3693 379 3723 dictae
401 3693 604 3724 Cantuarieniis
626 3693 780 3734 Ecclesiae,
795 3693 978 3726 verisimiliter
990 3694 1111 3724 iminent
1123 3693 1176 3723 hiis

140 3735 164 3755 ie
186 3738 231 3765 us,

154 3763 417 3809 Dierae‘Elee’tionis
429 3771 577 3808 negotium
592 3781 661 3801 cum
676 3772 834 3807 celeritate,
848 3770 906 3808 qua
920 3769 1010 3801 vestra
1025 3769 1174 3801 Beatitudo

117 3800 291 3850 decreverit,
301 3808 424 3847 *gratiose
440 3810 535 3844 jubere
548 3809 705 3847 dignemini
722 3808 853 3847 expediri.

154 3850 249 3887 firma
263 3851 339 3871 enim
354 3846 389 3873 ab
404 3847 534 3876 universis
550 3847 649 3884 Regni
664 3848 751 3878 nostri
766 3847 872 3877 Incolis
893 3845 995 3877 fiducia
1015 3849 1175 3887 optinetur,

117 3878 200 3914 quod
215 3878 294 3922 ipsius
309 3879 459 3924 Promotio
471 3884 505 3913 ad
520 3884 674 3915 Ecclesiam
686 3885 869 3924 supradicram
883 3895 943 3915 non
957 3885 1177 3916 solumAnima-

118 3925 182 3945 rum
194 3916 273 3960 'saluti
287 3917 473 3962 proficiet-,set
489 3924 570 3951 etiam
587 3925 672 3955 totius
687 3924 784 3964 Regni
797 3923 888 3954 nostri
903 3924 1175 3962 tranquilitati‚Deo

115 3963 257 3993 propitio,
274 3956 468 3993 providebitur
482 3960 515 3991 ὃς
531 3961 624 3997 quieti.

1435 53 1822 106 LrTERAE‚

1267 140 1297 171 Si
1317 149 1413 172 autem
1427 163 1438 180 ,
1453 141 1535 179 quod
1555 141 1625 172 absit
1639 163 1649 180 ,
1667 141 1749 172 Pater
1769 139 1946 171 Sanc'tiffime
1961 161 1971 178 ,
1987 137 2093 169 dieram
2112 138 2293 170 Electionem
2314 133 2390 165 Anni
2403 134 2445 166 D-

1228 179 1364 210 infirmari
1382 181 1581 219 contingeret,
1595 180 1706 218 Justitia
1726 179 1853 218 exigente
1868 202 1878 217 ,
1896 179 1930 209 ὃς
1951 177 2073 215 placeret
2091 176 2194 208 vestrae
2213 188 2294 208 man-
2340 175 2425 213 1328.
2475 180 2478 185 ¹

1229 218 1366 248 suetudini
1381 218 1474 248 eidem
1487 218 1619 249 Ecclesiae
1632 218 1668 248 de
1682 217 1806 247 Persona
1816 216 1867 246 alia
1888 215 2057 254 providere,
2075 221 2144 245 tunc
2165 215 2202 246 de
2225 215 2295 247 Pre-
2311 213 2378 242 Εᾶν.
2400 222 2427 250 3·

1229 257 1308 287 cibus
1334 257 1413 294 (quas
1432 257 1497 287 alias
1518 267 1571 295 pro
1586 280 1596 295 ,
1622 255 1784 286 Venerabili
1803 254 1887 285 Patre
1899 279 1910 293 ,
1941 254 2075 284 Henrico
2099 253 2292 286 Lincolnienfi

1230 294 1373 333 Episcopo
1396 295 1561 332 effudimus)
1583 295 1690 332 velitis,
1706 294 1726 324 si
1749 294 1856 332 placet,
1873 292 2031 330 reminisci,
2048 291 2082 323 ὃς
2102 301 2147 322 eas
2160 292 2195 323 ad
2210 302 2293 324 exau-

1229 333 1341 365 ditionis
1355 335 1470 372 gratiam
1484 333 1632 364 admittere
1646 342 1716 364 cum
1731 331 1849 363 efferita-

1268 372 1429 403 Conscrvet
1442 373 1503 403 &c-

1265 447 1334 479 Dat.
1350 448 1424 487 apud
1440 448 1668 487 Northampton.
1686 448 1803 479 decimo
1816 445 1852 476 de
1868 445 1951 477 Maii.

1229 576 1336 607 Litera
1356 571 1441 619 miffa
1466 572 1710 621 Burgimagistris
1732 572 1769 607 de
1793 575 1903 620 Bruges
1912 582 1968 618 pro
1987 571 2119 604 Nanciis
2137 569 2292 604 mittendis

1550 621 1594 655 ad
1609 622 1805 656 manandum
1826 620 1862 654 de
1879 624 1967 655 Pace.

1292 707 1350 738 EX
1366 731 1376 747 ,
1394 708 1503 739 dileffis
1523 708 1573 738 sibi
1590 732 1599 746 ,
1616 706 1838 748 Burgimagistris
1854 731 1864 745 ,
1883 706 2026 745 Scabinis,
2045 705 2236 745 Consulibus,
2253 705 2288 738 δί
2308 702 2436 736 Ann.D.

1309 745 1523 777 Communitati
1536 746 1621 776 Villae
1635 747 1671 777 de
1691 746 1811 786 Bruges,
1829 745 1961 777 Salutem.
2330 743 2415 784 1328.

1264 783 1362 823 Cum,
1380 795 1433 823 pro
1453 784 1591 815 Tradatu
1610 785 1742 815 habendo
1763 785 1799 816 de
1819 785 2022 816 reformatione
2036 783 2225 822 Concordiae,
2242 785 2287 814 in-
2302 785 2355 810 An·
2373 793 2400 810 2-

1226 828 1269 851 ter
1289 822 1433 853 Homines
1455 824 1489 854 &
1511 823 1689 854 Mercatores
1709 823 1745 853 de
1760 823 1870 860 Regno
1883 823 2001 860 nostro,
2020 823 2054 854 ὃς
2069 822 2204 860 quosdam
2218 822 2287 853 Ho-
2303 825 2332 847 E.
2352 830 2378 856 3·

1225 861 1314 891 mines
1335 863 1369 892 &
1391 861 1568 892 Mercatores
1587 860 1622 892 de
1646 861 1789 899 Flandria,
1806 862 1886 899 super
1900 860 2054 892 Discordiis
2066 862 2100 893 &
2114 861 2288 892 Contentio-
2304 859 2391 895 claus.
2409 869 2436 888 ²·

1225 899 1325 937 nibus,
1345 901 1447 930 exortis
1466 900 1616 931 occasione
1636 899 1861 938 Dampnorum,
1878 899 1956 938 supra
1971 899 2054 930 Mare
2064 900 2133 931 hinc
2146 899 2212 930 inde
2227 899 2287 931 illa-
2303 902 2333 924 E.
2352 907 2377 933 3-
2399 907 2434 925 ²³⁹·

1224 944 1339 976 torum,
1356 938 1481 969 sedandis
1496 939 1530 969 ὃς
1543 935 1739 976 pacificandis,
1756 937 1847 976 plures
1861 936 1918 968 dies
1938 937 2066 976 affignati
2085 938 2208 978 fuerint,
2225 939 2286 969 tam
2302 944 2347 972 27-
2364 935 2391 964 d·

1222 982 1304 1044 ‘siff
1305 976 1400 1054 ⁰352?
1400 975 2285 1054 SffiissimE'6333ss3123i⁵qssssffiffiffipffisseffissussuissffi

1292 1038 1301 1053 ³
1714 1038 1725 1052 ¹>
2272 1033 2285 1039 ⁴

1223 1053 1379 1122 niegtibffi,
1397 1053 1529 1085 nondum
1542 1054 1632 1084 extitit
1644 1052 1812 1084 reformata:

1293 1102 1309 1122 c
1364 1103 1397 1123 os

1260 1116 1475 1162 Consideraintes
1498 1130 1683 1170 Commoda,
1700 1140 1765 1170 quae
1787 1140 1822 1162 ex
1840 1130 1939 1163 mutua
1951 1129 2169 1163 Communione
2181 1132 2286 1164 Terra-

1221 1178 1287 1198 rum
1309 1169 1419 1209 Angliae
1444 1171 1479 1201 &
1502 1170 1641 1201 Flandriae
1654 1171 1804 1209 provenire
1815 1178 1966 1208 poterunt,
1982 1169 2017 1200 &
2032 1169 2201 1209 Dispendia,
2219 1182 2285 1210 quae

1221 1216 1256 1250 ex
1269 1207 1426 1246 hujusmodi
1439 1208 1681 1240 Contentionibus
1695 1208 1880 1240 verisimiliter
1902 1208 2032 1246 evenire,
2050 1208 2288 1249 desiderantesque

1221 1254 1292 1276 inter
1308 1246 1375 1277 Nos
1389 1249 1423 1279 &
1438 1248 1551 1278 nostros
1566 1247 1716 1285 Subditos,
1734 1257 1768 1278 ac
1781 1247 1842 1278 Vos
1854 1248 1888 1278 &
1902 1255 2019 1277 caeteros
2031 1246 2069 1276 de
2082 1246 2229 1287 Flandria,
2240 1249 2285 1279 su—

1241 1293 1269 1326 er
1283 1284 1442 1323 hujusmodi
1455 1286 1611 1317 Discordiis
1625 1287 1659 1318 Sc
1674 1285 2052 1324 Contentionibus,firmam
2066 1284 2172 1316 Pacem
2185 1286 2220 1317 ὃς
2234 1286 2289 1318 sta-

1244 1322 1336 1353 ilitam
1350 1323 1552 1356 Concordiam
1564 1324 1733 1363 reformari,

1260 1360 1351 1392 Vobis
1376 1363 1564 1394 sionificamus
1582 1364 1664 1401 quod
1686 1362 1805 1400 Nobis,
1823 1362 1858 1394 &
1871 1362 2009 1394 Concilio
2023 1361 2140 1402 nostro,
2158 1364 2288 1401 compla-

1221 1408 1297 1430 cerer
1303 1423 1315 1445 ,
1330 1387 1519 1445 quod’certos
1534 1401 1687 1445 NunciOS,
1704 1410 1774 1432 cum
1788 1401 1940 1432 sufficienti
1952 1401 2112 1445 Potestate,
2129 1400 2164 1432 ad
2179 1401 2286 1432 Nosin

1223 1438 1326 1478 Anglia
1337 1439 1465 1470 celeriter
1479 1441 1640 1478 mitteretis,
1657 1440 1692 1471 ad
1705 1439 1884 1471 tractandum
1897 1439 2066 1479 nobiscum,
2082 1439 2128 1470 seu
2150 1440 2287 1478 deputan-

1224 1476 1266 1506 dis
1279 1487 1294 1507 a
1307 1478 1408 1517 nobis,
1425 1479 1506 1516 super
1520 1478 1681 1517 hujusmodi
1694 1477 1770 1509 Pace
1785 1479 1819 1509 ὅ(
1835 1478 1972 1508 Amicitia
1985 1477 2180 1509 reformandis.

1262 1515 1388 1546 Scientes
1410 1517 1490 1556 quod
1509 1516 1579 1548 Nos
1596 1518 1626 1547 in
1648 1517 1715 1555 hiis,
1734 1527 1797 1556 quae
1811 1516 1847 1547 ad
1860 1516 2022 1555 hujusmodi
2036 1516 2142 1548 Pacem
2156 1518 2191 1548 &
2204 1516 2288 1547 Ami-

1224 1554 1321 1585 citiam
1341 1557 1496 1595 pertinent,
1513 1555 1560 1586 seu
1578 1556 1718 1594 pertinere
1737 1563 1889 1594 poterunt,
1907 1564 2056 1596 promptos
2074 1557 2108 1587 &
2126 1556 2146 1575 ²¹⁵
2165 1556 2288 1586 benivo-
2302 1570 2318 1587 ι
2340 1572 2393 1599 Iv-

1224 1591 1284 1631 los,
1300 1593 1341 1623 ob
1361 1593 1549 1625 affectionem
1564 1618 1574 1631 ,
1593 1604 1678 1632 quarn
1699 1593 1760 1625 Vos
1780 1603 1845 1634 erga
1865 1593 1935 1625 Nos
1954 1594 1989 1626 &
2011 1593 2139 1625 Nostros
2160 1594 2288 1625 habuiffe

1224 1641 1262 1661 co
1302 1632 1433 1671 ovimus‚
1450 1633 1585 1664 volumus
1598 1633 1726 1663 inveniri.
2303 1617 2368 1646 353’

1288 1678 1315 1708 t,
1324 1671 1404 1709 quod
1417 1671 1498 1710 super
1512 1672 1570 1702 hoc
1584 1670 1739 1701 deliberato
1755 1670 1887 1702 Consilio
1901 1670 2033 1704 duxeritis
2046 1671 2287 1711 faciendum,noe

1222 1707 1264 1739 bis
1276 1709 1427 1741 rescribere
1440 1711 1530 1742 velitis
1543 1719 1593 1748 per
1607 1709 1788 1751 praesentium
1800 1710 1984 1741 Portitorem.

1257 1784 1326 1817 Dat.
1341 1786 1414 1825 apud
1427 1787 1463 1818 N
1465 1788 1647 1826 orhampton.
1663 1786 1821 1818 undecimo
1834 1786 1880 1819 die
1891 1786 1972 1818 Maii.

1277 1911 1337 1945 Ad
1353 1915 1488 1960 Papam,
1505 1913 1599 1960 staper
1615 1913 1839 1960 Anniversario
1858 1913 2004 1948 Edvardi
2023 1925 2116 1962 nuper
2133 1915 2233 1962 Regis.

1276 1997 1303 2029 A
1312 1996 1336 2028 P
1346 1996 1388 2029 AE
1407 1998 1474 2030 Rex
1487 1997 1592 2030 devota
1607 1996 1720 2030 Pedum
1733 1999 1827 2030 oscula
1842 1999 2000 2030 beatorum.
2300 1995 2379 2027 Ann.
2393 1997 2434 2029 D.

1304 2036 1464 2076 Debitum,
1482 2038 1541 2067 tam
1556 2037 1698 2076 Praecepti
1709 2061 1719 2076 ,
1745 2039 1832 2076 quam
1846 2038 1988 2076 Naturae,
2007 2036 2172 2069 Parentibus
2184 2037 2282 2075 Vivis,
2320 2036 2407 2075 1328.

1220 2076 1321 2113 pariter
1342 2076 1376 2107 &
1398 2076 1539 2107 defunctis
1550 2099 1560 2115 ,
1582 2075 1701 2107 feliciter
1722 2076 1868 2107 intendere
1881 2076 2038 2114 credimus,
2059 2076 2130 2106 dum
2145 2085 2198 2114 pro
2210 2076 2285 2114 ipso·
2298 2077 2351 2101 An.
2367 2085 2395 2103 ²-

1220 2123 1285 2144 rum
1301 2114 1466 2153 Memorifi,
1484 2117 1623 2155 perpetuo
1636 2114 1804 2146 celebranda
1817 2138 1828 2154 ,
1852 2114 1957 2147 Divini
1976 2113 2081 2146 Cultus
2099 2123 2284 2154 augmentum
2300 2116 2331 2140 Ε·
2354 2122 2378 2149 3-

1220 2152 1280 2183 fieri
1294 2163 1486 2191 procuramus
2301 2155 2371 2179 Rom.
2391 2154 2420 2180 22

1258 2191 1357 2223 Ecce!
1384 2192 1609 2224 desideratissime
1628 2192 1711 2223 Pater
1723 2216 1733 2231 ,
1760 2191 1901 2223 defuneto
1915 2201 2021 2230 nuper,
2040 2192 2159 2224 celebris
2172 2202 2287 2224 memo-
2304 2193 2334 2216 Ε·
2353 2198 2379 2226 3·

1219 2231 1286 2269 riae,
1304 2231 1448 2262 Genitore
1462 2230 1564 2262 nostro
1575 2256 1586 2270 ,
1611 2232 1644 2262 &
1659 2233 1690 2262 in
1703 2229 1883 2262 Monasterio
1898 2230 2092 2262 Gloucestriae
2104 2241 2228 2273 corpore
2242 2234 2287 2270 ip-
2302 2237 2338 2256 m·
2355 2237 2382 2265 3-

1219 2269 1271 2299 sius
1282 2270 1385 2301 tradito
1397 2270 1559 2309 sepulturae,

1257 2308 1304 2339 Ut
1316 2309 1396 2340 locus
1410 2310 1455 2339 ille
1470 2318 1550 2340 tanto
1565 2309 1704 2339 celebrior
1718 2310 1868 2347 habeatur,
1883 2317 1990 2348 quanto
1999 2309 2069 2341 Deo
2081 2309 2269 2342 Devotorum
2280 2333 2291 2348 ,

1218 2346 1325 2377 ibidem
1339 2346 1575 2386 ministrantium,
1592 2357 1646 2385 pro
1658 2348 1742 2378 salute
1756 2348 1825 2379 dicti
1839 2348 1927 2380 Patris
1943 2348 2049 2387 nostri,
2066 2349 2101 2380 &
2115 2348 2285 2380 Anteceffo-

1218 2394 1283 2415 rum
1298 2385 1481 2424 nostrorum,
1500 2387 1534 2417 ὃ(
1544 2388 1677 2417 omnium
1691 2386 1817 2417 fidelium
1851 2396 1986 2419 numerus
2001 2387 2171 2426 adaugetur,

1256 2424 1390 2455 Corditer
1413 2424 1582 2456 affectamus
1597 2433 1628 2456 ut
1664 2425 1760 2455 dilecti
1784 2410 1869 2456 nohis
1891 2426 1922 2455 in
1934 2424 2055 2456 Christo
2067 2443 2122 2449 ---
2136 2425 2234 2455 Abbas
2248 2425 2282 2456 &

1219 2462 1389 2494 Conventus
1403 2463 1458 2494 loci
1472 2464 1618 2502 praedicti,
1635 2448 1772 2495 Ecclefias
1785 2463 1822 2495 de
1835 2464 2061 2504 Wyrardesbury
2075 2463 2109 2493 &
2125 2462 2211 2506 Chep
2230 2471 2285 2507 ng-

1218 2510 1342 2541 norton,
1358 2501 1553 2534 Lincolnienfi
1568 2502 1709 2540 Diocese,
1729 2503 1763 2533 &
1777 2502 1813 2532 de
1827 2501 1969 2538 Camme,
1985 2501 2190 2539 Wygomiensi
2238 2511 2283 2531 io-

1220 2541 1297 2578 cese,
1316 2551 1381 2578 quae
1399 2541 1437 2571 de
1457 2540 1580 2578 ipsorum
1602 2541 1815 2580 Religiosorum
1836 2540 1989 2570 Patronatu
2009 2539 2146 2577 existunt,
2164 2539 2232 2578 fibi,
2249 2540 2284 2570 &

1219 2578 1400 2624 Monasterio
1419 2579 1469 2609 suo
1483 2579 1630 2623 praedicto
1643 2603 1654 2616 ,
1669 2579 1712 2611 ¹&
1725 2578 1941 2622 Successoribus
1952 2577 2019 2615 suis,
2037 2579 2232 2617 appropriare,
2250 2578 2285 2609 &

1218 2628 1247 2648 ¹¹¹
1256 2617 1577 2699 3303332135332255
1604 2615 2098 2699 fflffiffiih‘zlfflffisordm,
2109 2653 2283 2699 saceraotaii

1219 2694 1460 2732 constitutorum,
1479 2693 1592 2730 fingulls
1604 2693 1704 2723 diebus
1717 2715 1727 2731 ,
1744 2703 1799 2731 pro
1814 2692 1922 2723 Anima
1934 2692 2004 2723 dieti
2020 2692 2108 2723 Patris
2121 2693 2229 2731 nostri,
2246 2693 2282 2725 &

1218 2733 1377 2764 Animabus
1398 2732 1532 2762 omnium
1554 2730 1694 2761 Fidelium
1716 2730 1920 2762 defuneiorum
1935 2754 1945 2770 ‚
1962 2731 2031 2762 ultra
2046 2741 2200 2762 numerum
2213 2732 2286 2762 anti-

1218 2781 1309 2810 quum
1329 2771 1548 2801 Monachorum
1569 2769 1639 2800 dieti
1658 2769 1829 2800 Monasterii
1843 2794 1854 2808 ,
1877 2769 2120 2801 celebraturorum
2139 2771 2284 2808 imperpe-

1217 2820 1315 2842 tuum:
1335 2819 1390 2840 nec
1408 2819 1469 2840 non
1489 2809 1524 2839 ad
1545 2807 1751 2839 Anniverfiirias
1773 2808 1989 2846 Solempnitates
2010 2807 2230 2847 celebrandum,
2248 2809 2283 2840 &

1218 2848 1441 2918 Distgibutiones
1461 2855 1549 2879 certas
1562 2871 1572 2885 ,
1590 2856 1639 2885 per
1654 2856 1707 2877 nos
1721 2847 1877 2887 ordinatas,
1894 2847 2038 2886 perpetuis
2051 2848 2230 2885 temporibus
2240 2846 2283 2877 fa-

1218 2898 1281 2919 Clen
1303 2897 1367 2918 um:

1255 2925 1405 2965 roirca
1415 2924 1560 2955 sanctitati
1575 2923 1676 2955 vestrae
1690 2924 1752 2956 tota
1765 2923 1920 2956 devotione
1931 2924 2135 2962 supplicamus,
2153 2922 2283 2961 quatinus

1218 2965 1490 3006 Appropriationem
1502 2963 1663 3002 hujusmodi
1678 2963 1761 2994 dietis
1773 2963 1922 3003 Religiofis
1930 2963 2048 3002 ,intuitu
2060 2960 2280 3005 praemissorum,

1217 3004 1393 3040 concedere,
1411 3003 1446 3033 &
1463 3011 1542 3040 eam,
1569 3001 1608 3032 fic
1621 3011 1671 3040 per
1683 3012 1736 3033 vos
1750 3001 1933 3041 concessam,
1945 3001 2046 3040 jubere
2060 2998 2168 3037 velitis,
2185 2998 2206 3029 si
2220 2998 2278 3039 pla-

1217 3053 1279 3081 cet,
1294 3041 1459 3073 auctoritate
1473 3039 1644 3080 Apostolica
1660 3041 1845 3072 communiri.

1253 3119 1429 3157 Conservet,
1447 3119 1508 3150 &c.

1253 3196 1321 3227 Dat.
1340 3196 1413 3233 apud
1427 3195 1648 3233 Norhampton.
1667 3192 1844 3224 duodecimo
1858 3191 1903 3223 die
1916 3190 1998 3222 Maii.

1468 3340 1562 3384 Super
1576 3336 1725 3370 Dotalitio
1743 3333 1880 3382 Philippa
1894 3337 2020 3382 Regina.

1215 3423 1278 3484 R
1288 3421 1312 3452 E
1322 3421 1351 3453 X
1378 3423 1531 3461 omnibus,
1546 3421 1580 3452 ad
1596 3431 1667 3460 quos
1680 3421 1741 3452 &c.
1760 3421 1896 3452 Salutem.
2204 3454 2211 3460 ,
2293 3420 2370 3452 Ann.
2384 3421 2426 3455 D.

1317 3460 1418 3491 Sciatis
1437 3460 1517 3498 quod
1535 3484 1544 3499 ,
1569 3470 1639 3491 cum
1662 3469 1770 3499 nuper,
1787 3459 1952 3498 Priusquam
1968 3457 2189 3499 Matrimonium
2202 3461 2276 3484 mter
2315 3461 2400 3500 1328.

1213 3499 1301 3567 leos,
1319 3500 1353 3530 ὃ(
1376 3499 1553 3539 Philipparn,
1572 3498 1745 3529 Consortem
1766 3498 1894 3529 nostram
1916 3497 2103 3533 cariffimam,
2120 3492 2213 3525 fuiffet
2226 3500 2275 3523 ce-
2292 3502 2346 3527 An.
2363 3510 2389 3527 2.

1224 3547 1240 3567 e
1262 3547 1371 3575 ratum,
2291 3541 2322 3564 Ε.
2365 3559 2371 3565 .

1251 3576 1425 3607 Promissum
1439 3576 1531 3607 fuiffet
1547 3587 1614 3614 per,
1632 3574 1832 3606 Venerabilem
1845 3575 1977 3613 Patrem,
1990 3573 2138 3610 Rogerum
2152 3569 2273 3600 Coven-
2291 3547 2358 3602 Par?
2367 3586 2394 3604 2.

1213 3614 1333 3644 trensem
1348 3615 1382 3645 δε
1395 3615 1641 3645 Lichefeldensem
1655 3614 1757 3652 Episco
1779 3624 1828 3644 um
1841 3638 1851 3651 ,
1870 3614 1907 3644 de
1924 3608 2184 3653 mandatqnostr02
2202 3607 2273 3650 ΝΟ·
2289 3617 2320 3642 E.
2336 3623 2363 3650 3.
2372 3620 2397 3651 p.

1214 3653 1262 3682 bili·
1278 3652 1349 3683 Viro
1364 3677 1373 3691 ,
1399 3653 1561 3683 Willielmo
1582 3652 1727 3682 I-lanoniae
1749 3624 1783 3683 «ξε
1798 3652 1934 3683 Selandiae
1949 3648 2077 3693 Qonuti,
2093 3656 2127 3677 ac
2139 3645 2273 3689 Dornmo
2294 3661 2364 3681 1.m.
2379 3661 2405 3689 3·

1214 3690 1321 3728 Frisiae,
1340 3691 1414 3722 Patri
1430 3691 1574 3729 praedictae
1588 3690 1743 3728 Philippae,
1762 3691 1842 3730 quod
1863 3690 1933 3720 Nos
1953 3686 2047 3730 eidem
2065 3683 2204 3731 Consortl
2220 3693 2274 3714 110-

1214 3728 1277 3758 strae
1294 3730 1474 3767 Quindecim
1490 3729 1583 3759 Millia
1598 3729 1776 3760 Libratarum
1791 3729 1891 3759 Terrae
1902 3727 1936 3756 &
1951 3721 2274 3760 Redditus‚Parvorum

1213 3766 1424 3798 Turonensium
1445 3768 1608 3807 Nigrorum
1632 3778 1681 3806 per
1701 3777 1825 3805 annum,
1843 3766 1888 3796 seu
1901 3762 2039 3794 Valorem
2053 3759 2224 3791 eorumdem
2239 3760 2274 3792 ad

1213 3805 1387 3843 Sterlingum
1397 3829 1406 3844 ,
1425 3808 1455 3836 in
1471 3807 1540 3837 locis
1555 3807 1784 3844 competentibus
1793 3827 1802 3843 ,
1815 3803 1890 3839 ‚infra
1903 3802 2040 3840 Regnum
2053 3800 2088 3829 &
2102 3797 2276 3843 potestatem

1214 3843 1339 3873 nostram
1360 3845 1494 3883 assignare
1516 3845 1684 3875 deberemus
1696 3867 1706 3883 ,
1732 3842 1859 3874 habenda
1873 3842 1904 3871 in
1918 3839 2030 3870 Dotem
2042 3838 2089 3870 seu
2103 3835 2276 3869 Dotalitium

1215 3882 1296 3919 ipsius
1311 3882 1448 3921 Philippae
1461 3883 1495 3913 ad
1509 3891 1602 3914 totam
1618 3884 1706 3913 vitam
1720 3882 1797 3912 suam
1806 3903 1816 3919 ,

1252 3920 1321 3950 Nos
1335 3943 1345 3958 ,
1372 3920 1593 3952 Promiffionem
1615 3920 1782 3959 praedietam
1802 3927 1853 3948 acc

1215 3958 1385 3998 adimplere,
1401 3961 1612 3998 promittimus,
1631 3960 1666 3992 &
1679 3958 1837 3997 obligamus

1891 3923 1979 3946 tantes
2024 3923 2057 3944 ac
2072 3913 2200 3945 volentes
2215 3923 2280 3944 eam

1892 3963 1925 3989 os
1939 3977 1950 3992 ,
1976 3938 2116 3985 Haeredes
2130 3976 2141 3992 ‚
2157 3953 2191 3984 &
2206 3952 2279 3983 Suc-

2155 3990 2280 4023 ceffores
