2562 4279
0 276 54 298 mn.
72 264 113 295 D.

2 312 85 342 ¹337-

0 345 46 371 ilv.
68 352 93 379 3.

0 1920 64 1950 2liin.
76 1918 116 1950 D.

8 1967 21 1988 ¹
28 1968 41 1998 3
48 1967 92 1998 37·

0 1999 54 2035 ’asa
76 2008 85 2024 ι
96 2008 119 2026 1.

35 2045 60 2072 3.
84 2046 120 2064 m.

0 2162 2 2170 ¹
20 2160 73 2187 IV.

671 177 781 219 ET
875 173 1145 216 ACTA

165 263 256 301 Item,
276 274 291 294 a
305 264 329 294 la
345 264 409 295 Fest
423 264 458 294 de
472 263 570 303 Noel,
589 264 823 302 procheinement
846 270 922 299 apres
944 259 1084 297 ensuiant,
1102 257 1189 297 Oynk

128 301 195 332 Mili
213 302 311 333 Livi-es
322 302 525 341 d’Esterlyngs,

166 340 257 378 Item,
274 351 289 370 a
304 342 327 370 la
344 341 408 371 Fest
424 342 460 371 de
478 340 577 377 Noel,
596 350 610 370 a
632 350 674 371 res
689 340 825 376 ensuiant,
844 337 972 381 qui-serra
986 334 1052 379 l'An
1067 334 1104 364 de
1112 333 1188 363 Gra-

127 389 162 409 ce
183 378 275 417 Mill,
295 379 383 410 CCC
398 403 408 419 ,
427 379 536 409 Trente
556 380 589 409 &
645 380 707 415 uit,
724 378 833 408 Tresze
855 375 944 412 Mill,
961 375 1048 405 Trois
1070 372 1165 402 Centz
1178 395 1187 409 ,

128 417 239 485 iI'rente
262 419 398 449 &Trois
419 417 519 448 Livres
534 439 544 455 ,
562 417 604 448 Sis
623 417 712 448 Soulz
726 440 735 454 ,
755 417 788 447 &
810 414 884 445 Huit
906 412 1018 443 Deners
1031 434 1041 450 ,
1064 409 1186 441 d'Ester-

158 466 174 484 n
197 466 209 485 s

138 465 155 495 y
167 465 257 533 ligem,
275 505 290 525 a
312 494 336 525 la
357 494 440 524 Feste
463 493 499 524 de
519 493 602 524 Noel
619 518 628 531 ,
647 492 866 532 prochinement
888 489 1010 519 ensuiant
1022 488 1101 532 ,lqui
1120 487 1189 530 serra

127 532 193 562 l'An
208 533 244 563 de
278 543 341 563 race
357 532 441 569 Mill,
461 531 565 570 CCC,
584 532 697 562 Trente
709 532 743 562 &
757 529 860 565 Noef,
877 527 974 570 Treze
1000 526 1084 564 Mill,
1102 526 1190 575 Ts‚0}⁵

128 570 241 638 ssentz’
292 578 369 602 rente
384 571 417 602 δε
433 570 520 600 Trois
536 570 651 609 Livres,
670 569 712 599 Sis
726 567 831 605 Soulz,
849 567 882 597 δε
897 564 972 596 Huit
988 564 1139 603 Deners,d
1150 564 1188 593 h-

155 610 193 639 erl
214 620 232 639 n
252 620 279 639 s·

167 619 292 685 Itging,’a
313 647 338 677 la
359 647 438 677 Feste
460 647 495 677 de
515 646 615 684 Noel,
632 644 869 682 procheinement
889 641 1011 674 ensuiant
1047 643 1095 680 qui
1120 641 1189 684 serra

129 686 197 715 I’An
223 686 259 716 de
302 695 365 715 tace
387 685 453 715 Mill
469 709 478 723 ,
497 684 585 715 CCC
599 707 608 721 ,
627 685 660 714 ὃς
684 682 830 721 Qarante
843 705 853 720 ,
871 681 969 711 Treze
990 665 1056 710 lviiii
1072 703 1081 718 ‚
1100 680 1190 710 Trors

130 723 243 791 (genltz,
261 694 372 754 ‘Igrente
388 725 421 755 &
435 724 521 754 Trois
536 722 653 759 Livres,
672 720 713 751 Sis
729 720 834 760 Soulz,
852 721 885 751 &
900 719 973 751 Huit
987 717 1191 756 Deners,d·E-

175 773 186 791 r
255 772 282 791 s·

132 764 141 792 ί
157 771 286 831 ΕΕὲΐῐιὲυἷ
300 811 347 832 ces
360 800 547 831 Covenences
561 798 594 828 &
610 796 770 827 Promeffes
785 796 1001 834 dessusescrites,
1019 796 1054 826 &
1075 794 1190 839 chascu-

132 849 169 869 ne
191 839 312 878 d'yceles
325 863 334 877 ,
354 839 547 869 Promettoms
569 846 639 866 nous
655 859 665 874 ,
691 837 724 866 &
746 845 832 865 avons
853 846 889 866 en
907 835 1069 871 Convent,
1094 833 1190 864 Loral-

131 886 211 908 ment
222 901 231 916 ,
245 888 294 915 par
307 877 404 907 nostre
420 876 472 906 Foi
489 874 590 911 Roial,
608 874 672 904 sanz
687 874 800 912 fraude,
820 875 853 905 &
869 874 935 904 sanz
949 873 1005 904 mal
1026 881 1137 911 engyn,
1156 882 1189 910 a,

131 926 173 946 no
194 916 234 946 dit
255 915 389 954 Cousyn,
406 914 431 943 le
445 912 514 943 Duc
528 922 544 942 a
558 913 644 951 tenir,
660 912 694 943 &
715 913 854 950 acomplir
877 912 913 943 de
934 913 1015 950 point
1037 921 1072 941 en
1092 912 1191 949 point,

129 956 316 985 entierement
350 953 455 982 ficome
467 961 513 981 ces
528 951 665 989 presentes
688 951 800 982 Lettres
823 952 1004 988 contienent,
1021 949 1057 979 de
1080 950 1154 987 paier
1175 959 1191 979 a

130 993 186 1031 lui,
205 1003 244 1023 ou
267 1002 300 1022 au
321 976 444 1020 Fortour
467 989 504 1020 de
523 1000 570 1020 ces
590 989 715 1028 Lettres,
733 999 772 1020 ou
791 989 817 1019 le
838 989 1038 1020 Transescrites
1053 987 1191 1025 d’yceles‚

131 1031 202 1062 seale
215 1031 251 1061 de
264 1029 325 1060 Seal
343 1028 513 1067 Autentiqe,
534 1028 570 1058 les
585 1028 674 1059 dictes
688 1028 819 1059 Sommes
833 1027 988 1066 d'Argent,
1006 1027 1039 1057 &
1053 1026 1192 1069 chascune

129 1069 280 1137 {affieffiss'
296 1076 350 1136 {3¹3}
362 1067 484 1135 {23⁸³ch
504 1066 718 1136 ἓίῗέιτὲοωξῗ
731 1066 883 1135 ἀἒὲῐῗῑῗὲῖ
899 1065 1192 1140 ῑέῗςὲῗὶὲῗιᾷὶῇῖἔίἕ

131 1147 158 1176 le
173 1115 284 1176 desgaut'e
299 1145 335 1175 de
344 1115 448 1186 hostie·
460 1144 622 1182 Paiement,
641 1115 740 1182 iieqqoi
756 1144 792 1182 il,
810 1153 850 1173 ou
863 1127 913 1173 soii
928 1143 1036 1185 certein
1051 1125 1192 1179 Meliage,

129 1184 228 1215 serroit
248 1193 299 1213 cru
320 1192 367 1220 par
386 1183 411 1212 sa
432 1183 529 1220 simple
551 1181 668 1219 Parole,
686 1182 750 1212 sanz
770 1190 847 1212 autre
868 1180 966 1211 Prove
978 1181 1062 1218 faire,
1080 1180 1106 1210 se
1121 1189 1192 1209 nous

133 1223 253 1253 n’aviees
267 1221 336 1251 bien
350 1220 487 1260 Pale,aus
501 1221 627 1252 Termes
640 1219 851 1258 deffusditz,les
864 1219 953 1250 dictes
966 1218 1099 1249 Sommes
1107 1218 1193 1248 d’Ar-

151 1270 207 1291 ent.

130 1270 150 1300 g
169 1299 224 1337 Et,
243 1306 329 1336 quant
341 1309 356 1328 a
372 1308 443 1337 ceo,
462 1308 534 1330 nous
547 1298 718 1337 Obligeoms
729 1296 836 1335 Nous,
852 1303 910 1327 noz
926 1295 1029 1333 Heirs,
1047 1303 1117 1325 touz
1133 1303 1192 1325 noz

130 1337 227 1375 Biens,
249 1339 282 1368 &
296 1337 333 1368 les
347 1337 428 1368 Biens
442 1338 478 1367 de
493 1346 552 1367 noz
566 1337 666 1374 HeirS,
686 1335 821 1366 Moebles
834 1335 867 1366 &
889 1334 1111 1372 Nonrnoebles,
1129 1344 1193 1372 pre-

129 1377 207 1407 sentz
222 1377 255 1406 &
269 1377 382 1414 avenir,
400 1386 435 1406 en
451 1376 606 1414 quicumqe
617 1375 672 1405 lieu
687 1374 734 1412 q'il
746 1374 894 1410 serroient,
912 1383 951 1403 ou
960 1373 1105 1410 purroient
1121 1372 1193 1402 estre

131 1424 271 1452 trouvez,
291 1414 310 1445 fi
325 1423 396 1444 nous
409 1413 508 1444 estiens
524 1413 701 1450 defaillantz,
718 1422 804 1442 come
818 1412 859 1442 dit
874 1410 932 1449 est,
950 1421 986 1441 en
999 1419 1078 1450 tout,
1097 1421 1135 1440 ou
1157 1420 1193 1440 en

132 1455 220 1492 partie
229 1454 290 1491 (qui
302 1454 329 1490 ja
345 1453 484 1492 n'avigne)
495 1451 531 1482 de
544 1453 618 1490 paier
632 1451 671 1481 les
684 1451 772 1481 dictes
786 1450 919 1481 Summes
933 1449 1073 1488 d'Argent
1084 1459 1111 1479 as
1118 1449 1147 1479 T
1149 1459 1194 1479 er-

133 1502 193 1522 rnes
206 1491 298 1522 dessus
314 1500 438 1530 nomez,
989 1528 994 1532 Ι

171 1530 216 1559 En
230 1529 439 1569 tesmoignance
451 1528 489 1560 de
502 1528 584 1568 quele
595 1528 682 1559 chose
696 1538 768 1559 nous
783 1537 882 1558 avoms
897 1526 946 1558 fait
960 1526 1027 1557 faire
1040 1525 1129 1557 cestes
1144 1535 1196 1556 nos

134 1567 245 1598 Lettres
261 1567 397 1605 overtes,
415 1568 496 1598 scales
509 1567 546 1598 de
562 1567 659 1598 nostre
672 1566 786 1598 Graunt
799 1566 870 1597 Seal.

171 1606 253 1636 Don.
270 1617 285 1636 a
300 1606 451 1637 Staunford
466 1607 492 1637 le
505 1608 609 1644 primer
620 1607 686 1644 jour
699 1605 744 1635 del
760 1604 840 1635 Mois
857 1604 893 1634 de
903 1603 968 1642 Juyl
978 1626 986 1640 ,
1002 1602 1067 1647 l'An
1076 1602 1112 1632 de
1121 1602 1197 1633 Gra-

133 1654 169 1675 ce
182 1644 249 1675 Mill
262 1643 367 1682 CCC,
386 1644 498 1676 Trente
512 1646 545 1677 &
560 1645 637 1684 sept,
655 1645 689 1675 &
703 1643 739 1674 de
752 1643 849 1674 nostre
864 1642 968 1681 Regne
982 1641 1132 1671 Unzisme.

133 1792 183 1825 De
199 1789 348 1826 Domibns
364 1791 577 1839 Religiosae'irum
594 1792 842 1838 Alienigenarum
854 1817 864 1830 ,
891 1792 921 1822 in
938 1789 1126 1835 Holderneffie
1136 1816 1146 1832 ‚
1167 1792 1198 1821 in

455 1844 594 1873 Manum
612 1842 700 1887 Regis
718 1837 877 1886 capiendis.

138 1928 274 1984 REX,
292 1925 415 1959 Dileffls
428 1924 463 1960 &
480 1926 620 1959 Fidelibus
641 1925 710 1965 suis,
725 1926 851 1966 Johanni
871 1924 907 1957 de
928 1924 1062 1965 Molyns,
1081 1923 1198 1956 Nicho-

138 2003 157 2035 S
175 2005 183 2035 l
215 1968 260 1998 lao
274 1965 310 1997 de
327 1967 491 2006 Bukelond,
510 1967 543 1998 &
558 1967 721 1998 willielmo
732 1966 779 1997 del
792 1966 932 2003 Lounde,
949 1965 984 1995 de
997 1964 1198 2003 Holderneffe,

159 2014 175 2035 a
185 2014 273 2037 utem.

174 2044 254 2082 Qia
266 2042 332 2074 Rex
346 2042 490 2081 Franciae,
508 2052 683 2083 congregato
697 2044 727 2074 in
739 2042 852 2074 'diversis
867 2043 988 2080 partibus
1005 2040 1141 2072 Dominli
1157 2041 1196 2072 sui

137 2091 246 2120 magno
259 2081 405 2121 Navigio,
422 2081 533 2113 Gentes
550 2081 672 2121 nostras,
689 2093 739 2123 per
753 2079 837 2112 Mare
858 2081 1047 2120 transeuntes,
1062 2079 1199 2111 hostiliter

134 2129 292 2160 expugnare
307 2121 340 2151 &
351 2121 413 2157 capi
421 2121 471 2158 ,&
485 2119 562 2150 idern
570 2120 605 2151 N
607 2123 731 2161 avigium
739 2145 747 2159 ,
755 2130 825 2152 cum
834 2119 1019 2151 Multitudine
1029 2119 1195 2149 Hominum

135 2168 328 2196 armatorum,
348 2159 428 2196 super
449 2158 588 2196 Regnum
609 2160 628 2179 ²*
648 2159 797 2197 nostrum,
815 2168 849 2188 ac
869 2159 954 2188 etiam
974 2156 1077 2189 Insulas
1092 2157 1199 2187 nostras

135 2198 172 2228 de
186 2196 348 2235 Gerneseye
363 2199 396 2228 &
408 2194 555 2236 Jereseye‚
577 2197 652 2229 mitti
667 2198 754 2236 fecit,
771 2197 806 2229 ad
821 2196 969 2235 nostrum,
985 2196 1006 2227 si
1021 2195 1200 2235 poffit,Do-

138 2237 260 2267 minium
272 2234 507 2266 subvertendum:
575 2266 588 2272 „

178 2274 240 2313 Qii
252 2274 366 2313 quidem
380 2273 540 2313 Homines,
558 2272 678 2314 Navigii
691 2272 779 2314 illius,
794 2274 878 2305 Fines
893 2273 1018 2312 ipsorum
1035 2272 1149 2313 Regni,
1165 2281 1199 2305 ac

137 2312 292 2344 Insularum
303 2312 480 2351 nostrarum,
495 2313 596 2351 pluries
616 2313 677 2344 sunt
697 2313 828 2352 ingr-effi,
846 2312 1031 2352 Homicidia,
1047 2312 1202 2351 Incendia,

136 2352 171 2383 ὃς
186 2351 235 2380 alia
250 2351 402 2389 Facinora,
420 2350 570 2382 crudeliter
586 2351 790 2391 perpetrando:
1090 2368 1091 2371 ¹

174 2389 315 2427 Idemque
336 2389 419 2427 Rex,
437 2389 638 2421 nichilominus
651 2414 661 2428 ,
679 2388 830 2421 Grandem
852 2389 995 2422 mandavit
1015 2388 1198 2421 Excercitum

138 2429 314 2465 convocari,
332 2427 366 2458 ad
381 2427 573 2459 invadendum
588 2428 726 2460 hostiliter
739 2430 772 2460 &
792 2429 993 2467 occupandum
1016 2428 1123 2460 Terras
1143 2439 1199 2459 no-

138 2465 222 2503 stras,
240 2466 274 2497 &
296 2466 436 2497 Fidelium
459 2466 640 2504 nostrorum,
655 2468 686 2498 in
708 2466 827 2500 Ducatu
847 2466 946 2498 nostro
968 2466 1146 2506 Aquitaniae,
1163 2468 1198 2498 &-

137 2514 192 2545 nos
207 2503 273 2534 inde
287 2514 340 2542 pro
354 2505 460 2535 viribus
474 2505 727 2536 exhaeredandum:

177 2542 223 2574 Ac
243 2541 322 2573 Mala
343 2543 376 2574 &
398 2542 534 2574 Facinora
555 2543 714 2582 hujusmodi
735 2543 848 2583 Nobis,
864 2544 898 2576 &
920 2543 1055 2579 Nostris,
1073 2544 1132 2575 tam
1148 2553 1198 2582 per

137 2580 277 2619 Terram,
298 2581 386 2619 qu'am
406 2591 456 2619 per
479 2581 576 2620 Mare,
594 2583 684 2613 indies
703 2582 806 2613 inferre
822 2584 934 2621 nititur,
951 2583 998 2614 sua
1018 2582 1131 2613 Malitia
1152 2592 1200 2612 eir-⁴

140 2619 299 2688 crescentie,
314 2618 459 2651 Guerram
472 2629 572 2652 contra
584 2630 637 2651 nos
652 2620 811 2653 voluntarie
826 2622 860 2653 &
876 2631 975 2653 contra
992 2620 1135 2662 justitiam
1161 2621 1199 2652 iic

142 2667 251 2689 moven
271 2668 308 2688 o·

176 2695 231 2727 Per
245 2682 341 2735 quo’d,
358 2696 395 2728 de
406 2696 544 2729 Concilio
559 2698 675 2737 nostro,
693 2698 887 2731 ordinavimus
903 2697 984 2738 quod
998 2695 1118 2737 Terrae,
1136 2697 1202 2728 Te-

140 2743 291 2773 nementa,
309 2734 465 2774 Beneficia,
483 2736 689 2776 Poffeffiones,
705 2747 738 2769 ac
753 2737 832 2768 Bona
868 2739 902 2769 &
926 2737 1032 2768 Catalla
1074 2746 1202 2768 uaecum-

140 2783 216 2817 que,
232 2773 366 2817 omnium
382 2773 580 2817 Gallicorum,
596 2777 629 2807 &
643 2776 765 2807 aliorum
778 2777 816 2807 de
836 2761 982 2807 Dominio
1003 2777 1037 2807 &
1084 2775 1203 2807 otestate

143 2811 226 2854 ipsius
240 2810 331 2847 Regis
343 2811 487 2851 Franciae,
504 2813 565 2843 tam
587 2813 779 2852 Secularium,
796 2816 885 2853 quam
903 2813 1134 2852 Religiosorum,
1151 2824 1203 2846 cu-

141 2848 312 2888 juscumque
328 2848 414 2879 status
428 2849 474 2880 seu
486 2851 658 2882 conditionis
671 2852 806 2892 existant,
820 2853 892 2883 infra
912 2853 1051 2891 Regnum
1070 2853 1203 2884 nostrum

143 2888 253 2925 (Terris
261 2911 270 2925 ,
287 2897 320 2918 ac
331 2887 433 2927 Bonis,
452 2888 486 2919 &
498 2888 628 2928 Catallis,
645 2889 811 2922 Hominum
825 2890 973 2922 Britannia:
985 2891 1131 2922 dumtaxat
1143 2889 1202 2921 Ex-

142 2926 240 2963 ceptis)
259 2927 287 2955 in
302 2925 427 2957 Manum
440 2926 568 2958 nostram
581 2928 732 2966 seifiantur3
755 2930 792 2960 ita
812 2928 893 2967 quod
915 2931 999 2961 nobis
1018 2930 1054 2960 de
1072 2929 1203 2960 Exitibus

141 2963 297 2995 Terrarum
312 2988 322 3002 ,
341 2965 374 2995 δε
394 2964 643 2997 Tenementorum
660 2966 777 2998 illorum
791 2991 801 3006 ,
818 2977 852 2999 ac
869 2967 906 2999 de
923 2968 1008 3000 Bonis
1029 2969 1064 3000 &
1086 2967 1203 2999 Catallis

142 3002 300 3041 praedidtis,
318 3003 530 3042 respondeatur:
678 3030 680 3032 ,

181 3040 266 3079 Nos,
284 3041 423 3085 praemiffa
436 3052 506 3073 cum
518 3044 601 3074 omni
615 3044 772 3083 celeritate,
787 3044 845 3083 qua
857 3043 916 3075 fieri
931 3046 1036 3083 poterit
1045 3068 1056 3084 ,
1073 3045 1202 3076 volentes

143 3079 313 3121 Executioni
330 3080 508 3120 demandari,
528 3081 735 3121 Affignavimus
757 3093 811 3115 vos
827 3106 837 3122 ,
855 3083 1035 3122 conjundtim
1047 3106 1058 3122 ,
1076 3085 1110 3115 δε
1131 3083 1205 3115 divi-

145 3122 215 3156 iim,
233 3118 267 3149 ad
290 3119 457 3156 capiendum
477 3121 511 3151 &
534 3120 714 3160 seiliendum,
732 3131 765 3152 ac
785 3123 848 3166 capi
869 3123 902 3153 &
917 3121 1016 3160 seifiri,
1034 3132 1085 3159 per
1097 3121 1204 3160 aliquos

148 3156 232 3193 (quos
251 3156 285 3186 ad
301 3156 363 3200 ‘hoc
385 3158 593 3197 deputaveritis)
621 3160 781 3191 faciendum
795 3183 805 3198 ,
821 3170 851 3191 in
874 3159 998 3191 Manum
1020 3160 1146 3191 nostram
1168 3160 1203 3190 ad

144 3202 256 3225 certum
268 3194 375 3233 Diem,
394 3206 482 3234 quern
492 3197 581 3228 vvobis
595 3197 724 3230 duximus
739 3198 960 3238 praefigendum,
978 3208 1079 3230 omnes
1093 3199 1205 3229 Priora-

145 3240 207 3276 tus,
226 3232 359 3272 Domos,
377 3233 532 3278 Beneficia,
549 3237 583 3267 &
598 3237 661 3269 loca
671 3260 681 3277 ‚
697 3238 927 3277 Religiosorum,
944 3239 979 3269 &
992 3237 1113 3268 aliorum
1127 3237 1205 3268 Alie-

145 3280 310 3315 nigenarum
325 3272 527 3316 praedictorum
543 3284 814 3315 quorumcumque,
832 3274 868 3306 de
881 3275 1024 3307 Potestate
1042 3276 1077 3306 δε
1094 3275 1202 3306 Domi-

145 3319 196 3339 nio
209 3309 279 3339 dicti
294 3309 399 3348 Regis,
417 3320 471 3342 nec
485 3322 545 3342 non
561 3312 639 3345 Bona
655 3315 689 3346 ὃς
702 3313 812 3346 Catalla
833 3314 1014 3352 eorumdem,
1032 3314 1062 3345 in
1082 3315 1206 3353 partibus

145 3347 183 3377 de
197 3346 404 3392 Holderneffe,
423 3350 452 3392 in
464 3349 614 3382 Comitatu
628 3351 776 3391 Eborum,
795 3353 870 3391 tarn,
888 3353 1035 3391 videlicet,
1057 3352 1156 3392 Equos
1170 3353 1204 3384 &

147 3385 306 3430 Animalia,
326 3385 467 3430 Denarios
489 3389 523 3419 &
541 3388 664 3428 Jocalia,
681 3400 715 3421 ac
735 3391 806 3421 Vasa
826 3392 919 3423 Aurea
942 3393 976 3422 &
993 3392 1152 3429 Argentea,
1170 3392 1204 3422 &

147 3423 231 3454 Blada
246 3434 275 3454 in
289 3423 387 3468 Terris
399 3425 563 3469 crescentia,
582 3429 669 3465 quam
683 3428 735 3458 alia
754 3428 833 3459 Bona
856 3430 901 3460 sua
921 3440 1127 3469 quaecumque,
1142 3430 1205 3460 ubi-

146 3473 274 3501 cumque
293 3462 451 3506 existentia,
470 3464 526 3494 sive
546 3465 649 3496 fuerint
669 3466 742 3496 infra
764 3467 917 3498 Libertates
930 3491 939 3506 ,
959 3469 1014 3499 sive
1037 3477 1128 3506 extra,
1148 3469 1204 3499 una

147 3511 217 3532 cum
238 3501 350 3531 Debitis
371 3511 435 3539 quae
457 3500 523 3539 Ipsis
544 3503 571 3531 in
593 3504 714 3541 partibus
755 3505 873 3535 raedietis
896 3504 1033 3537 debentur
1054 3506 1206 3545 (Exceptis

147 3539 246 3570 Terris
261 3541 295 3571 &
309 3539 393 3570 Bonis
405 3539 529 3577 ipsorum
543 3539 708 3573 Hominum
747 3544 892 3581 ritanniae,
911 3552 944 3574 ut
960 3544 1002 3574 est
1024 3544 1145 3582 dietum)
1172 3546 1207 3576 &

147 3578 182 3607 ad
197 3577 323 3616 Eadem,
342 3577 462 3616 Terras,
480 3577 678 3620 Tenementa,
695 3580 883 3612 Posseffiones
917 3582 951 3612 &
967 3582 1048 3613 Loca
1061 3593 1095 3614 ac
1109 3583 1206 3621 Bona,

147 3616 183 3647 &
199 3615 304 3646 Catalla
316 3625 507 3655 quaecumque
521 3616 688 3656 supradicta,
706 3619 782 3651 salvo
796 3621 830 3651 &
843 3603 946 3657 absbue
957 3620 1139 3652 distractione
1159 3621 1208 3651 ali-

149 3655 206 3699 qua
231 3654 378 3686 Bonorum
401 3653 570 3698 eorumdem
589 3665 726 3696 per2vos,
743 3658 858 3695 praefate
878 3658 1053 3697 Willielme,
1071 3659 1207 3690 custodiri

148 3692 329 3731 faciendum,
349 3693 494 3732 quousque
504 3693 578 3724 aliud
590 3693 657 3724 inde
672 3704 766 3733 praece
786 3697 904 3735 erimus,
926 3699 962 3727 ita
975 3698 1056 3735 quod
1069 3698 1105 3728 de
1119 3698 1208 3729 Exiti-

151 3731 204 3763 bus
223 3732 396 3771 Terrarum,
415 3732 668 3764 Tenementorum
682 3757 692 3770 ,
709 3734 744 3764 &
791 3745 915 3766 ocorum
938 3735 1157 3775 praedkstorum,
1172 3746 1206 3767 ac

150 3766 236 3812 Bonis
249 3770 390 3813 ,hCatallis
403 3795 413 3809 ,
432 3769 561 3801 Denariis
573 3795 583 3809 ,
603 3771 749 3809 Jocalibus
765 3795 775 3811 ,
798 3774 831 3805 &
855 3773 969 3804 Debitis
991 3774 1137 3805 antedictis
1158 3775 1206 3814 (de

153 3807 253 3851 quibus
268 3819 297 3838 in
311 3807 465 3839 Cameram
480 3809 606 3840 nostram
621 3809 752 3840 volumus
767 3811 939 3849 responderi)
956 3811 1057 3843 Nobis
1072 3823 1121 3850 per
1135 3823 1205 3851 vos,

152 3845 288 3882 praedicte
309 3846 483 3885 Willielme,
502 3849 532 3878 in
554 3848 655 3878 eadem
677 3847 801 3879 Camera
821 3849 916 3881 nostra
929 3850 1017 3881 valeat
1029 3851 1203 3888 responderi:

152 3882 330 3927 salvatamen
343 3887 408 3916 viris
419 3885 583 3925 Religiosis,
600 3885 738 3916 Ministris
750 3887 784 3917 &
798 3887 991 3918 Servientibus
1009 3888 1060 3918 suis
1081 3890 1207 3921 necessa-

151 3931 213 3964 riis,
232 3923 386 3953 rationabili
403 3924 601 3956 sustentatione
623 3925 688 3963 sua,
707 3934 794 3962 quarn
815 3925 878 3962 ipfis
891 3936 939 3963 per
952 3936 1021 3964 vos,
1037 3926 1113 3958 dicte
1126 3927 1206 3959 Wil-

150 3958 261 3996 lielme,
278 3958 313 3989 de
328 3959 454 3994 Exitibus
466 3963 666 3994 Dominorum
682 3962 790 3994 suarum
804 3963 954 4003 volumus,
970 3964 1065 3996 donec
1081 3966 1155 3997 aliud
1163 3968 1207 3998 in-

151 3996 189 4027 de
204 3997 427 4041 mandaverimus
437 4025 446 4038 ‚
464 4001 613 4033 ministrari
621 4025 630 4040 ‚

187 4034 225 4065 Et
238 4035 271 4064 ad
286 4035 443 4082 Religiosos
458 4039 609 4077 praedietos
625 4040 697 4074 infra
710 4040 852 4073 Prioratus
867 4041 901 4074 ὃς
915 4040 1033 4077 Domos
1047 4042 1205 4082 sumaim

151 4073 185 4106 &
200 4072 318 4104 honeste
332 4074 566 4117 custodiendum,
1032 4100 1036 4103 -

221 4116 296 4146 Tom-
312 4115 353 4143 ΙΙ.
372 4115 406 4144 Ρ.
424 4117 484 4146 ΙΙΙ.

1228 171 1692 220 PUssLicA.
2204 186 2282 231 177·

1268 256 1305 299 Et
1321 257 1354 288 ad
1369 260 1584 303 inquirendum,
1603 264 1662 293 tam
1681 268 1731 303 per
1751 263 1965 295 Sacramentum
1985 263 2149 295 Proborum
2169 265 2202 295 &
2223 262 2281 294 Le—
2299 267 2374 299 Αῃῃ,
2388 260 2430 299 D,

1225 294 1330 341 galium
1353 296 1516 328 Hominum
1538 303 1657 337 partium
1678 302 1875 339 praedic'tarum
1891 327 1899 342 ,
1931 306 1989 333 tam
2012 303 2079 333 infra
2102 303 2257 332 Libertates
2271 325 2281 340 ,
2321 311 2405 346 1337.

1229 342 1315 375 quam
1336 344 1411 364 extra
1430 346 1493 378 ,per
1513 347 1583 380 quos
1604 341 1642 369 rei
1664 341 1762 370 veritas
1784 342 1883 371 melitis
1904 342 1964 371 sciri
1986 343 2103 378 poterit,
2123 343 2208 378 quam
2223 341 2281 371 aliis
2298 348 2365 375 fidv,
2386 357 2414 384 3.

1228 370 1281 412 vils
1301 371 1334 401 &
1357 359 1584 416 modiquuibus
1596 377 1702 419 *melitis
1721 380 1848 415 expedire
1866 380 1987 410 videritis
1999 404 2007 418 ,
2024 381 2058 410 de
2080 379 2191 410 Debitis
2212 384 2277 417 quae
2412 380 2414 383 '

1228 407 1328 438 eisdem
1344 408 1494 455 Religiolis
1508 414 1553 457 seu
1568 414 1624 443 aliis
1638 415 1778 452 praedietis
1792 418 1820 446 in
1835 417 1937 448 eisdem
1953 418 2074 456 partibus
2085 418 2281 456 debentur,&

1231 446 1310 484 Qae
1325 449 1358 479 &
1376 448 1544 487 Cujusmodi
1559 451 1682 492 Debita,
1697 454 1730 484 &
1745 465 1795 492 per
1808 455 1909 495 Qos,
1927 457 1960 487 &
1972 456 2007 486 de
2019 456 2163 486 Terminis
2177 456 2282 486 Soluti-

1229 493 1320 515 onum
1336 489 1504 518 eorumdem
1514 513 1523 526 ,

1267 523 1398 554 Necnon
1412 525 1445 556 ad
1460 526 1621 559 Indenturas
1634 530 1704 559 inter
1717 540 1770 561 vos
1779 554 1788 569 ‚
1807 531 1940 569 praediste
1951 531 2094 571 Johannes
2103 533 2153 571 ,&
2167 532 2284 563 Nicho÷

1228 560 1286 605 lae,
1305 562 1349 607 seu
1363 563 1481 595 alterum
1494 566 1619 597 vestrum
1629 590 1637 604 2
1655 577 1701 598 aut
1714 569 1728 598 a
1744 570 1824 599 vobis
1840 570 2031 607 Deputandis,
2047 573 2080 602 &
2095 571 2283 610 vos,praefate

1229 599 1400 638 Willielme,
1417 602 1453 647 de
1471 606 1608 634 omnibus
1630 605 1714 635 Bonis
1735 608 1767 637 ὅ(
1788 607 1915 646 Catallis,
1930 609 1988 638 [iim
2010 609 2138 639 Denariis
2156 634 2164 648 ,
2177 609 2283 647 jocalia

1230 639 1299 676 bus,
1314 640 1347 670 &
1370 639 1475 678 Bladis,
1491 643 1519 671 in
1539 643 1637 673 Terris
1659 644 1860 683 crescentibus,
1881 648 1967 683 quarn
1987 647 2043 677 al'iis
2064 646 2149 677 Bonis
2173 649 2205 677 &t
2219 646 2281 677 Re-

1231 677 1298 714 bus,
1318 677 1440 722 ipsorum
1456 680 1678 721 Religiosorurn,
1697 682 1730 712 &
1745 683 1864 713 aliorum
1885 684 2110 724 Alienigenarum
2132 686 2282 723 predicto-

1232 725 1314 759 rum,
1330 718 1570 760 quibuscumque,
1588 730 1620 750 ac
1634 719 1670 749 de
1683 720 1778 751 Pretio
1792 722 1978 761 eorumdem,
1995 723 2028 754 ὃς
2044 723 2121 763 Qiae
2135 725 2168 755 ὃ(
2185 721 2286 761 Cujus—

1231 754 1313 783 modi
1325 755 1427 786 fuerint
1435 778 1445 794 ,
1464 756 1554 786 modo
1567 756 1665 788 debito
1677 759 1881 798 conficiendas,

1233 830 1240 838 ρ
1266 788 1305 822 Et
1317 792 1351 823 ad
1367 792 1604 835 Certificandam,
1621 798 1680 826 tam
1694 797 1761 827 Nos
1776 799 1804 827 in
1821 797 2024 828 Cancellariam
2038 798 2179 838 nostram,
2195 798 2283 839 quarn

1232 839 1262 874 in
1280 829 1431 874 Cameram
1447 833 1589 872 nostram,
1606 834 1643 864 de
1656 834 1740 864 Bonis
1756 836 1789 866 &
1804 835 1915 867 Citallis
1938 837 2004 874 illis,
2021 848 2054 868 ac
2077 838 2189 869 Debitis
2209 849 2282 877 prae-

1231 868 1313 899 distis
1326 893 1335 908 ,
1366 871 1400 901 &
1420 871 1599 911 Transcripta
1626 871 1840 904 Indcnturarum
1861 875 1967 905 illarum
1988 875 2093 906 ibidem
2113 877 2284 908 mittendum

1231 917 1300 938 cum
1316 908 1455 940 celeritate
1467 910 1522 948 qua
1535 911 1665 949 potestis:

1270 944 1306 976 Et
1325 947 1392 990 ideo
1415 949 1498 979 vobis
1511 972 1520 987 ,
1538 949 1653 980 firmiter
1676 950 1849 989 injungendo
1864 975 1874 988 ,
1893 950 2058 982 mandamus
2081 952 2161 990 quod
2177 977 2186 991 ,
2208 955 2283 984 circa

1234 986 1392 1024 praemissa,
1409 986 1535 1018 facienda
1547 988 1579 1018 &
1596 988 1729 1026 explenda
1744 989 1773 1018 in
1787 989 1879 1019 forma
1892 989 2026 1027 praedic‘ifi
2036 1013 2044 1028 ,
2063 1001 2131 1021 cum
2145 993 2225 1022 omni
2240 994 2285 1023 so-'

1233 1022 1378 1054 licitudine
1395 1025 1428 1056 ὃς
1449 1026 1590 1065 diligentia
1611 1027 1774 1065 intendatis,
1790 1029 1924 1058 omnibus
1946 1028 2003 1058 aliis
2028 1029 2228 1067 praetermissis,
2247 1031 2286 1060 ita

1234 1061 1331 1101 Quod,
1349 1073 1397 1101 per
1418 1063 1501 1093 vestri
1524 1064 1718 1102 Tepiditatem
1732 1089 1741 1103 ,
1759 1068 1804 1095 seu
1826 1065 2046 1103 Negligentiam
2069 1067 2100 1096 in
2118 1066 2172 1097 hac
2192 1077 2286 1106 parte,

1234 1098 1405 1145 Dampnum
1419 1103 1464 1132 seu
1473 1102 1617 1140 Jaetumm
1630 1103 1785 1134 nullatenus
1799 1105 1990 1144 incurramus,
2009 1115 2058 1143 per
2078 1105 2158 1143 quod
2180 1106 2214 1135 ad
2234 1113 2286 1137 vos

1234 1136 1388 1169 Materiam
1400 1140 1552 1170 habeamus
1566 1142 1704 1180 graviter,
1723 1150 1807 1179 prout
1821 1144 1956 1174 convenit
1994 1144 2121 1181 capiendi

1268 1176 1305 1207 Et
1327 1177 1397 1208 scire
1417 1178 1539 1217 facietis,
1559 1189 1593 1209 ex
1612 1188 1688 1217 parte
1708 1179 1819 1217 nostra,
1836 1180 1944 1220 singulis
1957 1166 2102 1212 Frioribus
2116 1167 2287 1212 Domorum

1233 1214 1268 1245 &
1283 1215 1433 1246 Locorum
1447 1218 1649 1255 praedictorum
1659 1241 1668 1255 ,
1686 1219 1715 1248 in
1731 1219 1852 1256 partibus
1873 1219 2029 1258 praediffls,
2045 1221 2091 1250 seu
2110 1219 2290 1251 Custodibus

1234 1255 1419 1293 eorumdem,
1437 1266 1483 1287 aut
1505 1256 1606 1286 eisdem
1628 1255 1840 1287 Praefidentibus
1853 1279 1862 1294 ,
1881 1257 1960 1295 quod
1981 1258 2032 1288 sint
2045 1282 2055 1296 ,
2074 1260 2102 1288 in
2126 1258 2249 1297 Propriis
2268 1259 2287 1278 ²¹²

1234 1290 1363 1323 Pei-sonis
1382 1294 1446 1331 suis,
1464 1304 1563 1324 etnam
1575 1295 1692 1333 Nobis,
1710 1296 1742 1326 ὃς
1757 1294 1895 1325 Concilio
1910 1295 2023 1334 nostro,
2043 1297 2116 1333 apud
2136 1297 2289 1328 VVestmo-

1232 1330 1403 1370 nasterium,
1421 1332 1468 1362 die
1484 1332 1733 1372 Lunae,proxirn0
1766 1332 1810 1363 ost
1828 1333 1943 1363 Festum
1959 1333 2070 1364 Sancta:
2087 1330 2188 1365 Mance
2206 1331 2291 1376 Mag—

1233 1368 1338 1399 dalenJe
1352 1395 1360 1408 ,
1388 1373 1522 1408 proximi)
1544 1372 1693 1409 futurum,
1718 1343 1764 1402 adp
1771 1372 1983 1403 informandum
2006 1372 2074 1402 Nos
2089 1397 2099 1410 ,
2124 1375 2157 1403 ὅτ
2181 1373 2291 1405 dicium

1236 1406 1405 1439 Concilium
1419 1410 1546 1439 nostrum
1563 1411 1639 1448 super
1654 1410 1809 1448 aliquibus,
1828 1408 1876 1440 Eis
1891 1420 1925 1441 ex
1940 1419 2015 1450 parte
2029 1411 2125 1441 nostra
2145 1419 2291 1448 exponen-

1235 1446 1293 1490 dis,
1311 1448 1344 1478 &
1361 1447 1395 1478 ad
1416 1448 1578 1478 faciendum
1600 1448 1715 1479 ulterius
1738 1448 1816 1487 quod
1835 1458 1903 1480 tunc
1925 1449 2032 1480 ibidem
2045 1451 2199 1486 contigerit
2213 1450 2290 1480 ordi-

1236 1494 1302 1514 nari.

1273 1522 1474 1555 Mandavimus
1491 1526 1567 1555 enim
1583 1522 1755 1556 Vicec'omiti
1768 1524 1865 1556 nostro
1883 1522 2048 1557 Comitatus
2062 1524 2292 1565 praedieii,qu0d

1237 1561 1336 1599 vobis,
1354 1562 1382 1592 in
1404 1563 1565 1601 praemiffis,
1579 1564 1713 1594 omnibus
1733 1565 1766 1595 &
1788 1565 1917 1602 singulis,
1935 1565 2067 1595 faciendis
2085 1565 2118 1595 &
2132 1565 2291 1605 explendis,

1237 1608 1330 1636 pareat
1364 1601 1493 1638 obediat,
1512 1602 1545 1631 δε
1559 1602 1701 1639 intendat,
1720 1603 1753 1632 ὃ(
1768 1613 1864 1633 coram
1879 1604 1961 1633 vobis
1973 1604 2068 1634 venire
2083 1603 2162 1633 faciat
2175 1604 2237 1634 Tot
2256 1604 2290 1634 ὃς

1237 1638 1322 1668 Tales
1337 1623 1447 1669 Frobos
1463 1640 1495 1669 &
1511 1639 1627 1679 Legales
1638 1640 1784 1670 Homines
1797 1640 1832 1670 de
1848 1640 1950 1671 Ballivfi
1962 1640 2091 1679 suanm
2104 1641 2175 1672 infra
2191 1640 2295 1673 Liber-

1238 1684 1321 1714 tateS,
1337 1678 1422 1714 quam
1439 1687 1528 1716 ema,
1549 1688 1597 1715 per
1611 1688 1682 1716 quos
1696 1678 1806 1709 dictum
1823 1680 1974 1716 negotium
1987 1679 2087 1710 melitis
2102 1680 2223 1718 expediri
2239 1691 2292 1719 po-

1236 1715 1318 1752 terit,
1336 1717 1465 1753 quotiens
1488 1718 1520 1747 &
1535 1716 1656 1758 *quando
1677 1726 1748 1754 opus
1769 1717 1867 1755 fuerit,
1886 1718 1918 1749 &
1943 1717 2056 1757 Ipsum,
2073 1718 2151 1756 super
2164 1719 2222 1751 hoc
2236 1745 2245 1760 ,
2258 1729 2293 1750 ex

1238 1762 1316 1792 parte
1328 1753 1440 1791 nostri,
1455 1754 1575 1785 feceritis
1589 1756 1758 1794 praemuniri.

1277 1791 1311 1823 In
1326 1793 1420 1830 cujus,
1439 1793 1498 1823 ὅτε.

1313 1830 1403 1861 Tei're
1417 1831 1499 1872 Rege
1518 1831 1591 1869 apud
1606 1831 1757 1863 Staunford
1765 1855 1775 1871 ,
1792 1833 1888 1872 primo
1902 1833 1949 1864 die
1957 1833 2034 1872 Julii.

2307 1281 2327 1301 *²
2349 1280 2402 1310 Ν»,

2310 1331 2377 1372 779ἶ

1916 1910 1970 1941 Per
1988 1908 2070 1950 {pficm
2088 1912 2192 1949 Regem.

1300 1987 1446 2018 Onfimilis
1461 1987 1636 2018 commissio
1650 1987 1681 2018 fit
1692 1987 1814 2027 Johanni
1827 1986 1863 2017 de
1878 1987 2013 2027 Molyns,
2027 1986 2154 2026 johanni
2168 1987 2205 2018 de
2217 1988 2294 2019 Lan—

1241 2065 1246 2071 ·
1319 2026 1432 2066 gesord.
1453 2027 1486 2056 &
1501 2026 1651 2071 Nicholao
1663 2027 1698 2071 de
1718 2025 1879 2065 Bulzelond,
1896 2026 2091 2070 conjunctim,
2109 2027 2143 2057 &
2164 2026 2294 2070 divisim,

1239 2075 1267 2094 in
1291 2063 1382 2095 Insula
1400 2052 1493 2095 Vena
1512 2087 1522 2103 ,
1546 2075 1575 2095 in
1597 2065 1745 2096 Comitatu
1766 2064 2015 2108 Suthampton1ae;
2047 2072 2083 2096 ita
2103 2064 2183 2108 quud
2202 2065 2299 2096 dietus

1236 2102 1380 2141 Johannes
1400 2103 1435 2132 de
1460 2103 1621 2142 langeford
1642 2103 1737 2141 Bona,
1754 2101 1814 2145 ὠς.
1833 2103 1991 2144 custodiat,
2009 2104 2043 2134 &
2062 2103 2098 2133 de
2120 2103 2223 2133 eisdem
2247 2113 2295 2133 re-

1239 2141 1372 2211 ipssdfiat
1387 2142 1415 2170 in
1424 2140 1580 2210 fameram
1595 2140 1698 2181 Regis,
1715 2139 1772 2178 &a
1790 2148 1821 2185 ur
1825 2143 1910 2181 supra
1923 2144 2039 2171 mutatis
2049 2141 2196 2171 mutandis.

1309 2190 1325 2210 e
1349 2190 1365 2211 e
1380 2188 1410 2211 ut
1436 2189 1511 2218 upra.

1917 2259 1971 2288 Per
1984 2255 2065 2298 ipsimi
2080 2259 2185 2295 Regem.

1300 2334 1447 2367 Onsimilis
1465 2332 1642 2367 Commisfio
1666 2335 1699 2366 sit
1719 2331 1832 2366 diversis
1852 2334 1889 2366 de
1910 2334 2083 2366 Prioratibus
2097 2359 2107 2372 ,
2130 2333 2301 2373 Domibus‚

1319 2374 1480 2413 Beneficiis,
1500 2376 1532 2405 &
1554 2374 1640 2406 Locis
1653 2373 1918 2413 Religiosorum,&
1931 2374 2051 2404 aliorum
2066 2372 2302 2410 Alienigenarum*

1238 2411 1274 2442 de
1289 2412 1432 2445 Potestate
1447 2415 1479 2444 &
1493 2412 1639 2443 Dominio
1660 2413 1747 2452 Regis
1771 2413 1915 2451 Franciae‚
1932 2414 1963 2443 iti
1984 2411 2105 2451 Angiia,
2123 2411 2245 2451 Wailia,
2261 2414 2297 2444 δῦ

1238 2450 1395 2491 Hibernia,
1411 2453 1440 2481 in
1456 2461 1573 2482 manum
1586 2451 1672 2490 Regis
1687 2450 1836 2490 capiendis.

1333 2599 1389 2629 Pro
1411 2594 1561 2642 abegisti-6
1573 2593 1718 2628 Nicholao
1740 2593 1776 2627 de
1793 2592 1951 2627 Dordraco
1970 2590 2006 2626 de
2025 2595 2203 2626 Retinentia«

1242 2679 1389 2741 NOS,
1406 2681 1567 2718 Henricus,
1585 2680 1646 2715 &a
2318 2676 2393 2710 Ann.
2408 2678 2449 2712 D.

1356 2720 1475 2751 Tenore
1489 2720 1680 2758 piaesentium,
1699 2718 1926 2758 recognoscimus
1946 2718 1980 2749 ὃς
1999 2717 2114 2755 publice
2134 2715 2298 2755 profitemur
2340 2726 2425 2759 1337.

1242 2758 1324 2798 quod
1339 2758 1425 2797 Nos,
1444 2760 1563 2789 nomine
1576 2758 1771 2798 procuratorio
1788 2767 1846 2794 quo
1859 2757 1955 2794 supra,
1973 2756 2150 2793 promisimus
2173 2756 2206 2785 &
2231 2760 2368 2792 pro-<Am
2388 2767 2429 2785 ri.

1242 2799 1399 2835 mittimus,
1416 2797 1495 2828 bona
1509 2797 1564 2827 fide
1599 2795 1741 2835 Magistro
1753 2795 1904 2825 Nicholao
1922 2795 1958 2825 de
1978 2793 2148 2831 Dordraco,
2168 2792 2304 2832 Clerico‚
2319 2799 2348 2822 Ε.
2372 2805 2396 2832 3.

1243 2837 1397 2875 spectabilis
1411 2835 1554 2873 Comitis,
1570 2820 1750 2873 Haynuniae,
1768 2832 1947 2871 Hollandiae,
1964 2831 2127 2871 Zelandiae‚
2145 2842 2177 2862 ac
2192 2832 2305 2862 Domi—⁷
2320 2833 2435 2862 Alcman.

1243 2877 1273 2905 ni
1288 2874 1409 2911 Friziae,
1429 2873 1530 2904 Fratris
1547 2872 1670 2903 Domini
1685 2871 1774 2902 nostri
1789 2870 1935 2910 praedisti,
1952 2879 1986 2900 ex
2001 2871 2084 2901 causa
2099 2881 2178 2908 purae
2199 2870 2302 2901 Dona-
2325 2882 2366 2899 ιι.
2383 2876 2411 2899 Ε.
2425 2881 2454 2909 3(

1244 2914 1344 2951 tionis,
1359 2912 1484 2942 Tradere
1498 2912 1532 2942 &
1549 2911 1733 2948 Deliberare,
1750 2920 1785 2941 ac
1806 2910 1873 2940 tradi
1889 2911 1922 2940 &
1944 2909 2089 2939 deliberari
2110 2909 2219 2947 facere,
2239 2909 2304 2940 Du·
2321 2920 2356 2938 m.
2373 2919 2398 2945 7,

1245 2959 1343 2983 centos
1355 2950 1491 2980 Florenos
1507 2950 1577 2980 Auri
1591 2949 1628 2980 de
1650 2948 1810 2987 Florentia,
1828 2947 1873 2979 vel
1895 2946 2048 2978 Monetam
2069 2948 2303 2986 aequivalentem,

1245 2991 1275 3020 in
1288 2989 1407 3028 Oppido
1424 2987 1632 3027 Dordracmfi,
1651 2987 1721 3017 infra
1734 2987 1801 3017 hinc
1814 2988 1847 3019 δε
1864 2986 1980 3017 Festum
1995 2986 2070 3017 beati
2083 2986 2204 3016 Andreae
2221 2987 2306 3024 Apo-

1245 3029 1327 3065 stoli,
1347 3028 1508 3066 proximum
1524 3025 1691 3057 affuturum.
2178 3063 2182 3067 ⁵

1281 3066 1395 3104 Insuper
1409 3064 1589 3104 promisimus
1601 3065 1634 3096 ὃς
1651 3063 1841 3102 promittimus
1859 3061 1952 3094 eidem
1975 3062 2119 3100 Magistro
2138 3062 2304 3099 Nicholao,

1246 3105 1381 3145 quamdiu
1397 3105 1514 3141 vixerit,
1533 3103 1660 3133 Centum
1685 3102 1823 3133 Florenos
1845 3101 2021 3140 consimiles,
2038 3101 2083 3132 vel
2099 3099 2251 3131 Monetam
2265 3111 2304 3130 ae-‘

1246 3143 1456 3183 quivalentem,
1473 3141 1580 3172 solvere
1594 3143 1628 3173 &
1643 3141 1813 3179 deliberare,
1832 3150 1879 3171 aut
1893 3140 1962 3170 solvi
1977 3141 2010 3171 &
2030 3138 2175 3169 deliberari
2194 3138 2304 3176 facere,

1246 3183 1364 3212 nomine
1378 3180 1553 3219 supradieto,
1568 3180 1597 3210 in
1609 3178 1676 3210 loco
1692 3179 1824 3217 praei‘ato,
1843 3179 1957 3215 lingulis
1980 3178 2087 3215 Annis,
2106 3179 2135 3206 in
2154 3177 2298 3207 Termino

1246 3220 1321 3251 Festi
1337 3221 1410 3251 beati
1428 3219 1570 3258 Remigii,
1587 3219 1681 3248 donec
1716 3217 1844 3248 raedietus
1860 3216 2004 3247 Dominus
2019 3215 2115 3245 noster
2130 3215 2181 3253 ipsi
2206 3214 2306 3258 Magi-

1247 3259 1306 3290 stro
1320 3257 1470 3289 Nicholao
1484 3257 1521 3288 de
1534 3256 1680 3288 Beneficio
1721 3255 1893 3287 cclefiastico
1908 3254 2079 3292 providerit,
2098 3253 2176 3292 quod
2193 3253 2303 3283 duxerit

1246 3308 1315 3330 acce
1336 3297 1469 3328 tandum:

1282 3307 1483 3366 Prgmittentes
1495 3333 1712 3370 nichilominus,
1729 3333 1809 3370 supet
1824 3328 1983 3369 praemissis,
2002 3330 2082 3361 dieto
2096 3329 2303 3374 MagistroNi3·

1245 3375 1350 3406 cholao
1371 3374 1477 3405 Literas
1499 3373 1625 3404 Domini
1646 3371 1736 3401 nostri
1757 3371 1846 3407 Regis
1860 3394 1870 3407 ,
1904 3369 2121 3409 Obligationem
2142 3367 2301 3406 hujusmodi

1247 3414 1441 3451 continentes,
1460 3411 1577 3443 fideliter
1593 3419 1760 3448 proourare,
1890 3446 1894 3452 .
1954 3447 1959 3452 .
1985 3447 1989 3451 ¹
2015 3447 2019 3451 ι
2098 3446 2102 3451 ¹

1283 3451 1396 3482 Harum
1420 3450 1605 3481 Testimonio
1623 3449 1764 3479 literarum
1780 3469 1790 3486 ,
1808 3445 1910 3477 nostris
1932 3445 2034 3483 Sigillis
2058 3445 2249 3483 sigillatarurn,
2267 3444 2301 3474 ὃς

1246 3490 1373 3521 datarum
1387 3490 1416 3518 in
1430 3488 1539 3526 oppido
1554 3485 1762 3517 Frankefordiae
1771 3508 1780 3523 ,
1791 3485 1877 3515 Anno
1891 3485 2013 3514 Domini
2028 3483 2182 3513 Millesrmo
2191 3507 2200 3521 ,
2215 3483 2300 3513 Tres-

1246 3528 1420 3567 centesimo,
1435 3526 1596 3558 Tricefimo
1606 3526 1742 3564 septimo,
1757 3523 1859 3554 Tertia
1873 3523 1919 3553 die
1932 3522 2031 3552 mensis
2041 3521 2118 3560 Juliir

1303 3657 1352 3689 De
1369 3655 1538 3688 Retinentia
1559 3647 1679 3685 Roberti
1700 3647 1735 3682 de
1752 3644 1913 3694 Touburgh
1932 3647 2055 3679 Domi'm'
2072 3644 2108 3679 de
2122 3644 2259 3679 Vernich.

1248 3738 1396 3807 NG&
1412 3738 1571 3775 Henricus,
1590 3733 1651 3770 &c.
2177 3770 2181 3774 ⁵
2268 3770 2272 3773 ‚
2287 3769 2292 3775 ¹
2325 3736 2400 3769 Arm*
2414 3738 2456 3771 Da

1398 3786 1478 3807 otum
1494 3775 1552 3806 esse
1564 3774 1712 3811 volumus,
1720 3781 1779 3840 1ger
1801 3769 1963 3808 praesentes,
1981 3766 2078 3807 quod,
2096 3768 2203 3799 Nobili
2226 3767 2308 3799 Mili—
2352 3786 2436 3816 ¹337-

1248 3818 1288 3854 ti,
1306 3815 1439 3846 Roberto
1451 3814 1488 3844 de
1499 3811 1703 3848 Toubourgh,
1752 3809 1854 3839 omino
1869 3808 1905 3838 de
1921 3808 2064 3845 Vernich,
2079 3815 2114 3837 cx
2129 3817 2220 3845 parte,
2241 3807 2308 3838 Do-
2324 3819 2375 3844 An.
2397 3825 2438 3844 Η,

1250 3854 1321 3885 mini
1336 3852 1441 3890 nostri,
1458 3851 1581 3882 Domini
1594 3849 1680 3888 Regis
1695 3848 1823 3887 Angliae,
1841 3847 1957 3884 damus,
1975 3847 2008 3877 &
2026 3846 2097 3890 dare⁷
2110 3846 2257 3890 volumus,
2269 3854 2307 3890 'ut
2328 3856 2356 3880 Ε,
2375 3863 2399 3890 3.

1250 3892 1302 3922 fibi
1317 3893 1345 3921 in
1362 3891 1414 3921 suis
1431 3890 1550 3920 Guerris
1562 3887 1661 3918 Fidelis
1677 3886 1774 3917 existat
1797 3884 1935 3923 Adjutor,
1954 3894 2021 3915 cum
2044 3883 2177 3921 Triginta
2198 3883 2308 3922 Elmis,
2323 3892 2440 3919 Alcman,

1247 3929 1427 3966 Stipendiatis
1442 3929 1476 3959 &
1491 3925 1703 3958 Affirmatistali
1720 3923 1923 3966 Stipendia&
1942 3921 2137 3961 Conditione,
2157 3931 2186 3952 ut
2209 3926 2306 3954 caeter'i
2328 3939 2368 3956 ir.
2389 3934 2417 3955 ε,
2429 3937 2454 3964 3,

1249 3967 1336 3998 nostri
1353 3966 1519 4003 Stipendarii
1534 3966 1595 4000 sunt
1608 3961 1898 4001 Conditionati,Tria
1913 3959 1997 3992 Milia
2011 3960 2201 3992 Fici-enorum
2217 3961 2308 4000 Lega-
2323 3976 2359 3995 m.
2375 3967 2402 3993 6A

1251 4007 1321 4037 lium
1335 4007 1367 4036 &
1383 4005 1558 4035 Dativorutn

1288 4044 1338 4074 De
1379 4044 1458 4073 uibus
1478 4026 1608 4073 <sabinius
1629 4040 1664 4072 sc
1682 4039 1872 4079 persolvemus
1885 4037 1979 4070 eidem
1992 4035 2064 4070 Duo
2079 4037 2163 4069 Muza
2178 4038 2209 4068 in
2224 4035 2308 4067 Festo

1250 4083 1324 4120 beati
1380 4081 1487 4114 'chaelis
1499 4081 1637 4121 proximo
1650 4077 1856 4149 nunczfuturo,
2249 4110 2310 4141 Re—
