2562 4279
757 189 870 235 ET
954 193 1223 236 ACTA
1307 191 1786 239 PUBLICA-

73 277 148 310 Ann.
163 275 206 307 D.
221 278 373 310 Creatione
388 279 421 311 ὃς
437 278 630 311 Coronatione
645 279 715 310 dieti
741 278 855 310 Summi
876 278 1021 310 Pontificis
1039 279 1074 310 ad
1091 279 1159 310 Nos
1182 279 1296 318 missus,

73 325 111 383 ΣΞ
115 325 181 356 342.
223 328 258 348 ex
281 319 340 387 {iim
362 319 481 349 celebris
502 319 685 350 insinuatione
705 318 843 349 Rumoris
864 318 931 349 Nos
951 319 1032 349 laetos
1050 317 1180 349 effecerit
1201 318 1234 349 &
1250 319 1299 356 jo-

112 366 141 382 ν·
154 364 182 392 3·
224 367 282 388 cun
303 367 334 387 os

258 394 324 426 Nos
332 380 352 434 ,²
367 395 427 426 tarn
449 395 669 426 consideratione
693 395 850 434 Mittentis,
869 394 955 433 quam
977 402 1091 432 propter
1110 394 1297 431 aptitudinem

223 432 354 464 Personae
373 434 551 472 transmissae,
570 434 732 464 retinuimus
751 434 863 464 dictum
886 433 1000 463 Petrum
1015 433 1050 462 de
1064 432 1184 463 Familia
1204 432 1298 463 nostra

223 471 340 510 Regia,
358 470 561 502 Concedentes
581 473 607 502 ei
628 473 725 503 Robas
741 473 872 510 Annuas,
887 471 923 501 de
938 470 1023 500 Secta
1045 470 1222 502 Valettorum
1244 481 1298 501 no-

223 510 363 548 strorum,
381 510 414 541 &
435 510 548 548 Viginti
566 511 665 541 Libras
685 511 909 548 Sterlingorum,
928 508 1119 546 percipiendas
1139 511 1228 540 Annis
1243 509 1298 539 sin-

224 549 295 588 gulis
313 549 348 579 ad
360 548 544 579 Scaccarium
560 548 686 579 nostrum
701 548 833 586 Paschae,
852 547 886 577 ad
898 556 990 577 totam
1004 548 1093 577 vitam
1109 548 1189 585 ipsius
1204 548 1298 586 Petri,

222 587 270 617 vel
284 587 426 625 quousque
441 587 492 617 fibi
507 587 543 617 de
566 587 681 624 Viginti
701 587 819 617 Libratis
836 586 937 615 Terrae
957 584 1003 616 vel
1017 585 1155 617 Redditus
1176 587 1207 617 in
1229 587 1298 617 loco

225 635 359 662 congruo
371 625 523 656 fecerimus
534 626 687 664 provideri.

261 661 297 694 In
313 664 411 702 cujus,
428 664 491 694 &c.

296 701 387 732 Teste
406 702 489 741 Rege
504 702 579 741 apud
595 702 714 733 Turrim
735 699 872 731 London.
889 700 1027 732 vicesimo
1047 702 1152 734 odravo
1165 702 1211 733 die
1221 701 1300 741 Julii.

734 779 788 807 Per
804 780 897 807 Breve
915 777 949 808 de
964 781 1080 817 privato
1096 778 1197 818 sigillo.

227 926 277 959 De
306 936 363 957 non
396 920 599 966 attemptando
622 931 725 954 contra
749 921 977 968 Confitetudines
1000 926 1037 961 &
1059 926 1185 956 Statura
1209 925 1303 970 Regni

695 971 823 1018 Angliae.

77 1059 155 1092 Aiin.
170 1057 212 1090 D.
227 1055 366 1113 REX,
383 1055 587 1087 venerabilibus
601 1056 665 1087 viris
684 1056 718 1087 δε
736 1055 875 1095 discretis,
901 1055 1058 1094 Capellanis
1074 1056 1198 1088 Domini
1219 1056 1304 1088 Sum-

100 1107 186 1139 1342.
300 1096 343 1125 mi
360 1094 522 1134 Pontificis,
540 1096 573 1126 ὃς
587 1096 645 1134 ejus
657 1095 737 1126 Sacri
755 1094 852 1126 Palatii
867 1095 1068 1134 Auditoribus,
1085 1096 1220 1127 Salutem.

78 1143 132 1165 An.
155 1138 198 1164 16.
270 1132 355 1164 Licet
374 1133 427 1164 sitis
445 1134 474 1163 in
487 1133 556 1173 Jure
571 1132 658 1164 Periti
674 1157 684 1173 ,
710 1133 828 1171 Legum
847 1134 1039 1172 Imperialium
1055 1135 1089 1165 &
1104 1134 1222 1165 aliarum
1242 1132 1305 1165 Ge·

105 1197 110 1202 .
130 1197 156 1213 ,.
231 1171 368 1203 neralium
383 1172 527 1203 Notitiam
541 1173 719 1212 optinentes,
741 1174 808 1210 quia
824 1181 917 1202 tamen
925 1172 1148 1203 Consuetudines
1161 1172 1306 1204 &Statura

80 1218 152 1242 Rom.
169 1214 212 1241 16.
231 1209 346 1241 Localia
374 1211 455 1249 (etim
475 1211 525 1241 sint
554 1211 634 1249 facti)
658 1210 772 1249 potestis
793 1210 973 1249 probabiliter
993 1212 1123 1248 ignorare
1137 1234 1148 1250 ,
1173 1211 1306 1249 quaedam

81 1257 194 1291 E.3.m.
231 1248 454 1280 Consuetudines
474 1250 508 1281 ὃς
525 1249 647 1287 Statura,
666 1252 696 1280 in
717 1249 827 1287 Regno
841 1248 939 1280 nostro
962 1249 1072 1289 Angliae
1091 1249 1240 1288 specialiter
1255 1249 1307 1281 usi-

83 1301 112 1322 2.
228 1295 304 1326 tata,
320 1288 354 1319 &
368 1287 570 1325 praerogativas
585 1289 669 1318 nobis
683 1296 892 1328 competenteS,

271 1327 386 1365 Qiibus
399 1327 473 1357 inter
489 1327 557 1366 alia,
574 1327 692 1357 celebris
707 1328 874 1365 memoriae,
892 1325 1091 1364 Progenitores
1109 1326 1195 1357 nostri
1209 1325 1308 1363 Reges

230 1365 346 1404 Angliae
359 1376 375 1396 a
389 1373 535 1404 tempore,
553 1366 631 1403 cujus
649 1366 786 1396 contrarii
803 1366 943 1396 memoria
959 1375 1019 1394 non
1035 1365 1142 1403 existit,
1160 1366 1193 1396 &
1210 1364 1276 1395 Nos
1291 1376 1307 1395 a

229 1412 377 1442 tempore,
396 1414 453 1442 quo
474 1403 548 1435 dieti
568 1404 669 1442 Regni
688 1403 856 1442 suscepimus
877 1402 1096 1443 Gubernacula,
1117 1405 1254 1434 continue
1271 1404 1304 1434 &

231 1443 350 1482 pacifice
365 1444 403 1473 usi
416 1443 507 1473 sumus
521 1444 554 1473 ὃς
570 1443 655 1480 gavisi
666 1465 675 1481 ,

270 1481 324 1512 Ne
338 1482 368 1512 in
384 1482 468 1512 causis
473 1504 485 1520 ,
504 1491 602 1512 coram
616 1482 699 1511 vobis
712 1482 741 1510 in
757 1480 837 1512 dieto
845 1479 1309 1518 Palatioventilandis,quicquam,

230 1521 260 1551 in
273 1520 490 1558 derogationem
498 1525 514 1541 ἥ
523 1519 668 1551 dierorum
679 1543 688 1558 ,
700 1519 947 1550 Consuetudinum
955 1542 965 1557 ,
979 1519 1152 1550 Statutorum
1161 1542 1170 1557 ,
1184 1520 1216 1549 &
1225 1518 1286 1549 Prae
1295 1536 1308 1541 -

231 1560 441 1598 rogativarum,
460 1558 620 1589 nostrorum
642 1558 822 1597 specialium,
846 1566 958 1597 propter
977 1567 1078 1588 eorum
1099 1558 1303 1595 ignorantiam,

231 1598 356 1636 faciatis,
375 1598 406 1627 in
420 1597 543 1628 vestram
557 1597 688 1627 devenire
703 1598 833 1636 cupimus
850 1597 993 1627 Notitiam
1009 1606 1058 1633 per
1074 1596 1233 1633 praesentes,

272 1636 306 1667 In
322 1638 433 1675 primis,
450 1646 550 1666 omnes
565 1635 672 1673 causae,
691 1635 769 1673 super
788 1637 851 1674 jure
874 1634 1042 1665 Patronatfis
1062 1643 1310 1672 quorumcumque

231 1674 455 1713 Beneficiorum,
475 1676 505 1704 in
520 1674 600 1704 dicio
622 1674 725 1713 Regno
747 1673 942 1711 existentium,
960 1674 989 1702 in
1013 1671 1103 1702 Curia
1125 1672 1240 1710 nostra,
1257 1682 1311 1702 co-

232 1723 295 1784 fffin
303 1712 587 1784 Jusgictigriis'nostris,
603 1713 638 1744 &
660 1722 719 1743 non
732 1712 816 1751 alibi,
833 1713 957 1750 placitari
978 1710 1101 1749 debent,
1116 1710 1311 1741 sententialiter

276 1761 333 1783 cuti
417 1762 479 1782 niri.

273 1790 312 1822 Et
324 1790 441 1830 quilibet
459 1789 595 1821 Patronus
616 1789 719 1820 Laicus
740 1788 877 1819 Ecclesiae
891 1787 936 1817 seu
957 1786 1088 1818 Beneficii
1104 1786 1310 1825 Ecclesiastici,

234 1828 284 1870 Jus
306 1828 472 1859 Patronatsis
505 1828 583 1867 quod
601 1827 685 1857 habet
707 1829 737 1856 in
757 1826 882 1857 Ecclesia
905 1825 949 1856 seu
971 1826 1113 1856 Beneficio
1135 1826 1313 1865 hujusmodi,

235 1868 346 1899 nedum
360 1877 428 1898 cum
442 1850 559 1904 Gieba,
575 1865 620 1896 vel
635 1864 710 1896 certa
723 1874 799 1903 parte
815 1865 914 1895 Terrae
927 1864 1072 1904 singulari,
1087 1864 1188 1902 absque
1201 1865 1314 1895 univer-

237 1907 331 1945 fitate,
348 1906 393 1936 vel
407 1904 493 1944 quota
505 1913 701 1944 quacumque,
715 1912 745 1934 ut
757 1903 872 1934 transeat
886 1913 934 1940 pet
948 1902 1068 1932 modum
1082 1902 1257 1940 Accessorii,
1274 1903 1311 1934 set

236 1955 287 1983 per
302 1944 344 1983 se,
361 1944 430 1974 sicut
445 1943 548 1974 Terras
563 1943 596 1974 &
613 1942 798 1980 Temporalia
814 1941 1003 1979 Spiritualibus
1017 1952 1075 1971 non
1092 1951 1216 1980 annexa,
1231 1941 1310 1972 licite

238 1983 330 2022 potest
343 1982 467 2013 vendere
478 1982 512 2012 &
525 1981 647 2019 donare,
664 1981 697 2011 &
718 1980 774 2011 alio
789 1990 971 2018 quocumque
985 1979 1086 2010 Titulo
1103 1978 1190 2010 Civili
1207 1990 1314 2010 conce-

238 2022 305 2052 dere
320 2022 353 2052 &
369 2021 505 2058 alienare,
521 2020 554 2050 δί
575 2019 728 2057 Venditio,
747 2018 891 2057 Donatio,
917 2019 950 2050 &
968 2018 1125 2056 Alienatio,
1150 2018 1189 2049 fic
1211 2018 1314 2058 nerse,

238 2060 339 2092 validae
353 2059 457 2090 censeri
470 2057 575 2089 debent
589 2066 671 2095 atque
686 2057 787 2089 firmae.

81 1512 215 1550 ''V-335·

278 2097 326 2128 Ad
348 2098 430 2136 haec,
447 2097 466 2126 si
483 2099 543 2136 quis
564 2096 737 2133 Mulierem,
754 2097 908 2127 habentem
920 2095 970 2134 Jus
993 2095 1159 2127 Patronatsis
1181 2097 1209 2126 in
1222 2096 1316 2141 aliqua
1348 2095 1350 2097 ’

237 2135 365 2168 Ecclesia
386 2136 430 2166 seu
451 2135 593 2166 Beneficio
616 2135 814 2166 Ecclesiastico
829 2159 839 2174 ,
865 2136 896 2165 in
917 2136 997 2166 dieto
1017 2136 1127 2172 Regno
1148 2134 1257 2166 duxerit
1285 2146 1316 2165 in

240 2173 394 2214 Uxorem,
412 2175 445 2205 δε
461 2174 576 2204 Prolem
595 2184 628 2205 ex
648 2174 681 2205 ea
704 2175 909 2212 procreaverit,
926 2174 959 2205 ὃς
982 2174 1061 2205 dieta
1076 2174 1163 2205 Uxor
1178 2173 1222 2205 sua
1245 2184 1316 2212 prae-

239 2215 389 2252 moriatur,
407 2213 522 2244 habebit
536 2214 569 2244 &
584 2215 691 2244 tenebit
705 2213 781 2243 idem
799 2213 937 2252 Maritus,
956 2213 1018 2250 post
1033 2223 1156 2243 mortem
1171 2213 1255 2243 dietae
1269 2212 1317 2243 U-

241 2254 315 2284 xoris
334 2251 406 2290 suae,
423 2252 515 2290 quoad
530 2252 649 2289 vixerit,
664 2261 754 2282 toram
768 2250 972 2282 Haereditateni
989 2252 1069 2290 ipsius
1084 2251 1209 2289 Uxoris,
1225 2252 1260 2282 &
1281 2251 1317 2282 ad

240 2290 378 2323 Beneficia
392 2292 537 2330 vacantia,
554 2301 617 2330 quae
633 2291 693 2321 sunt
708 2291 744 2320 de
759 2289 908 2321 Patronatu
922 2290 1002 2330 ipsius
1020 2291 1147 2329 Uxoris,
1163 2290 1183 2320 si
1195 2290 1256 2327 ipso
1274 2291 1319 2321 vi-

241 2339 341 2367 vente,
359 2330 536 2367 vacaverint,
552 2328 744 2367 praesentabit,
763 2329 798 2359 &
811 2328 972 2359 Praesentati
985 2339 1032 2367 per
1047 2330 1130 2367 tales,
1155 2329 1173 2358 fi
1193 2328 1266 2359 aliud
1281 2329 1321 2360 eis

242 2378 303 2399 non
318 2367 428 2406 obstet,
447 2368 480 2398 ad
496 2368 742 2398 praesentationem
756 2367 919 2406 hujusmodi
939 2377 988 2405 per
1011 2367 1214 2406 DioecesanOS,
1230 2367 1275 2398 seu
1291 2378 1321 2398 a-

242 2407 350 2446 lios,ad
369 2417 438 2445 quos
450 2408 569 2444 pertinet
582 2406 744 2444 Institutio,
762 2408 792 2436 in
808 2405 968 2444 hujusmodi
981 2406 1127 2436 Beneficiis
1141 2405 1248 2436 institui
1266 2406 1317 2436 de-

243 2447 329 2484 bent,
346 2446 379 2476 &
392 2445 510 2476 Instituti
520 2445 582 2477 sunt
595 2446 629 2477 &
643 2444 751 2476 admissi
773 2443 808 2475 ad
824 2445 899 2476 dieta
919 2444 1075 2483 Beneficia,
1094 2445 1151 2475 sine
1165 2443 1319 2476 Reclama-

243 2486 324 2516 tione
335 2494 531 2525 quacumque,
550 2486 566 2515 a
581 2493 708 2522 tempore
724 2483 802 2515 cu'us
817 2485 948 2514 contrarii
963 2485 1100 2514 memoria
1114 2494 1173 2513 non
1189 2482 1290 2514 existit.

281 2521 431 2561 Praeterea,
449 2523 468 2553 si
483 2523 579 2561 aliquis
593 2531 683 2554 teneat
698 2522 733 2552 de
777 2532 831 2559 ege
840 2521 972 2561 Angliae,
990 2525 1039 2560 qui
1054 2532 1106 2560 pro
1121 2530 1250 2560 tempore
1261 2521 1322 2552 fue-

243 2561 299 2600 rit,
316 2562 346 2591 in
366 2559 470 2598 Capite
485 2561 606 2601 Terras,
623 2562 669 2593 vel
682 2562 879 2599 Tenementa,
904 2561 949 2592 seu
970 2560 1030 2592 Res
1044 2561 1122 2599 alias,
1140 2561 1197 2592 five
1219 2560 1322 2591 fuerint

244 2600 328 2631 mere
349 2599 550 2639 Temporalia,
565 2600 622 2631 five
644 2599 831 2638 Temporalia
856 2599 1047 2638 Spiritualibus
1069 2608 1196 2638 annexa,
1222 2599 1323 2637 quibus

242 2637 294 2681 jus
309 2637 477 2669 Patronatsis
489 2637 695 2669 Beneficiorum
707 2637 867 2677 hujusmodi
881 2637 922 2668 est
933 2648 1088 2676 annexum,
1103 2638 1180 2669 dieta
1187 2638 1323 2676 Tempo-

248 2676 331 2721 ralia,
347 2676 412 2715 post
431 2685 556 2708 mortem
578 2677 616 2708 fic
631 2676 785 2715 Tenentis,
802 2677 866 2716 capi
884 2676 1033 2708 debent&
1049 2677 1128 2707 seisiri
1142 2677 1171 2706 in
1194 2675 1320 2707 Manum

245 2715 280 2748 R
316 2726 354 2754 153
372 2716 423 2753 &‚
442 2715 462 2746 si
483 2714 598 2753 aliquod
621 2714 813 2755 Beneficium,
830 2725 970 2746 annexum
990 2715 1072 2746 dietis
1086 2713 1323 2754 TemporalibuS,

245 2764 286 2795 po
326 2762 448 2784 mortem
462 2753 600 2783 Tenentis
613 2753 788 2791 hujusmodi,
805 2754 1128 2794 vacaverit,priusquam
1143 2753 1322 2784 dieraTem-

244 2791 350 2832 poralia
359 2791 464 2822 fuerint
475 2801 523 2829 per
538 2790 661 2822 Curiam
676 2791 802 2829 Regiam
817 2792 874 2830 illi,
891 2794 939 2832 qui
952 2792 1084 2824 succedet
1098 2792 1178 2822 disto
1189 2790 1322 2830 Mortuo,

245 2829 388 2868 restituta,
405 2829 483 2860 idem
499 2828 566 2859 Rex
578 2828 613 2860 ad
627 2829 788 2868 hujusmodi
803 2829 977 2860 Beneficium
987 2831 1053 2869 Jure
1073 2831 1122 2861 suo
1137 2830 1236 2867 Regio
1250 2841 1322 2867 prae-

246 2869 380 2907 sentabit,
398 2867 441 2898 seu
457 2867 523 2898 illud
539 2868 683 2906 conferet,
703 2869 773 2899 sicut
789 2866 895 2898 fecisset
912 2868 957 2898 ille
971 2868 1121 2905 Mortuus,
1139 2869 1159 2898 fi
1175 2869 1297 2899 vixisset.

288 2907 366 2946 Quae
380 2907 477 2937 omnia
491 2907 521 2936 in
535 2906 616 2937 dieto
623 2906 729 2944 Regno
744 2908 855 2937 notorie
871 2906 930 2937 sunt
942 2917 993 2945 pro
1004 2907 1083 2943 Lege
1098 2907 1217 2944 servata,
1231 2906 1325 2937 scien-

247 2947 337 2985 tibus,
356 2945 559 2982 tollerantibuS,
578 2946 612 2976 ὃς
627 2945 843 2982 approbantibus
864 2944 1008 2982 Praelatis,
1026 2946 1059 2976 &c
1081 2944 1268 2983 Proceribus,
1288 2955 1322 2976 ac

250 2984 513 3015 Communitatibus
527 2984 600 3014 disti
614 2983 728 3022 Regni,
746 2993 809 3021 quae
821 2984 924 3021 etiam,
942 2983 1087 3014 dierorum
1104 2982 1325 3020 Progenitorum

250 3023 432 3060 nostrorum,
456 3021 576 3058 Regum
597 3022 714 3059 Angliae
737 3022 826 3058 digne
847 3022 995 3052 recolenda
1012 3021 1162 3059 Prioritas,
1181 3021 1233 3051 suis
1249 3030 1323 3052 tern—

250 3063 381 3100 poribus,
402 3060 557 3098 magnifice
573 3059 740 3099 defensavit,
757 3061 791 3091 &
811 3060 895 3098 Nos,
913 3070 961 3098 per
977 3060 1035 3090 Dei
1051 3060 1186 3098 gratiam,
1203 3059 1232 3089 id
1250 3070 1324 3090 con-

250 3101 421 3132 tinuabimus
435 3108 464 3130 ut
480 3099 626 3130 debemus.

289 3138 397 3176 Unde,
415 3139 485 3169 cum
498 3148 549 3169 vos
562 3138 660 3169 deceat
671 3137 739 3176 Jura
752 3137 927 3175 singulorum
950 3137 1052 3167 illibata
1065 3135 1188 3174 servare,
1211 3136 1231 3167 fi
1248 3136 1326 3174 super

251 3177 306 3208 hiis
327 3177 432 3207 incidat
447 3176 582 3216 Qaestio
595 3187 694 3207 coram
711 3177 810 3215 vobis,
828 3176 917 3206 velitis
938 3174 1017 3206 dieta
1053 3185 1100 3204 ura
1120 3174 1211 3204 nostra
1233 3174 1328 3205 debite

252 3215 422 3255 ponderare·
443 3216 531 3245 nichil
544 3217 573 3245 in
588 3215 784 3254 praejudicium
798 3214 894 3244 Curiae
909 3213 1011 3244 nostrae
1055 3213 1143 3251 egiae,
1169 3212 1329 3252 veljurium

256 3253 355 3290 Regni
369 3238 455 3283 nostri
465 3276 473 3292 ,
489 3255 519 3283 in
533 3254 587 3284 hac
603 3262 696 3293 parte,
713 3253 861 3293 aliqualiter
876 3260 1081 3290 attemptantes-

290 3291 361 3322 Dat.
379 3291 452 3330 apud
470 3291 593 3322 Turrim
612 3293 749 3323 London.
766 3292 899 3323 vicesimo
916 3291 1022 3323 octavo
1038 3291 1086 3321 die
1097 3289 1173 3330 Julii.

293 3430 343 3461 De
366 3425 507 3470 Potestate
530 3426 605 3460 data
633 3429 704 3474 Regi
727 3429 826 3507 ⁴Zcotiae
848 3426 891 3459 ced
913 3423 1131 3461 Arras‘andum
1155 3425 1300 3456 Homines

714 3487 733 3507 ιι
780 3478 896 3508 Arma.

141 3570 243 3605 ,qn-D·
330 3558 397 3591 EX
416 3559 656 3604 Archiepiscopis,
674 3557 835 3603 Episcopis„
853 3558 1038 3602 Comitibus,
1062 3557 1232 3600 Baronibus,
1253 3556 1337 3601 Mili-

111 3575 139 3608 A
364 3600 369 3605 .

189 3622 208 3642 2
350 3600 437 3638 tibus,
462 3598 706 3636 vicecomitibus,
729 3597 859 3636 Ballivis,
885 3595 1024 3627 Ministris
1040 3618 1050 3634 ,
1074 3594 1337 3639 Commumtatibus

110 3622 233 3683 ,4¹„3413,
267 3638 425 3670 Civitatum
439 3638 472 3668 δε
489 3637 642 3674 Villarum,
659 3637 693 3665 &
707 3636 842 3666 omnibus
855 3635 913 3666 aliis
923 3634 1064 3665 Fidelibus
1075 3633 1145 3671 sms,
1163 3633 1337 3670 singulorum

111 3696 143 3720 E.
158 3674 189 3727 '3‚
268 3677 465 3709 Comitatuum
480 3676 548 3707 ultra
559 3675 718 3714 Trentam,
732 3674 791 3705 tam
805 3673 878 3705 infra
895 3674 1064 3711 Libertates,
1083 3673 1167 3711 quam
1181 3680 1272 3710 extra,
1289 3672 1338 3703 Sa-

113 3735 170 3759 Rot.
186 3733 252 3756 Scor.
270 3718 368 3759 lutem·
387 3754 391 3759 ,
466 3754 474 3761 x

308 3751 502 3823 SDCeaEdeclliigfl
510 3775 554 3834 ’ὃς
569 3787 839 3833 circumspeerione,
855 3787 952 3832 dilecti
966 3786 1179 3832 Consanguinei
1201 3785 1234 3816 &
1253 3784 1341 3830 fidelis

273 3831 377 3870 nostri,
396 3828 551 3867 Magnifici
565 3827 717 3865 Principis,
735 3826 869 3857 hdwardi
882 3826 919 3870 de
930 3825 1060 3869 Balliolo,
1079 3824 1170 3862 Regis
1183 3823 1304 3867 Scotiae,

309 3870 409 3910 Qiem
423 3867 611 3906 Capitaneum
626 3866 660 3896 &
676 3864 838 3909 Dueiorem
852 3872 934 3908 totius
950 3862 1096 3908 Exercitus
1110 3862 1195 3893 nostri
1213 3862 1259 3900 (ad
1274 3872 1339 3907 par-

267 3916 307 3938 tes
321 3908 442 3945 Scotiae,
461 3917 512 3946 pro
524 3904 696 3936 Defensione
711 3902 807 3947 Regni
828 3902 915 3933 nostri
931 3902 1063 3940 Angliae,
1081 3902 1115 3932 &
1130 3909 1338 3945 expugnatione

263 3946 299 3977 &
319 3945 510 3977 destructione
523 3944 675 3975 Scotorum
689 3940 828 3972 Hostium
843 3940 1007 3971 nostrorum
1018 3965 1028 3979 ,
1044 3939 1206 3979 profecturi)
1231 3939 1338 3970 consti-

264 3993 399 4030 tuimus,s

303 4021 785 4104 Ξίῗῗὲὲξινςὶῗῃῐῗιὶἀὲἳῑεῦἒρυωνίωυε
802 4056 893 4094 ipsum
911 4055 1024 4101 Regem
1039 4056 1147 4088 Scotiae
1159 4054 1194 4086 ad
1210 4055 1304 4087 Arraia‘
1301 4065 1339 4100 ,n-

264 4099 354 4138 dum,
367 4098 400 4131 ὃ(
421 4099 530 4130 arralari
545 4097 708 4131 faciendum
724 4120 734 4137 ,
758 4105 859 4127 omnes
874 4094 1018 4127 Homines
1040 4094 1076 4128 ad
1094 4102 1170 4126 arma
1184 4117 1194 4134 a
1220 4094 1255 4126 &
1272 4094 1341 4127 alios

117 3769 160 3797 16.
179 3771 212 3795 F..
227 3774 256 3802 3.

113 3817 150 3836 m.
167 3815 196 3842 9.

1363 3260 1364 3263 =
1409 3243 1469 3282 Ipse
1487 3252 1581 3274 tamen

2327 213 2403 259 133

1338 279 1692 351 ll-lssmritigegsdefgigssbilgs,
1710 286 1740 315 in
1754 284 1867 324 singulis
1885 283 2074 318 Comitatibus
2087 285 2246 326 padicus,
2263 286 2323 318 tam
2337 289 2408 322 infra
2428 288 2505 321 Ann.
2517 287 2562 327 D,

1376 338 1413 387 E}
1437 360 1470 387 ad
1489 331 1759 403 goiqsscmfiotrrgffiae
1776 362 1810 393 ad
1828 362 1915 393 dieras
1935 371 2022 401 partes
2039 350 2344 404 Scotiaeoducendum,
2426 337 2541 406 Ειῖτῗὲι.

1378 395 1415 425 Et
1427 397 1617 441 omnesallos,
1636 409 1705 437 quos
1722 401 1753 429 in
1771 400 1823 431 hac
1842 410 1917 439 parte
1935 403 2090 432 contrarios
2107 404 2243 434 invenerit
2257 403 2302 434 seu
2319 403 2409 435 rebel-

1339 432 1393 471 les,
1412 434 1448 463 de
1463 435 1580 479 contilio
1597 438 1630 467 ὃς
1647 437 1816 469 avisamento
1836 439 2024 479 Magnarum,
2041 440 2075 471 ad
2093 440 2180 472 distas
2197 449 2302 480 partes,
2318 443 2348 472 in
2363 442 2407 473 di-

1340 471 1420 502 Ctum
1438 472 1615 518 Obsequium
1641 475 1782 514 nostrum,
1806 479 2051 517 profesturorum,
2075 478 2169 510 debite
2187 481 2280 517 puniri
2299 480 2407 511 facien-

1338 509 1535 585 ἓὲρῐτέἇὴξξουῑ
1552 512 1643 544 eidem
1662 513 1741 552 Regi
1759 515 1793 546 &
1810 516 1894 547 dietis
1910 517 1930 537 *ἓ
1948 516 2129 556 Magnatibus
2149 519 2249 548 melitis
2266 518 2408 551 videbitur
2424 524 2561 566 *v.337;

1362 586 1415 631 'Et
1431 587 1498 619 ideo
1516 590 1597 634 vobis
1614 590 1779 622 mandamus
1796 593 1876 633 quod
1894 592 1986 624 eidem
2004 592 2081 631 Regi
2098 617 2108 632 ,
2132 594 2161 624 in
2179 594 2324 633 praemiffis
2341 605 2411 626 om·

1338 625 1420 656 nibus
1437 625 1471 656 &
1489 626 1601 665 singulis
1618 628 1753 660 faciendis
1770 631 1803 661 &
1821 631 2005 670 exequendis,
2024 639 2155 672 tanquam
2174 634 2312 664 nobismet
2327 634 2407 673 ipsis,

1340 664 1362 694 si
1378 664 1521 702 praesentes
1537 666 1672 705 essemus,
1697 670 1809 705 pareatis
1826 669 1860 700 &
1876 669 2037 707 intendatis,
2060 671 2093 701 δι’.
2111 671 2283 702 consulentes
2300 672 2354 702 sitis
2374 673 2408 703 &

1341 702 1516 746 auxiliantes,
1532 706 1678 744 quotiens,
1702 707 1735 736 &
1754 715 1836 744 prout
1842 729 1855 746 ,
1879 709 1980 747 vobis,
1998 708 2043 739 vel
2060 708 2142 739 alicui
2160 709 2288 741 vestrum
2302 732 2313 749 ,
2338 709 2410 741 seire

1343 741 1441 771 fecerit
1458 750 1493 771 ex
1508 750 1583 779 parte
1601 743 1704 774 nostra.

1380 779 1414 809 ln
1431 780 1527 818 cu'uS,
1544 780 1606 811 &c.

1413 817 1459 849 Te
1486 827 1502 848 e
1519 817 1603 858 Rege
1619 819 1692 859 apud
1708 819 1826 853 Turrim
1842 820 1978 854 London.
1995 822 2136 855 tricesimo
2152 822 2199 854 die
2211 823 2288 864 Julii.

1810 900 1863 928 Per
1883 897 1964 938 ipfiam
1984 901 2080 937 Regem
2097 898 2136 934 ὠ
2154 900 2305 932 Concilium

1446 1023 1505 1054 Pro
1527 1020 1652 1056 Roberto
1675 1021 1712 1056 de
1734 1025 1861 1068 Ferers,
1900 1035 1970 1071 uper
1991 1024 2098 1060 Vhdiis
2121 1025 2156 1058 de
2178 1028 2309 1061 Guerra.

1346 1105 1466 1162 REX
1485 1105 1711 1147 Coueaoribus,
1728 1108 1790 1140 &c.
2434 1112 2510 1145 Ann.
2523 1111 2562 1148 1).

1437 1145 1533 1189 Qia,
1551 1146 1587 1176 de
1603 1146 1774 1178 avisamento
1793 1146 1920 1178 Concilii
1935 1148 2024 1180 nostri
2038 1171 2049 1188 ,
2070 1148 2270 1188 assignavimus
2281 1172 2292 1187 ,
2308 1148 2414 1180 dileeto
2461 1161 2547 1193 1342.

1345 1179 1380 1211 &
1397 1181 1472 1213 fideli
1489 1183 1603 1222 nostro,
1621 1184 1754 1215 Roberto
1770 1185 1807 1215 de
1825 1186 1940 1225 Ferers,
2433 1195 2487 1219 An.
2507 1192 2551 1220 16.

1421 1223 1449 1252 ui
1465 1232 1534 1252 cum
1552 1223 1746 1260 Quadraginta
1764 1222 1941 1254 Hominibus
1958 1225 1993 1255 ad
2008 1235 2083 1256 arma
2103 1225 2190 1263 (unde
2206 1226 2284 1256 idem
2302 1225 2417 1256 Rober—
2432 1234 2464 1258 Ε.
2485 1239 2511 1266 3.

1347 1266 1390 1303 tus
1433 1269 1583 1299 anerettus,
1609 1262 1837 1300 Qiatuordecim
1856 1261 1983 1301 Milites,
2005 1263 2117 1301 Viginti
2136 1265 2168 1295 ἃ
2189 1265 2326 1303 Qiinque
2344 1264 2417 1295 Scu-
2436 1268 2525 1305 Claus.

1348 1297 1438 1338 tiferi,
1457 1299 1548 1337 erunt)
1568 1301 1602 1331 δε
1617 1310 1686 1331 cum
1702 1300 1895 1339 Qadraginta
1916 1300 2066 1338 Sagittariis
2083 1302 2230 1340 Equitibus
2244 1326 2255 1342 ,
2277 1303 2313 1333 ad
2332 1311 2419 1341 partes
2440 1308 2482 1334 i6.
2497 1310 2527 1333 Ε.
2546 1314 2560 1342 3

1346 1338 1555 1407 tgkansmarinas,
1579 1339 1609 1369 in
1628 1338 1807 1378 Obsequium
1829 1339 1957 1371 nostrum
1974 1339 2009 1371 ad
2026 1339 2113 1371 Vadia
2131 1341 2240 1380 nostra,
2262 1340 2305 1372 est
2322 1341 2417 1379 profe·
2435 1351 2463 1382 p.
2484 1354 2509 1372 2.
2530 1353 2562 1373 m,

1381 1386 1460 1415 urus,
2453 1392 2482 1412 0.

1385 1414 1582 1457 Qadraginta
1604 1415 1638 1446 &
1665 1414 1748 1446 Duos
1772 1416 1876 1448 Saccos
1894 1415 1984 1447 Lanae
2002 1417 2038 1447 de
2062 1416 2144 1447 Latiis
2161 1416 2260 1448 nostris
2277 1418 2420 1456 praedietis
2435 1392 2448 1421 3

1349 1451 1409 1489 ὅγε.
1424 1461 1505 1491 prout
1516 1454 1602 1492 Jupra
1619 1454 1650 1483 de
1667 1458 1739 1484 Dat.
1755 1463 1791 1493 23
1811 1455 1878 1494 Jul.
1895 1459 2008 1485 mutatis
2026 1462 2202 1494 competenter
2218 1458 2365 1488 mutandis.

1387 1491 1475 1523 Teste
1494 1492 1578 1530 Rege
1595 1492 1668 1531 apud
1685 1493 1806 1524 Turrim
1823 1493 1957 1526 London.
1975 1495 2072 1533 primo
2089 1494 2136 1524 die
2152 1494 2286 1532 Augusti.

1931 1572 1985 1601 Per
2000 1569 2106 1601 Billam
2121 1569 2318 1611 Thgsburariae.

1389 1697 1447 1729 Pro
1471 1695 1619 1729 Gailardo
1641 1695 1678 1730 de
1702 1700 1797 1731 Mota
1825 1697 1983 1732 Cardinali
1995 1725 2007 1742 ‚
2029 1697 2066 1732 de
2088 1710 2144 1731 non
2165 1697 2376 1747 distringendo.

1354 1779 1472 1835 REX
1493 1781 1669 1813 vicecomiti
1688 1782 1812 1814 Oxoniae
1832 1782 1967 1815 Salutem.
2447 1790 2524 1824 Ann,
2539 1789 2562 1823 E

1407 1858 1411 1863 .
1447 1819 1661 1851 Considerantes
1677 1821 1859 1854 affeetionem
1877 1831 2002 1860 gratam,
2019 1830 2105 1859 quam
2140 1820 2312 1853 Venerabilis
2328 1820 2422 1862 Pater,
2472 1839 2557 1871 1342,

1355 1853 1511 1888 Gaillardus
1532 1858 1568 1888 de
1589 1859 1691 1898 Mota,
1714 1860 1826 1891 Sanetae
1852 1859 1993 1891 Romanae
2014 1843 2151 1891 Ecclesiae
2176 1859 2345 1898 Cardinalis,
2360 1870 2423 1900 erga
2448 1873 2500 1898 An.
2520 1871 2562 1898 16,

1356 1891 1424 1938 Nos
1441 1897 1728 1940 haetenuslnovimus
1743 1898 1885 1937 habuisse,
1911 1908 2025 1929 necnon
2041 1898 2188 1935 Magnum
2207 1897 2325 1929 Locum
2344 1908 2430 1937 quem
2450 1912 2478 1936 E.
2497 1919 2523 1945 3,

1356 1933 1435 1965 1dem
1453 1934 1607 1966 Cardinalis
1626 1937 1656 1966 in
1675 1935 1765 1967 Curia
1782 1936 1917 1968 Romana
1934 1938 2017 1967 nobis
2031 1938 2138 1974 tenuit,
2157 1937 2191 1968 &
2208 1937 2299 1967 indies
2315 1946 2409 1976 tenet,
2448 1945 2535 1984 claus.

1355 1972 1445 2051 tioss‘j
1470 1974 1596 2005 volentes
1621 1974 1743 2015 proinde
1766 1975 1857 2015 ipsum
1883 1975 2063 2007 Cardinalern
2088 1975 2194 2007 Favore
2220 1974 2349 2016 prosequi
2365 1985 2431 2014 gra·
2454 1985 2562 2050 16.²E.nj

1391 2050 1536 2094 Dedimus
1552 2052 1580 2096 ei
1598 2050 1778 2090 Respeetum
1794 2051 1830 2083 de
1847 2052 1979 2083 omnibus
1996 2051 2154 2096 Demaridis
2169 2052 2202 2083 ὅτ
2217 2051 2433 2091 Denariis,quae
2448 2029 2533 2100 ξολ,

1358 2089 1395 2119 ab
1412 2089 1491 2129 ipso,
1513 2098 1621 2121 ratione
1639 2092 1755 2130 Nonae,
1777 2090 1823 2122 seu
1842 2090 2003 2130 Lanarum,
2027 2092 2190 2134 nobis-ante
2213 2091 2278 2121 haec
2302 2099 2431 2130 tempora

1358 2127 1570 2167 concessarum,
1586 2129 1622 2159 de
1640 2129 1838 2160 Ecclesiasticis
1856 2129 2017 2160 Praebmdis
2036 2130 2070 2161 &
2083 2129 2139 2160 aliis
2152 2128 2300 2160 Beneficiis
2313 2128 2364 2160 suis
2378 2129 2435 2160 sol-

1359 2167 1531 2205 vendarum,
1549 2177 1599 2205 per
1621 2167 1873 2199 summonitionem
1890 2167 2033 2199 Scaccarii
2050 2167 2137 2198 nostri
2156 2168 2326 2206 exiguntur,
2349 2167 2433 2209 usque

1360 2204 1395 2235 ad
1413 2205 1526 2250 Festum
1544 2206 1688 2250 Omnium
1706 2206 1878 2238 Sanctorum
1895 2208 2029 2246 proximo
2047 2205 2186 2250 futurum:

1397 2242 1436 2274 Et
1460 2244 1528 2274 ideo
1557 2244 1611 2275 tibi
1629 2246 1810 2283 praecipimus
1824 2268 1834 2284 ,
1856 2245 1937 2284 quod
1953 2245 2043 2283 ipsum
2063 2244 2243 2275 Cardinalem
2261 2244 2437 2283 Respectum

1364 2282 1444 2313 illum
1463 2283 1571 2327 habere
1590 2285 1731 2323 permittas
1755 2285 1784 2314 in
1803 2284 1896 2328 forma
1920 2283 2075 2322 praedicta,
2097 2284 2130 2314 &
2155 2282 2392 2323 Districrionem,
2415 2283 2439 2316 fi

1361 2331 1494 2392 quffmstei
1505 2321 1977 2400 fiagoccafignff'fecpnsimtgrim
1988 2322 2098 2400 {laxes
2114 2321 2218 2390 edi-defi.
2274 2359 2306 2392 st·

1397 2372 1399 2374 ’
1430 2371 1446 2392 e
1471 2370 1488 2391 e
1536 2370 1552 2390 e
1572 2370 1588 2391 e
1604 2370 1658 2399 apu
1725 2371 1815 2393 urtim
1862 2370 1902 2392 on
1922 2371 1970 2392 on.
2022 2370 2101 2392 uino
2138 2370 2165 2391 ie
2212 2370 2272 2399 ugu
2298 2371 2318 2391 1.

2099 2439 2152 2468 Per
2169 2436 2324 2469 Concilium.

1364 2565 1469 2597 Preces
1491 2566 1573 2609 Papae
1596 2565 1767 2596 Primarias
1790 2561 1913 2595 audiri:
1939 2564 2047 2608 Regem
2064 2574 2120 2610 per
2131 2563 2292 2606 simulatos
2312 2563 2441 2596 Trac‘la-

1410 2622 1459 2644 tus
1481 2611 1605 2650 deludi,·
1636 2621 1673 2650 (ἐγ
1697 2614 1831 2658 Treugas
1847 2621 1902 2657 per
1924 2612 2155 2658 Adverfhrium
2171 2610 2208 2644 a'e
2224 2614 2356 2644 Francia
2373 2614 2442 2644 vio-

1413 2662 1486 2694 lari.

1366 2744 1580 2816 REverende
1598 2744 1678 2776 Pater
1696 2746 1729 2777 &
1748 2744 1852 2776 Amice
1870 2745 2027 2784 cariffime,

1471 2784 1551 2823 Qia
1576 2793 1690 2822 propter
1708 2785 1881 2815 eminentem
1899 2784 1982 2815 vestri
2000 2783 2145 2814 scientiam
2162 2804 2172 2820 ,
2196 2782 2230 2814 &
2247 2782 2345 2814 zelum
2361 2782 2439 2814 reete

1366 2822 1549 2867 dispositum,
1568 2832 1653 2890 Ἕρση
1671 2822 1771 2853 habere
1790 2823 1939 2860 dicimini,
1959 2821 2032 2852 missi
2046 2822 2107 2860 jam
2124 2820 2205 2860 estis,
2222 2832 2238 2852 a
2260 2821 2359 2852 Latere
2375 2821 2439 2852 Do-

2461 2760 2538 2793 Ami.
2552 2760 2562 2792 1

2490 2809 2562 2841 1342

1367 2862 1440 2892 mini
1457 2860 1560 2891 summi
1604 2859 1741 2898 ontificis,
1759 2870 1828 2891 curn
1846 2860 1980 2901 potestate
1997 2859 2102 2898 magna
2136 2869 2188 2897 pro
2207 2859 2283 2891 Pace
2301 2860 2377 2891 bona
2399 2861 2440 2891 in-
2460 2843 2514 2905 agn.
2539 2844 2562 2867 ι(

1366 2907 1407 2929 ter
1424 2898 1494 2928 Nos
1510 2899 1543 2929 ὃς
1562 2897 1755 2929 Adversarium
1774 2898 1900 2929 nostrum
1918 2899 2046 2930 Franciae
2065 2908 2094 2929 re
2106 2898 2261 2943 ormanda,
2463 2888 2538 2944 Rani:
2552 2926 2561 2943 1

1406 2937 1514 2967 Vestrae
1533 2937 1662 2967 volumus
1679 2945 1772 2975 patere
1790 2939 1914 2975 notitiae,
1932 2937 2011 2976 quod
2029 2936 2115 2975 Nos,
2133 2945 2163 2967 ut
2180 2946 2257 2975 pacis
2270 2936 2368 2975 Filius,
2387 2935 2441 2967 Pa-
2462 2959 2482 2982 E
2558 2965 2562 2971 .

1368 2985 1434 3006 cem
1460 2985 1528 3006 cum
1548 2985 1583 3005 eo
1601 2974 1710 3013 semper
1727 2975 1830 3006 habere
1846 2975 2077 3014 desideravimus,
2102 2975 2154 3014 &‚
2179 2984 2313 3016 quantum
2332 2975 2443 3016 decuit,
2465 2977 2491 3021 2⁶
2508 2965 2533 2993 3¹
2557 2972 2562 2983 ⁴

1369 3013 1479 3044 Pacem
1498 3014 1535 3043 ab
1553 3024 1589 3043 eo
1607 3014 1799 3053 quaefivimus,
1816 3015 1849 3045 &
1868 3025 1991 3053 quaerere
2009 3014 2140 3045 volumus
2159 3015 2188 3043 in
2203 3013 2338 3044 futurum.
2484 3016 2490 3021 '

1406 3051 1444 3082 Et
1461 3052 1544 3090 licet,
1561 3052 1621 3082 tam
1637 3053 1678 3082 ob
1696 3054 1880 3083 reverentiam
1898 3052 1977 3084 Sedis
1995 3051 2169 3091 Apostolicae
2204 3053 2237 3083 &
2255 3051 2443 3083 Nunciorum

2148 3075 2347 3128 fraenatam,
2366 3090 2443 3131 super

1394 3138 1444 3159 ace
1470 3129 1503 3158 &
1529 3129 1653 3166 Treugis
1677 3130 1749 3159 inter
1780 3129 1848 3160 Nos
1865 3130 1991 3161 ineundis
2006 3151 2016 3167 ,
2043 3127 2281 3166 consenserimus,
2305 3131 2445 3159 mittentes

1369 3175 1482 3208 propter
1500 3167 1557 3197 hoc
1577 3167 1675 3206 pluries
1695 3168 1828 3198 Nuncios
1842 3169 1933 3199 varios
1951 3169 1983 3199 &
2002 3167 2157 3205 solempnes
2169 3189 2181 3205 ,
2204 3177 2237 3199 ac
2255 3166 2386 3198 sacientes
2405 3167 2446 3198 fa-

1371 3207 1417 3237 era
1436 3205 1546 3244 nostra,
1569 3214 1652 3243 prout
1671 3205 1785 3245 decuit,
1803 3207 1877 3237 bona
1895 3206 1966 3244 fide,

1632 3254 1681 3282 per
1698 3245 1847 3277 Trastatus
1865 3243 2022 3283 hujusmodi
2047 3242 2114 3274 Nos
2136 3243 2186 3274 diu
2208 3244 2367 3281 protrahens
2392 3243 2442 3273 sub

1373 3284 1499 3320 incerto,
1517 3283 1549 3313 ὃ(
1568 3267 1687 3319 Magnis
1705 3282 1867 3321 Sumptibus
1892 3292 1943 3313 nos
1959 3291 2116 3322 exponens,
2138 3280 2253 3312 finaliter
2277 3282 2364 3312 nichil
2390 3291 2445 3312 no-

1374 3323 1418 3352 bis
1435 3321 1528 3352 facere
1547 3321 1637 3352 voluit
1657 3322 1687 3350 in
1704 3320 1857 3360 effectum,

1410 3359 1476 3399 Set,
1494 3360 1677 3397 pendentibus
1694 3359 1900 3398 Dilationibus,
1924 3358 1970 3389 seu
1991 3356 2178 3396 Sufferentiis‚
2203 3358 2243 3388 ob
2263 3357 2444 3388 reverentiam

1375 3398 1460 3429 dietae
1479 3398 1574 3436 Sedis,
1599 3398 1618 3417 ²*
1633 3398 1666 3428 &
1679 3398 1817 3437 aliorum,
1836 3409 1883 3436 per
1902 3397 1967 3428 Nos
1984 3396 2208 3436 quandocunque
2226 3395 2380 3434 concessis,
2398 3395 2446 3425 In-

1372 3438 1456 3477 jurias
1472 3436 1579 3475 Injuriis
1597 3436 1794 3474 accumulans,
1818 3438 1850 3467 δε
1867 3437 1999 3473 Darnpna
2012 3435 2092 3465 nobis
2105 3435 2232 3471 irrogans
2247 3433 2447 3472 irreparabilia,

1376 3486 1427 3506 nos
1445 3475 1477 3506 &
1494 3474 1602 3504 nostros
1618 3474 1688 3504 nisus
1706 3475 1746 3504 est
1760 3475 1912 3505 subvertere
1928 3475 2003 3512 juxta
2018 3474 2089 3504 vires
2105 3495 2115 3510 ,
2141 3481 2171 3502 ut
2190 3472 2226 3502 (ιε
2247 3472 2449 3504 Haereditatem

1378 3514 1502 3545 nostram
1516 3513 1695 3551 praeclaram,
1713 3524 1796 3551 quani
1815 3513 1914 3551 injuste
1932 3512 2036 3542 detinet
2054 3519 2240 3549 occupatam,
2257 3511 2358 3549 poliit,
2374 3520 2446 3541 con-

1378 3560 1417 3583 tra
1433 3552 1506 3582 Phas
1524 3552 1557 3582 ὃς
1576 3552 1719 3588 Licitum,
1732 3552 1808 3589 juxta
1827 3552 1958 3581 Libitum
1978 3551 2100 3580 retinere.

1416 3589 1453 3622 Et
1479 3590 1630 3621 novissime
1655 3591 1696 3628 (ut
1715 3588 1751 3619 de
1773 3590 1830 3621 aliis
1849 3590 1989 3626 Danipiiis
2013 3589 2046 3618 &
2073 3586 2272 3618 Delusionibus
2296 3590 2448 3628 taceamus)

1380 3639 1452 3661 cum
1473 3639 1510 3659 nu
1532 3640 1559 3659 er

1417 3639 1586 3698 Praesegtatss
1603 3669 1685 3699 nobis
1703 3677 1770 3706 per,
1787 3665 1976 3698 venerabilem
1994 3665 2106 3706 virum,
2133 3662 2305 3702 Magistrum
2323 3664 2448 3696 Williel-

1380 3716 1462 3737 mum
1477 3706 1511 3736 de
1531 3705 1696 3744 Norwico,
1721 3706 1871 3736 Decimum
1892 3702 2119 3733 Lincolnienicrn
2134 3725 2143 3741 ,
2169 3704 2247 3733 Sedis
2272 3702 2446 3741 Apostolicae

1379 3745 1415 3777 N
1418 3745 1552 3782 uncium,
1568 3745 1627 3775 tam
1648 3745 1746 3775 Literis
1764 3742 1953 3781 Apostolicis,
1970 3742 2056 3779 quam
2070 3743 2222 3772 venerandi
2238 3740 2365 3779 Collegit
2374 3742 2442 3773 Do-

1380 3784 1526 3814 minorum
1544 3781 1753 3821 Cardinalium,
1779 3791 1874 3820 preces
1891 3782 1923 3811 δε
1940 3780 2142 3810 exhortationes
2164 3780 2250 3810 sacras
2271 3781 2448 3811 continenti-

1380 3823 1431 3854 bus
1448 3844 1458 3860 ,
1483 3830 1513 3852 ut
1532 3831 1601 3851 cum
1619 3822 1701 3852 dieto
1717 3819 1883 3852 Adversario
1899 3818 1994 3849 nostro
2012 3818 2140 3856 Treugas
2155 3819 2244 3857 inire,
2267 3819 2301 3850 &
2319 3819 2355 3850 de
2373 3818 2448 3850 Pace

1380 3860 1498 3930 trassare
1514 3869 1689 3899 curaremus,

1451 3909 1482 3929 os

1416 3921 1548 3968 Voleiites
1564 3937 1644 3966 tantis
1662 3934 1789 3973 precibus
1801 3957 1811 3973 ,
1829 3944 1896 3966 cum
1911 3933 2013 3964 suerint
2030 3934 2170 3972 primariae
2182 3956 2192 3972 ,
2215 3942 2265 3972 per
2282 3932 2445 3975 Dominum

1378 3978 1519 4009 summum
1543 3973 1736 4012 Pontificem,
1761 3973 1825 4011 post
1850 3972 2080 4010 Atsumptionem
2102 3972 2180 4003 suam
2198 3973 2233 4003 ad
2251 3972 2371 4009 Apicem
2387 3969 2445 4000 Di-

1379 4016 1491 4056 gnitatis
1509 4013 1699 4053 Apostolicae,
1717 4013 1798 4043 nobis
1815 4011 1913 4050 fa&ae‚
1929 4022 1944 4042 a
1965 4011 2055 4049 plausu
2071 4011 2205 4042 benivolo
2222 4009 2392 4045 consentire,

1417 4052 1562 4083 Dilectum
1581 4051 1727 4082 Clericum
1746 4050 1888 4088 nostrum,
1947 4049 2078 4090 agistrum
2092 4049 2255 4091 Johannem
2267 4047 2302 4077 de
2321 4044 2445 4083 Offord,

1378 4091 1624 4124 Archidiaconum
1642 4089 1801 4129 Eliensem,
1816 4087 2008 4158 adRAlligatos
2020 4087 2129 4121 nostros
2146 4085 2341 4120 transmisimus
2345 4106 2357 4124 ,
2374 4093 2447 4153 ⁶133,-

1368 3090 1510 3127 e'usdem,
1530 3091 1617 3128 quam
1636 3090 1830 3122 Mediatorum
1855 3091 1994 3130 aliorum,
2019 3090 2131 3121 diversis

2467 3414 2562 3453 “V-33
