2562 4279
186 110 271 149 106

41 248 120 282 Arm.
134 246 176 279 D.
641 272 659 281 .«
781 275 798 281 ..
1028 274 1032 279 .

64 291 150 327 1316.
390 282 450 312 Pro
474 278 659 309 Memorans
681 274 812 306 Nuncns
833 270 871 304 de
894 269 1063 304 Crede-nna.

37 328 109 355 zdv.
126 335 153 354 2.

37 369 92 393 An·
109 374 152 393 ¹0·
194 366 333 432 Eidem
347 364 410 397 Rex
424 362 555 398 salutem,
571 359 606 390 &
621 357 759 390 successus
765 381 776 398 ,
793 358 854 390 &c.

38 408 69 433 Ε.
92 414 118 431 2·
287 403 384 441 Ctim,
403 412 456 441 pro
468 397 754 439 quibusdamarduis,
770 394 831 432 &c.
848 396 927 437 usque
943 395 998 435 ihi,
1021 395 1211 432 destinemus,
1229 392 1263 423 &

41 446 117 471 Rom·
139 439 174 474 ὁ*
191 445 230 474 eis
244 444 321 480 super
342 442 377 472 ali
399 441 495 476 uibus,
512 447 576 476 quae
596 436 747 476 specialiter
767 435 885 468 insident
899 435 980 466 cordi
1000 434 1116 472 nostro,
1133 432 1263 463 nostrum

40 483 87 510 Fr.
113 490 156 508 10.
190 482 368 521 apperuimus
379 451 562 515 desiderium,
580 476 780 507 benivolentiae
794 475 895 506 vestrae
910 484 959 513 per
971 473 1061 512 ipsos,
1079 480 1126 503 aut
1139 471 1265 502 duoseo-

38 523 69 546 13.
79 528 105 545 ²·
117 528 154 548 m·
189 531 254 553 rum
268 519 390 549 seriofit‘rs
403 514 621 555 exponendum-3

42 566 74 594 4-
226 558 429 590 Celfitudinem
447 555 568 586 vestram
582 554 709 591 Regiam
723 552 875 584 affectuose
895 552 1061 591 requirimus
1080 551 1114 580 &
1133 557 1266 585 rogamus

187 599 258 636 hiis,
277 607 340 635 quae
353 596 424 626 dieti
439 594 552 625 Nuncii
567 592 677 633 nostri,
696 602 741 623 aut
757 593 815 623 duo
827 601 926 622 eorum
934 591 1018 621 vobis
1028 589 1151 631 dixerint
1162 597 1195 617 ex
1204 596 1266 624 par-

187 646 216 669 te
227 635 340 672 nostra,
358 636 397 665 eis
417 633 504 664 fidem
523 632 615 664 velitis
633 632 783 662 indubiam
797 630 947 669 adhibere,
963 629 996 660 ὃς
1017 639 1066 666 ea,
1080 635 1157 666 Juxta
1175 625 1265 664 spera-

189 685 246 708 tam
261 673 413 711 fiduciam,
431 671 548 704 efflui
565 672 738 715 mancipare.

225 713 292 745 Dat.
309 711 385 752 apud
403 710 556 750 Clipston,
578 718 622 748 15.
636 709 682 741 die
698 708 878 740 Decembris.

187 847 237 881 De
261 842 433 879 Traffando
448 843 539 890 fhper
564 843 690 890 Negotia
712 843 868 874 Exituum
893 839 1088 883 Aquitaniae,
1121 835 1266 868 Clementi

500 902 591 938 nuper
613 895 696 937 Papae
719 887 958 935 Affignatorum.

36 986 114 1021 Arm.
130 984 171 1017 D.
189 979 311 1040 REX
330 978 498 1016 Univerfis,
518 976 665 1015 praesentes
682 974 797 1005 Litteras
812 971 990 1011 inspeeturis,
1005 969 1136 1009 salutem,
1154 970 1188 1001 &
1208 969 1268 1009 ple-

61 1026 146 1066 1316.
263 1029 331 1050 narn
343 1017 521 1062 praesentibus
536 1015 601 1060 dare
611 1012 708 1057 fidem.
831 1051 836 1056 ι
981 1051 986 1055 ῃ
1013 1049 1022 1057 ἢ
1079 1050 1084 1055 Ι

37 1068 90 1093 An.
112 1074 156 1094 ro.
231 1058 281 1090 De
296 1057 424 1088 fidelitate
439 1055 572 1093 probata,
590 1054 623 1084 &
637 1051 894 1088 Circumspec'hone
906 1049 1044 1088 provrda,
1057 1047 1225 1078 dneerorum
1234 1048 1269 1078 δε

36 1107 67 1132 F..
85 1112 112 1131 2.
191 1096 315 1128 fidelium
328 1094 506 1132 nostrorum,
523 1091 736 1123 Venerabilium
749 1090 880 1128 Parrum,
896 1089 1034 1133 johannis
1046 1087 1270 1132 Norwycensis,

37 1146 111 1170 Rom.
137 1140 171 1176 ό·
193 1137 227 1168 &
262 1135 380 1166 ohannis
394 1132 524 1169 Elienfis‚
544 1130 765 1169 Episcoporum:
787 1128 925 1159 Adomart
944 1128 980 1158 de
994 1126 1143 1163 Valentia,
1162 1124 1269 1156 Comi-

35 1184 77 1209 Ἐν.
103 1190 144 1208 ιο.
191 1177 226 1206 tis
270 1172 464 1210 embrochiae,
491 1170 703 1206 Consanguinei
728 1167 817 1198 nostri
838 1166 975 1198 kariffimi
988 1189 998 1205 ,
1021 1164 1211 1196 Bartholomei
1233 1164 1269 1195 de

37 1223 70 1246 Ε.
82 1228 106 1247 2.
116 1228 154 1247 m.
192 1212 393 1250 Badelesmere,
407 1210 544 1248 Johannis
557 1209 593 1240 de
605 1206 800 1253 Crumbwell,
817 1207 851 1237 &
867 1206 987 1236 Antonii
1009 1204 1163 1242 Pess'aignii
1176 1203 1212 1233 de
1220 1203 1269 1242 Ja-

35 1265 66 1294 “
192 1247 960 1328 ⁰⁰22,Qifflfflgffinffmfiffgffgnfffflff&pisto
981 1281 1124 1326 Patribus,
1144 1280 1269 1311 Amaldo

188 1328 331 1361 Sabinenfi
346 1327 505 1365 Episcopo,
525 1324 648 1355 Arnaldo
668 1323 782 1354 Sandiae
797 1321 909 1353 'Mai-ite
924 1323 954 1352 in
967 1320 1101 1359 Porticu,
1121 1319 1271 1365 Reymun-

188 1368 230 1399 do
244 1367 359 1398 San&ae
375 1366 476 1397 Mariae
494 1363 611 1400 Novae,
626 1363 659 1393 δε
682 1360 824 1392 Bernardo
840 1361 951 1392 Sanetae
973 1359 1113 1397 Agathae,
1132 1359 1270 1389 Draconis

189 1405 403 1437 Cardinalibus:
429 1413 560 1440 necnon,
586 1401 695 1432 dilectis
716 1401 750 1431 ὃς
773 1399 899 1431 fidelibus
924 1398 1043 1437 nostris,
1066 1397 1219 1429 Bertrando
1234 1396 1270 1427 de

190 1445 289 1476 Gutto
302 1444 329 1474 V
332 1443 478 1474 icecomiti
495 1442 651 1472 Leomann.
666 1440 699 1470 ὃ(
709 1439 886 1478 Altivillaris,
904 1437 1029 1469 Arnaldo
1044 1436 1270 1468 BernardiPreis—

187 1484 264 1515 fiaco
298 1483 377 1513 dicio
390 1481 533 1518 Soldano,
554 1479 685 1509 Domino
700 1478 736 1508 de
752 1477 887 1517 Didona,
904 1479 938 1508 &
954 1475 1130 1521 Reymundo
1139 1475 1272 1506 Guilliel-

190 1524 251 1561 mi,
270 1506 403 1552 bomino
425 1519 461 1550 de
483 1518 634 1556 Budocio,
663 1517 823 1555 Militibus,
840 1526 873 1547 ac
891 1517 951 1546 aliis
965 1538 975 1554 ,
997 1519 1016 1546 {1
1038 1516 1066 1546 ui
1089 1515 1141 1550 sint
1160 1514 1270 1545 causam

190 1561 375 1598 habentibus,
391 1560 421 1589 in
436 1557 581 1595 praesenti,
597 1558 629 1586 in
645 1556 837 1593 obligatione,
857 1565 906 1592 per
920 1565 972 1585 nos
979 1553 1017 1585 du
1039 1563 1088 1584 um
1104 1552 1199 1592 faeta,
1215 1554 1271 1583 bo-

190 1599 423 1669 ffliffssssffii
434 1591 1271 1670 ffiiss‘ssssaefflffteenssffiffigfssffi2⁰³ffi⁰ssarii>ffix32¹32⁰s⁵

190 1678 303 1708 marinis
321 1646 482 1714 (Comitatfl
493 1656 612 1704 Pontivi'
624 1672 763 1702 dumtaxat
775 1672 906 1710 excepto)
928 1681 982 1709 pro
1002 1669 1125 1709 quadam
1141 1671 1271 1708 pecuniae

189 1714 329 1754 Summa,
347 1714 430 1744 nobis
444 1723 493 1752 per
508 1712 601 1751 ipsum
625 1710 807 1742 Clementem
830 1710 970 1749 mutuata,
986 1709 1022 1740 de
1036 1708 1138 1740 eadem
1159 1708 1272 1746 obliga-

190 1756 272 1786 tione
286 1752 467 1785 adnullanda:
486 1751 520 1782 &
535 1751 571 1781 de
585 1750 712 1782 Exitibus
732 1749 893 1788 dierorum,
914 1747 1044 1779 Ducatiis
1065 1748 1099 1778 &
1120 1752 1270 1786 tetrarum,

191 1794 222 1824 in
237 1793 366 1824 manibus
380 1791 504 1830 ipsorum
521 1789 718 1820 Cardinalium
741 1789 775 1819 &
798 1788 944 1826 Militum,
963 1789 1066 1818 virtute
1087 1786 1272 1823 obligationis

188 1831 336 1870 praedffiae
347 1853 356 1869 ‚
369 1831 427 1868 jam
441 1827 638 1866 existentibus,
656 1827 690 1858 ad
703 1837 802 1857 manus
815 1826 922 1856 nostras
935 1825 1075 1864 ponendi:
1095 1825 1128 1855 &
1142 1825 1176 1855 ad
1188 1825 1269 1855 aliam

188 1871 414 1908 obligationem,
430 1868 510 1906 supet
524 1868 644 1897 exitibus
667 1866 832 1904 mistorum,
850 1863 980 1895 Ducariis
1000 1865 1033 1895 &
1054 1872 1208 1902 terrarum,
1224 1863 1270 1894 vel

187 1909 303 1947 alicujus
319 1909 400 1946 partis
414 1905 582 1937 eorumdem
604 1904 695 1942 (dieto
711 1903 858 1934 Comitatu
882 1903 999 1933 Pontivi
1020 1902 1152 1940 excepto)
1172 1901 1217 1932 seu
1235 1903 1271 1933 ad

187 1948 270 1978 aliam
286 1946 503 1977 satisfactionem
519 1944 678 1975 faciendam
700 1943 819 1981 praefatis
839 1941 1036 1973 Cardinalibus
1054 1941 1088 1972 &
1111 1939 1272 1980 Militibus,

188 1988 219 2017 in
233 1985 311 2015 dieti
324 1984 416 2022 primi
429 1983 607 2020 obligatione
623 1981 735 2012 causam
749 1982 936 2019 habentibus,
953 1990 1006 2018 pro
1026 1990 1063 2010 eo
1085 1978 1163 2017 quod
1178 1980 1271 2011 adhuc

187 2023 270 2055 restat
285 2022 450 2054 solvendum
465 2021 503 2052 de
515 2020 593 2051 dieta
608 2021 737 2058 pecuniae
760 2019 900 2061 Summa,
918 2019 1003 2049 nobis
1024 2017 1169 2055 mutuata,
1184 2026 1215 2048 ut
1231 2018 1272 2048 est

187 2063 319 2100 dicium,
338 2062 371 2092 &
387 2060 421 2092 ad
437 2059 601 2091 faciendum
617 2059 716 2089 omnia
730 2059 763 2090 ὃς
780 2057 902 2096 lingula,
922 2067 986 2096 quae
1005 2056 1040 2086 ad
1056 2055 1215 2095 praemissa,
1237 2057 1272 2088 &

187 2111 288 2133 eorum
309 2099 455 2139 quodlibet
469 2097 619 2129 neceffaria
633 2097 737 2127 fuerint
752 2097 786 2127 &
802 2106 823 2126 0
863 2105 961 2135 mma,

229 2139 373 2177 Praefatis,
392 2135 714 2180 EpiscopisQComiti,
739 2135 773 2166 &
798 2106 959 2173 Nfiiitibus,
977 2133 1022 2164 vel
1046 2134 1134 2164 tribus
1154 2143 1272 2172 eorum,

188 2179 318 2218 plenam,
335 2187 432 2209 tenore
446 2180 640 2214 praeientlum,
660 2176 872 2205 committimus
886 2172 1073 2212 potestatem,
1094 2171 1200 2203 Ratum
1222 2172 1273 2203 ha-

190 2219 275 2248 bituri
289 2218 321 2248 δε
344 2216 461 2246 firmum
484 2213 621 2253 quicquid
635 2224 683 2251 per
698 2213 865 2251 praedictos,
884 2212 1056 2249 Episcopos,
1073 2210 1223 2241 Comitem
1239 2212 1273 2242 &¹

191 2256 316 2293 Milites,
334 2254 379 2285 vel
395 2262 448 2284 tres
461 2263 560 2283 eorum
571 2274 579 2289 ,
599 2251 694 2282 nostro
717 2253 852 2289 nomine,
876 2250 983 2281 faetum
1004 2250 1086 2279 fuerit
1102 2251 1129 2278 in
1151 2250 1274 2287 praemis-

193 2295 239 2326 sis:
259 2295 292 2325 &
307 2293 354 2332 id,
373 2302 420 2329 per
434 2291 539 2321 nostras
552 2290 680 2319 Parentes
696 2290 827 2328 Litteras,
844 2289 894 2319 sub
918 2288 1034 2325 Magno
1053 2288 1155 2324 Sigillo
1174 2287 1272 2318 nostro

193 2332 323 2364 ratificari
333 2355 342 2369 ,
360 2332 394 2362 ὃς
407 2330 573 2368 approbari,
592 2338 626 2358 ac
642 2327 837 2358 inviolabiliter
851 2326 991 2357 observari
1008 2326 1152 2356 faciemus.

230 2371 263 2402 In
278 2371 357 2409 cujus
372 2371 410 2400 rei
424 2369 620 2400 testimonium
634 2366 779 2405 praesentes
794 2366 914 2397 Litteras
929 2365 1000 2397 dieti
1011 2365 1092 2402 sigilli
1113 2364 1203 2395 nostri
1216 2365 1272 2395 im-

191 2408 331 2450 pressione
345 2409 463 2438 fecimus
479 2407 615 2437 roborari.

230 2448 297 2479 Dat.
317 2447 398 2486 apud-
412 2445 562 2484 Clipston,
585 2445 631 2475 16.
646 2443 692 2475 die
715 2443 904 2481 Decembris,
922 2441 1009 2474 Anno
1033 2441 1158 2473 Domini
1186 2441 1272 2483 1316.

193 2486 295 2527 Regni
310 2492 381 2518 vero
394 2484 481 2517 nostri
496 2484 624 2515 decimo.

221 2566 241 2586 ²*
252 2563 420 2596 Confimiles
430 2563 543 2594 Littera:
557 2560 641 2592 fac‘tae
653 2559 781 2598 fuerunt,
790 2559 826 2589 de
840 2559 930 2590 verbo
943 2558 977 2590 ad
986 2559 1106 2589 verbum
1117 2582 1126 2597 ,
1139 2568 1208 2588 cum
1224 2557 1274 2589 ista

192 2603 313 2637 clausula
328 2602 436 2641 adjeeta
450 2610 533 2638 ante,
546 2604 582 2630 In
597 2601 690 2638 cajus,
707 2598 769 2635 &a
787 2598 899 2629 Damus
912 2598 1020 2636 insuper
1032 2597 1152 2635 praefatis
1160 2597 1276 2628 Bartho-

194 2644 309 2682 lomeo,
323 2641 450 2681 Joharmi
465 2640 501 2672 de
518 2638 716 2676 Crumbwell,
733 2639 766 2669 &
781 2637 926 2676 Antonio,
948 2636 1072 2667 fimiliter
1089 2635 1256 2676 potestatem
1267 2652 1283 2674 ,-

195 2683 230 2715 &
246 2680 362 2720 speciale
379 2679 544 2711 mandatum
558 2679 657 2709 omnia
680 2677 713 2708 δε
736 2676 859 2714 singula,
878 2686 941 2714 quae
963 2685 1011 2713 per
1032 2674 1139 2714 dic'tos,
1159 2674 1278 2713 Episco-

198 2730 251 2761 pos
269 2721 303 2752 &
324 2718 492 2756 Comitem,
509 2718 542 2748 &
564 2717 635 2758 ipsos
657 2715 908 2753 Bartholomeum,
930 2714 1110 2753 Johannem,
1130 2715 1163 2745 &
1185 2714 1278 2744 Anto-

199 2762 299 2800 nium,
314 2758 359 2788 vel
377 2766 431 2788 tres
454 2766 571 2794 eorum,
589 2755 666 2786 fausta
683 2754 786 2785 fuerint
805 2755 834 2783 in
850 2751 1012 2792 praemiffis,
1036 2752 1156 2784 vallandi
1176 2752 1210 2783 &
1231 2751 1279 2782 fir-

198 2797 313 2834 mandi,
332 2797 452 2826 nomine
473 2794 587 2833 nostru,
601 2795 777 2833 juramento,
796 2802 845 2831 per
867 2801 957 2822 unum
977 2790 1139 2831 di6torum,
1163 2790 1279 2821 Bartho-

201 2837 307 2905 ¹⁰⁰¹?ss
320 2835 457 2904 {iohannis
470 2835 506 2865 de
526 2832 724 2872 Crumbwell,
742 2833 775 2864 δε
792 2831 930 2870 Antonii,
949 2831 980 2861 in
1002 2831 1129 2862 animam
1152 2829 1278 2862 nostram

223 2886 260 2906 rae
303 2884 321 2904 n
341 2883 370 2904 0-

201 2886 222 2916 ἳ
236 2913 275 2947 In>
289 2913 384 2951 cujus,
402 2910 464 2947 ἀι.
481 2910 619 2951 utfitpra.

273 2951 342 2983 Dat.
359 2959 388 2983 ut
406 2949 493 2989 supra.

60 2587 145 2617 ⁹111.

69 2628 136 2666 587.

239 3027 412 3060 Confimnes
434 3026 550 3059 Litterae
572 3024 655 3056 saitae
676 3024 805 3064 fuerunt,
822 3034 890 3055 cum
913 3023 992 3055 dieta
1015 3023 1153 3063 clausula,
1171 3024 1284 3056 Damus

202 3068 310 3106 insuper
332 3066 471 3106 praefatis,
489 3064 618 3102 comiti,
644 3063 865 3102 Bartholomeo,
881 3063 1007 3102 johanni
1029 3063 1065 3094 de
1085 3063 1282 3102 Crumbwell,

204 3107 238 3137 ἃ
264 3106 411 3143 Antonio,
431 3104 555 3134 similiter
580 3101 761 3142 potestatem,
785 3100 846 3135 &c.
865 3109 896 3131 ut
913 3102 1011 3140 supra·
1033 3112 1096 3139 quse
1120 3111 1169 3139 per
1191 3101 1284 3132 dictos

206 3144 377 3182 Episcopos,
397 3146 429 3174 δε
446 3143 536 3181 ipsos,
553 3141 723 3178 Comitem,
741 3140 986 3177 Bartholomeum,
1001 3125 1164 3177 johannem
1178 3141 1284 3171 &An-

207 3183 335 3219 tonium,
353 3182 400 3212 vel
421 3191 475 3212 tres
491 3191 610 3217 eorum,
627 3178 688 3214 &a
709 3186 741 3208 ut
772 3186 858 3216 upra,
873 3179 1052 3216 juramento,
1072 3188 1121 3216 per
1136 3189 1224 3209 unum
1241 3178 1284 3208 di-

209 3220 343 3257 ἂοι-υιῃ,
363 3220 502 3258 Comitis,
522 3219 728 3255 Bartholomei,
762 3218 881 3247 ohannis
900 3216 936 3247 de
959 3215 1156 3255 Crumbwell,
1174 3218 1208 3248 &
1222 3217 1284 3247 An-

211 3260 302 3296 tonii,
322 3260 350 3287 in
365 3259 489 3288 animam
502 3257 626 3288 nostram
639 3255 806 3296 praestando.

249 3296 284 3328 In
302 3296 469 3335 cuju8,&c.

284 3335 353 3366 Dat.
368 3343 399 3365 ut
411 3334 498 3372 supra.

210 3461 270 3495 Pro
294 3459 420 3494 Davide
442 3462 559 3492 Comite
582 3456 732 3499 Athona,
758 3455 840 3537 {Zod
853 3457 950 3489 Scotos
963 3465 1137 3503 praegravat
1151 3482 1161 3500 ,
1185 3469 1288 3490 remu-

672 3516 765 3539 neran
805 3529 814 3538 .

67 3604 144 3637 Arm.
161 3601 203 3632 D.
281 3593 346 3625 EX
364 3593 609 3630 Vicecomitibus‚
626 3592 659 3622 ὅ(
675 3591 807 3622 omnibus
821 3589 878 3620 aliis
893 3589 1020 3628 Ballivis,
1039 3589 1195 3628 Ministris,
1212 3590 1246 3620 δι
1259 3589 1292 3619 fi-

99 3641 183 3682 1316,
220 3632 484 3701 >salumctl1t]³.libussuis,
503 3632 563 3662 tam
583 3629 656 3661 infra
675 3630 844 3666 Libertates,
863 3632 948 3666 quam
969 3637 1060 3667 eXtra,
1079 3628 1113 3658 ad
1130 3638 1216 3667 quos,
1231 3629 1292 3659 ὅτε.

71 3685 184 3748 ’ἔξω
260 3695 392 3739 Volentes
414 3708 530 3747 Scotos,
548 3708 685 3738 Inimicos
705 3707 738 3737 &
758 3704 1040 3749 RebellesnostrOS,
1060 3713 1194 3742 quantum
1212 3713 1293 3749 pote-

74 3762 133 3786 Par.
153 3766 196 3785 10,
221 3747 308 3777 rimus
328 3757 516 3785 praegravare,
538 3747 571 3777 ὅ(
594 3745 671 3784 illos,
689 3746 735 3783 qui
757 3744 840 3776 dietis
863 3743 992 3774 Inmu'cis
1015 3742 1113 3774 nostris
1134 3753 1295 3781 gravamina

76 3801 106 3825 E.
124 3805 152 3824 2,
167 3801 209 3832 m
223 3785 380 3822 intulerint,
399 3795 575 3817 remunerare
590 3793 671 3822 prout
682 3784 780 3823 decet,

76 3843 104 3862 ².
118 3835 209 3871 m·3⁶·
265 3823 484 3864 Conceffimus,
507 3823 612 3853 emedio
628 3824 661 3853 &
681 3821 755 3851 fideli
776 3821 892 3859 nostro,
910 3819 1019 3851 Davidi
1043 3819 1155 3851 Comiti
1175 3819 1297 3859 Atoliae,

228 3861 363 3900 quicquid
378 3862 449 3898 ipie,
468 3871 534 3891 cum
543 3861 690 3891 Comitiva
701 3859 766 3898 suti,
785 3860 821 3890 de
836 3861 916 3890 rebus
929 3859 1083 3890 mobilibus
1095 3859 1298 3899 adquirerepo-

228 3902 289 3932 terit
304 3900 383 3937 super
397 3899 486 3931 dictos
494 3898 632 3930 inimicos
646 3898 770 3937 nostros,
784 3898 829 3928 seu
843 3898 1057 3935 quomodolibet
1071 3907 1226 3935 occupare:

264 3939 390 3980 Necnon
406 3936 610 3971 redemptiones
624 3939 756 3967 omniurn
770 3936 882 3967 illorum
895 3937 932 3966 de
945 3937 1029 3966 dietis
1039 3936 1165 3967 Inimicis
1179 3934 1299 3974 nostris,

231 3987 302 4016 quos
315 3978 387 4014 ipsc,
405 3986 473 4018 cum
487 3973 634 4017 Comitiva
649 3975 708 4012 sua,
726 3985 826 4013 capere
839 3976 961 4014 poterit,
980 3985 1027 4013 per
1042 3975 1133 4014 ipsum
1148 3973 1297 4006 Comitem

229 4025 283 4056 Pro
297 4016 491 4053 redemptione
501 4012 720 4043 hbemndorum.

600 82 2014 138 coNvENTIONEs,L1TERAE,

1339 176 1380 207 Ira
1393 183 1491 206 tamen
1507 172 1606 212 quod,
1623 171 1644 202 fi
1663 182 1716 203 nos
1728 170 1868 208 aliquem,
1884 168 1921 200 de
1936 169 2019 201 dietis
2041 169 2170 200 Inimicis
2191 167 2291 200 nostris
2303 193 2313 209 ,
2331 179 2381 208 per
2397 168 2473 201 Ann.
2485 164 2537 205 Dg'-
2557 167 2561 197 :'

1300 215 1473 255 praediemm
1492 212 1658 248 Comitem,
1676 211 1722 241 vel
1745 209 1867 246 aliquem
1886 207 1922 239 de
1944 207 2093 240 Comitivfi
2113 208 2161 239 suti
2179 217 2312 248 captum,
2336 208 2380 239 vel
2418 210 2502 248 1316.
2528 242 2530 244 ,
2557 202 2561 230 ²

1302 252 1488 292 capiendum,
1505 251 1609 281 habere
1625 249 1757 286 velimus,
1772 247 1808 278 ad
1822 247 1998 278 voluntatem
2013 247 2140 278 nostram
2147 247 2183 278 de
2197 248 2258 286 ipso
2272 247 2380 279 facien·
2397 249 2466 277 Ἐάν.
2482 257 2509 279 2.
2557 255 2562 265 ¹

1302 292 1453 328 ciendam,
1475 298 1544 319 tunc
1563 288 1660 325 idem,
1677 288 1715 318 fic
1736 295 1850 324 captus,
1873 285 1919 316 seu
1943 286 2110 324 capiendus,
2128 287 2211 316 nobis
2229 286 2378 325 liberetur,

1302 333 1336 363 ὃς
1350 341 1402 361 nos
1415 328 1553 366 praedieto
1569 326 1700 364 Comiti,
1719 336 1772 364 pro
1785 324 1866 354 dieto
1880 323 2005 355 Inimico
2019 324 2135 364 nostro,
2153 325 2191 356 fic
2212 323 2325 364 Capto,
2343 326 2378 356 &

1301 370 1383 400 nobis
1395 368 1527 405 liberato,
1545 374 1662 396 centum
1678 365 1791 396 Marcas
1803 363 1908 394 solvere
1922 372 2080 394 teneamur.

1338 407 1374 438 Et
1386 406 1453 437 ideo
1467 405 1548 436 vobis
1562 405 1728 435 mandamus
1744 402 1824 441 quod
1839 401 1987 440 praefatum
2000 401 2153 433 Comitem
2162 425 2172 441 ,
2189 401 2235 433 vel
2256 401 2379 440 aliquem

1301 446 1337 476 de
1351 444 1501 476 Comitivfi⁴
1514 443 1579 482 sui,
1596 454 1655 474 non
1672 442 1844 481 impediatis,
1863 440 2016 472 molestetis
2034 442 2064 471 in
2084 441 2197 480 aliquo,
2214 440 2259 471 seu
2280 451 2380 478 grave-

1301 486 1349 522 tis,
1366 493 1466 515 contra
1486 482 1701 513 conceffionem
1723 480 1848 511 nostram
1869 479 2052 518 praedatam,
2071 479 2141 511 dum
2162 488 2259 510 tamen
2280 488 2381 511 contra

1302 524 1449 561 homines,
1466 521 1501 552 ad
1514 531 1618 560 pacem
1633 519 1760 552 nostram
1775 518 1938 557 existentes,
1955 518 2000 548 seu
2021 527 2120 549 contra
2133 528 2243 556 treugas
2277 518 2297 548 fi
2313 529 2379 557 quas

1302 563 1367 592 iniri
1387 561 1560 599 contigerit,
1587 570 1636 598 per
1658 559 1749 597 ipsum
1774 556 1943 596 Comitem,
1968 556 2014 587 vel
2036 557 2157 596 aliquem
2173 558 2210 588 de
2279 557 2380 589 mitiva

1301 601 1366 639 sua,
1380 600 1450 630 nihil
1463 607 1628 636 attempetur
1643 597 1843 636 quovismodo.

1341 638 1375 669 In
1389 640 1483 677 cujus,
1502 639 1563 668 &e
1575 637 1661 676 usque
1673 636 1707 668 ad
1722 635 1839 666 Festum
1853 633 2018 666 Nativitatis
2037 633 2136 666 Sanffi
2151 635 2290 674 Johannis
2310 633 2383 674 Bap-

1302 677 1373 710 tistae
1390 678 1522 716 proximo
1540 675 1668 707 futurum
1681 674 1829 706 duraturas.

1337 755 1429 787 Teste
1443 754 1530 793 Rege
1541 752 1617 792 apud
1630 752 1760 793 Ciipston
1769 775 1779 791 ,
1794 761 1843 783 20.
1855 750 1902 782 die
1918 750 2102 782 Decembris.

1464 838 1518 866 Per
1536 834 1620 876 ipfitm
1635 837 1750 874 Regem,
1767 835 1926 864 Numiante
1942 835 2046 863 comite
2062 830 2253 863 Pembrochiae.

1305 963 1356 996 De
1380 958 1549 1003 Navibus,
1572 971 1627 1007 pro
1653 962 1765 1007 Rogero
1787 957 1824 992 de
1847 960 1977 992 Mortuo
1999 960 2114 1001 Mari,
2148 956 2193 991 ad
2211 956 2383 992 ducendum

1543 1012 1647 1056 Copias
1670 1011 1702 1040 in
1724 1005 1925 1049 Hiberniam,
1945 1006 2151 1053 providendis.

1310 1096 1435 1155 REX
1455 1096 1624 1128 Camerario
1636 1093 1686 1125 suo
1700 1092 1907 1131 Southwalliae,
1923 1091 2046 1123 salutem.
2400 1087 2478 1119 Arm.
2492 1088 2534 1120 D.

1409 1134 1508 1175 Cum,
1526 1134 1646 1166 dileetus
1665 1131 1900 1170 Consanguineus
1914 1132 1947 1162 &
1967 1129 2055 1160 fidelis
2074 1129 2184 1169 noster,
2203 1129 2334 1171 Rogerus
2348 1131 2384 1163 de
2424 1129 2508 1165 1316.

1308 1173 1432 1206 Mortuo
1454 1174 1531 1205 Mari
1547 1173 1584 1204 de
1597 1172 1798 1212 Wygemore,
1813 1170 1847 1201 ad
1870 1178 1958 1207 partes
1979 1169 2148 1208 Hiberniae,
2166 1170 2198 1200 in
2217 1170 2386 1210 obsequium
2402 1171 2455 1195 An.
2473 1177 2516 1195 ¹0·

1307 1213 1454 1253 nostrum,
1471 1222 1542 1244 cum
1558 1211 1665 1250 magna
1680 1208 1859 1241 multitudine
1874 1209 2046 1248 hominum,
2064 1209 2124 1239 tam
2135 1211 2281 1249 equitum,
2301 1212 2388 1249 quarn
2406 1210 2434 1233 Ε-
2456 1216 2482 1234 2·
2539 1223 2541 1228 ν

1306 1253 1454 1292 peditum,
1472 1252 1508 1282 de
1523 1251 1659 1282 mandato
1674 1249 1791 1286 nostro,
1808 1247 1835 1278 se
1848 1247 1981 1279 divertat:
2404 1244 2494 1282 Claus.

1345 1290 1399 1330 Et,
1417 1301 1469 1329 pro
1484 1289 1617 1327 Pasiagio
1630 1288 1695 1327 suo,
1714 1288 1747 1319 &
1760 1287 1879 1318 aliorum
1892 1286 1991 1318 secum
2006 1285 2203 1324 existentium,
2222 1286 2386 1325 ipsumRo-
2407 1292 2449 1310 ¹0·
2468 1286 2536 1319 13.2.j

1308 1339 1410 1367 gerum
1423 1338 1552 1367 oporteat
1565 1328 1663 1359 Naves
1678 1326 1810 1368 plurimas
1827 1325 1945 1356 habere:
2405 1331 2441 1350 m.
2459 1330 2504 1360 ³9·

1347 1368 1384 1400 Er
1410 1368 1654 1408 affignaverimus,
1679 1365 1820 1408 dilectum·
1837 1362 1986 1395 Clericum
2009 1363 2155 1402 nostrum,
2169 1363 2334 1402 Johannem
2352 1363 2389 1395 de

1309 1407 1427 1438 Norton
1444 1407 1479 1438 ad
1496 1405 1708 1445 providendum
1724 1405 1822 1443 vigintl
1833 1402 1935 1441 grossas
1951 1402 2067 1440 Naves,
2085 1404 2114 1432 in
2129 1403 2252 1440 partibus
2271 1403 2387 1434 Bristol-

1308 1447 1374 1485 liae,
1395 1447 1428 1477 ὅ(
1451 1447 1576 1486 partibus
1589 1445 1710 1482 vicinis,
1728 1452 1781 1480 pro
1801 1441 1923 1481 passagio
1937 1441 2113 1479 supradicto·
2132 1443 2169 1473 ira
2191 1441 2268 1480 quod
2290 1442 2388 1473 Naves

1308 1485 1363 1515 11³ae
1378 1485 1428 1515 fint
1443 1484 1516 1525 apud
1526 1481 1762 1519 Haverfordiam,
1780 1481 1811 1510 in
1825 1480 1930 1510 wana
1939 1503 1949 1518 ,
1966 1482 1995 1510 in
2008 1479 2090 1510 Festo
2103 1465 2309 1511 iuriae-ationis
2320 1480 2390 1513 Bea-

1310 1532 1346 1555 tae
1365 1523 1469 1554 Mariae
1494 1523 1626 1562 proximo
1646 1521 1754 1557 futuro,
1775 1528 1917 1558 promptae
1930 1520 1961 1548 in
1978 1519 1996 1538 ’¹‘
2020 1519 2154 1549 omnibus
2176 1520 2210 1550 δε
2233 1527 2332 1558 paratae
2353 1519 2388 1551 ad

1308 1562 1564 1604 proficiscendum,
1583 1559 1676 1591 versus
1697 1559 1785 1590 dietas
1800 1567 1887 1598 partes
1909 1557 2081 1597 Hiberniae,
2098 1567 2168 1588 cum
2189 1557 2308 1598 praefato
2326 1558 2390 1590 Ro-

1309 1612 1398 1641 gero,
1416 1602 1448 1633 &
1465 1599 1615 1632 Comitiva
1629 1598 1675 1630 sust
1688 1599 1786 1628 secum
1800 1597 1950 1636 existente,

1346 1641 1437 1672 Vobis
1450 1639 1616 1670 mandamus
1628 1637 1704 1675 quod
1722 1635 1879 1675 paffigium
1894 1634 2079 1674 praedie‘cum,
2096 1634 2251 1674 sumptibus
2272 1634 2395 1675 nostris„

1309 1679 1345 1710 de
1359 1680 1476 1710 exitibus
1492 1678 1606 1709 Ballivae
1623 1675 1723 1706 vestrae
1733 1699 1742 1715 ,
1761 1675 1790 1705 in
1806 1675 1939 1705 omnibus
1954 1674 2075 1705 faciatis:

1347 1718 1384 1748 Et
1397 1718 1432 1748 de
1448 1717 1617 1755 sumptibus,
1635 1725 1704 1753 quos
1720 1715 1749 1744 in
1767 1713 1891 1752 passagio
1907 1713 1955 1743 illo
1976 1713 2170 1754 apposueritis,
2189 1711 2388 1753 Indenturam,

1310 1759 1379 1788 inter
1394 1756 1545 1795 praefatum
1560 1754 1732 1792 Roget-um,
1748 1753 1792 1783 vel
1807 1752 1946 1790 aliquem,
1964 1761 2049 1790 quem
2073 1752 2142 1782 loco
2157 1752 2196 1782 sui
2218 1753 2249 1782 in
2264 1752 2323 1784 hoc
2337 1752 2389 1783 de-

1310 1796 1465 1834 putaverit,
1487 1797 1520 1826 &
1536 1804 1597 1832 vos,
1611 1793 1669 1823 fieri
1684 1792 1805 1830 faciatis,
1826 1801 1896 1828 quos
1908 1790 2032 1828 sumptus
2045 1790 2127 1821 vobis
2136 1791 2166 1820 in
2183 1799 2324 1828 compoto
2338 1800 2390 1822 ve-

1310 1835 1386 1874 stro,
1403 1834 1437 1865 ad
1453 1834 1634 1864 Scaccarium
1649 1830 1795 1869 nostrum,
1813 1840 1861 1871 per
1876 1829 2058 1860 Indenturam
2079 1829 2191 1860 allocari
2205 1829 2351 1861 faciemus.

2424 1522 2530 1564 *ruff

2425 1572 2493 1610 588.

1347 1911 1434 1943 Teste
1448 1911 1531 1950 Rege
1545 1908 1618 1949 apud
1633 1907 1781 1949 Clipston,
1798 1906 1936 1939 vicesimo
1948 1906 1995 1937 die
2011 1904 2193 1938 Decembris.

2009 1985 2063 2014 Per
2079 1982 2163 2024 iincm
2180 1987 2285 2024 Regem.

2351 2068 2388 2077 -ῆ

2540 2086 2562 2123 w,l

1407 2120 1458 2153 De
1484 2116 1658 2152 intendendo
1680 2118 1811 2150 Nunciis
1835 2116 1925 2162 Regis
1950 2115 1982 2147 in
2004 2115 2143 2148 Romana
2168 2117 2276 2150 Curia.

2405 2193 2484 2226 Ann.
2498 2167 2562 2226 D„

1313 2207 1457 2264 REX,
1479 2206 1587 2239 dileeto
1608 2206 1727 2237 Clerico
1749 2204 1816 2245 suo,
1835 2203 1982 2242 Magistro
2003 2203 2077 2234 Adae
2096 2203 2132 2234 de
2155 2203 2296 2244 Orleton,
2319 2204 2389 2236 salu·
2425 2233 2500 2273 1316
2514 2231 2517 2235 -
2531 2216 2562 2254 ’ἦ

1389 2256 1459 2278 rem.

1349 2283 1430 2315 Cum
1445 2285 1606 2321 mittamus,
1623 2281 1742 2313 dilectos
1757 2283 1790 2313 &
1806 2280 1899 2311 fideles
1909 2279 2034 2319 nostros,
2051 2281 2222 2312 venerabiles
2231 2280 2344 2320 Patres,
2357 2281 2387 2322 J.
2402 2275 2459 2303 An·
2475 2281 2520 2302 ¹0·
2541 2299 2562 2321 ι,

1310 2321 1557 2366 Norwycensem,
1576 2323 1609 2353 &
1621 2321 1650 2359 J.
1665 2321 1698 2351 El
1718 2320 1829 2358 ensem,
1847 2319 2017 2358 Episcopos:
2037 2318 2215 2351 Adomarum
2231 2320 2268 2350 de
2285 2315 2437 2352 valen-'R
2452 2321 2477 2338 ²·
2556 2343 2558 2346 ψ

1311 2369 1365 2400 tta,
1384 2361 1538 2393 Comitem
1554 2331 1774 2398 Pembrocliiae,
1793 2357 2046 2395 consanguineum
2060 2357 2189 2390 nostrum
2203 2358 2391 2391 cariffimum·
2410 2353 2481 2377 Rom.
2509 2344 2545 2382 ό·

1311 2409 1345 2429 ac
1361 2400 1497 2439 quosdam
1512 2399 1580 2430 alios
1595 2398 1688 2430 fideles
1703 2398 1830 2436 nostros,
1847 2397 1880 2428 ad
1896 2396 2015 2428 Curiam
2029 2395 2196 2429 Romanam
2213 2408 2265 2436 pro
2279 2383 2394 2436 quibus2
2411 2391 2442 2415 Fr
2446 2390 2540 2416 ἰο-Ε·

1312 2436 1380 2508 dag}
1395 2439 1535 2508 n‘esgotiis,
1553 2448 1605 2468 nos
1617 2438 1650 2469 &
1664 2437 1764 2468 statum
1782 2436 1879 2475 Regni
1895 2434 1985 2467 nostri
2005 2437 2202 2476 tangentibus,
2219 2436 2330 2468 ibidem
2343 2446 2394 2468 ex·
2413 2435 2440 2454 ²·
2460 2435 2499 2455 m·
2511 2433 2542 2462 5·
2556 2434 2562 2438 ¹

1312 2486 1348 2515 pe
1370 2488 1413 2508 ten
1435 2488 1474 2516 1s3

1349 2517 1440 2547 Vobis
1461 2515 1627 2560 mandamus
1644 2514 1790 2553 rogando,
1808 2514 2012 2546 nichilominus
2037 2515 2225 2554 injungentes,
2251 2514 2328 2552 quod
2344 2515 2396 2546 els-

1312 2554 1382 2586 dem
1396 2555 1522 2586 Nunciis
1535 2553 1650 2591 nostris,
1669 2554 1699 2583 in
1714 2554 1783 2591 hiis,
1803 2563 1866 2592 quae
1880 2555 1962 2585 vobis
1975 2563 2009 2585 ex
2025 2562 2101 2591 parte
2109 2553 2206 2584 nostra
2218 2553 2395 2591 exposuerint

1314 2594 1381 2625 viva
1396 2604 1489 2633 voce,
1506 2592 1592 2624 fidem
1609 2591 1752 2622 credulam
1767 2593 1926 2631 praebeatis,
1946 2594 1979 2624 δε
1991 2592 2070 2630 super
2086 2591 2266 2630 expeditione
2279 2602 2394 2624 eorum-

1314 2631 1403 2672 dem,
1421 2634 1478 2671 eis,
1495 2632 1528 2662 &
1551 2630 1670 2675 cuilibet
1692 2640 1790 2662 eorum
1815 2629 1936 2661 affistatis
1959 2631 2079 2662 consiliis
2101 2631 2134 2661 &
2156 2631 2278 2669 auxiliis,
2294 2631 2397 2670 quibus

1315 2672 1457 2710 poteritis,
1474 2678 1636 2708 oportums,
1654 2670 1783 2707 quotiens
1798 2679 1848 2707 per
1862 2669 1950 2707 ipsos,
1969 2669 2014 2700 vel
2036 2679 2135 2700 eorum
2156 2670 2297 2708 aliquem,
2315 2669 2395 2707 super

1315 2711 1390 2749 hoc,
1410 2719 1442 2740 ex
1458 2718 1534 2748 parte
1549 2708 1659 2747 nostra,
1677 2707 1782 2739 fueritis
1793 2709 1930 2746 requisiti:
1950 2707 1986 2740 Et
1999 2708 2073 2747 hoc,
2090 2708 2161 2739 ficut
2176 2708 2212 2739 de
2226 2709 2310 2739 vobis
2323 2717 2396 2739 con·

1316 2748 1446 2787 fidimus,
1465 2748 1618 2779 nullatenus
1632 2748 1775 2778 omittatis.

1351 2787 1440 2819 Teste
1454 2787 1539 2826 Rege
1553 2785 1626 2826 apud
1641 2785 1675 2816 N
1677 2786 1845 2826 otingham,
1863 2785 2002 2818 vicesimo
2017 2787 2118 2826 quinto
2131 2784 2179 2817 die
2193 2784 2377 2818 Decembris.

1667 2862 1778 2895 Eodem
1797 2863 1889 2895 modo
1904 2863 2050 2903 scribitur,

1876 2940 2012 2982 Magistro
2034 2938 2202 2972 Alexanabo
2221 2937 2256 2968 de
2275 2937 2397 2974 Bikem

1914 2991 1962 3020 re,
1979 2979 2075 3010 Eleao
2091 2974 2272 3016 Dublinenfi,

1877 3017 2013 3059 Magistro
2026 3017 2132 3047 Thomae
2146 3015 2178 3044 de
2193 3014 2315 3046 Cobham

1877 3055 2012 3100 Magistro
2026 3053 2163 3084 Richardo
2173 3053 2208 3100 ‚de
2225 3053 2305 3099 Plum
2317 3053 2380 3101 pk,

1323 2941 1458 2983 Magistro
1476 2941 1551 2972 Adae
1571 2941 1747 2973 Miremouth.

1322 2981 1456 3022 Magistro
1472 2980 1597 3011 Andreae
1611 2984 1717 3020 Sapiti‚
1729 2986 1732 3006 i

1322 3020 1456 3061 Magistro
1464 3018 1610 3050 Gaucelino
1616 3018 1770 3059 Johannis,
1778 3022 1838 3050 Da-

1358 3063 1424 3090 mini
1437 3061 1518 3097 Papae
1534 3057 1754 3089 Vicecancellario
1762 3082 1772 3099 ,

1323 3097 1456 3138 Magistro
1472 3100 1554 3127 Petro
1570 3097 1602 3127 de
1617 3100 1716 3136 Dene,

1325 3142 1410 3174 Magi
1435 3147 1464 3165 ro
1479 3138 1521 3165 W
1523 3135 1631 3165 illielmo
1645 3137 1678 3166 de
1695 3133 1824 3174 Melton,

1363 3178 1390 3205 Ε
1404 3177 1459 3205 εέὶο
1473 3173 1613 3212 Eborum,

1322 3249 2389 3261 ffl———m

1323 3301 1373 3333 De
1396 3294 1559 3330 Concordia
1581 3298 1660 3329 inter
1680 3293 1847 3342 Magistros
1868 3297 1905 3333 ῤ’
1923 3294 2056 3327 Scolares
2075 3293 2306 3342 Οκαηὶεψεώ·
2317 3297 2398 3328 Fra-

1598 3354 1659 3377 tres
1680 3343 1887 3378 Praedicatores
1911 3341 2117 3389 reformanda.

1326 3430 1482 3494 PAPAE
1501 3431 1565 3462 Rex
1580 3430 1682 3462 devota
1697 3429 1804 3469 pedum
1817 3429 1911 3461 oscula
1925 3429 2083 3460 beatorum.
2414 3436 2491 3469 Am,-
2504 3434 2546 3468 D:

1412 3471 1495 3509 Illos,
1513 3479 1581 3509 quos
1597 3469 1752 3500 Altiffimus
1767 3470 1796 3498 in
1810 3469 1907 3499 Terris
1922 3468 2047 3506 supernae
2070 3467 2167 3506 gratiae
2189 3465 2340 3498 virtutibus
2353 3465 2399 3498 diss
2435 3475 2522 3517 1316.

1329 3518 1427 3549 gnatus
1442 3509 1483 3539 est
1499 3509 1692 3547 multipliciter
1707 3506 1856 3546 illustrare,
1875 3507 1999 3543 Regiam
2013 3507 2097 3537 decet
2118 3503 2338 3536 benivolentiam
2359 3514 2400 3537 at-
2414 3519 2468 3544 An,
2489 3525 2532 3543 10,

1328 3549 1424 3581 tollere
1438 3548 1597 3592 favoribus,
1613 3547 1647 3578 ὃς
1663 3545 1835 3584 Apostolicis
1850 3544 2050 3577 munificentiis
2066 3552 2213 3583 procurare
2228 3552 2280 3581 pro
2295 3545 2401 3576 viribus
2416 3558 2447 3582 E.
2465 3563 2491 3581 2,

1331 3596 1518 3619 communiri.

1366 3625 1559 3695 Degderantes
1572 3624 1682 3661 itaque,
1698 3621 1778 3654 Pater
1799 3622 1918 3664 Sanete,
1937 3621 2056 3654 Ordinis
2077 3618 2207 3651 Fratrum
2227 3618 2403 3653 Praedicato-
2416 3589 2531 3659 27³2?

1333 3675 1396 3695 ΥΠΠ]
1445 3673 1522 3694 xonu
2544 3668 2548 3674 ¹

1372 3702 1436 3733 Ubi
1452 3685 1612 3739 Relig'ionis
1625 3699 1757 3739 devotio,
1774 3700 1806 3731 &
1821 3700 1970 3732 honestatis
1981 3696 2125 3728 laudabilis
2137 3696 2228 3727 decor
2241 3698 2340 3736 viget,
2375 3709 2404 3729 er
2416 3673 2448 3746 ξ
2465 3677 2492 3697 ²¹
2511 3675 2548 3696 m·

1334 3751 1421 3780 quem
1437 3741 1524 3771 etiam
1539 3741 1634 3770 honor
1647 3738 1844 3770 Univerfitatis
1859 3736 2042 3774 Oxonienfis,
2060 3735 2093 3766 &
2108 3735 2208 3766 utilitas
2222 3736 2332 3766 ibidem
2393 3754 2406 3761 -

1335 3779 1481 3817 dentium,
1499 3788 1613 3809 necnon
1628 3778 1662 3809 &
1678 3788 1725 3816 per
1739 3786 1831 3808 toturn
1847 3777 1983 3814 Regnum
1997 3773 2128 3804 nostrum
2144 3773 2223 3804 Fides
2238 3770 2407 3813 Catholica,

1336 3828 1384 3856 per
1399 3818 1478 3848 verbi
1500 3817 1590 3847 divini
1606 3816 1856 3854 praedicationem,
1872 3812 2022 3845 benedieto
2044 3810 2205 3850 Altiffimo,
2222 3815 2408 3849 augmentan-

1336 3866 1396 3892 tur,
1413 3866 1553 3894 quemque
1569 3855 1710 3885 Ordinem
1727 3854 1923 3893 progenitores
1936 3851 2041 3888 nostri,
2059 3860 2116 3887 prae
2130 3851 2239 3880 caeteris
2254 3850 2410 3883 Ordinibus

1337 3896 1367 3925 in
1383 3893 1492 3931 Regno
1515 3894 1629 3931 nostro,
1647 3894 1790 3924 favoribus
1803 3892 1930 3931 propitiis
1943 3888 2084 3927 prosecuti
2105 3887 2232 3927 fuerunt,
2249 3889 2282 3920 &
2297 3899 2349 3920 nos
2369 3889 2411 3921 af·-

1337 3933 1459 3964 feetibus
1475 3932 1576 3971 Regiis
1590 3932 1745 3970 specialiter
1760 3931 1971 3969 conjunximus,

1378 3970 1434 4002 Per
1448 3971 1549 4002 vestrae
1564 3971 1721 4002 Sanetitatis
1736 3969 1939 4008 providentiam
1955 3965 2140 4003 tranquilitati
2156 3965 2415 4005 consuli&quieti;

1382 4009 1550 4041 Oesnentiae
1565 4009 1665 4042 vestrae
1686 4009 1797 4040 devotis
1817 4006 1948 4046 precibus
1967 4004 2173 4043 supplicamus,
2190 4006 2316 4044 quatinus
2335 4003 2415 4042 super

2337 4051 2406 4080 quae
