2562 4279
782 183 895 224 ET
979 184 1247 227 ACTA

71 262 148 296 Ann-
161 259 203 292 D·
219 269 340 301 chescun
360 270 408 301 des
426 277 514 300 autres
533 269 601 299 trois
624 277 678 299 100
693 268 794 308 Souz;
816 269 849 300 &
864 269 902 300 les
915 269 987 301 deux
1009 269 1091 301 Clers
1105 270 1227 301 chescun
1240 270 1276 300 de

99 308 183 341 1313.
218 318 289 348 eux,
305 318 343 346 50
356 308 433 339 Souz
447 318 498 347 pur
513 316 583 338 totes
595 307 698 338 choses.

69 342 138 369 Ην·
159 349 186 367 ²·
256 347 294 377 Et
306 349 332 378 le
345 346 519 377 Chaunceler
530 345 557 389 le
572 345 649 382 Roi,
668 346 717 382 qui
730 345 787 389 quil
804 346 872 385 soit,
889 356 940 384 pur
960 356 1014 377 ceo
1028 347 1086 385 quil
1107 347 1147 376 est
1162 347 1233 378 chef
1240 346 1277 377 de

216 386 244 417 la
255 385 381 424 Chapele
395 383 489 415 nostre
503 383 619 427 Seignur
633 384 659 414 le
677 383 738 414 R01
752 407 762 421 ,
786 383 849 414 face
862 385 984 416 chescun
999 385 1048 415 Ari
1067 395 1106 415 un
1121 394 1183 416 tour
1197 386 1278 415 illoe-

218 434 302 469 ques,
320 425 348 454 iii
362 425 437 490 puiti
452 431 615 490 ρῗῑρῗηὲις
628 421 669 491 {le
682 421 778 452 nostre
797 422 915 491 seigmg
929 422 1045 490 lile-gloi,
1064 433 1126 492 pigC
1138 433 1277 492 igeerhque

219 462 522 532 {213212‘31‘31'12303g
534 468 858 541 sE}X}?e‚⁶{<⁰fZL⁶e⁰i3²}}Jf}
865 483 902 529 ’de
912 472 1077 531 ἶὲἑῖἓὲῗ
1086 509 1135 529 TE
1145 472 1278 538 ‚eqfieai‘sss

219 540 281 570 ditz
293 524 436 569 Ministres
456 535 544 567 soient
563 537 652 567 serviz
665 537 702 567 de
719 537 781 568 lour
800 537 896 576 ioldz,
914 549 931 569 a
944 537 1017 568 deux
1032 547 1133 569 termes
1151 538 1196 569 del
1213 539 1279 577 An,

220 578 241 609 fi
254 585 370 608 comme
383 574 425 604 cst
437 583 520 605 avant
534 576 647 606 ordene.

256 615 309 653 Et,
327 614 346 644 fi
359 613 408 643 nul
422 612 469 642 des
480 615 620 644 avantditz
635 615 654 645 6
669 613 815 644 Ministres
831 613 882 644 soit
896 624 911 644 a
926 613 1005 645 Dieu
1019 615 1227 654 commaunde,
1241 625 1281 645 ou

221 653 307 720 oustes
313 661 369 720 pai·s
375 659 517 720 egrsteynes
530 652 698 690 enchesons,
716 662 772 691 que
787 653 814 683 le
833 652 1012 684 Chaunceler
1026 662 1114 684 mette
1136 664 1173 684 un
1189 663 1283 692 autre,

220 700 278 731 que
301 698 342 719 oit
364 700 380 719 u
425 698 500 720 aunt.

255 727 292 758 Et
303 728 355 758 soit
367 727 444 759 ceste
457 728 540 758 chose
554 729 695 760 enroullee
710 752 720 768 ,
744 730 777 761 ὃς
790 730 856 761 bien
869 730 971 770 garde,
987 739 1035 762 tan
1046 740 1102 771 que
1114 730 1209 762 nostre
1224 730 1285 761 Sei-

221 776 293 806 gnur
305 766 332 798 le
346 766 407 797 Roi
419 768 458 797 eit
471 775 548 797 autre
559 767 642 798 chose
656 768 790 799 ordenez.

265 892 371 925 Litera
386 889 470 936 miffiz
488 891 637 936 Comitiffk
652 894 753 935 fuxi,
771 893 863 939 fhper
880 892 1002 938 diversis
1021 894 1144 939 injuriis
1158 897 1184 927 ei
1202 905 1240 926 ex

570 950 659 986 parte
675 943 806 974 Francia:
825 942 930 976 illatis.

75 1031 154 1063 Ann.
165 1027 211 1059 D.
225 1023 353 1082 REX
370 1024 478 1056 Nobili
492 1025 635 1056 Dominae
671 1025 837 1067 Margaretae
856 1027 1016 1059 Comitiffae
1035 1028 1060 1059 F
1062 1029 1107 1059 uxi
1120 1052 1130 1067 ,
1155 1029 1190 1059 &
1203 1028 1290 1059 Vice-

102 1077 188 1109 1313‚
287 1063 435 1094 comitissae
447 1064 484 1095 de
496 1063 612 1103 Biarne,
628 1049 855 1106 Confinguineae
869 1067 1017 1098 kariffimae
1031 1068 1103 1105 suae,
1121 1067 1245 1098 salutem.

74 1112 129 1138 An.
142 1109 171 1133 6.
266 1098 455 1133 Intelleximus
466 1103 568 1135 litteras
581 1103 699 1142 vestras,
719 1114 785 1143 quas
805 1105 887 1136 nobis
900 1116 988 1144 nuper
1007 1106 1132 1144 misistis,
1147 1107 1220 1136 inter
1232 1115 1289 1136 cae-

75 1151 106 1175 13.
121 1156 147 1173 2.
228 1147 287 1171 tera
297 1142 476 1172 continentes
489 1142 567 1180 quod
578 1152 646 1181 vos,
662 1143 696 1174 &
710 1143 819 1174 Gentes
833 1143 948 1182 vestrae,
966 1154 1020 1181 pro
1039 1154 1075 1174 eo
1089 1144 1165 1182 quod
1181 1144 1290 1183 Johan-

76 1184 145 1221 Vasc.
166 1183 192 1210 6.
228 1180 257 1209 ni
273 1179 309 1210 de
323 1180 450 1218 Ferariis,
469 1191 560 1219 nuper
573 1181 728 1211 Senescallo
741 1182 838 1212 nostro
852 1181 1018 1221 Vasconiae,
1036 1183 1066 1212 in
1080 1183 1232 1223 aliquibus,
1247 1182 1290 1213 su-

77 1227 110 1251 E.
129 1232 155 1249 2.
224 1227 273 1259 per
287 1219 386 1256 quibus
400 1229 451 1250 vos
463 1229 496 1249 ex
510 1227 587 1257 parte
601 1218 694 1250 nostra
709 1220 1076 1259 requisivit,*intendistis‚
1095 1222 1128 1253 &
1144 1222 1228 1252 etiam
1243 1230 1292 1261 pa-

75 1271 112 1290 m.
132 1267 173 1294 ¹4·
227 1256 316 1288 ruistis
329 1280 339 1295 ,
365 1267 416 1297 per
435 1257 637 1296 Comiffarios,
654 1267 671 1288 a
690 1256 781 1289 Curis
796 1258 923 1289 Franciae
942 1258 1087 1299 deputatos
1105 1260 1140 1291 ad
1161 1261 1292 1298 prosecu-

78 1300 96 1315 *
116 1299 169 1326 111.
227 1297 338 1326 tionem
347 1295 487 1326 Amaneni
498 1295 535 1326 de
547 1297 572 1326 le
579 1295 693 1335 Brett0‚
709 1296 772 1326 estis
784 1296 938 1327 molestatae
952 1298 1146 1335 multipliciter
1160 1300 1195 1329 &
1209 1309 1293 1330 vexa-

79 1346 143 1374 370.
228 1343 282 1365 tae:
300 1334 378 1374 quod
393 1335 476 1365 nobis
495 1334 620 1375 displicet
639 1335 669 1365 in
689 1336 865 1374 inmensum,
882 1336 997 1366 scientes
1015 1346 1068 1376 pro
1088 1347 1169 1367 certo
1182 1360 1192 1375 ,
1215 1337 1293 1376 quod

228 1373 309 1411 super
322 1373 380 1404 hoc
394 1374 423 1402 in
435 1374 584 1412 omnibus,
601 1374 635 1404 &
650 1383 720 1404 cum
735 1375 818 1404 omni
833 1373 1028 1413 festinatione,
1045 1375 1101 1416 qua
1121 1377 1292 1415 poterimus,

227 1421 296 1444 cum
311 1411 371 1442 Dei
383 1412 503 1450 auxilio,
518 1421 680 1451 congruum
695 1412 851 1443 remedium
865 1423 1048 1452 apponemus.

271 1449 339 1480 Nos
357 1450 435 1482 enim
455 1450 612 1489 solempnes
628 1450 768 1485 Nuncios
792 1451 902 1482 nostros
928 1451 963 1482 ad
987 1452 1155 1483 Dominum
1177 1451 1293 1492 Regem

226 1487 371 1527 Franciae,
389 1489 423 1520 &
436 1489 470 1519 ad
485 1498 572 1527 partes
580 1489 745 1528 Vasconiae,
764 1499 818 1529 pro
831 1490 958 1521 remedio
972 1490 1049 1531 super
1063 1491 1142 1522 dicto
1157 1493 1274 1531 negotio
1283 1516 1293 1530 ,

226 1528 261 1558 &
276 1527 334 1557 aliis
354 1537 406 1558 nos
421 1528 600 1565 tangentibus
614 1551 624 1565 ,
647 1528 818 1566 apponendo
836 1529 980 1567 celeriter,
997 1530 1240 1570 transmittendos,
1258 1531 1292 1562 &

226 1566 258 1596 in
272 1565 384 1597 instanti
398 1565 588 1597 Parliamento
601 1565 700 1597 nostro
711 1567 881 1598 intendimus
894 1568 1030 1598 ordinare.

269 1603 361 1635 Vobis
376 1612 489 1643 autem,
506 1605 543 1636 de
562 1604 640 1636 bona
659 1605 804 1636 voluntate
823 1607 856 1636 &
873 1605 1025 1637 affefflone
1037 1630 1046 1644 ,
1072 1617 1138 1647 quas
1158 1617 1222 1648 erga
1243 1618 1295 1639 nos

228 1643 324 1682 geritis
344 1644 378 1674 &
393 1643 499 1674 habetis
511 1666 521 1682 ‚
539 1643 574 1675 &
595 1643 632 1674 de
652 1653 688 1674 eo
709 1643 788 1682 quod
808 1654 860 1675 vos
878 1645 985 1684 semper
1006 1646 1035 1675 in
1057 1646 1170 1685 agendis
1195 1646 1296 1678 nostris

229 1689 354 1719 paratam
375 1682 551 1720 exhibuistis,
566 1682 600 1713 &
620 1691 690 1713 cum
705 1682 848 1722 diligentia
871 1683 1022 1723 exhibetis,
1041 1693 1132 1722 grates
1151 1695 1185 1716 ex
1207 1686 1296 1718 corde

229 1719 372 1751 referimus
386 1720 523 1761 speciales.

266 1795 337 1829 Dat.
349 1796 425 1838 apud
437 1796 576 1838 Wyndes.
589 1798 683 1836 primo
695 1798 741 1829 die
751 1797 886 1838 Januarii.

359 1873 530 1907 Consimiles
543 1875 644 1908 litterae
658 1875 814 1917 subscriptis
826 1876 1001 1916 diriguntur3
1019 1876 1167 1917 videlicet,

270 1952 393 1991 Majori,
411 1951 543 1993 JuraHs,
561 1952 600 1988 ό
612 1957 809 1985 Communitati
823 1957 956 1994 Baionae,

268 1992 392 2031 quori,
409 1992 544 2032 Juratis,
559 1990 598 2028 ὠ
614 1996 809 2023 communitati
822 1997 957 2024 civitatis
974 1995 1088 2034 Aquen.

232 2066 315 2122 RE
324 2067 356 2098 X
370 2069 476 2100 (111εὲὶο
491 2069 525 2100 &
537 2069 611 2100 fideli
624 2069 673 2100 suo
685 2069 790 2101 Ottoni
802 2070 838 2101 de
853 2070 964 2109 Lados,
978 2071 1102 2102 salutem.

328 2106 372 2137 Ex
386 2108 471 2138 relatu
488 2108 613 2148 plurium
628 2109 663 2140 ad
680 2108 808 2140 nostram
828 2111 959 2140 notitiam
974 2110 1031 2147 jam
1053 2110 1199 2148 pervenit,
1225 2107 1303 2147 quod

236 2152 305 2181 voe,
318 2154 371 2183 pro
384 2156 420 2176 eo
435 2147 512 2185 quod
523 2147 649 2185 Johanni
662 2147 699 2178 de
720 2147 836 2178 Ferariis
850 2170 861 2186 ,
886 2146 947 2182 (ἶφι.
968 2154 1001 2176 ut
1015 2146 1101 2187 fiepra
1120 2148 1153 2178 de
1166 2146 1251 2178 verbo
1266 2146 1307 2177 ad

237 2182 369 2221 verbum,
387 2188 501 2213 mutatis
515 2185 662 2214 mutandis.

270 2256 343 2288 Dat.
359 2265 391 2288 ut
402 2258 489 2299 supra.

409 2333 522 2366 Eodem
536 2334 627 2366 modo
641 2335 771 2368 scribitur
786 2335 961 2376 subscriptis,
975 2337 1124 2377 videlicet,

84 2431 99 2457 Α
274 2409 428 2441 Guillielmo
441 2411 570 2442 Arnaldi
583 2413 615 2442 de
631 2411 740 2454 Fefias,

273 2449 406 2480 Arnaldo
420 2450 453 2479 de
467 2450 560 2491 Castro
574 2453 668 2484 Novo.

369 2582 420 2614 De
430 2580 538 2626 forma
557 2580 740 2628 Juramenti
757 2584 790 2614 in
810 2580 956 2627 Vafiom'a
975 2579 1172 2628 obftrvanda.

90 2676 170 2709 'Ann-
182 2673 226 2707 D„
240 2664 386 2725 REX,
404 2666 512 2711 (111εᾶ0
531 2667 565 2698 &
585 2665 660 2698 fideli
679 2666 747 2706 suo,
765 2666 910 2705 Stephano
930 2666 1034 2698 Ferioli
1047 2690 1058 2707 ,
1080 2667 1238 2699 Senescallo
1256 2668 1306 2699 suo

114 2723 199 2781 13163.
279 2705 667 2783 lllyassiilgtri’iffi'vgalliilstengiuod
682 2754 696 2775 a
802 2743 918 2782 Maiore
947 2743 1047 2782 Juratis
1081 2745 1116 2777 &
1131 2745 1309 2776 Communi-

93 2757 147 2783 An.
184 2774 192 2782 ”
241 2790 300 2815 tate
313 2782 443 2814 Civitatis
454 2767 565 2814 nostr-ae²
571 2783 761 2827 Burdegaliae,
776 2767 974 2822 Juramenti’im
990 2768 1127 2823 recipiatis
1137 2785 1186 2815 sub
1199 2784 1310 2823 forma,

244 2832 298 2861 qua
316 2822 366 2860 ipsi
383 2821 506 2860 Johanni
527 2822 564 2852 de
588 2822 702 2852 Ferariis
714 2846 724 2860 ,
749 2831 838 2859 nuper
853 2821 1011 2853 Senescallo
1030 2822 1129 2853 nostro
1144 2823 1310 2862 Vasconiae,

243 2861 376 2899 proximo
390 2860 590 2891 Praedeceffori
604 2859 701 2890 vestro
715 2883 725 2898 ,
744 2859 944 2898 Juramentum
958 2860 1162 2901 praestiterunt,
1177 2862 1311 2900 praestan-

244 2898 284 2928 do
302 2899 426 2930 similiter
446 2900 484 2930 eis
497 2899 699 2938 Juramentum
718 2898 768 2942 sub
787 2898 886 2930 eadem
907 2899 1001 2931 forma
1014 2923 1023 2939 ,
1040 2900 1090 2930 sub
1112 2910 1167 2939 qua
1188 2901 1311 2933 eundem

241 2936 403 2975 Johannem
414 2937 611 2975 Juramentum
624 2937 690 2968 illud
696 2936 809 2968 ·e1sdem
822 2939 954 2969 noveritis
967 2938 1131 2976 praestitisse.

283 2975 438 3005 Scribimus
457 2983 552 3007 autem
657 2975 786 3014 Maiori,
807 2975 910 3014 juratis
923 3000 933 3015 ,
954 2978 988 3008 &
1007 2976 1218 3009 Communitati
1237 2990 1312 3018 prae-

242 3014 342 3051 dietis,
360 3013 440 3050 quod
462 3013 554 3044 forma
573 3015 708 3052 praedieta
722 3038 732 3053 ,
757 3015 852 3053 quoad
872 3015 1070 3054 juramentum
1087 3016 1211 3057 ipsorum
1230 3019 1312 3050 vobis

266 3050 435 3082 raestandum
445 3073 454 3088 ,
469 3052 502 3082 ad
518 3053 649 3091 praesens,
667 3054 698 3082 in
709 3053 760 3083 suis
776 3053 910 3096 Articulis
929 3054 1110 3094 observetur3
1128 3056 1162 3087 &
1175 3057 1254 3096 quod
1269 3058 1312 3089 so-

243 3062 369 3131 fempnes
382 3089 510 3134 personas
525 3091 559 3121 ad
573 3099 663 3129 partes
674 3090 825 3135 Vaseoniae
840 3092 870 3122 in
890 3093 990 3132 brevi,
1010 3094 1187 3126 concedente
1202 3095 1312 3127 Domi-

245 3138 308 3168 no,
333 3128 566 3173 transmittemus:
589 3139 679 3174 quae,
698 3128 798 3174 'habita
818 3130 1019 3162 informatione
1038 3132 1162 3172 legitima
1180 3133 1216 3164 de
1232 3135 1313 3166 fac‘tis

247 3165 573 3238 gssdffigri'istorisggfcga
599 3167 706 3238 reggliCti
719 3191 730 3207 ,
755 3167 834 3207 quod
854 3168 1086 3210 reformandum,
1103 3171 1149 3203 seu
1169 3175 1314 3214 corrigen-

421 3229 431 3244 ,
596 3218 613 3238 u
648 3230 655 3237 .

95 2796 127 2819 E.
144 2801 170 2822 2.

94 2831 228 2866 Vastan-6.

95 2871 127 2895 ΣΕ.
146 2876 171 2894 2.

96 2914 135 2934 m.
154 2913 198 2942 ¹4·

286 3279 356 3312 Dat.
369 3281 506 3322 Wyndes.
522 3283 616 3324 primo
629 3283 676 3315 die
686 3283 819 3323 Januarii.

249 3404 302 3438 De
329 3403 451 3448 injuriis
480 3404 606 3440 Civibus
635 3407 823 3491 Aquenffbus
847 3420 904 3457 per
938 3412 1155 3459 Commiffiirios
1184 3417 1316 3449 Franciae

731 3470 740 3490 ι
766 3468 837 3492 atis.

107 3532 184 3565 Arm.
200 3531 243 3564 D.

127 3580 213 3613 1313·
327 3537 417 3570 UIA
435 3538 500 3569 Rex
520 3539 677 3581 intellexit,
703 3543 783 3582 quod
804 3544 892 3577 Cives
906 3544 995 3585 Regis
1013 3546 1144 3579 Civitatis
1162 3548 1317 3590 Aquensis,

329 3587 379 3623 per
391 3577 606 3623 Commiffarios
623 3580 748 3614 Domini
762 3582 850 3623 Regis
868 3583 997 3616 Franci-ae
1012 3609 1023 3625 ‚
1045 3586 1148 3626 injuste
1168 3597 1316 3628 gravantur

107 3614 162 3640 An.
172 3613 200 3640 ⁶·
256 3615 447 3655 multipliciter
460 3617 493 3647 &
507 3626 657 3658 vexantur3

107 3652 139 3678 E·
158 3659 185 3676 2·
278 3653 465 3700 ¹Mandatum
479 3655 520 3700 est
533 3655 654 3700 eisdem,
671 3659 750 3698 quod
763 3660 835 3699 ipsos
849 3661 937 3694 Cives
956 3662 993 3694 ab
1006 3662 1167 3701 hujusmodi
1190 3669 1315 3699 vexatio-

108 3688 176 3725 Vafie.
193 3688 222 3715 6.
255 3693 338 3724 nibus
349 3694 383 3738 {35
414 3695 618 3739 rav-arnimbus,
634 3705 717 3734 prout
731 3700 801 3730 ratio
813 3701 979 3740 dietaverit,
996 3702 1030 3733 &
1044 3711 1094 3741 per
1113 3704 1317 3739 avisamentum

110 3728 147 3793 fn·-
160 3735 215 3800 ²14·
257 3730 378 3763 Consilii
389 3702 478 3773 {egis
490 3733 638 3765 Vaseoniae
649 3734 810 3771 faciendum
823 3739 982 3780 videbitur,
997 3740 1156 3775 defendant.

294 3808 362 3843 Dat.
374 3810 514 3853 Wyndes.
525 3812 620 3854 primo
631 3812 678 3845 die
687 3812 818 3853 Januarii.

837 3895 882 3926 Et
895 3900 978 3928 eram
990 3896 1130 3928 Parentes.

1332 183 1365 224 P
1405 185 1449 226 U
1486 159 1529 227 B·
1556 188 1589 228 L
1626 189 1646 230 1
1683 190 1722 231 C
1759 188 1808 231 A.
2329 211 2377 251 23

2398 277 2533 313 Ann.D;

2422 327 2507 358 1313.

2401 358 2468 386 Ἐάν.
2490 368 2515 388 2.

1540 356 1600 390 Ad
1612 361 1728 406 Papam
1741 371 1797 407 pro
1815 359 1961 408 Johanne
1977 361 2013 395 de
2028 362 2171 397 Sandale.

1324 438 1487 500 PAPAE
1507 440 1572 472 Rex
1585 443 1688 474 devota
1704 445 1812 482 pedum
1826 447 1919 479 oscula
1931 447 2088 480 beatorum.
2402 452 2473 476 Rom.
2484 449 2518 482 (7⁶

1410 479 1532 518 Nuper,
1551 480 1635 525 Pate-r
1649 482 1751 514 Sancte
1764 507 1774 522 ‚
1800 495 1851 524 pro
1864 487 1969 518 dileeto
1987 487 2103 519 Clerico
2123 486 2223 518 nostro
2253 486 2386 526 Johanne
2400 490 2440 514 Fr.
2456 489 2484 515 6.

1324 515 1361 559 de
1376 516 1507 562 Sandale,
1526 528 1557 549 ut
1569 522 1735 564 petitionem
1750 523 1831 561 ipsius
1845 525 1877 555 ad
1893 526 2074 557 exauditionis
2087 526 2202 566 gratiam
2218 511 2388 565 dignaremi-
2407 529 2426 551 E
2432 549 2436 553 ,
2455 535 2480 553 2·

1326 564 1358 583 ni
1371 555 1534 600 admittere,
1552 568 1601 595 per
1616 559 1714 591 litteras
1730 560 1837 592 nostras
1850 563 1950 595 vestrae
1965 564 2137 596 Clementiae
2151 563 2294 595 humiliter
2308 565 2391 595 duxi·
2408 573 2444 590 m·
2462 564 2504 591 ¹8-

1328 602 1390 623 mus
1405 595 1631 639 supplicandum:
2407 602 2460 629 dor.

1366 632 1417 671 Et,
1439 644 1503 671 quia
1515 634 1626 665 felicem
1641 636 1721 673 ipsius
1740 638 1879 675 petitionis
1899 641 2108 678 expeditionem
2122 651 2157 672 ex
2177 641 2272 672 cordis
2286 642 2390 672 intimo

1329 671 1510 710 affefflmus,
1526 672 1545 691 *Ε
1559 673 1660 703 vestrae
1672 674 1818 706 Sanctitati
1839 677 1940 708 iteratis
1952 680 2080 718 precibus
2099 680 2276 711 devotissime
2290 678 2393 720 suppli·
2412 679 2426 694 '¹‘
2438 677 2492 705 111—

1329 720 1425 741 carnus
1440 733 1450 749 ,
1474 711 1601 750 quatinus
1622 712 1766 750 praefatam
1784 715 1968 753 petitionem,
1991 719 2064 754 juxta
2086 718 2219 758 speratam
2240 718 2392 757 fiduciam,
2413 726 2477 754 3710

1330 759 1416 787 quarn
1432 749 1469 779 de
1481 748 1580 780 vestrae
1588 750 1722 782 Bonitatis
1735 752 1880 783 affluentia
1891 762 2080 794 reportamus,
2097 757 2227 797 dignetur
2241 756 2331 789 vestra
2338 756 2394 788 Pa-

1330 789 1444 819 ternitas
1458 789 1609 820 reverenda
1624 788 1742 820 feliciter
1753 791 1887 822 exaudire.

1369 826 1468 856 Nobis
1481 830 1550 857 vero
1563 835 1674 866 gratum
1688 830 1738 859 erit
1752 831 1786 861 &
1807 838 1975 868 acceptum,
1996 830 2015 860 si
2029 831 2174 864 desiderata
2193 835 2274 872 ipsius
2288 834 2396 874 negotii

1331 865 1473 904 expeditio
1494 865 1575 896 nobis
1591 890 1601 905 ,
1624 876 1673 904 per
1692 867 1827 898 diletffmm
1848 870 1881 899 &
1902 867 2013 899 fidelem
2035 870 2162 901 nostrum
2179 873 2341 911 johannem
2360 872 2397 903 de

1332 904 1549 942 Croumbwell,
1566 906 1600 936 &
1617 906 1754 936 dilestum
1774 906 1921 938 Clericum
1942 907 2072 938 nostrum
2088 909 2246 941 Walterum
2262 912 2298 942 de
2313 910 2398 950 May-

1332 942 1446 973 denstan
1456 966 1465 980 ‚
1483 943 1528 973 vel
1538 953 1640 974 eorum
1658 944 1794 984 alterum,
1809 945 1907 976 latores
1920 945 2099 982 praesentium
2122 948 2201 986 (quos
2214 959 2266 988 pro
2281 949 2399 987 quibus-

1333 981 1398 1012 dam
1412 982 1530 1019 negotiis
1543 1005 1554 1020 ,
1579 992 1631 1013 nos
1651 984 1826 1023 tangentibus
1839 1007 1849 1023 ,
1873 984 1908 1014 ad
1927 983 2027 1013 vestrae
2049 984 2207 1016 Saneticatis
2222 988 2397 1023 praesentiam

1332 1020 1550 1058 transmittimus)
1566 1020 1654 1053 valeat
1667 1022 1812 1062 nunciati,
1832 1023 1910 1062 quod
1922 1021 1983 1053 fieri
1996 1023 2169 1061 quaesumus,
2188 1023 2268 1056 Pater
2281 1026 2394 1057 SanCoe.

1374 1095 1550 1137 Conservet,
1568 1098 1628 1130 &c.

1375 1173 1443 1205 Dat.
1457 1174 1532 1213 apud
1544 1175 1686 1214 Wyndes.
1702 1177 1823 1215 septimo
1836 1176 1883 1208 die
1893 1175 2027 1215 Januarii.

1340 1303 1388 1335 De
1405 1301 1542 1334 traam
1564 1305 1642 1335 inter
1663 1304 1774 1350 Regem
1793 1306 1831 1342 (ᾖν
1849 1306 2072 1336 Contrariantes
2084 1329 2095 1345 ,
2118 1305 2155 1340 ὠ·
2173 1298 2208 1336 de
2227 1301 2406 1346 restitutione

1727 1349 1767 1384 ab
1786 1351 1845 1396 {slis
1855 1350 2016 1398 facienda.

1339 1434 1466 1493 REX
1483 1437 1633 1476 omnibus,
1651 1436 1686 1468 ad
1701 1447 1787 1478 quos,
1805 1438 1867 1469 &c.
1883 1437 2006 1469 salutem.
2424 1448 2501 1480 Ann·
2516 1447 2559 1482 D·

1433 1475 1531 1506 Sciatis
1545 1476 1641 1515 quod,
1660 1476 1729 1507 curn
1744 1478 1774 1507 in
1797 1477 1933 1516 tradtatu,
1950 1485 2040 1514 nuper
2053 1475 2129 1519 apud
2145 1473 2290 1514 London,
2306 1485 2401 1519 coram
2446 1497 2530 1528 13¹3·

1339 1513 1506 1551 quibusdam
1522 1514 1662 1554 Praelatis,
1681 1514 1845 1546 Comitibus
1861 1538 1870 1554 ,
1896 1516 1930 1546 &
1946 1515 2002 1545 aliis
2022 1513 2199 1552 Nobilibus,
2215 1514 2243 1544 su
2281 1524 2293 1544 r
2310 1515 2405 1553 aliqui·
2426 1531 2478 1554 An.
2498 1530 2526 1554 5,

1340 1553 1391 1583 bus
1402 1552 1631 1592 dissensionibus,
1649 1555 1722 1584 inter
1735 1564 1804 1593 nos,
1822 1554 1855 1585 ὃ(
1871 1553 2006 1593 quosdam
2020 1552 2169 1593 Magnates
2182 1554 2220 1583 de
2265 1561 2339 1592 egno
2352 1564 2404 1584 no·
2425 1570 2454 1593 E.
2475 1575 2502 1592 2,

1342 1590 1401 1622 stro
1417 1592 1536 1630 exortis,
1552 1592 1750 1630 pacificandis,
1766 1592 1881 1631 habito,
1899 1594 1973 1623 inter
1993 1601 2094 1623 caetera
2114 1592 2314 1630 contineatur,
2350 1592 2406 1622 uod
2427 1609 2486 1632 pm,
2501 1605 2529 1631 6.

1341 1630 1429 1661 iidem
1443 1630 1592 1669 Magnates
1606 1631 1743 1675 quicquid
1757 1641 1806 1670 per
1825 1631 1916 1670 ipsos,
1938 1631 2012 1669 apud
2031 1630 2159 1661 Novum
2180 1628 2314 1660 Castrum
2344 1641 2409 1670 uper
2431 1648 2460 1671 E.
2482 1652 2508 1670 2,

1342 1668 1477 1708 Tynam,
1496 1669 1541 1700 vel
1554 1669 1637 1708 alibi,
1654 1670 1803 1701 occasione
1823 1669 1899 1700 Petri
1912 1669 1948 1700 de
1962 1669 2130 1700 Gavastoun
2143 1677 2259 1707 captum
2274 1676 2332 1700 erat
2346 1693 2355 1708 ,
2378 1670 2412 1700 de
2432 1688 2562 1719 p.1.m.5.

1343 1717 1517 1747 quocunque
1531 1708 1628 1747 fuerit,
1646 1708 1794 1747 videlicet,
1812 1710 1911 1739 omnia
1921 1709 2041 1747 jocalia,
2061 1708 2094 1739 δε
2107 1717 2206 1738 omnes
2225 1718 2315 1746 equos
2328 1732 2338 1746 ,
2383 1709 2411 1739 ui

1343 1746 1435 1777 adhuc
1451 1746 1609 1786 superstites
1624 1747 1700 1786 sunt,
1720 1749 1753 1779 ὃς
1769 1757 1868 1778 omnes
1887 1757 1929 1777 res
1950 1748 2012 1778 alias
2047 1756 2225 1785 quaecunque
2246 1747 2315 1786 sint,
2331 1757 2370 1777 no
2393 1749 2413 1777 is

1345 1785 1476 1854 ‘edd}nt'
1494 1786 1568 1823 apud
1581 1786 1720 1818 Sanstum
1736 1786 1880 1817 Albanum
1891 1809 1901 1824 ,
1918 1787 1950 1816 in
1970 1769 2054 1817 Festo
2075 1784 2173 1816 Saneti
2194 1784 2303 1816 Hillarii
2320 1786 2414 1826 proxi·

1345 1826 1399 1855 mo
1427 1832 1524 1855 uturo:

1382 1862 1419 1893 Et
1431 1886 1440 1901 ,
1460 1863 1479 1893 si
1500 1863 1575 1894 forte
1594 1863 1678 1902 aliqui
1694 1862 1730 1894 de
1748 1864 1825 1903 equis
1844 1863 1985 1904 praedietis
2004 1863 2111 1894 mortui
2126 1862 2228 1893 fuerint
2243 1885 2253 1901 ,
2278 1870 2347 1893 tunc
2365 1862 2416 1902 ipsi

1347 1900 1496 1940 Magnates
1509 1903 1628 1942 pretium
1643 1903 1677 1934 &
1697 1902 1822 1933 valorem
1839 1912 1980 1940 equorum
2002 1902 2117 1932 illorum
2141 1910 2321 1945 mortuorum
2335 1924 2345 1940 ,
2368 1902 2418 1940 qui

1346 1941 1467 1970 inveniri
1480 1951 1540 1970 non
1554 1949 1702 1978 poterunt,
1721 1941 1766 1971 die
1780 1942 1814 1972 ὃς
1826 1940 1894 1971 10εο
1908 1940 2066 1980 praedietis,
2084 1940 2167 1970 nobis
2180 1939 2301 1970 solvent·

1385 1978 1471 2018 Nos,
1490 1979 1525 2009 de
1537 1979 1668 2010 fidelitate
1681 1981 1714 2011 ὃς
1729 1979 1866 2010 industrii
1881 1979 2052 2010 dilectorum
2062 2002 2071 2017 ,
2083 1978 2220 2018 Johannis
2234 1978 2270 2009 de
2284 1963 2419 2021 §andaley

1348 2018 1466 2048 tenentis
1481 2017 1578 2048 locum
1591 2018 1765 2049 Thesaurarii
1780 2017 1887 2057 nostri,
1904 2019 1937 2049 &
1948 2017 2085 2059 Ingelardi
2098 2018 2135 2048 de
2148 2016 2265 2056 Warle,
2283 2015 2421 2060 Custodis

1349 2056 1526 2086 Garderobae
1540 2056 1660 2094 nostrae,
1679 2056 1871 2094 confidentes,
1888 2056 2082 2095 assignavimus
2103 2055 2165 2085 illos
2184 2055 2218 2086 ad
2232 2054 2367 2093 praedicta
2379 2064 2422 2092 10<

1349 2094 1437 2132 cali-a,
1456 2104 1560 2132 equos,
1579 2095 1612 2125 δε
1626 2104 1667 2124 res
1681 2095 1744 2125 alias
1757 2094 1953 2133 quascunque,
1973 2103 2088 2124 necnon
2104 2095 2224 2132 pretium
2239 2094 2272 2124 &
2292 2094 2421 2124 valorem

1348 2142 1487 2170 equorum
1501 2141 1699 2171 mortuorum,
1717 2133 1767 2171 qui
1787 2133 1908 2164 inveniri
1928 2142 1989 2163 non
2008 2140 2143 2172 poterunt
2155 2155 2165 2171 ,
2186 2131 2286 2162 nostro
2299 2133 2418 2162 nomine

1350 2170 1542 2210 recipiendum
1557 2180 1563 2200 :
1591 2172 1625 2202 &
1638 2171 1673 2202 ad
1693 2171 1799 2202 debitas
1816 2172 1849 2202 ὃ(
1866 2171 2034 2201 sufficientes
2053 2171 2248 2210 acquietantias
2265 2169 2349 2209 inde,
2366 2179 2421 2200 no-

1350 2208 1408 2279 str<12
1421 2210 1543 2252 nomine
1550 2232 1584 2280 ,ἃ
1578 2209 1758 2249 faciendum,
1776 2219 1842 2248 quas
1855 2218 1924 2241 ratas
1938 2209 2104 2240 habebimus
2118 2210 2152 2241 &
2167 2217 2303 2248 acceptas.

1404 2258 1424 2278 n
1437 2257 1533 2287 cujus,
1587 2257 1613 2279 c.

1387 2323 1480 2356 Teste
1494 2323 1577 2363 Rege
1587 2323 1661 2362 apud
1675 2324 1896 2365 Wyndesoriam
1904 2346 1914 2364 ,
1931 2322 2052 2364 septimo
2063 2323 2110 2355 die
2120 2322 2255 2362 Januarii.

1846 2403 1901 2432 Per
1915 2403 2008 2431 Breve
2020 2400 2053 2431 de
2062 2403 2180 2441 privato
2194 2397 2293 2438 Sigillo.

1354 2477 1449 2541 ET
1466 2477 1630 2509 mandatum
1647 2477 1688 2509 est
1707 2477 1829 2517 praefatis
1842 2501 1854 2518 ,
1873 2477 2001 2518 Johanni
2019 2478 2053 2509 &
2071 2476 2085 2508 I
2126 2477 2220 2508 elardo
2234 2500 2245 2517 ,
2270 2475 2348 2521 quod
2390 2474 2425 2507 ad

1420 2517 1572 2556 praedietos
1583 2517 1660 2547 diem
1680 2518 1714 2549 &
1727 2518 1826 2548 locum
1841 2517 2020 2555 personaliter
2035 2526 2086 2548 acc
2123 2524 2216 2555 entes,
2234 2498 2372 2554 praemiss}
2385 2515 2426 2546 fa-

1354 2555 1429 2586 ciant
1443 2556 1477 2586 &
1493 2555 1621 2595 expleant
1635 2557 1664 2586 in
1676 2556 1768 2587 forma
1783 2556 1926 2595 praedicta.

1393 2593 1427 2624 In
1442 2596 1535 2633 cujus,
1549 2594 1610 2625 &c.

1391 2632 1481 2665 Teste
1494 2631 1625 2673 utsupra.

1836 2673 1891 2703 Per
1896 2674 1990 2702 Breve
2004 2670 2036 2702 de
2044 2672 2160 2710 privato
2170 2667 2270 2710 sigillo.

1379 2796 1439 2832 Ad
1453 2798 1652 2845 Smeftallum
1671 2798 1835 2845 V'asboniae,
1857 2808 1914 2846 pro
1930 2800 2120 2845 Margarcta
2139 2795 2289 2843 Comittffii
2307 2797 2404 2829 Fuxi.

1357 2883 1482 2943 REX
1501 2884 1658 2916 Senescallo
1672 2884 1722 2915 suo
1735 2883 1902 2922 Vasconiae‚
1920 2885 1971 2925 qui
1984 2893 2061 2915 nunc
2081 2882 2123 2914 est
2137 2906 2148 2922 ,
2171 2882 2206 2914 &
2225 2882 2274 2923 qui
2286 2891 2341 2922 pro
2353 2889 2426 2914 tem·
2445 2887 2562 2921 Am,13

1419 2933 1489 2963 pore
1503 2924 1601 2961 fuerit,
1617 2923 1663 2954 vel
1675 2933 1776 2955 eorum
1792 2923 1875 2954 Loca
1886 2922 2064 2961 tenentibus,
2078 2922 2202 2952 salutem.
2463 2935 2548 2968 1313,

1395 2962 1474 3001 Qiia
1488 2962 1674 2993 intelleximus
1688 2962 1784 3001 quod,
1801 2962 1904 2993 diledlm
1918 2963 2019 3001 nobis,
2037 2957 2426 3005 MargaretaUComitisiaFu-
2445 2969 2499 2994 An.
2516 2968 2544 2995 6,

1358 3001 1403 3040 xi,
1421 3002 1454 3032 ὃς
1468 3000 1734 3048 vicecomitissade
1748 3000 1848 3032 Bierne
1859 3024 1869 3040 ,
1912 3010 1940 3046 er
1949 3018 1998 3070 Γ
2015 2999 2372 3070 ngrffanosDomim
2385 3014 2427 3021 —
2445 3010 2476 3035 E.
2490 3015 2517 3034 2,
2557 3047 2559 3051 ¹

1357 3038 2251 3123 Rexiissbis‘ffiffialssffistffugffffssssssfffi'mssp“stereomit'iffiffis
2268 3074 2427 3119 hujusmodi
2446 3043 2559 3110 {istst

1359 3117 1550 3149 vexationibus
1571 3119 1605 3150 ὃς
1633 3118 1864 3158 gravaminibus,
1884 3117 2039 3162 secundum
2059 3117 2136 3160 foros
2158 3116 2192 3146 &
2214 3113 2427 3159 consuetudines
2447 3131 2483 3150 m,
2505 3122 2550 3159 ¹33

1358 3158 1481 3198 partium
1496 3156 1711 3195 praedictarum,
1729 3157 1763 3188 &
1783 3165 1868 3194 prout
1884 3164 1955 3187 ratio
1974 3155 2140 3198 diecaverit,
2158 3163 2192 3198 ac
2204 3163 2253 3192 per
2275 3151 2427 3197 avisamen-

1359 3205 1422 3229 tum
1436 3194 1556 3226 Consilii
1568 3194 1812 3227 nostrivasconiae
1825 3195 1987 3227 faciendum
2001 3193 2064 3225 fore
2077 3192 2234 3232 videbitur,
2250 3190 2413 3224 defendatis.

1396 3272 1466 3305 Dat.
1478 3272 1552 3314 apud
1566 3271 1704 3314 Wyndes.
1716 3272 1824 3305 oetavo
1833 3272 1879 3304 die
1889 3271 2023 3312 Januarii.

2050 3349 2104 3378 Per
2119 3345 2267 3388 Consilium.

1676 3473 1736 3508 Ad
1752 3477 1869 3521 Papam
1886 3473 1923 3508 de
1944 3471 2110 3507 Credentia.

1361 3558 1525 3624 PAPAE
1544 3559 1610 3590 Rex
1623 3559 1725 3591 devota
1740 3559 1845 3599 pedum
1859 3558 1953 3590 oscula
1967 3557 2126 3600 beatorumj
2183 3593 2188 3600 ι
2250 3594 2256 3600 Ι
2442 3564 2562 3598 Ann,1]

1450 3599 1593 3637 Qaedam
1606 3600 1737 3638 negotia,
1754 3608 1806 3629 nos
1820 3597 1968 3638 specialiter
1988 3603 2127 3639 tangentia
2161 3592 2270 3638 dileetis
2286 3593 2421 3627 &fideli-
2460 3614 2547 3646 ¹313·

1363 3638 1415 3668 bus
1429 3638 1548 3676 nostris,
1562 3636 1687 3676 Johanni
1702 3637 1738 3668 de
1750 3634 1927 3668 Crombwell
1947 3631 2036 3664 Militi
2050 3656 2060 3672 ,
2082 3634 2117 3665 &
2131 3616 2276 3678 Magistro
2290 3632 2421 3666 Waltero
2442 3647 2470 3671 A
2510 3647 2528 3672 ⁶

1361 3676 1399 3707 de
1419 3675 1602 3745 (livlaidenstan
1621 3673 1739 3706 Clerico
1753 3697 1764 3712 ,
1793 3675 1814 3695 ¹*
1832 3672 1932 3706 vestrae
1953 3670 2126 3704 Clementiae
2149 3681 2320 3710 iniunximus
2336 3682 2424 3715 expo-
2442 3686 2473 3710 E.
2493 3691 2519 3711 2,

1361 3725 1419 3746 nen
1439 3725 1469 3746 a:
2441 3725 2511 3749 Rom.

1397 3753 1542 3784 Sanetitati
1555 3751 1655 3784 vestrae
1668 3751 1809 3782 humiliter
1820 3749 2020 3790 supplicantes,
2035 3748 2311 3794 qiiatinuspiaesatis,
2329 3747 2419 3782 Militi
2441 3764 2482 3787 fr.
2499 3718 2562 3787 άά

1361 3790 1534 3830 &Clerico,
1552 3791 1596 3822 vel
1609 3791 1701 3828 alteri,
1719 3790 1749 3819 in
1761 3789 1830 3827 hiis,
1846 3798 1912 3834 quae
1922 3788 2022 3820 vestrae
2035 3789 2199 3821 beatitudini
2231 3797 2266 3820 ex
2278 3797 2354 3827 parte
2366 3799 2420 3820 no-
2441 3802 2472 3825 E.
2494 3808 2522 3827 2,

1362 3829 1434 3868 stra,
1452 3829 1647 3868 exposuerint,
1660 3828 1706 3860 vel
1719 3827 1890 3868 exposuerit,
1904 3827 1971 3861 viva
1983 3837 2077 3870 voce,
2092 3827 2181 3861 fidem
2190 3811 2348 3869 dignemini
2361 3838 2423 3860 cre-
2440 3845 2475 3863 m.
2495 3835 2541 3862 182·

1361 3868 1455 3899 dulam
1471 3868 1612 3898 adhibere.
2439 3872 2460 3892 ²*
2482 3874 2537 3902 111.

1398 3905 1574 3944 Conservet,
1590 3905 1652 3936 &C-
2440 3920 2505 3947 37²·

1400 3982 1469 4016 Dat.
1481 3982 1557 4023 apud
1569 3979 1708 4024 Wyndess
1721 3981 1829 4020 oecavo
1842 3980 1889 4018 die
1896 3980 2029 4023 Januarii,

2493 3664 2499 3671 2
2532 3665 2539 3672 ι

2380 4127 2425 4162 ,De
