2562 4279
269 82 324 123 40

118 154 196 186 Ann.
214 153 253 184 D.

140 197 224 232 1322.

120 234 186 260 zdv.
206 241 232 260 ²·
289 242 348 276 Ad
372 246 504 288 Papam,
523 241 615 287 shper
631 238 797 275 Rebellione
815 245 938 275 Comitis
956 241 1152 288 Lancastriae,
1177 245 1214 280 ὠ
1233 246 1309 277 Suc-

682 287 797 332 ceffibus
814 293 910 338 Regis.

114 380 169 410 An,
190 390 232 415 ¹5-
269 373 317 435 P
328 374 351 405 A
361 373 385 404 P
395 373 437 404 AE
454 373 519 405 Rex
534 375 636 405 devota
649 374 755 413 pedum
769 376 863 408 oscula
878 377 1034 408 beatorum.

117 424 149 448 Ε.
165 425 191 446 2.
371 412 480 443 Placuit
497 413 645 444 Sanffltati
666 413 767 445 vestrae
781 424 829 452 per
851 415 959 450 Literas
972 416 1089 455 vestras,
1107 417 1192 447 nobis
1205 426 1273 456 per,
1289 416 1332 447 di-

117 462 189 485 Rom.
209 466 250 492 15·
268 451 374 481 stastum
396 451 479 481 nobis
500 452 529 481 in
552 451 670 483 Christo
684 475 694 491 ,
720 453 844 484 Fratrem
862 453 1025 485 Robertum
1047 455 1083 485 de
1101 455 1242 494 Wirksop
1261 480 1271 495 ,
1296 455 1333 486 de

117 497 149 521 Ε,
167 504 193 522 2,
263 488 374 518 Ordine
404 489 500 520 Saiic'ti
532 490 712 531 Augustini,
737 492 831 522 Sacrae
853 492 1208 533 TheologiaeflDoc'torem
1221 519 1230 533 ,
1253 494 1330 525 dela-

117 543 155 560 m.
174 532 248 560 ind.
265 536 320 565 tas,
336 538 388 558 nos
408 529 528 558 excitare
549 529 692 560 salubriter
711 531 745 562 ὃς
760 540 894 569 monere,
911 540 958 570 ut,
975 532 1083 571 aliquali
1096 533 1255 564 turbatione
1270 534 1330 571 jam

264 565 374 597 suborta
395 567 424 596 in
445 566 552 606 Regno
572 568 690 607 nostro,
707 569 883 600 consideratis
902 571 1064 601 commodis
1086 581 1150 609 quae
1165 582 1198 602 ex
1214 571 1330 602 Dissen-

264 605 342 635 sione
364 606 551 644 proveniunt,
569 606 603 637 ad
622 615 667 643 ea,
685 618 749 648 quae
770 609 843 646 pacis
858 608 892 639 ὃ(
905 610 1015 640 unitatis
1027 609 1105 647 sunt,
1125 610 1255 640 nostrum
1268 612 1328 641 ani-

264 652 347 673 mum
366 644 581 684 inclinaremus;
595 645 632 676 de
643 656 702 683 quo
713 647 812 677 vestrae
825 646 991 678 Beatitudini
1004 647 1164 679 devotionis
1178 657 1266 688 grates
1280 659 1328 679 ex-

261 681 414 717 solvimu53
432 691 466 712 ex
488 683 564 722 hoc,
579 684 613 715 &
627 685 701 723 aliis,
720 686 970 725 experimentaliter
986 686 1134 725 discentes,
1151 688 1229 727 quod
1241 687 1325 727 fragi-

261 720 369 751 litatem
383 720 511 752 Filialem
526 731 592 753 cura
606 723 723 763 pervigil
737 734 797 754 non
812 723 984 755 obliviscitur
996 724 1152 756 Paternalis.

301 758 390 797 Sane,
409 756 492 791 Pater
510 760 687 792 Sanetiffime
702 785 712 799 ,
738 762 833 793 vestro
855 762 1031 801 Apostolatui
1050 765 1178 802 cupimus
1197 763 1252 795 effe
1270 775 1324 795 no-

261 804 341 836 tum,
359 798 456 837 quod,
474 809 489 829 a
505 807 634 840 tempore
647 800 720 831 susce
742 802 762 831 ti
776 802 917 840 regiminis
929 801 1024 841 Regni
1039 803 1142 840 nostri,
1165 802 1324 834 Confilium

261 836 453 874 quorumdam
472 837 644 878 Magnatum
663 839 698 869 de
753 849 830 877 egno
851 839 963 878 nostro,
981 841 1011 870 in
1031 842 1130 879 quibus
1152 841 1209 879 spes
1230 841 1323 872 nostra

263 876 418 914 requievit,
437 877 491 912 iam
515 878 596 907 nobis
617 877 799 916 Rebellium,
817 877 957 916 sequentes
973 887 1036 918 erga
1050 880 1186 920 singulos,
1203 881 1235 911 &
1251 890 1324 917 prae-

262 913 347 951 cipue
369 924 455 952 penes
471 913 623 946 Comitem
638 915 824 955 Lancastriae,
840 917 931 946 modis
944 917 977 948 &
992 918 1042 947 viis
1054 920 1204 956 omnibus,
1224 919 1323 956 quibus

261 953 423 991 potuimus,
442 953 476 983 δε
498 954 566 984 ultra
583 954 651 984 illud
674 954 752 992 quod
772 955 897 993 deceret,
915 956 1106 994 inquilivimus
1127 958 1159 988 ὃς
1182 957 1323 995 prosecuti

263 990 368 1021 fuimus
382 991 540 1022 dileetionis
550 992 730 1023 dulcedinem
743 993 776 1024 &
790 993 902 1024 unionis
917 993 1069 1025 Summum
1085 997 1204 1027 bonum.

301 1029 351 1060 Set
374 1030 423 1068 ipsi
438 1053 448 1068 ,
479 1040 538 1060 non
564 1030 654 1061 solum
675 1032 877 1069 ingratitudinis
898 1033 1002 1063 vitium
1022 1044 1082 1065 non
1103 1043 1229 1065 verentes
1245 1058 1253 1072 ,
1285 1033 1324 1066 set

262 1067 292 1097 in
313 1076 514 1105 contemptum
536 1069 637 1108 Regiae
658 1068 809 1108 Majestatis
825 1081 1053 1112 prorumpentes,
1078 1072 1113 1104 de
1137 1074 1215 1104 bono
1237 1083 1324 1111 opere

262 1105 332 1135 Nos
353 1106 488 1146 Lapidare
513 1117 573 1137 non
595 1108 804 1147 formidarunt,
835 1109 868 1140 &
894 1109 973 1147 super
991 1121 1042 1140 nos
1061 1113 1093 1143 δε
1114 1113 1252 1152 populum
1271 1123 1325 1142 no-

261 1143 351 1174 strum
376 1145 447 1175 mala
467 1147 615 1177 innumera
656 1156 844 1185 erpetrarunt3
862 1157 963 1187 pacem
984 1148 1042 1179 Dei
1063 1151 1096 1181 ὃ(
1122 1151 1272 1188 Ecclesue,
1291 1161 1325 1181 ac

260 1182 406 1252 ἓοίξιταῐη,
420 1184 453 1214 &
476 1185 575 1222 populi
593 1195 632 1216 no
659 1188 682 1216 ri
703 1186 846 1224 praedicti,
865 1188 992 1225 quietem
1011 1190 1200 1229 multipliciter
1218 1198 1326 1227 pertur-

283 1231 316 1251 an
337 1231 365 1251 o.

296 1259 417 1298 Propter
439 1259 516 1299 quod
537 1271 610 1299 nos,
636 1261 840 1293 considerantes
859 1264 935 1302 quod
950 1287 960 1302 ‚
987 1275 1036 1303 per
1056 1267 1112 1297 vias
1137 1267 1194 1297 illas
1212 1267 1324 1306 inquisi-

260 1304 288 1328 ta
308 1308 396 1337 pace,
420 1300 496 1329 venit
519 1301 659 1338 turbatio,
682 1300 718 1331 de
740 1300 870 1332 Consilio
887 1303 1012 1334 fidelium
1035 1305 1215 1345 nostrorum,
1240 1306 1324 1336 nobis

258 1335 460 1375 affistentium‚
478 1337 691 1369 deliberavimus
712 1340 833 1378 rigorem
853 1349 1001 1373 excercere
1021 1353 1074 1383 pro
1088 1346 1164 1382 pacis
1176 1344 1325 1375 dulcedine

259 1374 446 1414 adquirenda,
464 1377 498 1406 &
517 1377 607 1407 dictos
629 1377 761 1408 Rebelles
784 1378 909 1419 nostros,
926 1381 955 1410 in
972 1391 1057 1412 manu
1072 1384 1196 1422 potenti,
1216 1393 1270 1413 nec
1285 1383 1324 1414 la-

260 1414 378 1444 boribus
397 1424 449 1444 nec
467 1414 620 1456 sumptibus
642 1417 801 1453 parcendo,
816 1428 868 1455 pro
884 1429 983 1450 eorum
996 1421 1160 1452 Excessibus
1177 1423 1323 1461 corrigen-

259 1451 302 1481 dis
323 1454 356 1484 &
378 1453 546 1492 puniendis,
573 1456 611 1483 lic
635 1455 729 1485 sumus
751 1457 891 1496 insecuti,
912 1458 989 1496 quod
1002 1483 1012 1497 ,
1033 1461 1190 1498 opitulante
1214 1459 1323 1491 Divina

260 1489 422 1521 Clementia
445 1491 510 1534 (cui
525 1499 635 1531 totum,
653 1494 730 1532 quod
746 1495 826 1525 nobis
839 1495 970 1534 prospere
984 1499 1104 1537 accidit,
1124 1498 1320 1536 attribuimus)

258 1528 328 1560 dieti
349 1529 464 1559 Inimici
482 1531 516 1560 ὅτ
537 1530 668 1562 Rebelles
682 1532 768 1563 nostri
783 1534 892 1564 suntab
908 1535 1032 1572 ipsorum
1050 1538 1153 1568 malitia
1166 1537 1323 1576 refraenati3

259 1577 360 1611 prout,
377 1576 440 1598 ante
459 1568 523 1599 haec
537 1577 679 1609 tempora,
696 1580 743 1610 per
757 1571 893 1603 Nuiicios
909 1574 1018 1606 nostros
1029 1577 1062 1607 ὃ(
1078 1576 1183 1607 Literas
1198 1578 1325 1617 praemis—

259 1610 286 1637 ia
321 1617 374 1646 pro
388 1615 480 1645 parte,
496 1607 596 1639 vestrae
610 1608 776 1640 Beatitudini
790 1612 989 1643 intimavimus.

274 1684 278 1689 η
295 1630 333 1677 Et
352 1645 510 1689 residuum,
528 1656 582 1678 nec
602 1657 664 1678 non
686 1649 719 1680 &
734 1649 782 1679 alia
795 1649 943 1689 Negotia,
961 1651 1029 1682 Nos
1043 1653 1193 1691 specialiter
1208 1663 1325 1695 tangen-

259 1691 316 1722 tia,
342 1683 549 1721 Commifimus
573 1686 691 1726 praefato
712 1687 799 1718 Fratri
822 1688 956 1721 Roberto
977 1691 1077 1722 vestrae
1098 1692 1269 1724 Clementiae
1290 1702 1325 1724 ex

259 1731 338 1762 parte
351 1722 444 1754 nostra
459 1723 582 1755 seriosius
595 1726 768 1764 exponenda.
1174 1758 1177 1761 ,

301 1761 449 1801 Quocirca
465 1761 574 1806 *vestrae
595 1763 757 1803 sanctitati,
775 1775 881 1804 quanto
895 1767 1023 1799 devotius
1035 1771 1207 1810 poterimus,
1222 1770 1324 1810 suppli-

261 1808 375 1838 camuS,
397 1809 524 1840 quatinus
543 1801 634 1832 eidem
649 1802 734 1833 Fratri
750 1803 899 1844 Roberto,
920 1806 930 1843 (
937 1816 1022 1846 quem
1041 1808 1140 1839 vestrae
1157 1809 1324 1841 Beatitudini

258 1837 408 1875 specialiter
421 1840 675 1877 commendamus)
696 1842 724 1871 in
736 1842 804 1880 hiis,
821 1853 885 1882 quae
902 1846 983 1875 vobis
998 1855 1032 1881 ex
1044 1856 1120 1885 parte
1131 1849 1222 1879 nostra
1237 1858 1325 1887 expo-

256 1876 340 1907 suerit
360 1879 424 1907 viva
448 1888 538 1916 voce,
557 1879 713 1917 dignemini
726 1880 776 1910 sibi
791 1881 876 1912 fidem
890 1884 1032 1914 credulam
1047 1886 1197 1925 adhibere,
1215 1889 1249 1920 &
1263 1897 1324 1928 gra-

260 1916 331 1945 tiose
352 1916 498 1954 exaudire,
519 1927 552 1947 ac
576 1917 611 1947 N
614 1919 712 1949 uncios
732 1920 857 1959 nostros,
874 1922 908 1952 ad
927 1922 1045 1953 vestram
1067 1926 1240 1962 praesentiam
1262 1928 1324 1960 alias

260 1953 424 1992 destinatos,
441 1954 519 1992 super
530 1955 665 1995 Negotiis
677 1957 792 1996 nostris,
810 1960 847 1989 eis
862 1961 1033 2000 commistis,
1047 1963 1191 2002 &²*apud
1206 1966 1325 1997 vestram

259 1991 458 2036 Clementiam
476 1993 689 2038 prosequendis,
707 1995 741 2027 ad
761 1996 847 2036 Nos,
865 2008 934 2030 cum
953 1999 1131 2034 festinatione
1146 2005 1303 2037 commoda
1315 2029 1326 2045 ‚

259 2039 402 2063 remittere
416 2031 531 2062 feliciter
548 2032 700 2071 expeditos.

294 2067 451 2101 Conservet
458 2093 468 2108 ,
486 2071 547 2102 &c.

111 1954 127 1970 ’Ὺ
150 1955 204 1982 111.

112 2000 179 2029 935·

293 2145 362 2178 Dat.
376 2147 450 2187 apud
467 2147 685 2190 Doncastriam,
707 2161 751 2182 12.
766 2151 813 2184 die
829 2152 936 2186 Martii.

540 2274 598 2308 Ad
621 2276 797 2310 Cardinales
823 2277 860 2311 de
883 2279 1053 2315 Credentia.

110 2364 188 2396 Ann.
203 2362 244 2396 D.
260 2357 472 2419 VEnerabili
491 2360 521 2390 in
543 2360 675 2391 Christro
697 2361 797 2401 Patri,
818 2362 954 2394 Domino
977 2364 1017 2395 G.
1042 2366 1100 2397 Dei
1126 2369 1211 2406 gratia
1227 2393 1237 2408 ,
1256 2371 1328 2402 tituli

134 2412 219 2442 1322,
373 2397 552 2441 ‚Sanctorum
569 2399 728 2430 Marcellini
745 2402 777 2432 ὃς
793 2401 865 2432 Petri
882 2402 1041 2435 Presbitero
1056 2405 1213 2447 Cardinali‚
1231 2411 1327 2441 amico

108 2446 163 2471 Aa,
182 2451 224 2477 ¹5,
260 2434 482 2505 geneanffimo,
498 2437 670 2476 Edwardus,
685 2439 746 2470 &c.
762 2440 895 2480 salutem,
913 2443 945 2473 &
958 2443 1073 2474 sincerae
1087 2444 1244 2478 dileetionis
1259 2447 1327 2479 affe—

108 2485 181 2547 ξοῃῖ
205 2529 246 2555 15,
300 2512 350 2542 De
371 2516 514 2552 praeteritis
533 2514 666 2554 Auxiliis,
686 2516 713 2545 in
728 2516 828 2547 nostris
843 2517 979 2558 Negotiis
992 2530 1041 2560 per
1054 2531 1106 2552 vos
1120 2531 1258 2559 gratanter
1268 2527 1324 2556 im-

109 2561 141 2584 E.
162 2567 176 2584 2
261 2551 366 2590 penfis,
384 2553 465 2583 vobis
486 2561 574 2593 grates
597 2554 739 2584 referimus
759 2555 903 2596 speciales,
929 2559 963 2589 &
986 2559 1080 2590 nostra
1142 2564 1250 2602 egotia,
1274 2575 1326 2602 pro

107 2605 145 2624 w.
164 2605 173 2622 ι
183 2606 205 2624 1,
259 2590 374 2629 futuro,
385 2591 492 2621 ,vestrae
508 2592 651 2623 Amicitiae
666 2593 797 2624 duximus
811 2595 963 2633 specialiter
977 2601 1222 2640 commendanda,

294 2629 436 2660 Artemius
455 2630 632 2668 deprecantes
653 2634 793 2671 quatinus,
812 2634 920 2664 dile&o
942 2636 1024 2666 nobis
1039 2638 1068 2667 in
1082 2638 1218 2678 Christo,
1237 2641 1323 2673 Fratri

257 2666 391 2697 Roberto
409 2668 445 2698 de
466 2669 604 2707 Wirksop
616 2693 626 2708 ,
645 2669 739 2701 Sacrae
757 2672 927 2712 Thoelogiae
947 2673 1093 2714 Dod'tori,
1117 2678 1147 2707 in
1167 2678 1218 2708 hiis
1231 2702 1240 2718 ,
1257 2691 1321 2718 quae

257 2706 341 2773 vglbig
360 2715 393 2734 ex
412 2714 488 2746 parte
509 2707 604 2738 nostra
623 2708 779 2747 exposuerit
794 2710 858 2741 viva
872 2721 962 2750 voce,
979 2714 1068 2745 velitis
1081 2714 1166 2746 fidem
1181 2718 1323 2750 credulam

255 2753 272 2774 a
300 2754 320 2773 ii
342 2753 405 2780 ere,

295 2781 350 2819 Et,
370 2791 400 2826 ut
414 2784 487 2820 juxra
501 2792 601 2814 votum
617 2785 745 2816 nostrum
758 2786 953 2828 exaudiantur,
966 2790 1000 2821 &
1013 2790 1126 2823 Nuncii
1142 2793 1247 2834 nostri,
1259 2796 1324 2827 alias

257 2819 291 2850 ad
313 2821 432 2864 Curiam
452 2821 618 2853 Romanam
637 2834 689 2863 pro
710 2825 827 2865 nostris,
850 2827 988 2866 Negotiis
1001 2829 1148 2870 destinati,
1164 2842 1232 2863 cum
1246 2834 1320 2866 felici

257 2859 438 2901 expeditione
458 2861 628 2904 eorumdem
644 2886 653 2899 ,
685 2862 719 2892 ad
746 2863 814 2894 Nos
834 2864 995 2898 festinanter
1013 2869 1190 2901 remittantur
1204 2895 1214 2908 ‚
1240 2883 1321 2913 erga,

257 2897 471 2928 Sanffissimum
490 2900 519 2928 in
542 2898 660 2930 Christo
681 2899 813 2940 Patrem,
839 2903 1004 2937 Dominum
1026 2907 1179 2939 Summum
1201 2909 1323 2943 Pontifi-

256 2945 322 2966 cem
343 2937 407 2971 (cui
428 2937 505 2976 super
526 2937 582 2967 hoc
597 2938 720 2969 similiter
734 2939 899 2981 scribimus)
917 2954 986 2976 cum
1001 2947 1082 2976 omni
1095 2946 1222 2979 efficacia
1237 2951 1323 2983 inter-

259 2984 368 3012 ponere
381 2984 472 3013 partes
486 2974 598 3007 vesti-as.

296 3051 364 3084 Dat.
378 3053 451 3093 apud
466 3053 685 3085 Donecastriam
695 3078 705 3094 ,
725 3056 759 3086 18
777 3056 821 3087 die
836 3057 942 3090 Martii.

419 3129 544 3161 ·Eodem
558 3131 648 3163 modo
663 3132 792 3164 scribitur
805 3133 980 3176 subscriptisz,
997 3139 1145 3179 videlicet,

288 3208 404 3236 Domino
422 3209 456 3236 G.
475 3208 551 3238 tituli
568 3210 663 3239 Santft'i
682 3213 780 3239 Ciriaci
799 3214 828 3239 in
845 3213 961 3252 Ti’rmir,
978 3215 1129 3245 Pretbitero
1149 3217 1292 3248 cardinali
1309 3229 1320 3257 ‚·

291 3247 408 3275 Domino
427 3249 464 3275 L.
484 3249 591 3277 Safflae
611 3251 714 3278 Mariae
731 3253 759 3278 in
778 3249 832 3278 Vid
851 3251 947 3287 Lata,
965 3255 1086 3282 Diacono
1101 3255 1263 3293 Cardinali5

293 3285 409 3313 Domino
427 3287 459 3313 P.
478 3285 554 3314 tituli
574 3288 680 3315 Sanii‘ae
699 3287 827 3327 Susanna:
847 3289 998 3319 Preshrtero
1014 3292 1156 3323 cardinali
1161 3303 1172 3330 ,-

292 3324 409 3351 Domino
426 3324 467 3352 N.
487 3325 581 3353 Sanlli
602 3325 742 3364 Adriani,
762 3329 882 3356 Diacono
895 3329 1055 3367 Cardinali5

291 3362 408 3390 Domino
424 3363 459 3391 Β.
479 3364 586 3392 Sameae
607 3366 712 3393 Mariae
724 3368 752 3394 in
770 3368 892 3404 Aquiro.

362 3484 422 3518 Ad
435 3488 551 3532 Papam
561 3513 571 3529 ,
609 3498 680 3534 uper
699 3485 856 3522 Praebenda
868 3515 878 3531 ,
902 3489 939 3523 de
953 3504 1009 3524 non
1025 3492 1214 3537 molestando.

108 3560 184 3591 Ann-
195 3561 234 3592 D·
254 3566 421 3627 PAPAE
440 3570 506 3601 Rex
519 3572 620 3604 devota
637 3572 744 3612 pedum
758 3574 854 3605 oscula
867 3576 1024 3606 beatorum.

129 3609 211 3639 1322-
328 3646 333 3652 ι
356 3608 419 3646 Sic,
436 3610 533 3640 dilecti
547 3610 654 3642 Clerici
669 3611 773 3650 nostri,
795 3613 923 3652 Magistri
938 3614 1063 3646 Roberti
1076 3616 1112 3646 de
1125 3615 1250 3655 Baldok,
1264 3617 1319 3648 Ar·

107 3642 159 3665 Aa.
184 3648 225 3675 15·
259 3645 418 3689 chidiaconi
440 3647 650 3688 Middlesexiae,
668 3650 807 3681 fructuosa
828 3653 973 3692 obsequia,
991 3655 1073 3684 nobis
1091 3654 1178 3685 indies
1194 3655 1319 3694 impensa

108 3680 138 3704 E.
161 3686 185 3703 2-
262 3684 378 3727 (quibus
400 3686 486 3716 etiam
508 3697 602 3718 carere
622 3689 776 3720 commode
796 3701 856 3720 non
874 3691 1036 3730 possumus)
1055 3692 1122 3722 Nos
1141 3694 1264 3723 alliciunt
1284 3694 1318 3724 ad

105 3718 177 3742 Rom.
200 3724 240 3750 15-
262 3726 342 3764 ¹P¹JUS
361 3722 495 3766 Honores
516 3727 742 3766 procurandum,
761 3728 839 3767 quod
859 3740 911 3768 pro
926 3730 1027 3761 eisdem
1042 3730 1127 3762 vestri
1139 3731 1320 3771 Apostolatfis

106 3756 138 3779 Ε·
160 3762 186 3780 ²-
262 3769 373 3798 apicem
389 3763 559 3799 interpellare
573 3775 632 3796 non
648 3766 792 3796 cesfiimus.

106 3799 144 3819 θ’·
165 3791 241 3819 ΠᾸ·
302 3797 411 3841 Vestrae
432 3800 576 3832 Sanctitati
590 3826 599 3839 ,
632 3813 737 3841 quanto
757 3805 887 3836 devotius
907 3809 1063 3847 poterimus
1076 3830 1086 3846 ,
1121 3808 1320 3848 supplicantes,

255 3844 383 3883 quatinus
411 3836 445 3865 de
465 3838 650 3880 Episcopatu,
675 3843 748 3872 infra
771 3843 907 3883 Regnum
927 3845 1073 3886 nostrum,
1092 3849 1223 3887 proximo
1241 3858 1324 3878 vaca—

258 3882 338 3912 turo,
356 3874 389 3903 ἑ(
412 3874 445 3916 ad
460 3876 579 3907 vestram
595 3878 792 3911 Provisionem
807 3883 851 3912 seu
868 3882 1094 3920 Dispofitionem
1108 3885 1266 3925 specstante,
1284 3887 1325 3917 ei-

259 3911 324 3942 dem
341 3910 592 3954 Clericossnostro,
612 3918 712 3959 nostris
725 3921 876 3959 precibus,
894 3922 1050 3960 dignemini
1064 3923 1232 3962 providere:

290 3949 329 3982 Et
343 3949 378 3980 de
395 3949 492 3989 Briga,
511 3962 609 3984 contra
622 3955 711 3992 ipsum
729 3957 813 3989 mota
828 3959 857 3990 in
873 3960 965 3992 vestra
977 3960 1062 3992 Sacra
1074 3960 1182 4001 Curia,
1199 3962 1236 3993 de
1249 3961 1327 3994 Prae-

733 64 1540 117 CONVENTIONES‚

1594 63 1984 113 LITERAE,

1377 151 1471 183 benda
1490 151 1526 182 de
1549 151 1704 192 Aylesbury
1718 174 1729 190 ,
1753 152 1784 182 in
1801 150 1927 182 Ecclesia
1943 149 2151 195 Lincolriiensi,
2176 160 2260 196 qu'am
2282 150 2381 192 habet,
2404 162 2439 197 ex
2456 140 2531 173 3⁰⁰¹
2542 142 2562 176 ῙῙ

1376 189 1541 221 Collatione
1560 190 1673 234 nostra,
1689 190 1759 233 Jure
1781 190 1881 221 nostro
1902 189 2000 233 Regio
2029 190 2074 227 (in
2094 199 2155 233 quo
2170 190 2284 228 quidem
2299 190 2439 235 Negocio
2478 190 2559 221 ¹322·

1372 229 1425 267 Jus
1447 229 1576 259 nostrum
1590 229 1741 266 specialiter
1755 228 1889 264 versatur)
1912 236 2038 266 quietem
2051 227 2100 258 sibi
2109 251 2118 266 ,
2131 227 2215 265 Jnxta
2228 237 2373 267 rogamina
2386 239 2443 260 no·
2457 221 2522 248 Edv.
2536 230 2562 257 ,²¹

1378 267 1431 298 stra
1440 290 1449 306 ,
1465 267 1566 299 vestrae
1581 267 1750 299 Beatitudini
1763 268 1827 297 ali‘as
1840 267 1922 298 vobis
1936 266 2004 296 inde
2018 266 2108 303 fasta,
2148 276 2280 304 raeparare
2294 276 2301 296 t

1416 306 1461 336 Ac
1482 306 1561 344 super
1583 306 1635 336 hiis
1670 316 1749 345 quse,
1768 305 1884 336 dileetus
1897 306 1980 335 nobis
1995 305 2024 334 in
2039 304 2110 334 Chri
2137 314 2157 334 o
2188 304 2283 336 Frater
2296 303 2441 336 Robertus

1375 344 1533 383 Wirksop,
1551 344 1586 375 de
1601 329 1710 374 Or³diiie
1723 345 1820 375 SanSti
1833 343 1999 382 Augustini,
2017 343 2111 373 Sacrae
2124 327 2298 387 [Theologiae
2313 343 2441 383 Doctor,

1375 382 1593 451 isrsspraedmuilffis,
1609 383 1690 452 :33ng
1711 392 1746 412 ex
1769 392 1846 421 parte
1870 381 1967 413 nostra
1986 381 2145 419 exposuerit
2166 392 2232 414 Viva
2245 390 2336 419 voce,
2350 381 2439 413 fidem

1387 431 1486 451 iicre
1535 431 1611 452 ama
1653 432 1660 451 i
1682 431 1735 452 ere.

1412 458 1588 499 Conservet,
1605 462 1668 492 &c-

1412 535 1503 567 Teste
1520 535 1603 576 Rege
1615 537 1689 575 apud
1702 517 1829 568 Pontem
1839 536 1979 574 stadium,
2002 544 2046 574 19.
2060 535 2106 566 die
2123 535 2231 568 Martii.

1536 665 1595 695 Pro
1615 663 1662 696 W
1659 662 1781 696 illielmo
1799 661 1836 695 de
1851 664 2058 712 Ayremynne,
2086 660 2130 695 ad
2141 664 2269 709 Papam.

1371 745 1420 807 P
1430 746 1456 777 A
1466 746 1489 776 P
1501 746 1542 776 AE
1556 746 1621 777 Rex
1635 746 1740 778 devota
1754 748 1859 786 pedum
1873 747 1968 779 oscula
1981 748 2138 779 beatorum.
2451 752 2562 788 Ann,1]

1474 785 1626 815 Dile&um
1645 785 1795 816 Clericum
1819 786 1965 826 nostrum,
1991 786 2166 826 Magistrum
2185 785 2378 818 Willielmum
2398 787 2433 819 de
2476 801 2559 832 1322»

1370 823 1554 864 Ayremynne
1569 847 1579 862 ,
1603 822 1786 856 Cancellariae
1803 824 1909 855 nostrae
1930 825 2116 856 Secretarium
2138 827 2209 864 (pro
2232 835 2290 866 quo
2310 826 2430 857 vestram
2448 834 2501 859 Aa.
2518 843 2558 869 ¹5-

1369 861 1577 899 Benignitatem
1597 863 1728 900 precibus
1747 862 1850 894 nostris
1862 864 1924 894 alias
1934 864 2149 904 solicitavimus)
2171 863 2270 896 vestrae
2285 864 2429 896 Sanffltati
2446 874 2476 896 Ε.
2493 880 2517 899 2.

1368 899 1496 930 duximus
1508 900 1658 940 specialiter
1671 901 1951 941 commendandum,
2445 912 2515 938 Rom,
2539 920 2562 949 ¹5

1405 938 1596 969 Affeeruofius
1612 939 1807 978 supplicantes,
1824 941 1952 979 quatinus
1970 939 2101 980 Brigam,
2119 949 2218 971 contra
2237 940 2348 972 didium
2363 941 2431 972 Cle·
2448 951 2479 976 13,
2499 957 2524 976 2,

1368 977 1459 1008 ticum
1482 977 1613 1008 nostrum
1628 1000 1638 1016 ,
1665 977 1700 1008 de
1721 977 1877 1009 Praebenda
1898 978 1934 1008 de
1958 978 2091 1018 Leghton
2112 979 2232 1018 Busard,
2256 981 2285 1010 in
2307 980 2432 1012 Ecclesia
2450 994 2486 1012 m.
2505 989 2562 1017 ind

1369 1015 1561 1047 Lincolnienli
1576 1017 1674 1054 (quam
1685 1016 1786 1056 habet,
1804 1025 1838 1047 ex
1853 1016 2017 1047 Collatione
2031 1017 2143 1056 nostra,
2156 1017 2225 1056 Jure
2237 1018 2433 1050 nostro*Re-
2451 1021 2470 1042 ²*
2491 1025 2544 1056 ΙΙΙ.

1369 1055 1428 1093 gio)
1446 1065 1506 1085 non
1519 1055 1576 1085 fine
1590 1053 1677 1085 nostri
1689 1056 1765 1094 gravi
1781 1055 1960 1094 praejudicio,
1973 1063 2083 1086 motam
2099 1055 2132 1086 δε
2145 1057 2337 1088 continuatam
2347 1081 2356 1096 ,
2374 1058 2433 1089 ces·
2453 1063 2519 1100 93⁶·

1369 1095 1426 1123 lare
1442 1093 1552 1132 facere,
1570 1094 1603 1125 δε
1619 1093 1699 1133 super
1715 1093 1905 1125 Promotione
1918 1093 2040 1131 ejusdem
2055 1093 2163 1124 Clerici
2177 1093 2265 1125 nostri
2278 1096 2314 1126 ad
2329 1096 2435 1127 Archi-

1370 1132 1553 1163 diaconatum
1574 1132 1812 1172 Richemundiae,
1831 1134 1860 1162 in
1879 1131 2170 1176 EcclefianEborum,
2183 1134 2262 1172 juxta
2275 1144 2371 1172 preces
2382 1145 2439 1166 no-

1372 1169 1437 1201 stras
1452 1170 1636 1212 supradfflias,
1654 1171 1705 1202 sibi
1718 1171 1808 1202 finum
1822 1170 1930 1202 Gratiae
1944 1181 2046 1210 aperire
2065 1180 2071 1200 :

1408 1208 1462 1248 Et,
1481 1210 1587 1241 dilecto
1606 1209 1688 1240 nobis
1709 1210 1737 1240 in
1757 1209 1892 1249 Christo,
1910 1210 1997 1240 Fratri
2018 1209 2154 1240 Roberto
2173 1209 2209 1241 de
2229 1209 2384 1251 Wirksop,
2399 1211 2436 1244 de

1370 1247 1482 1278 Ordine
1503 1248 1597 1279 Sanc‘ti
1617 1247 1664 1279 Au
1686 1248 1783 1288 ustini,
1803 1248 1896 1280 Sacrae
1916 1248 2086 1290 Theologiae
2100 1248 2244 1288 Dostori,
2263 1250 2292 1280 in
2305 1249 2356 1280 hiis
2372 1261 2439 1288 quae

1371 1287 1452 1316 vobis
1471 1296 1506 1317 ex
1523 1295 1598 1324 parte
1618 1297 1657 1318 no
1686 1298 1729 1326 ra,
1748 1288 1779 1317 in
1801 1287 1961 1327 praemissis,
1979 1288 2135 1327 exposuerit
2154 1288 2218 1318 viva
2240 1297 2332 1327 voce,
2348 1288 2434 1320 fidem

1369 1324 1499 1356 adhibere
1511 1325 1654 1356 credulam
1663 1349 1673 1364 ,
1688 1325 1817 1365 dignetur
1832 1325 1922 1357 vestra
1936 1326 2073 1358 Sanctitas
2087 1325 2156 1357 Deo
2168 1334 2259 1366 grata;

1407 1363 1455 1394 Ut
1477 1363 1606 1395 Clericus
1628 1362 1723 1394 noster
1738 1373 1910 1395 memoratus
1925 1366 1989 1404 (qui
2002 1376 2018 1396 a
2029 1366 2177 1404 juventute
2187 1365 2249 1404 sua,
2268 1364 2353 1396 clarae
2367 1375 2430 1397 me-

1371 1403 1487 1442 morice,
1507 1402 1643 1433 Domino
1663 1402 1697 1432 E.
1720 1402 1854 1434 Genitori
1868 1402 1984 1442 nostre,
2000 1405 2034 1436 &
2046 1403 2144 1434 Nobis
2159 1403 2362 1444 postmodum,
2379 1404 2433 1434 ob-

1368 1441 1458 1479 sequia
1480 1441 1641 1472 Laud-abilia
1663 1441 1788 1472 exhibuit
1802 1464 1812 1481 ,
1841 1442 1875 1473 &
1900 1442 1982 1472 nobis
2006 1441 2096 1472 indies
2118 1442 2156 1473 sic
2174 1443 2276 1474 utiliter
2297 1442 2434 1482 deservit,
2533 1452 2542 1471 x

1369 1480 1446 1517 quod
1460 1480 1539 1520 ipsius
1550 1480 1686 1511 famulatu
1700 1490 1794 1511 carere
1809 1480 1967 1511 commode
1980 1490 2040 1511 non
2057 1480 2218 1518 poffumus)
2230 1491 2245 1511 a
2259 1481 2350 1513 vestra
2365 1480 2436 1512 Cle-

1369 1520 1491 1557 mentia,
1507 1518 1608 1550 nostris
1629 1520 1773 1558 precibus,
1792 1518 1908 1550 honoris
1927 1519 1960 1551 &
1983 1519 2106 1551 utilitatis
2123 1520 2259 1559 pereipiat
2277 1521 2438 1552 incremen-

1368 1564 1439 1587 tum.

1408 1595 1583 1636 Conservet,
1601 1597 1661 1628 &c.

1406 1671 1475 1704 Dat.
1491 1673 1564 1713 apud
1579 1672 1712 1705 Castrum
1726 1674 1761 1706 de
1776 1674 1978 1714 Pontefraito,
1993 1684 2033 1706 20
2045 1674 2091 1706 die
2106 1674 2215 1707 Martii.

1669 1797 1729 1833 Ad
1753 1797 1930 1832 Cardinales
1943 1809 1999 1846 pro
2016 1798 2141 1833 Eodem.

1369 1883 1584 1946 VEnerabili
1597 1885 1625 1914 in
1640 1882 1759 1915 Christo
1772 1883 1869 1923 Patri,
1887 1884 2022 1916 Domino
2037 1884 2078 1916 G.
2091 1883 2151 1916 Dei
2161 1885 2261 1930 gratia,
2278 1884 2350 1916 tituli
2363 1883 2433 1916 San·
2452 1891 2528 1923 Arm,
2539 1892 2562 1926 1]

1451 1923 1565 1955 Ctorum
1590 1922 1751 1954 Marcellini
1775 1924 1808 1954 &
1823 1923 1899 1954 Petri
1913 1923 2071 1954 Presbitero
2084 1922 2245 1962 Cardinali,
2264 1923 2435 1962 fflwardus,
2481 1939 2562 1972 1322,

1369 1959 1492 1999 ejusdem
1507 1962 1610 2000 gratia,
1624 1963 1685 1993 &c.
1698 1962 1828 2000 salutem,
1844 1963 1878 1993 ὃς
1893 1961 2008 1992 fincerae
2022 1961 2179 1992 dilefflonis
2192 1962 2339 1993 affetfilum.
2451 1972 2508 1998 An.
2523 1967 2562 2009 132⁴

1409 1998 1558 2031 Dile&um
1578 2000 1726 2032 Clericum
1744 1999 1891 2038 nostrum,
1908 2000 2083 2038 Magistrum
2096 2000 2286 2031 Willielmum
2297 1999 2333 2032 de
2348 2001 2436 2040 Ayre-
2453 2011 2482 2034 Ε.
2502 2011 2538 2038 2.'

1372 2046 1403 2068 m
1423 2048 1493 2078 nne,
1517 2039 1703 2071 Cancelleriae
1721 2038 1824 2069 nostr-ae
1842 2038 2047 2079 Secretarium,
2073 2038 2174 2070 vestrae
2195 2039 2327 2070 amicitiae
2346 2040 2436 2078 plenis
2452 2045 2517 2076 zbid,

1371 2087 1388 2108 a
1413 2077 1521 2108 eetibus
1535 2077 1792 2116 commendamus;

1411 2116 1554 2148 Attentius
1566 2116 1759 2157 deprecantes,
1779 2117 1922 2156 quatinus,
1936 2117 2012 2147 circa
2025 2115 2136 2148 felicem
2151 2115 2358 2160 expeditionem
2371 2115 2438 2147 Ne-

1373 2156 1535 2196 gotiorum,
1554 2156 1643 2196 ipsum
1665 2155 1857 2186 Willielmum
1879 2156 1909 2186 in
1923 2154 2007 2186 Sacra
2019 2154 2152 2186 Romana
2167 2155 2255 2186 Curia
2269 2163 2368 2185 contin
2388 2164 2439 2199 en-

1373 2195 1464 2233 tium,
1482 2194 1515 2225 &
1539 2205 1592 2233 pro
1613 2195 1713 2234 quibus
1735 2195 1816 2225 vobis
1836 2194 1897 2224 alias
1917 2193 2066 2224 direximus
2083 2203 2178 2234 preces
2192 2193 2315 2232 nostras,
2332 2196 2440 2232 veius,

1373 2232 1475 2264 nostris
1486 2234 1633 2273 precibus,
1650 2242 1719 2264 cum
1734 2234 1816 2264 omni
1832 2232 1958 2264 efficacia
1971 2234 2150 2272 interponere
2161 2240 2251 2272 partes
2265 2231 2378 2264 vestras.

1409 2309 1478 2340 Dat.
1492 2319 1523 2342 ut
1539 2310 1624 2349 supra.

1409 2386 1522 2431 Eodem
1543 2387 1635 2419 modo
1648 2386 1774 2420 scribitur
1790 2385 1925 2418 Domino
1939 2386 1982 2418 G.
1996 2387 2069 2419 tituli
2083 2386 2180 2419 Sancti
2194 2386 2303 2418 Ciriaci
2315 2386 2345 2417 in
2357 2385 2434 2418 Ter-

1375 2435 1437 2456 mis.

1472 2557 1522 2588 De
1539 2552 1679 2588 Portibus
1694 2552 1912 2597 Custodiendis,
1936 2566 1973 2587 ne
1994 2557 2059 2600 quis
2077 2564 2164 2587 exeat
2182 2557 2329 2601 Regnum.

1369 2639 1516 2696 REX,
1532 2639 1639 2671 diledko
1661 2641 1695 2671 &
1713 2638 1787 2669 fideli
1810 2638 1875 2678 suo,
1895 2637 2051 2670 Edmundo
2074 2638 2186 2670 Comiti
2200 2639 2330 2678 Kandae,
2345 2638 2430 2671 Con-
2447 2643 2560 2678 Ann‚D

1444 2678 1593 2710 stabulario
1619 2677 1712 2709 Castri
1738 2677 1894 2708 Dovorriae
1906 2701 1918 2720 ,
1946 2678 1980 2708 ὃς
2003 2676 2125 2709 Custodi
2143 2680 2269 2720 quinque
2288 2678 2429 2710 Portuum
2467 2694 2546 2727 1322.
2560 2696 2562 2715 Ι

1368 2717 1499 2757 suorum,
1518 2718 1563 2748 vel
1576 2718 1633 2755 ejus
1645 2716 1883 2754 Locumtenenti,
1901 2715 2023 2747 salutem.
2446 2728 2497 2754 An·
2512 2730 2550 2761 ¹5,

1407 2756 1484 2795 Qia
1503 2756 1631 2786 Thomas
1651 2754 1760 2786 Comes
1781 2755 1968 2793 Lancastriae,
1988 2754 2022 2785 &
2041 2755 2100 2793 aiii,
2121 2755 2230 2786 inimici
2250 2756 2284 2788 &
2297 2755 2429 2787 Rebelles
2446 2769 2476 2792 Ε,
2497 2772 2523 2792 2,

1367 2794 1473 2834 nostri,
1491 2805 1578 2835 nuper
1596 2793 1670 2834 apud
1689 2793 1796 2824 Burton
1816 2793 1895 2834 super
1905 2794 2047 2824 Trentam
2063 2793 2187 2833 ἀενίιῖἰῑί,
2205 2795 2239 2826 &
2251 2805 2267 2825 a
2282 2795 2382 2826 Nobis
2394 2796 2428 2827 δε
2445 2799 2562 2839 claufii5.

1368 2833 1517 2864 Comitiva
1533 2832 1628 2864 nostra
1647 2833 1800 2870 fugientes,
1818 2834 1873 2870 jam
1886 2841 1935 2872 per
1949 2832 2083 2870 quosdam
2099 2832 2193 2863 fideles
2207 2832 2317 2864 nostros
2329 2835 2427 2865 iterato
2445 2845 2476 2869 E.
2497 2849 2521 2869 2.

1366 2873 1428 2903 sunt
1444 2872 1567 2910 deviffl,
1580 2873 1614 2903 ὃς
1628 2871 1743 2911 quidam
1757 2880 1873 2910 eorum,
1890 2871 1940 2902 sub
1952 2870 2060 2902 Habitu
2074 2870 2226 2911 Regulari,
2248 2872 2282 2903 &
2296 2872 2355 2903 aliis
2367 2871 2429 2903 Ha-
2444 2889 2481 2908 m.
2497 2875 2562 2916 ¹5·ss

1367 2911 1471 2941 bitibus
1488 2911 1578 2949 fieris,
1596 2912 1627 2940 in
1649 2910 1759 2940 diversis
1778 2910 1899 2949 partibus
1920 2909 2017 2949 Regni
2035 2908 2141 2950 nostri,
2158 2910 2281 2949 latitant,
2298 2911 2333 2942 &
2348 2910 2429 2952 Reg-
2508 2926 2527 2934 ’-

1367 2959 1438 2981 num
1453 2948 1581 2980 nostrum
1595 2950 1669 2980 exire
1683 2950 1827 2979 nituntur:

1408 2988 1501 3018 Vobis
1522 2987 1687 3019 mandamus
1706 2987 1784 3026 quod
1805 2987 1908 3018 Portus
1930 2987 2010 3018 maris
2032 2987 2063 3016 in
2077 2985 2179 3017 Balliva
2192 2985 2301 3026 vestra,
2319 2988 2353 3019 &
2365 2987 2434 3020 alios

1368 3026 1523 3057 Distriehis
1538 3026 1659 3065 ejusdem
1675 3026 1788 3057 Ballivae
1802 3025 1902 3057 vestrae
1916 3026 1952 3056 ita
1964 3025 2041 3056 arete
2055 3025 2089 3055 &
2100 3023 2216 3063 diligent
2264 3025 2365 3057 faciatis
2379 3037 2432 3058 cu-

1369 3065 1465 3097 stodiri
1474 3089 1484 3104 ,
1503 3065 1582 3104 quod
1597 3066 1627 3095 in
1640 3065 1732 3105 aliquo
1747 3064 1887 3095 Portuum
1903 3063 2106 3107 praedietorum
2115 3085 2124 3101 ‚
2141 3062 2191 3093 sub
2204 3035 2314 3095 Sabim
2326 3066 2434 3105 regula-

1368 3106 1392 3135 ri
1401 3104 1474 3173 ,stvel
1492 3105 1563 3142 alio,
1579 3103 1648 3135 ullus
1653 3126 1664 3172 ἔ
1681 3102 1997 3171 deoqqugcriiohabeatis
2011 3108 2143 3132 notitiam
2154 3101 2280 3142 bonam,
2291 3102 2432 3144 Regnum
2446 3151 2447 3154 Ἴ

1368 3153 1408 3174 no
1436 3152 1498 3174 rum
1513 3152 1572 3173 non
1586 3151 1652 3172 exea
1697 3152 1716 3172 u
1737 3152 1754 3172 v
1883 3162 1889 3169 .

1406 3181 1462 3218 Et,
1483 3181 1502 3210 fi
1523 3181 1606 3219 aliqui
1625 3179 1661 3210 de
1677 3152 1763 3210 {ictis
1776 3178 1901 3209 Inimicis
1915 3178 1949 3209 &
1963 3177 2128 3209 Rebellibus
2143 3177 2263 3219 nostris,
2277 3179 2324 3211 vel
2335 3180 2432 3219 aliquis

1367 3221 1406 3250 eis
1425 3219 1586 3256 adhaerens,
1604 3218 1675 3248 infra
1696 3217 1828 3247 Ballivam
1847 3216 1968 3248 vestram
1981 3218 2174 3255 inveniantur,
2189 3226 2258 3249 tunc
2271 3228 2319 3250 eos
2331 3218 2432 3250 areste-

1368 3260 1418 3294 tis,
1434 3258 1466 3289 ὃς
1487 3258 1614 3296 capiatis,
1630 3256 1664 3286 ὅ(
1689 3257 1719 3285 in
1742 3254 1855 3286 Prisona
1876 3254 1972 3286 nostra
1993 3255 2067 3286 salvo
2087 3254 2267 3296 custodiatis,
2284 3257 2431 3298 quousque

1366 3295 1440 3327 aliud
1457 3295 1523 3325 inde
1539 3305 1554 3325 a
1566 3294 1652 3325 nobis
1666 3294 1814 3324 habueritis
1829 3295 1858 3323 in
1872 3294 2006 3325 mandatis
2024 3303 2030 3323 :

1404 3333 1441 3363 Et
1462 3333 1539 3371 hoc,
1556 3332 1625 3363 sicut
1645 3331 1715 3363 Nos
1735 3332 1769 3363 &
1789 3332 1929 3364 honorem
1943 3332 2071 3364 nostrum
2085 3332 2213 3374 diligitis,
2232 3333 2323 3366 modis
2333 3334 2430 3365 omni-

1366 3373 1419 3404 bus
1431 3372 1543 3402 faciatis.

1404 3447 1493 3481 Teste
1505 3447 1588 3488 Rege
1603 3447 1676 3488 apud
1690 3447 1813 3480 Pontem
1830 3448 1967 3490 fractum,
1981 3459 2030 3482 22.
2043 3449 2090 3480 die
2103 3448 2212 3481 Martii.

2001 3530 2054 3558 Per
2067 3523 2150 3566 ipsium
2163 3526 2268 3563 Regem.

2440 3638 2512 3670 Ann-
2524 3633 2543 3666 Β

2462 3676 2549 3718 13224

1422 3733 1519 3766 Lacita
1534 3734 1679 3774 Coronae,
1695 3747 1794 3768 coram
1808 3738 1942 3769 Domino
1954 3735 2095 3767 Edwardo
2110 3735 2297 3780 Rege,Filio
2304 3735 2428 3768 Domini
2441 3719 2547 3783 ssn‘2f5f

1431 3773 1520 3813 Regis
1540 3774 1693 3813 Edwarffi,
1710 3784 1787 3807 tenta
1801 3778 1832 3807 in
1845 3776 1986 3817 praesentia
2000 3774 2082 3812 ipsius
2095 3773 2221 3804 Domini
2232 3773 2337 3814 Regis,
2353 3774 2426 3819 apud
2441 3775 2497 3821 Pb,-
2511 3795 2536 3824 ¹5

1366 3809 1494 3842 Pontem
1517 3813 1655 3851 fraitum,
1672 3814 1719 3844 die
1739 3815 1852 3853 Lunae,
1871 3814 2003 3851 proximo
2017 3822 2081 3843 ante
2094 3811 2210 3842 Festum
2225 3812 2430 3845 Annunciatio-
2442 3834 2464 3858 E
2492 3836 2518 3856 2·

1366 3850 1410 3880 nis
1425 3849 1516 3881 Beatae
1533 3850 1636 3882 Mariae
1651 3851 1793 3892 Virginis,
1811 3853 1899 3883 Anno
1912 3852 2007 3891 Regni
2020 3851 2059 3880 sui
2072 3851 2315 3896 quintodecimo3
2360 3890 2365 3896 '
2443 3849 2472 3906 p:
2483 3875 2511 3895 ,η

1406 3886 1486 3919 Cum
1508 3889 1656 3929 Thomas,
1674 3890 1786 3921 Comes
1807 3889 1993 3927 Lancastriae,
2012 3897 2111 3926 captus
2131 3899 2184 3927 pro
2207 3888 2435 3928 Proditiombus‚
2447 3915 2482 3934 m·
2497 3911 2532 3939 ²4·

1371 3925 1564 3966 Homicidiis,
1581 3928 1722 3959 Incendiis
1759 3928 2045 3965 Depraedationibus,
2063 3927 2097 3957 &
2109 3927 2166 3958 aliis
2179 3927 2290 3958 diversis
2305 3928 2438 3966 Feloniiz
2450 3946 2466 3960 ι
2480 3940 2531 3969 Ῑῃ,

1372 3964 1473 3996 duetus
1495 3966 1564 3997 effet
1577 3976 1676 3998 coram
1689 3951 1750 4007 ipsi>
1767 3967 1787 3987 ²*
1801 3965 1938 3998 Domino
1951 3964 2051 4006 Rege,
2069 3965 2267 4006 praesentibus,
2284 3966 2440 4036 E‘Qffl}
2454 3987 2516 4018 93⁷·

1405 3651 1454 3682 De
1472 3649 1604 3697 Proceffit
1621 3660 1724 3685 contra
1745 3654 1888 3686 Comitem
1908 3649 2104 3694 Lancastriae,
2128 3652 2165 3688 ὠ*
2182 3649 2382 3685 Adhaerentes.
