2562 4279
19 173 98 203 Ann.
114 173 155 204 D.

42 220 74 251 13
84 222 125 252 33·

20 252 85 278 niv.
108 262 135 288 3.

18 339 71 364 Aa.
86 346 113 371 7,

20 378 49 400 Ε.
71 383 95 410 3.

17 412 104 449 Clatcs.
125 421 152 447 7.

16 454 154 486 E.3.p.2.

15 497 53 516 m.
73 497 115 523 ¹4-

12 1809 87 1840 Arm.
101 1808 143 1840 D.

31 1857 116 1889 1333·

10 1892 62 1916 Au.
79 1898 106 1923 7.

7 1965 96 2001 Claus.
118 1974 142 1999 7.

7 2007 141 2040 E.3.p.z.

6 2051 43 2068 m.
64 2051 89 2078 3.

7 2080 24 2096 ‘⁴
43 2081 96 2107 IV.

7 2118 72 2152 581.

150 2347 292 2383 puniatis,
310 2346 343 2376 &
364 2345 444 2375 Fines
464 2346 596 2375 omnium
620 2345 734 2375 illorum
750 2369 759 2383 ,
780 2347 844 2382 qui,
858 2346 936 2383 juxta

177 105 249 132 102

312 266 370 295 Pro
390 261 570 307 Neapolione
589 258 764 300 Cardinali,
794 258 830 291 de
851 258 1077 292 Pardonatione.

171 347 257 403 RE
268 346 298 377 X
313 345 526 384 ,Thesaurario
539 367 548 383 ‚
576 345 609 375 δε
634 343 790 374 Batonibus
811 343 880 383 suis,
904 343 941 374 de
959 344 1109 375 Scaccario
1124 368 1134 383 ,
1153 344 1234 376 Salu-

242 394 309 416 tem.

210 423 307 460 Cum,
327 422 463 453 vicesimo
478 421 524 451 die
540 420 727 459 Septembris,
747 420 834 451 Anno
850 420 949 458 Regni
963 420 1051 451 nostri
1066 421 1184 461 Tertio,

208 461 423 492 Considerantes
445 459 593 497 specialem
615 459 833 497 Affedtionem,
852 469 956 497 quam,
975 459 1157 490 Venerabiles
1179 460 1233 490 Pa-

169 507 241 536 tres,
260 499 393 529 Ecclesiae
408 498 553 528 Romanae
567 497 744 535 Cardinales,
762 500 791 528 in
805 498 912 534 Regno
934 497 1035 529 nostro
1055 498 1232 537 Beneficiati,

166 538 200 567 ad
221 537 370 567 Coronam
393 537 505 576 Angliae
525 537 701 575 habuerunt,
716 537 749 568 &
772 536 885 567 Bonum
901 536 1016 567 Locum
1029 547 1115 575 quem
1131 537 1232 567 nostris

166 576 398 607 Antecefforibus
417 584 583 614 tenuerunt,
601 576 635 607 &
655 575 753 606 Nobis
772 576 805 606 δε
824 574 994 606 Haeredibus
1013 575 1116 606 nostris
1137 584 1231 606 tenere

163 623 295 654 poterunt
309 616 338 644 iti
350 614 475 645 futurum
483 637 494 653 ‚

205 653 458 683 Pardonaverimus
478 651 581 682 eisdem
606 651 801 682 Cardinalibus
820 651 992 682 omnimoda
1014 651 1120 682 Debita
1135 676 1144 691 ,
1164 662 1231 691 quas

167 691 268 722 Nobis
288 691 430 722 debebant
451 692 481 721 in
504 690 649 722 Beneficiis
670 691 723 721 suis
738 714 747 728 ,
764 692 871 721 ratione
885 690 1073 721 Decimarum
1087 691 1120 721 δε
1142 691 1232 721 Auxi-

164 730 285 767 liorum,
303 740 352 768 per
367 729 534 760 Dominum
549 729 704 760 Summum
720 728 894 760 Pontificem
905 729 955 767 ,&
966 729 1023 766 ejus
1037 728 1231 759 Praedecesso-

164 778 224 807 res,
241 767 333 799 Clero
348 768 444 808 Regni
458 767 547 798 nostri
562 768 775 806 impositorum,
792 769 825 799 &
842 767 954 805 Nobis,
972 768 1017 797 seu
1036 767 1231 798 Antecessori-

165 807 217 837 bus
230 806 349 844 nostris,
369 817 419 845 pei·
432 807 522 845 ipsum
535 806 699 837 Dominum
714 807 868 837 Summum
882 804 1071 843 Pontificem,
1091 807 1124 836 &
1144 807 1229 837 etiam

163 855 215 883 per
233 845 367 876 Praelatos
386 847 419 877 &
444 844 564 876 Clerum
585 845 680 885 Regni
694 845 800 882 nostri,
819 844 1037 882 concefforum,
1055 845 1088 874 ὃ(
1106 855 1171 882 quae
1192 845 1228 876 ab

163 885 220 922 eis,
239 894 288 922 per
301 884 565 915 Summonitionem
579 884 717 914 Scaccarii
733 882 836 920 nostri,
855 882 889 912 ad
904 892 975 919 opus
990 882 1121 913 nostrum
1134 884 1230 920 exige-

162 922 280 961 bantur,
299 930 382 961 prout
395 924 423 953 in
442 922 542 953 Literis
556 922 658 952 nostris
674 921 852 959 Patentibus,
870 920 938 950 inde
952 920 1226 959 confefflsffllenius

163 962 345 999 continetur,

204 999 299 1030 Vobis
313 1000 480 1030 mandamus
494 998 574 1038 quod
589 998 767 1037 Demandee,

237 1048 319 1077 uam,
338 1037 497 1068 Venerabili
513 1037 605 1076 Patri,
626 1037 761 1068 Domino
775 1036 955 1074 Neapolioni
970 1035 1131 1075 Cardinali,
1149 1037 1227 1068 Prae-

161 1077 298 1107 bendario
315 1077 535 1107 Praebendarum
549 1075 585 1106 de
599 1076 762 1107 Southcave
777 1077 807 1105 in
823 1075 949 1105 Ecclesia
964 1076 1037 1106 beati
1053 1075 1128 1106 Petri
1143 1075 1226 1107 Ebo-

162 1125 243 1153 rum,
263 1117 296 1147 &
319 1116 354 1146 de
376 1114 590 1155 Kyngeffutton
612 1116 641 1144 in
666 1113 792 1145 Ecclesia
814 1115 903 1144 beatae
927 1113 1030 1144 Martie
1047 1114 1225 1154 Lincolniae,

163 1163 214 1191 per
230 1154 495 1184 Summonitionem
508 1153 647 1184 Scaccarii
681 1153 789 1183 raedieti
804 1152 861 1183 fieri
884 1153 1005 1191 faciatis,
1024 1152 1059 1183 ad
1079 1163 1151 1191 opus
1172 1164 1227 1183 no-

163 1192 272 1230 strum,
292 1193 321 1222 in
336 1192 483 1223 Beneficiis
497 1191 549 1222 suis
561 1191 648 1232 praedi
680 1193 717 1229 is,

200 1230 325 1261 Ratione
344 1230 535 1262 Decimarum
553 1233 587 1262 ὃς
610 1229 788 1260 Auxiliorum
803 1253 813 1267 ,
846 1239 896 1267 per
917 1229 1028 1260 dierum
1058 1229 1225 1261 Dominum

161 1269 319 1300 Summum
336 1269 524 1307 Pontificem,
544 1270 577 1300 ὃ(
591 1269 649 1307 ejus
662 1268 899 1306 Praedeceffores,
918 1266 1007 1297 Clero
1024 1267 1118 1306 Regni
1138 1269 1226 1300 nostri

163 1308 381 1346 impositorum,
399 1309 432 1339 &
448 1307 560 1345 Nobis,
570 1307 616 1337 seu
629 1306 857 1337 Antecessoribiis
872 1305 1046 1346 nostris,per
1060 1306 1148 1343 ipsum
1157 1307 1225 1338 Do-

165 1348 280 1377 minum
298 1346 450 1377 Summum
473 1345 659 1382 Pontificem,
680 1346 714 1376 &
732 1346 817 1375 etiam
840 1354 891 1383 per
911 1344 1044 1375 Prcelatos
1056 1346 1089 1375 ὃς
1104 1345 1225 1376 Clerum

165 1384 236 1415 dieti
252 1385 350 1422 Regni
365 1385 470 1423 nostri,
487 1393 550 1415 ante
565 1383 731 1422 praedictum
744 1383 913 1415 vicesimum
934 1381 1012 1413 diem
1033 1382 1226 1424 Septembris,

165 1423 368 1454 concessorum
377 1446 385 1461 ‚

203 1462 405 1500 Supersedeatis
418 1462 557 1498 omnino,
575 1460 608 1491 &
624 1460 713 1499 ipsum
729 1459 796 1490 inde
814 1460 954 1498 Qietum
966 1459 1023 1491 effe
1036 1460 1157 1500 faciatis,
1161 1463 1226 1501 jux-

165 1508 193 1532 ta
207 1510 338 1531 tenorem
353 1500 512 1530 Literarum
526 1499 685 1529 nostrarum
701 1499 908 1536 praedictarum.

202 1539 289 1570 Teste
303 1539 384 1578 Rege
398 1537 472 1576 apud
487 1537 651 1577 Waltham‚
670 1537 787 1569 octavo
800 1538 845 1568 die
861 1536 1007 1568 Ostobris.

160 1671 209 1705 De
233 1667 358 1703 Finibus
384 1667 532 1717 capiendis
559 1666 598 1702 ab
625 1669 706 1711 illis,
731 1673 785 1715 qui
803 1669 950 1703 Ordinem
971 1670 1151 1705 Militarem
1168 1684 1225 1705 non

588 1717 792 1765 fitsccpernnt.

161 1804 295 1863 REX,
314 1805 516 1844 Theiaurario,
534 1805 567 1836 &
582 1804 738 1836 Batonibus
752 1804 819 1843 suis,
836 1804 872 1835 de
886 1804 1052 1843 Scaccario,
1070 1804 1205 1836 Salutem.

256 1846 385 1875 Tenores
405 1843 597 1882 quorumdam
618 1844 751 1874 Brevitim
775 1843 954 1881 nostrorum,
972 1844 1082 1883 singulis
1097 1844 1223 1874 Viceco-

161 1883 277 1914 mitibus
299 1882 400 1913 nostris
421 1892 471 1920 per
487 1882 619 1921 Angliam
634 1882 810 1912 directorum
820 1905 829 1921 ,
846 1882 880 1911 ad
895 1882 1128 1920 proclamandum
1142 1882 1222 1920 quod

162 1930 263 1951 omnes
284 1922 336 1959 illi,
354 1921 403 1959 qui
425 1920 616 1961 Qiadraginta
638 1920 763 1951 Libratas
784 1921 887 1951 Terrae
909 1921 954 1952 vel
975 1921 994 1942 ²*
1016 1920 1158 1952 Redditus
1174 1931 1222 1959 per

162 1959 280 1989 Annum
297 1960 418 1998 habent,
436 1960 469 1990 &
484 1969 527 1989 ms
540 1970 588 1997 per
604 1958 678 1989 Tres
694 1958 794 1990 Annos
808 1961 935 1995 integros
949 1967 1114 1998 tenuerunt,
1134 1960 1223 1990 Ordi-

161 2008 227 2028 nem
242 1999 408 2037 susciperent
422 1997 578 2028 Militarem
591 2006 654 2027 ante
669 1997 784 2028 Festum
799 1997 911 2029 Sandlae
923 1998 1071 2028 Trinitatis
1084 2000 1220 2036 proximo

157 2038 348 2075 praeteritum‚
364 2036 409 2067 vel
425 2037 453 2066 in
467 2036 571 2067 eodem
587 2035 672 2066 Festo
685 2036 719 2066 ad
734 2036 885 2075 ultimum,

196 2075 242 2106 Ac
256 2075 383 2106 Returna
395 2075 541 2105 dic‘torum
555 2074 772 2106 vicecomitum
780 2100 789 2113 ,
805 2076 878 2106 fa&a
890 2074 924 2104 ad
937 2074 1051 2112 eadem,
1063 2076 1147 2106 vobis
1157 2077 1222 2106 mit-

156 2115 242 2144 timus
263 2116 292 2144 in
311 2113 436 2152 quodam
456 2113 584 2152 Rotulo,
603 2114 653 2144 sub
673 2113 774 2153 Sigillo
790 2138 799 2152 ,
818 2113 992 2144 Venerabilis
1012 2113 1098 2144 Patris
1112 2138 1122 2154 ,
1141 2114 1221 2145 Wil-

156 2152 243 2182 liclmi
263 2152 477 2191 Archiepiscopi
491 2151 641 2190 Eborum,
661 2151 799 2182 Custodis
812 2152 901 2192 Sigilli
913 2152 1019 2190 nostri,

195 2191 364 2222 Mandantes
385 2192 483 2229 quod,
502 2191 565 2221 vifis
584 2191 747 2221 Tenoribus
761 2192 794 2221 &
810 2191 944 2222 Returnis
958 2191 1116 2229 praedietis,
1133 2191 1221 2222 Vice-

154 2232 274 2261 comites
296 2230 465 2270 praedhstos,
484 2240 556 2267 qnos
577 2231 605 2259 in
627 2229 802 2260 Executione
827 2230 1031 2260 Mandatorum
1053 2230 1217 2261 nostrorum

154 2268 359 2305 praedistorum
375 2268 546 2308 negligentes
560 2269 719 2298 inveneritis
736 2267 782 2298 vel
798 2269 944 2306 remissos,
958 2270 1036 2306 juxta
1049 2278 1149 2299 eorum
1158 2268 1219 2300 De-

155 2306 237 2344 licta,
256 2318 304 2344 per
320 2307 564 2345 Amerciamenta,
582 2307 615 2336 δί
629 2307 685 2336 aliis
700 2306 791 2337 modis
807 2308 909 2344 quibus
924 2316 958 2337 ex
981 2308 1057 2337 edire
1076 2307 1200 2338 videritis
1210 2331 1220 2346 ,

982 2346 1218 2376 roclamationem

157 2383 341 2421 praedicssltam,
360 2383 501 2413 Ordinem
515 2391 579 2413 ante
592 2383 709 2413 Festum
725 2383 909 2422 praediCtum,
927 2384 971 2413 vel
987 2386 1015 2414 in
1036 2383 1141 2414 eodem
1164 2384 1219 2414 Fe-

157 2420 221 2459 st0,
239 2421 383 2459 suscepisse
403 2421 557 2451 debuerant
581 2421 753 2459 Militarem,
771 2422 804 2452 &
827 2431 1007 2459 nequaquam
1022 2422 1218 2461 susceperunt,

158 2459 218 2489 tam
235 2469 287 2496 pro
300 2459 573 2498 Transgreffionibus
587 2459 762 2497 hujusmodi,
780 2460 865 2497 quam
878 2470 931 2499 pto
938 2460 1100 2499 Respedtu,
1119 2460 1155 2491 de
1163 2460 1219 2492 Ar-

158 2498 213 2528 mis
230 2497 399 2528 Militaribus
415 2497 590 2534 suscipiendis
605 2497 754 2535 habendo,
773 2499 902 2535 capiatis,

198 2535 236 2566 Et
256 2536 456 2566 nichilominus
476 2536 511 2566 de
533 2536 697 2566 nominibus
715 2536 833 2566 aliorum
847 2559 856 2575 ,
879 2537 927 2574 qui
950 2546 999 2574 per
1020 2536 1216 2569 Vicecomites

181 2574 311 2605 raedietos
334 2574 486 2605 Retornati
506 2583 565 2604 non
587 2574 700 2605 fuerunt
717 2598 725 2612 ,
749 2575 782 2605 ὃς
804 2576 852 2613 qui
875 2575 1066 2614 Qadraginta
1086 2576 1214 2608 Libratas

155 2584 257 2643 geme
272 2612 316 2644 vel
331 2612 472 2643 Redditus
487 2623 537 2651 per
552 2612 669 2642 Annum
687 2613 808 2651 habent,
827 2613 895 2644 sicut
915 2613 1084 2651 praedi&um
1108 2615 1165 2654 est,
1182 2616 1216 2647 &

158 2650 269 2682 Milites
286 2661 346 2681 non
360 2651 497 2689 sunt,per
511 2651 631 2689 singulos
647 2651 868 2682 Vicecomitatus
882 2651 977 2690 Regni
993 2652 1126 2690 nostri,si
1143 2664 1217 2691 opus

156 2689 258 2729 fuerit,
275 2690 422 2728 diligenter
436 2691 536 2728 inquiri
550 2690 711 2728 faciati53&
725 2689 760 2720 de
773 2690 836 2728 ipsis
849 2690 1007 2721 consimiles
1020 2691 1101 2720 Fines
1116 2693 1146 2721 in
1160 2694 1219 2722 for-

157 2728 206 2758 ma
227 2728 361 2765 praediffta
382 2730 510 2767 capiatis,
528 2737 611 2766 prout
634 2729 706 2765 juxta
720 2728 912 2759 Discretiones
925 2728 1026 2760 vestras
1039 2729 1101 2760 fore
1116 2730 1219 2760 videri-

157 2767 192 2796 tis
207 2766 384 2804 faciendum,
403 2768 436 2797 ὃ(
450 2767 508 2797 hoc
526 2766 680 2796 nullatenus
695 2768 837 2798 omittatis.

158 2803 286 2873 &Tbeste
308 2804 390 2845 Rege
407 2804 481 2843 apud
500 2804 646 2845 Havering
667 2814 723 2836 atte
745 2805 854 2845 Boure,
872 2805 989 2837 decimo
1003 2807 1103 2845 quinto
1116 2806 1162 2837 die
1173 2806 1219 2837 0-

190 2852 210 2873 0
232 2853 275 2873 ris.

892 2885 946 2913 Per
961 2882 1111 2913 Concilium.

157 3028 207 3059 De
224 3021 380 3067 Obsidibus
394 3027 429 3057 V
427 3023 480 3055 illae
496 3025 638 3055 Berewici
658 3022 702 3055 ad
717 3023 863 3070 quasdam
878 3022 1030 3056 Abbatias
1049 3025 1214 3059 mittendIs.

220 3108 279 3139 EX
297 3109 471 3139 Vicecomiti
484 3108 632 3147 Eboriim,
650 3108 783 3139 Salutem.

259 3146 339 3177 Csim
358 3158 463 3185 nuper,

194 3183 264 3215 Post
279 3185 482 3216 Redditionem
497 3185 582 3216 Villae
594 3184 698 3216 nostrae
712 3185 849 3217 Berewici
864 3185 1091 3224 superTwedam
1107 3188 1136 3218 in
1145 3187 1213 3219 Ma-

158 3223 375 3293 nu}grofflg{‚&
388 3261 556 3292 Concilium
575 3262 704 3293 nostrum
717 3262 810 3292 fuiffet
830 3262 1010 3302 ordinatum,
1028 3264 1109 3301 quod
1130 3263 1214 3293 Duo-

132 3312 140 3319 ·
156 3299 253 3330 decim
277 3301 397 3331 Obsides
411 3324 420 3338 ,
438 3301 474 3330 de
498 3301 608 3330 Liberis
630 3301 777 3339 Majorum
798 3302 831 3331 &
850 3300 1014 3331 Proborum
1046 3302 1212 3332 Hominum

156 3338 241 3368 dierae
257 3339 354 3377 Villae,
373 3349 425 3377 pro
441 3340 538 3377 majori
552 3339 718 3377 Securitate,
737 3349 768 3369 ut
782 3338 926 3369 Homines
940 3339 966 3368 V
969 3340 1022 3369 illae
1034 3340 1104 3370 illius
1116 3340 1150 3370 ad
1166 3341 1212 3370 Fi-

156 3376 224 3407 deni
238 3377 363 3408 nostram
375 3377 481 3407 firmius
495 3378 522 3407 se
536 3385 678 3415 tenerent,
693 3378 776 3407 nobis
788 3377 984 3416 liberarentur,
1002 3379 1031 3407 in
1046 3380 1127 3409 certis
1141 3379 1211 3409 locis

156 3415 225 3445 infra
241 3416 376 3456 Regnum
392 3415 539 3453 nostrum,
558 3416 606 3446 sub
619 3416 689 3445 salva
707 3415 850 3453 custodia,
869 3417 1018 3454 moraturi,

193 3453 330 3492 DiCiique
344 3454 490 3485 Homines
498 3453 580 3484 Villae
591 3454 750 3492 prredidbae,
758 3464 847 3492 nuper
858 3454 930 3491 apud
939 3454 1063 3485 Novum
1071 3454 1206 3485 Castrum

155 3491 235 3529 fiiper
250 3492 383 3530 Tynam,
403 3493 473 3523 dum
487 3502 594 3522 eramus
607 3492 729 3530 ibidem,
748 3492 830 3522 Οᾶο
847 3491 966 3522 Obiides
979 3493 1136 3531 hujusmodi
1157 3503 1212 3523 no-

153 3530 197 3598 {ijs
216 3530 333 3597 igcei‘int
353 3532 479 3569 liberari,
497 3541 569 3570 quos
590 3531 624 3561 ad
647 3540 721 3562 certa
736 3531 800 3562 loca
813 3529 1013 3562 destinavimus
1025 3531 1100 3562 salvo
1113 3531 1209 3561 custo-

175 3578 218 3597 ien
240 3579 271 3599 os

190 3592 339 3645 lidem³que
350 3607 493 3638 Homines
507 3607 630 3638 residuos
643 3607 775 3647 Qiatuor
786 3606 922 3646 Obsides,

190 3643 345 3682 Videlicet,
363 3646 543 3676 Nicholaum
563 3646 663 3676 Filium
681 3646 818 3684 johannis
839 3646 910 3676 Tod
924 3645 959 3676 de
975 3645 1141 3684 Berewico,
1156 3645 1210 3684 jo-

154 3679 274 3712 hannem
288 3684 390 3713 Filium
400 3684 536 3721 Johannis
548 3685 643 3721 Gros,
660 3685 810 3715 Thomarn
826 3684 928 3714 Filium
948 3684 1085 3721 Johannis
1107 3684 1144 3714 of
1162 3684 1210 3714 the

155 3716 245 3748 Bothe
255 3743 264 3757 ,
281 3722 314 3751 ὃς
330 3721 491 3752 Robertum
507 3723 608 3752 Filium
619 3722 748 3752 Thomae
761 3724 796 3753 de
812 3722 918 3753 Nesbit
933 3722 969 3753 de
981 3722 1097 3761 eadem,

194 3755 294 3799 Usque
307 3759 435 3789 Eborum
444 3762 502 3798 jam
518 3761 641 3791 miserint
654 3762 706 3791 hac
720 3761 756 3791 de
773 3761 871 3799 causa,

192 3792 317 3831 Tibique
338 3800 551 3835 praeceperimus
571 3799 648 3837 quod
667 3800 799 3838 eosdem,
816 3799 1011 3838 Nicholaum,
1027 3799 1207 3838 Johannem,

152 3830 320 3869 Thomam,
338 3836 370 3863 ὃς
385 3835 564 3873 Robertum,
581 3847 655 3874 quos
670 3838 704 3867 ad
715 3846 744 3868 te
759 3838 897 3876 misimus,
915 3840 1066 3876 reciperes,
1083 3838 1117 3868 &
1130 3837 1205 3867 salvo

151 3870 186 3911 «ξε
209 3869 332 3913 Ιποηείὶὲ4
348 3872 479 3914 ¹custodiri
495 3897 505 3912 ,
528 3875 621 3912 eisque
641 3875 877 3906 Sustentationem
890 3900 901 3915 ,
918 3887 951 3907 ac
970 3877 1020 3907 alia
1040 3876 1208 3906 Necessaria

151 3910 214 3943 rua,
231 3907 267 3950 <ie
282 3907 406 3937 Exitibus
420 3911 528 3942 Ballivae
544 3923 615 3952 tuae,
633 3915 751 3945 inveniri
764 3915 883 3954 faceres,
897 3915 1040 3954 quousque
1052 3914 1126 3944 aliud
1137 3914 1203 3944 inde

151 3945 311 3976 duxerimus
327 3945 568 3987 demandandum,

188 3983 259 4015 Tibi
272 3984 450 4022 praecipimus
464 3987 540 4023 quod
555 3989 705 4025 praedietos
717 3989 853 4024 Obsides,

619 56 1867 138 CONVENTIONES,L1TERAE‚

1311 170 1470 215 Videlicet,
1489 172 1658 215 praedic‘tos,
1677 171 1856 202 Nicholaum
1875 171 1909 202 δε
1927 170 2110 211 johannem,
2125 173 2212 212 usque
2226 175 2260 206 ad
2276 175 2341 207 Ab·
2355 176 2431 208 Ann.
2446 178 2489 209 D.

1275 209 1380 240 batiam
1395 210 1431 241 de
1444 210 1540 255 Burgo
1553 210 1649 241 Sancti
1666 209 1758 248 Petri,
2384 225 2470 257 1333,

1313 248 1350 279 Et
1366 249 1530 288 praedictos,
1549 249 1701 279 Thomam
1716 250 1749 279 &
1767 248 1952 294 Roberturn‚
1969 248 2055 287 usque
2068 249 2102 279 ad
2124 249 2281 283 Abbatiam
2301 253 2339 285 de
2355 258 2422 285 Edv.
2443 267 2468 293 3.

1277 286 1505 356 Rzlgneessliitibus
1520 325 1632 356 Ballivae
1645 333 1716 363 tuae,
1734 324 1810 367 salyo
1824 326 1857 356 ὃς
1873 324 1968 355 secure
1982 324 2049 356 duci
2065 326 2100 357 &
2114 327 2227 366 cariari,
2243 339 2277 359 ac
2299 332 2339 361 eis

1275 360 1514 395 Sustentationem
1525 387 1534 402 ,
1550 365 1582 395 &
1595 364 1645 394 alia
1658 363 1693 394 N
1696 364 1825 406 eceliaria
1842 364 1903 401 sua,
1922 363 2068 402 quousque
2084 364 2118 395 ad
2131 365 2267 397 Abbatias
2281 368 2339 399 illas

1274 403 1420 445 uenerint,
1433 404 1553 434 inveniri
1567 402 1833 441 facias,Abbatibus
1846 402 2000 432 Locorum
2014 403 2218 440 praedistorum
2233 405 2341 437 ibidem

1274 440 1591 517 thxtaldcileoPlustubus,
1609 489 1686 523 quos.
1701 479 1774 509 circa
1794 478 1976 523 Dufflonem
1992 479 2026 510 δε
2041 478 2237 511 Cariationem
2251 481 2338 513 Obfi-

1273 515 1346 546 dum
1359 518 1564 562 praedii'torum
1578 518 1700 562 posueris
1732 527 1800 548 cum
1816 517 1882 547 inde
1896 527 1944 555 per
1958 517 2174 562 Sacramentum
2190 529 2272 551 tuum
2292 522 2337 551 in-

1272 555 1386 600 formati
1407 556 1558 594 fuerimus,
1573 557 1628 600 tibi
1648 567 1677 586 in
1692 541 1843 594 Compoto
1857 555 2034 600 tuotallocari
2051 558 2203 596 faciemus3
2220 559 2336 590 manda-

1271 603 1366 638 vimus
1380 596 1458 624 enirn
1474 595 1593 639 praefatis
1603 595 1784 642 'Abbatibnffi
1803 594 1883 640 quod
1893 594 1985 625 dustos
1998 594 2119 626 Obsides
2131 606 2147 627 a
2161 597 2243 628 vobis
2262 599 2336 629 reci-

1272 632 1588 711 piariiqtehgugggeizfficgs
1597 633 1958 711 ὲῐὲξὲἑῗῖίῖἓῗὶιῗζὲῗι-οηο
1974 671 2021 704 die
2035 671 2185 704 Odiobris.

1745 750 1800 778 Per
1817 747 1899 788 ipstcm
1913 751 2010 786 Regem
2023 748 2060 784 ὁ·
2074 748 2226 780 Concilium.

1272 871 1299 897 ᾗ
1324 875 1373 906 De
1390 874 1520 905 Nunciis
1545 871 1588 904 ad
1611 871 1807 905 traHandum
1831 884 1901 905 cum
1922 875 2035 906 Comite
2053 874 2218 918 flandriae,
2237 876 2332 923 staper
2349 891 2364 908 a
2382 893 2434 921 IV·

1443 920 1564 963 diveifis
1579 918 1861 967 Transgrffonibus
1882 919 1951 954 hinc
1968 921 2035 956 inde
2052 923 2157 958 illatis.
2347 930 2413 966 582.

1271 1004 1391 1074 RE}
1408 1004 1573 1050 Omnibus,
1588 1004 1623 1036 ad
1638 1015 1725 1044 quos,
1742 1005 1802 1037 &c-
1821 1001 1958 1036 Salutem.
2349 1004 2428 1036 Ann.
2436 1005 2479 1037 D.

1390 1053 1468 1075 Clatls
1483 1043 1579 1082 quod,
2366 1053 2456 1086 1333-

1308 1081 1391 1113 Ciim
1404 1092 1511 1121 nuper,
2346 1088 2400 1112 An.
2414 1094 2444 1120 7.

1305 1120 1395 1159 Super
1413 1120 1657 1152 Contentionibus
1693 1119 1968 1159 Comi-notionibus,
1983 1120 2136 1161 Roberiis,
2154 1124 2330 1166 Trangresfi-
2346 1126 2376 1150 Ε.
2403 1132 2429 1159 3-

1267 1160 1371 1190 onibus
1384 1183 1394 1198 ,
1415 1159 1567 1190 Maleficiis
1578 1184 1587 1198 ,
1606 1160 1639 1190 &
1663 1143 1805 1197 bampnis
1819 1183 1829 1197 ,
1847 1168 1879 1190 ut
1897 1160 2042 1191 dicebatur
2054 1183 2064 1199 ,
2081 1162 2179 1202 factis,
2198 1165 2258 1195 tarn
2281 1175 2329 1203 per
2348 1164 2407 1188 Par.
2424 1170 2453 1197 7·

1267 1197 1389 1229 Terram
1399 1221 1408 1237 ‚
1426 1199 1512 1236 quam
1526 1207 1576 1236 per
1589 1197 1673 1229 Mare
1703 1208 1754 1236 per
1766 1197 1877 1229 Gentes
1889 1199 1922 1229 ὅ(
1936 1198 2117 1230 Habitatores
2128 1199 2225 1240 Regni
2239 1203 2330 1234 nostri
2344 1203 2374 1228 Ε·
2390 1205 2453 1236 3‹P·

1268 1245 1303 1279 ex
1318 1245 1395 1276 parte
1409 1236 1481 1275 una,
1499 1237 1532 1268 ὃ(
1546 1236 1656 1267 Gentes
1671 1220 1704 1268 ἐξ
1719 1236 1899 1268 Habitatores
1912 1237 2013 1267 Terrae
2028 1237 2164 1269 Flandriae
2177 1249 2211 1270 ex
2229 1241 2330 1280 altera,
2347 1247 2419 1267 ²·m·
2435 1247 2481 1271 ¹4·

1266 1274 1504 1344 32‘52’13333353
1521 1276 1560 1344 {2
1575 1275 2232 1347 {fflssrffffi1’0M3cgffis's‘iii‘i'eisslia13niffiss
2234 1280 2332 1349 ‘iffi‘

1863 1337 1873 1353 ³

1268 1351 1380 1382 nostros
1395 1351 1533 1383 Nuncios
1548 1352 1581 1383 &
1597 1352 1818 1390 Procuratores,
1837 1362 1891 1390 pro
1904 1352 2003 1383 Nobis
2018 1353 2203 1385 &Gentibus
2218 1341 2331 1396 nostris:

1267 1399 1301 1420 ac
1316 1390 1451 1422 Bioctum
1463 1391 1500 1421 de
1513 1390 1608 1421 Stelan
1620 1390 1764 1429 Militem,
1781 1391 1815 1422 &
1832 1391 1922 1430 plures
1936 1391 2003 1422 alios
2016 1391 2171 1430 Burgensoe
2185 1394 2218 1425 &
2240 1394 2332 1426 Cleri-

1267 1438 1318 1459 cos
1340 1428 1480 1460 Villarum
1499 1428 1536 1459 de
1553 1428 1673 1469 Bruges,
1690 1429 1726 1460 de
1748 1428 1909 1468 Gandano,
1927 1430 1962 1461 &
1984 1429 2020 1460 de
2040 1430 2054 1460 Ι
2075 1441 2120 1470 re,
2138 1431 2275 1464 Nuncios
2297 1436 2332 1466 &

1267 1466 1486 1506 Procuratores,
1501 1467 1621 1499 Nobilis
1634 1467 1848 1507 Viri,Domini
1862 1467 2028 1505 Lodewici,
2066 1471 2161 1500 omiris
2174 1470 2198 1500 F
2199 1471 2334 1511 landriae,

1268 1504 1479 1546 Consanguinei
1498 1506 1587 1537 nostri
1606 1506 1752 1545 cariffimi,
1769 1517 1824 1545 pro
1840 1507 1899 1545 ipso
1919 1506 2039 1538 Comite
2050 1531 2060 1546 ‚
2079 1509 2114 1540 &
2136 1508 2280 1541 Gentibus
2298 1512 2333 1543 &

1266 1543 1483 1576 Habitatoribus
1497 1545 1600 1576 Terrae
1613 1546 1667 1576 suae
1680 1545 1817 1577 Flandriae
1826 1568 1835 1584 ,

1304 1582 1473 1615 Tradiatum
1484 1582 1578 1615 fuisset
1590 1585 1624 1616 &
1639 1583 1857 1616 Concordatum
1872 1583 1909 1615 de
1920 1585 1950 1614 in
1972 1584 2107 1623 uirendo,
2125 1586 2159 1617 &
2180 1585 2228 1617 dili
2251 1589 2333 1618 enter

1266 1621 1444 1662 indagando,
1461 1623 1611 1654 veritatem
1626 1622 1662 1653 de
1677 1621 1939 1661 contentionibus,
1999 1625 2226 1664 mmotionibus,
2264 1627 2337 1657 obe-

1266 1661 1332 1700 riis‚
1351 1662 1384 1693 δε
1399 1661 1455 1692 aliis
1470 1660 1620 1692 Maleficiis
1633 1661 1809 1700 supradidtis,
1827 1663 1856 1691 in
1870 1661 1953 1692 dictis
1965 1662 2063 1693 Terris
2077 1662 2193 1703 Angliae
2206 1665 2239 1695 &
2249 1664 2272 1695 F
2273 1665 2334 1696 lan-

1264 1699 1333 1730 driae
1354 1711 1389 1739 pe
1424 1701 1533 1739 erratis,
1550 1699 1704 1730 secundum
1719 1700 1844 1730 formam
1857 1701 1890 1731 ὃς
1905 1700 2045 1731 effectum
2061 1701 2278 1742 Articulorum,
2298 1705 2330 1735 in

1265 1738 1388 1776 quadam
1445 1738 1579 1777 dentura,
1591 1739 1665 1771 ,ind‘e
1686 1740 1757 1769 inter
1779 1738 1909 1778 praefatos
1928 1739 2128 1770 Procuratores
2148 1741 2183 1773 &
2197 1741 2335 1774 Nuncios

1264 1777 1414 1815 confecti,
1434 1778 1468 1809 &
1482 1778 1542 1808 tarn
1558 1787 1608 1816 per
1622 1776 1707 1816 Nos,
1726 1777 1812 1816 quam
1826 1777 1978 1816 praefatum
1993 1777 2144 1810 Comitem
2153 1779 2337 1819 ,subsequen-

1266 1817 1515 1893 tergifpgslpgtafier
1536 1855 1629 1886 dictos
1650 1854 1789 1886 Nuncios
1810 1854 1920 1886 nostros
1935 1854 1973 1885 sic
1986 1855 2098 1887 traetata
2112 1856 2335 1900 &concordata

1264 1893 1396 1931 fuerunt,
1414 1893 1561 1932 volentes,
1581 1903 1718 1932 quantum
1736 1894 1771 1925 ad
1794 1893 1863 1924 Nos
1883 1894 1917 1926 ὃ(
1938 1893 2051 1925 nostros
2069 1894 2204 1926 Subditos
2218 1897 2335 1935 attinet,

1265 1931 1363 1963 debito
1377 1931 1494 1963 effeetui
1508 1934 1681 1971 mancipari,

1301 1971 1348 2001 Ac
1365 1971 1401 2002 de
1420 1971 1675 2009 circumsped‘cione
1696 1969 1832 2009 provida,
1851 1970 2036 2001 Dilectorum
2055 1970 2089 2001 &
2111 1971 2251 2003 Fidelium
2273 1982 2331 2004 no-

1264 2008 1407 2048 strorum,
1425 2010 1555 2040 Thomae
1577 2009 1614 2040 de
1635 2009 1758 2048 Brayton
1771 2033 1781 2047 ,
1799 2010 1832 2040 &
1854 2007 1987 2046 Magistri
2007 2009 2134 2039 Simonis
2153 2010 2191 2040 de
2212 2011 2331 2049 stanes,

1263 2048 1377 2086 plenam
1389 2048 1524 2079 fiduciam
1538 2055 1726 2088 reportantes,

1300 2086 1376 2125 Ipsos
1398 2087 1580 2126 deputamus,
1599 2086 1813 2124 constituimus,
1830 2086 1864 2116 &
1884 2084 2002 2116 facimus
2024 2084 2138 2117 nostros
2159 2085 2334 2118 Procurato-

1263 2135 1305 2156 res
1342 2125 1580 2164 Commissarios,
1598 2125 1632 2156 &
1647 2124 1784 2156 Nuncios
1797 2124 1944 2162 speciales,

1305 2148 1415 2195 hames
1436 2164 1539 2195 eisdem
1561 2164 1674 2202 plenam
1694 2163 1889 2200 Potestatem,
1908 2163 2135 2201 Audioritatem,
2153 2163 2187 2195 &
2209 2162 2333 2195 Manda-

1261 2211 1325 2233 tum
1345 2204 1479 2241 speciale,
1497 2203 1635 2241 faciendi,
1653 2201 1830 2241 inquirendi,
1846 2203 1880 2233 &
1898 2201 2080 2240 complendi,
2098 2212 2151 2240 pro
2174 2201 2274 2233 Nobis
2294 2204 2330 2234 δε

1262 2242 1405 2273 Gentibus
1419 2242 1539 2280 nostris,
1557 2241 1666 2272 Omnia
1681 2251 1745 2279 quae
1761 2241 1796 2271 ad
1810 2239 1879 2270 Nos
1894 2242 1928 2271 ὃς
1941 2239 2050 2270 Gentes
2061 2240 2170 2270 nostras
2185 2242 2329 2279 pertinent

1260 2280 1400 2319 faciendi,
1426 2280 1583 2312 secundum
1597 2281 1721 2310 formam
1736 2280 1769 2310 &
1784 2287 1914 2309 tenorem
1928 2278 2089 2309 Indenturae
2101 2279 2251 2310 antedietae
2264 2292 2270 2297 ·

1297 2318 1499 2351 Promittentes
1515 2329 1566 2349 nos
1581 2318 1697 2349 firmum
1714 2318 1747 2348 &
1764 2317 1860 2360 stabile
1873 2317 2016 2347 habituros
2030 2317 2248 2356 quicquid,per.
2259 2304 2330 2348 pro-

1260 2367 1419 2396 curatores,
1437 2356 1671 2395 Commissarios,
1690 2357 1723 2387 δε
1746 2356 1883 2387 Nuncros
1905 2355 2018 2386 nostros
2040 2357 2211 2395 praediitos,
2228 2357 2327 2387 aetum

1259 2397 1293 2425 ὅ(
1308 2397 1469 2465 ἓτὲὲιίᾗωω
1483 2397 1564 2427 fuerit
1578 2397 1608 2426 in
1621 2394 1781 2434 praemissis,
1800 2394 1956 2426 secundum
1969 2395 2096 2425 formam
2106 2394 2268 2426 Indenturae
2284 2395 2328 2425 su-

1260 2444 1309 2472 pra
1330 2446 1338 2465 ι
1370 2445 1403 2465 ae.

1297 2472 1330 2503 In
1345 2474 1442 2512 cujus,
1461 2473 1521 2504 ὅτε.

1333 2512 1424 2543 Teste
1437 2511 1520 2553 Rege
1533 2511 1607 2550 apud
1623 2510 1806 2550 Marlebergh
1815 2534 1824 2548 ,
1842 2510 1950 2541 odiavo
1964 2509 2010 2540 die
2027 2508 2221 2540 Novembris.

1735 2590 1788 2616 Per
1801 2586 1884 2625 ipfiaem
1895 2587 1992 2622 Regem
2003 2583 2042 2620 &⁶
2056 2584 2212 2616 Concilium.

1259 2712 1309 2743 De
1336 2714 1423 2758 Regio
1452 2710 1595 2757 Affinfh,
1620 2708 1754 2743 adhibito
1783 2707 1997 2752 Postulationi‚
2015 2707 2106 2752 fasta
2128 2718 2184 2755 pro
2201 2709 2323 2756 Episto-

1300 2770 1337 2805 po
1354 2760 1549 2808 erntonieifi
1566 2786 1577 2803 ,
1602 2762 1633 2792 in
1657 2757 1921 2805 Archiepifiopum
1944 2756 2189 2802 Cantuarienftm
2206 2784 2216 2800 ‚
2242 2761 2326 2804 Papae

1307 2812 1457 2842 intimato.

1309 2893 1405 2924 APAE
1424 2893 1489 2924 Rex
1503 2892 1606 2924 devota
1643 2892 1727 2923 edum
1740 2892 1834 2923 oscula
1851 2892 2012 2923 beatorum.
2337 2891 2415 2923 Ann.
2426 2891 2472 2925 D.-

1346 2932 1472 2963 Vacante
1489 2942 1577 2969 nuper
1631 2931 1797 2962 antuarienfi
1817 2931 1944 2962 Ecclesia
1956 2954 1967 2969 ‚
1992 2939 2043 2968 per
2065 2937 2209 2965 mortem,
2228 2929 2319 2959 boriae
2358 2939 2444 2972 1333.

1258 2972 1423 3010 memoriae,
1441 2970 1565 3001 Simonis
1577 2970 1671 3002 ultimi
1684 2970 1899 3008 Archiepiscopi
1911 2970 1970 3000 loci
1984 2969 2072 3006 illius,
2091 2967 2175 2997 Prior
2188 2967 2223 2997 &
2238 2965 2322 3010 Con-
2336 2973 2389 2998 An.
2405 2980 2434 3007 7.

1257 3019 1358 3040 ventus
1379 3009 1500 3048 ejusdem
1522 3009 1579 3040 loci
1613 3007 1829 3039 convenientes
1851 3009 1883 3038 in
1904 3007 2012 3038 Unum
2028 3030 2038 3044 ‚
2056 3007 2104 3044 in,
2123 3004 2321 3036 venerabilem
2338 3013 2368 3036 Ε.
2388 3017 2415 3045 3.

1257 3047 1389 3117 1³3³er
1403 3048 1566 3117 Joisiannem
1585 3033 1827 3086 wyntoniensem
1848 3046 2023 3086 Episcopum
2042 3043 2202 3075 direxerunt
2222 3045 2322 3075 unaiii-
2336 3050 2394 3113 {aa
2405 3056 2434 3083 7.

1257 3088 1343 3117 miter
1387 3095 1434 3117 ota
1458 3097 1491 3117 ua
2360 3107 2366 3113 .
2383 3095 2409 3122 3.
2423 3087 2454 3122 p:

1293 3125 1330 3156 Et
1344 3125 1435 3163 ipsum
1448 3127 1479 3155 in
1492 3110 1572 3155 suurn
1586 3124 1840 3163 Archiepiscopum
1853 3120 2036 3164 concorditer
2049 3119 2242 3159 postulatum,
2338 3133 2364 3152 2.
2373 3132 2409 3152 m.
2423 3126 2467 3160 ¹3?

1292 3164 1445 3202 Nobisque
1465 3173 1534 3194 cum
1556 3162 1684 3193 instantia
1704 3160 1894 3200 supplicarunt
1914 3167 1946 3190 ut
1963 3159 2122 3198 hujusmodi
2134 3158 2321 3190 Postulatiorii

1254 3201 1385 3232 nostrum
1398 3201 1548 3232 Assensum
1565 3201 1692 3238 Regium
1708 3199 1832 3237 praebere
1850 3207 2030 3236 curaremus,

1294 3240 1380 3277 Nos,
1397 3240 1477 3280 ipsius
1490 3239 1623 3276 Episcopi
1637 3237 1842 3268 considerantes
1857 3237 1955 3267 merita
1971 3235 2136 3275 probitatis,
2153 3245 2187 3267 ac
2208 3235 2319 3274 speran-

1255 3287 1294 3308 tes
1308 3278 1413 3308 diCtam
1428 3276 1657 3307 Cantuariensem
1671 3275 1826 3306 Ecclesiam
1835 3298 1844 3313 ,
1864 3275 1883 3305 fi
1896 3274 1976 3312 ipsius
1990 3274 2136 3314 Regimini
2156 3274 2317 3312 praesideat,

1254 3317 1283 3345 in
1299 3315 1518 3353 Temporalibus
1531 3316 1564 3345 ὃς
1580 3314 1789 3352 spiritualibus,
1807 3323 1857 3352 per
1870 3314 1950 3351 ipfius
1965 3311 2263 3351 circumspectionem
2282 3313 2318 3344 &

1254 3353 1423 3384 Industriarn
1432 3377 1441 3390 ,
1459 3353 1580 3384 salutaria
1593 3352 1674 3390 poffe
1687 3352 1820 3390 suscipere
1831 3353 2026 3391 incrementa,
2043 3349 2232 3382 Postulationi
2245 3359 2316 3389 prae-

1253 3391 1340 3422 diist-ae
1356 3391 1515 3430 hujusmodi
1530 3390 1681 3421 Assensurn
1696 3390 1824 3431 Regium
1837 3390 2014 3421 adhibuimus
2027 3390 2061 3421 &
2076 3389 2235 3427 Favorem;

1291 3429 1328 3460 Et
1348 3430 1406 3461 hoc
1427 3429 1527 3460 vestrae
1549 3429 1694 3460 sanctitati
1711 3429 1896 3468 significamus
1920 3438 1970 3467 per
1986 3428 2151 3467 praesentes,
2169 3435 2216 3463 ut,
2234 3424 2314 3463 quod

1252 3468 1286 3498 ad
1304 3479 1356 3499 vos
1375 3469 1494 3506 pertinet
1516 3469 1546 3498 in
1567 3468 1620 3499 hac
1640 3476 1735 3507 parte,
1752 3467 1865 3498 ulterius
1886 3467 1987 3506 exequi
2006 3465 2165 3505 dignemini
2184 3472 2254 3496 cum
2273 3463 2313 3495 fa-

1252 3517 1332 3539 VOl‘e.

1287 3545 1322 3576 In
1334 3546 1411 3584 cujus
1420 3570 1429 3583 ,
1447 3546 1509 3577 &c.
2162 3578 2168 3584 .

1326 3583 1395 3615 Dat.
1409 3585 1483 3622 apud
1494 3583 1659 3615 Clarendon
1667 3606 1678 3623 ,
1695 3583 1813 3614 decimo
1826 3582 1933 3615 ostavo
1946 3582 1991 3613 die
2002 3578 2191 3612 Novembris.

1751 3657 1805 3685 Per
1819 3657 1912 3684 Breve
1923 3653 1955 3683 de
1969 3652 2090 3682 Privato
2104 3645 2203 3686 Sigilh.
2326 3679 2343 3697 ‘
2360 3681 2403 3709 IV

2322 3717 2390 3756 583.
2405 3701 2414 3710 .
2451 3762 2456 3769 .

1251 3781 1277 3807 θ*
1303 3781 1360 3813 Ad
1379 3785 1511 3828 Papam,
1551 3792 1622 3827 uper
1635 3780 1773 3827 Epistopo
1789 3776 1981 3820 Wntonienst
1996 3778 2028 3808 in
2043 3770 2304 3821 Archiepiftopum
2324 3755 2454 3836 Assg3313·

1566 3829 1812 3873 Cantuarienftm
1830 3825 1989 3870 quiulato.
2321 3836 2388 3909 ἕης
2391 3843 2419 3869 7.

1250 3912 1398 3973 PAPAE
1410 3914 1477 3946 Rex
1488 3914 1593 3947 devota
1605 3914 1711 3958 pedum
1725 3911 1820 3957 oscula
1832 3911 1990 3952 beatorum.
2051 3947 2057 3954 ⁶
2086 3947 2092 3954 ι
2158 3948 2163 3954 ·
2284 3947 2291 3954 .
2321 3913 2393 3938 Rom.
2411 3912 2440 3946 7.·

1337 3951 1413 3983 lnter
1432 3962 1534 3984 caetera
1556 3953 1649 3983 cordis
1668 3951 1757 3982 nostri
1779 3946 1966 3979 desiderabilia
1983 3946 2135 3985 specialiter
2156 3946 2185 3977 id
2198 3956 2213 3976 a
2234 3954 2306 3985 peti-
2320 3950 2350 3975 E.
2371 3957 2398 3986 3,
2414 3954 2455 3978 m.

1249 3999 1331 4034 mus,
1348 3991 1381 4022 ὃς
1397 3991 1526 4023 instantii
1539 3991 1734 4031 prosequimur
1746 3986 1892 4026 ampliori,
1914 3992 1944 4016 ut
1960 3987 2050 4017 cuntis
2063 3985 2197 4018 Ecclefiis
2239 3985 2306 4053 {²233}
2320 3994 2346 4014 2.
