2562 4279
219 86 268 137 58

59 166 134 200 Anti.
149 165 189 198 D.
206 177 247 200 tre
261 168 406 200 Richardo
420 168 454 200 de
470 168 621 199 Ravielino
634 167 791 206 Draperio,
809 165 900 196 Fratre
916 164 1050 204 Philippo
1073 165 1108 196 de
1125 165 1278 202 Gragnana

83 214 154 246 ¹313

61 248 131 275 Eav.
146 255 173 273 π.

89 701 109 721 ¹5
127 702 182 729 Ill.

103 742 170 775 460.

91 3626 110 3644 ⁹
133 3626 189 3653 ΠΙ.

107 3666 177 3700 461.

212 207 310 238 Priore
325 208 432 246 Urbis,
450 208 542 237 Fratre
558 205 704 236 Leonardo
726 205 760 234 dc
776 204 907 234 Tibercis
925 203 1024 235 Priore
1040 204 1223 235 Venetiarum
1242 204 1275 233 δε

211 244 394 276 Procurator-e
408 247 437 274 in
452 244 582 275 Romana
597 243 684 274 Curia
699 243 837 281 generali,
853 242 947 273 Fratre
959 242 1086 274 Henrico
1101 243 1136 273 de
1153 242 1277 279 Mayne-

210 285 272 322 riis,
291 284 382 314 Fratre
399 283 521 313 Arnaldo
535 282 570 312 de
584 281 690 311 Solerio
700 305 707 311 .
726 280 817 311 Fratre
831 281 956 312 Artando
964 282 1002 311 de
1012 281 1189 312 Chavanono
1198 303 1207 318 ,
1225 290 1280 309 no-

212 321 260 352 stri
278 322 407 360 Magistri
421 321 527 357 Sociis,
545 321 577 351 δε
592 320 681 348 Fratre
697 319 826 350 Duranto
837 320 873 351 de
889 319 1083 358 Praeposltura,
1102 319 1279 359 Praeceptore

213 359 325 390 Montis
340 360 452 390 Chalini
468 358 641 389 &Salvitatis
652 357 686 387 de
702 357 846 388 Auriliaco
866 358 946 396 (quos
967 359 994 388 ei
1015 358 1152 388 donamus
1167 358 1199 388 ὃς
1216 357 1277 386 afli-

215 408 332 466 {namus
347 399 375 428 in
387 398 503 435 Socios,
522 396 689 427 consiliarios
703 396 737 426 &
753 396 937 435 coadjutores)
952 395 1125 434 disponimus
1144 395 1282 425 destinan-

236 446 298 466 uni:

253 474 400 512 Ipsumque
414 474 442 503 in
454 472 587 502 omnibus
601 472 633 503 ὃ(
648 471 760 510 singulis
780 471 949 503 Prioratibus
958 496 967 510 ,
986 467 1196 511 PraeceptoriiS,
1214 469 1282 500 Cas-

216 511 347 550 tellaniis,
371 511 494 549 Bajuliis,
522 510 682 549 Domibus,
708 510 892 548 Civitatibus,
910 510 1030 549 Castris,
1059 510 1158 548 villis,
1178 508 1281 546 Locis,

216 551 249 580 &
264 549 480 588 quibuscumque
495 548 553 578 aliis
565 547 663 587 Bonis,
676 548 849 588 Juribus,&
865 549 1028 579 Rationibus
1041 548 1157 586 nostris,
1174 546 1282 578 &Do-

217 587 280 618 mfis
293 588 392 618 nostra:
405 588 537 624 antiquiS,
555 597 588 617 ac
605 588 688 617 nobis
701 588 734 618 &
744 588 855 618 Domui
872 589 980 618 noviter
991 585 1201 625 quoquomodo
1210 595 1283 615 con-

217 625 313 662 cessis,
331 627 363 656 &
385 626 569 663 imposterum
590 625 793 663 concedendis,
809 627 838 656 in
861 626 942 656 didicis
962 625 1144 656 transmarinis
1161 623 1283 661 partibus

219 663 394 694 existentibus
410 686 419 701 ,
444 673 630 702 quaecumque
647 664 715 702 sint,
742 666 932 702 ubicumque,
955 665 988 694 &
1011 664 1038 692 in
1062 662 1282 700 quibuscumque

220 703 239 722 *¹
255 701 421 740 consistant,
440 703 473 732 &
489 712 667 741 quocumque
689 703 848 733 censeantur
868 703 1004 740 nomine,
1022 701 1049 730 V
1051 702 1218 738 iiitatorem,
1236 699 1284 729 ln-

218 740 392 778 quiiitorem,
416 739 614 771 Correetorem
629 764 639 780 ,
664 740 908 778 Reformatorem,
933 739 1192 781 Adiiiinistratorem
1215 747 1282 767 cum

218 779 319 816 libera,
339 778 437 810 locum
457 778 583 809 nostrum
603 788 758 817 tenentem,
779 789 877 809 verum
915 788 1023 808 certum
1039 779 1071 808 δε
1095 777 1282 806 indubitatum

218 815 448 855 Procuratorem,
465 817 631 856 Sindicum,
647 817 837 848 Yconomum
847 840 855 854 ,
875 801 1011 846 lictorem
1021 817 1077 858 ,ὃς
1085 815 1119 845 ad
1134 814 1283 857 praedidtas

218 855 323 893 curias,
341 854 486 894 nostrum,
503 856 537 886 &
552 854 668 886 Dormis
681 856 826 894 specialem
848 854 880 884 N
885 855 1002 884 uncium
1024 854 1160 891 faeiniiis,
1178 852 1283 883 consti-

217 894 340 931 mimus,
355 893 516 924 auctoritate
530 894 705 932 praesentium
714 918 723 932 ,
741 895 774 924 &
788 903 927 923 creamus:
1260 929 1265 934 .

255 930 360 962 Dantes
375 933 407 963 &
421 932 607 962 concedentes
624 932 715 961 eidem
736 931 872 962 Viiitatori
883 954 891 969 ,
912 930 1085 968 Inquisitori,
1104 929 1283 966 Corre6tori,

218 968 429 1008 Reformatori,
447 970 674 1001 Administratori
688 980 755 1000 cum
776 971 875 1007 libera,
893 969 991 999 locum
1013 969 1141 999 nostrum
1161 969 1284 1005 tenenti,

217 1007 571 1049 Procuratori‚‘Syndico,
590 1008 765 1047 Yconomo,
790 1008 906 1045 Affiori,
924 1010 957 1038 δε
981 1007 1101 1038 Nuncio
1122 1005 1232 1044 nostro,
1250 1006 1284 1036 δε

217 1045 352 1084 Dormis,
372 1048 400 1077 in
421 1047 603 1077 transmarinis
617 1048 751 1085 partibus,
769 1047 801 1077 ὃς
825 1046 917 1076 Curiis
936 1046 1096 1083 antediCtis,
1117 1045 1229 1083 plenam
1251 1045 1283 1074 &

218 1084 335 1115 liberam
349 1084 525 1123 facultatem,
549 1085 739 1115 auctoritatem
763 1086 796 1116 &
817 1085 960 1115 licentiam
976 1107 986 1122 ,
1011 1094 1043 1114 ac
1063 1086 1146 1113 etiam
1168 1082 1285 1125 speciale

219 1123 381 1153 mandatum
391 1146 400 1160 ,
418 1123 443 1153 se
455 1123 489 1153 ad
502 1122 569 1160 ipsas
584 1132 672 1161 partes
688 1124 891 1161 transmarinas,
910 1124 943 1153 ὅ(
969 1122 1085 1161 Curias,
1111 1123 1143 1153 ὃ(
1164 1123 1283 1159 ipsarum

221 1160 377 1200 quamlibet
390 1161 565 1199 personaliter
576 1162 767 1192 transferendi:

261 1200 304 1229 Ac
322 1200 349 1228 in
365 1201 421 1238 eis,
438 1200 470 1231 &
484 1200 511 1229 in
528 1200 673 1238 universis,
691 1201 723 1230 &
741 1199 852 1236 lingulis
867 1198 1053 1237 prioratibus,
1070 1198 1286 1236 praeceptoriis,

221 1235 408 1276 Castellaniis,
428 1238 552 1277 BajuliiS,
570 1237 1050 1276 Domibus,CivitatibiiS,Castris,
1070 1237 1167 1274 Villis,
1185 1238 1217 1267 ὃ(
1230 1236 1287 1266 aliis

246 1275 391 1306 uibuscum
414 1287 447 1306 ue
462 1277 564 1314 Locis,
582 1277 615 1307 δε
630 1276 730 1314 Bonis,
744 1277 869 1315 juribus,
886 1277 919 1307 ὃς
934 1276 1102 1306 Rationibus
1121 1275 1218 1305 nostris
1226 1297 1243 1317 ,⁴
1253 1275 1286 1305 δε

256 1313 341 1344 οῐηῦε
360 1325 398 1345 no
424 1325 460 1344 rae
477 1316 609 1352 antiquis,
627 1317 790 1353 noviterque
811 1316 892 1344 nobis
911 1315 944 1345 δε
966 1314 1096 1353 Domui,
1116 1315 1145 1343 in
1168 1317 1285 1352 praerato

217 1351 304 1383 Sacro
318 1352 452 1383 Generali
470 1353 620 1390 Concilio,
638 1353 674 1383 de
690 1354 769 1383 bonis
785 1352 902 1383 Domus
918 1352 1032 1383 Militiae
1039 1352 1175 1390 Templi,
1194 1362 1284 1390 quon-

215 1389 300 1428 dam,
317 1391 362 1421 vel
374 1391 501 1429 aliunde,
520 1391 733 1430 quomodolibet
747 1391 882 1429 elargitis,
901 1392 934 1422 &
949 1391 1050 1421 deinde
1068 1390 1232 1430 largiendis,
1249 1390 1284 1420 de

215 1429 350 1467 consilio,
369 1430 524 1466 voluntate,
542 1439 574 1459 ac
587 1431 712 1467 expreilo
725 1429 827 1460 assensu
842 1430 1041 1467 praemistorum
1057 1429 1209 1460 Sociorum
1222 1429 1284 1459 suo-

217 1477 299 1506 rum,
318 1467 361 1497 vel
379 1467 495 1506 Majoris
509 1469 589 1505 partis
606 1478 721 1506 eorum,
740 1469 788 1498 sibi
808 1477 875 1498 tunc
891 1468 1092 1506 assistentium,
1111 1478 1157 1506 per
1177 1467 1220 1505 se,
1238 1467 1282 1497 vel

214 1505 316 1543 alium,
333 1505 377 1536 seu
392 1506 474 1544 alios,
492 1507 635 1545 visitandi,
653 1507 822 1547 inquirendi,
840 1507 1017 1545 corrigendi,
1032 1506 1220 1544 reformandi,
1233 1505 1283 1535 ad-

218 1543 410 1582 ministrandi,
435 1546 622 1583 procurandi,
651 1546 818 1582 nunciandi,
842 1546 1000 1584 reparandi,
1024 1545 1210 1583 emendandi,
1234 1553 1281 1574 ex-

217 1581 346 1621 cusandi,
364 1583 410 1620 sup
430 1583 532 1613 licandi
547 1584 575 1613 in
592 1583 675 1614 dietis
689 1585 788 1621 curiis,
806 1584 838 1614 &
852 1584 910 1614 aliis
924 1584 1148 1622 quibuscunque,
1166 1583 1283 1613 nomine

217 1620 332 1657 nostro,
348 1621 381 1651 &
427 1620 527 1659 omsis,
545 1621 579 1652 ὃ(
596 1622 710 1652 Litteras
724 1622 832 1653 Gratiae
849 1631 929 1661 atque
940 1622 1060 1661 Justitiae
1072 1621 1252 1660 impetrandi:

258 1659 305 1689 De
320 1659 465 1697 largitione
481 1660 623 1691 ditstorum
634 1662 775 1691 bonorum
785 1684 796 1700 ,
813 1662 845 1691 δε
861 1662 977 1691 aliorum
1002 1662 1211 1699 quamplurium
1232 1660 1282 1689 be-

218 1696 386 1729 neficiorum
434 1698 515 1729 dieto
535 1698 667 1729 Domino
690 1699 785 1729 nostro
805 1699 926 1729 Summo
947 1698 1099 1736 Pontifici,
1116 1699 1172 1736 ejus
1194 1698 1283 1729 Sacro

219 1734 368 1775 Collegio,
388 1721 573 1767 iilustriffimis
592 1738 736 1776 Regibus,
755 1739 788 1768 &
810 1737 869 1767 aliis
893 1737 1071 1776 Principibus
1090 1737 1284 1775 Orthodoxis,

218 1783 307 1810 grates
321 1774 510 1806 devotissimas
530 1774 677 1806 referendi:
699 1776 866 1814 visitatoris,
884 1775 1070 1814 inquisitoris,
1089 1776 1285 1813 (jorrectoris,

217 1812 442 1852 Reformatoris,
459 1813 698 1844 Administratoris
719 1825 787 1845 cum
803 1814 905 1853 libera,
925 1815 1122 1852 Nunciatoris,
1143 1813 1282 1844 Procura-

217 1852 298 1889 toris,
314 1852 345 1882 δε
367 1852 464 1882 locum
479 1852 607 1883 nostrum
621 1853 774 1891 Tenentis,
793 1854 822 1882 iii
842 1852 943 1893 Capite
963 1863 996 1883 ac
1019 1854 1048 1882 in
1073 1852 1233 1891 Membris,
1250 1853 1283 1883 &

215 1891 245 1920 in
261 1890 446 1928 quascumque
462 1890 588 1928 personas
604 1891 722 1921 Domcis
744 1891 860 1929 nostrae,
881 1891 1079 1930 cujuscumque
1100 1890 1202 1929 status,
1220 1900 1284 1928 gra-

217 1927 288 1965 diis,
307 1928 463 1965 dignitatis,
482 1929 668 1967 auc'toritatis,
686 1930 719 1960 δε
739 1930 924 1969 conditionis,
941 1931 973 1960 &
991 1939 1174 1968 quocumque
1188 1938 1285 1959 exem-

217 1967 314 2004 tionis,
341 1967 473 2008 generalis
493 1967 536 1997 vel
555 1967 694 2006 specialis,
713 1969 832 1998 munitas
853 1968 1023 2007 privilegio,
1041 1968 1084 1999 vel
1105 1967 1217 2006 litteris,
1233 1967 1283 1998 sub

218 2014 395 2043 quacumque
409 2005 502 2035 tormfi
518 2006 669 2035 verborum
679 2028 688 2043 ,
705 2008 743 2036 eis
760 2006 914 2044 conceffis,

257 2042 402 2072 Officium
416 2043 460 2073 scu
473 2042 569 2073 officia
579 2066 588 2081 ,
607 2045 787 2082 conjunffim
802 2044 846 2074 vel
867 2044 1008 2082 separatim
1018 2066 1028 2082 ,
1046 2043 1127 2081 plene
1144 2043 1176 2074 &
1197 2043 1284 2073 libere

218 2081 392 2119 exercendi,
417 2090 516 2112 contra
534 2082 601 2120 ipsas
623 2082 750 2120 personas
768 2083 801 2113 δε
821 2083 938 2120 ipsarum
960 2083 1128 2122 quamlibet,
1152 2092 1200 2119 per
1223 2091 1288 2112 mo-

217 2119 287 2150 dum
304 2121 502 2159 inquisitionis,
520 2120 743 2151 denunciationis
759 2122 792 2152 &
806 2121 988 2152 accus-ationis
1011 2122 1105 2159 <prout
1127 2120 1286 2151 discretioni

218 2159 272 2189 filie
288 2158 378 2188 visum
393 2158 485 2195 fuerit)
505 2159 696 2199 procedendi,

254 2196 306 2227 Eas
321 2197 353 2228 &
370 2197 521 2235 quamlibet
535 2208 630 2228 earum
645 2198 680 2229 ad
698 2197 738 2229 sui
758 2197 949 2237 praesentiam,
966 2197 1080 2236 quando
1103 2197 1137 2228 &
1158 2198 1285 2236 quotiens

219 2235 354 2273 voluerit,
373 2235 526 2265 evocandi:

257 2273 382 2303 Plantam
397 2273 440 2304 seu
456 2273 557 2310 plantas
580 2273 722 2312 Fratrum,
739 2273 902 2310 Fsgardium
926 2275 970 2304 seu
992 2273 1124 2311 Esgardia
1147 2273 1285 2311 faciendi,

219 2312 252 2342 &c
267 2311 378 2342 tenendi
391 2311 427 2342 de
443 2313 498 2350 eis3
517 2312 549 2341 δε
563 2311 672 2341 easdem
689 2312 723 2342 de
740 2312 789 2342 suis
810 2311 978 2351 excessibus,
992 2309 1075 2350 juna*
1091 2311 1209 2342 Domfis
1232 2322 1285 2342 no-

219 2349 283 2380 strae
297 2349 393 2380 statuta
407 2360 439 2379 ac
457 2350 542 2379 bonas
557 2350 768 2380 consuetudines
779 2374 787 2389 ,
807 2351 955 2388 puniendi:

253 2387 433 2418 Removendi
448 2398 493 2418 eas
515 2399 529 2418 a
542 2387 592 2418 suis
606 2388 731 2427 Bajuliis,
750 2389 910 2427 Domibus,
929 2387 1044 2419 Officiis
1062 2412 1072 2428 ,
1098 2389 1131 2419 δε
1154 2387 1286 2419 Admini-

217 2425 408 2465 strationibus3
426 2427 504 2465 &,s1
517 2426 627 2457 necesse
640 2427 737 2465 fuerit,
757 2428 910 2458 carceribus
925 2427 1119 2465 mancipandi,
1137 2427 1181 2457 vel
1195 2427 1287 2465 nobis,

216 2466 284 2495 citra
299 2475 393 2504 mare,
408 2464 586 2503 judicandas,
608 2467 775 2504 puniendas,
793 2467 990 2504 corrigendas,
1007 2474 1051 2505 aut
1068 2467 1097 2495 in
1113 2475 1287 2495 carceresre-

215 2503 385 2572 cludffndas,
411 2513 480 2534 cum
506 2504 586 2542 plena
602 2503 801 2535 informatione
816 2504 926 2535 suorum
951 2505 1128 2542 excessuum,
1152 2503 1289 2534 transmit-

219 2550 265 2572 ten
307 2553 312 2572 :

255 2580 303 2611 De
318 2581 371 2618 eis,
391 2580 423 2611 S<
440 2590 545 2610 earum
556 2580 676 2618 qualibet
699 2581 851 2621 postulanti
872 2581 989 2612 cuilibet
1006 2603 1015 2619 ,
1040 2580 1286 2618 complementum

213 2618 325 2657 justitiae
339 2618 476 2656 faciendi,
493 2620 526 2649 &
542 2619 590 2649 sibi
605 2619 661 2649 fieri
675 2620 710 2649 de
722 2620 799 2658 ipsis,
818 2629 914 2650 coram
936 2619 1156 2657 quibuscumque
1175 2618 1286 2657 judici-

217 2658 283 2696 bus,
301 2657 498 2687 Ecclesiasticis
512 2657 555 2688 vel
571 2658 742 2688 Secularibus
755 2682 764 2697 ,
790 2658 890 2689 nostro
911 2659 943 2689 ὃ(
966 2657 1081 2688 Domus
1103 2657 1207 2687 nostrae
1229 2667 1286 2687 no-

220 2697 315 2733 mine,
333 2695 500 2733 postulandi:

254 2733 386 2770 Domos,
404 2734 531 2771 Bajulias,
550 2733 676 2772 Officia,
693 2735 726 2765 &
749 2733 1028 2772 Administrationes,
1047 2734 1084 2764 sic
1106 2735 1144 2764 eis
1168 2733 1284 2772 ablatas,

217 2772 338 2839 pergonis
362 2773 419 2802 aliis
438 2772 635 2803 iufflcientibus
655 2774 784 2804 tenendas
805 2775 839 2804 ὃς
860 2773 1012 2812 regendas,
1037 2772 1122 2803 libere
1146 2773 1285 2803 commit—

219 2820 265 2841 ten
287 2820 313 2839 1:

253 2847 403 2879 Univeisis
418 2848 451 2879 &
463 2848 575 2883 singulas
592 2849 717 2888 Domus,
736 2850 884 2889 Ecclesias,
902 2848 1045 2888 Capellas,
1064 2849 1210 2887 Oratoria,
1231 2847 1282 2880 Ci-

216 2888 328 2925 vitates,
353 2886 449 2917 Castra
494 2881 594 2926 Villas,
611 2888 732 2925 Terras,
751 2888 897 2926 Grantias,
915 2889 949 2918 &
973 2888 1050 2918 Loca
1084 2886 1284 2925 Polleffiones,

212 2924 435 2964 Jurisdiistiones,
454 2909 591 2956 Redditus
607 2934 687 2964 arque
700 2926 777 2965 Jura,
799 2929 950 2965 omniaque
973 2927 1024 2957 alia
1047 2911 1142 2965 liena,
1162 2925 1284 2956 Mobilia

216 2964 250 2994 ὃ(
264 2963 445 3001 immobilia,
460 2964 504 2993 vel
518 2964 544 2994 se
559 2966 716 3002 moventia,
735 2975 801 2995 cum
822 2967 956 2995 omnibus
980 2964 1141 3003 Membris,
1158 2963 1284 3003 juribus,

217 3003 251 3033 &
267 3001 440 3032 Pertinentiis
453 3001 520 3039 suis,
538 3004 568 3032 in
583 3002 664 3033 diCtis
679 3003 797 3040 partibus
810 3003 992 3033 transmarinis
1012 3002 1201 3041 consistentia,
1219 3001 1283 3032 Do-

218 3040 284 3070 mus
303 3041 336 3071 &
356 3040 473 3070 Ordinis
490 3040 602 3070 Militiae
623 3041 754 3081 Templi,
773 3042 915 3080 quondam
937 3043 1018 3071 nobis
1058 3051 1091 3071 ac
1114 3041 1229 3071 Domui
1253 3041 1283 3070 in

217 3078 298 3108 dieto
313 3079 417 3109 Sandio
430 3077 566 3108 Concilio
580 3079 695 3117 collata,
715 3080 747 3109 &
762 3080 941 3118 imposterum
957 3064 1127 3110 conserenda
1150 3079 1284 3117 ubilibet,

218 3118 312 3146 immo
325 3118 457 3154 nomina,
475 3117 599 3147 actiones
613 3118 645 3148 ὃς
656 3119 730 3155 jura,
749 3128 812 3155 quie
835 3127 960 3155 tempore
975 3119 1109 3157 captionis
1138 3116 1283 3155 Magistri,

217 3155 251 3185 &
268 3155 441 3192 quorundam
455 3155 577 3186 Fratrum
593 3156 672 3193 ipsius
685 3155 801 3186 Ordinis
814 3156 933 3194 Templi
952 3158 981 3186 in
1003 3157 1110 3192 Regno
1131 3155 1258 3186 Franciae
1273 3178 1282 3193 ,

218 3194 405 3223 communiter
428 3194 529 3232 facite,
546 3194 666 3232 eisdem,
685 3193 795 3224 Domui
815 3195 846 3224 δε
862 3194 983 3232 Ordini,
1001 3194 1046 3224 vel
1068 3193 1185 3231 personis
1203 3193 1283 3231 ipsius

219 3230 337 3260 Ordinis
364 3230 479 3261 Militiae
510 3232 646 3272 Templi,
671 3242 851 3270 quocumque
876 3233 965 3262 modo
990 3233 1212 3270 competebant,
1239 3231 1282 3261 vel

219 3278 383 3307 competere
398 3278 538 3308 poterant,
558 3280 655 3301 contra
675 3270 864 3308 quoscumque
888 3270 1018 3308 petendi,
1035 3270 1207 3307 requirendi,
1224 3270 1281 3299 exi-

219 3309 323 3346 gelidi,
342 3307 496 3345 recipiendi
510 3318 524 3337 a
537 3309 758 3346 quibuscumque
774 3309 899 3339 Personis
908 3331 917 3347 ,
935 3307 1133 3338 Eccleliasticis
1145 3308 1284 3338 velSecu-

218 3345 334 3384 laribus,
358 3346 390 3377 &
405 3355 436 3375 ea
456 3345 490 3375 ad
508 3355 575 3384 nos,
593 3347 626 3376 δε
643 3349 841 3384 proprietatem
860 3346 976 3377 Domus
1001 3345 1117 3384 nostrie,
1142 3356 1175 3376 ac
1197 3345 1284 3376 nostri

221 3383 355 3422 Ordinis,
372 3383 544 3414 adducendi:

258 3420 446 3459 Corporaliter
461 3421 674 3460 possessionem,
692 3422 736 3451 vel
751 3422 823 3459 quasi
833 3445 842 3460 ,
859 3422 1024 3452 eorumdem
1034 3445 1043 3460 ,
1063 3421 1157 3452 nostro
1171 3423 1204 3452 &
1219 3420 1285 3451 Do-

220 3459 287 3490 mfis
301 3460 401 3490 nostrae
417 3463 549 3498 nomine,
567 3471 616 3498 per
630 3460 672 3499 se,
690 3461 733 3490 vel
747 3463 829 3490 alium
839 3483 848 3498 ,
868 3461 912 3490 seu
926 3461 992 3490 alios
1000 3484 1009 3498 ,
1028 3460 1212 3498 adipiscendi:

261 3497 400 3536 ipsamque
413 3499 560 3535 regnandi,
580 3499 770 3538 gubernandi,
788 3499 821 3530 ὅ(
834 3498 1063 3537 administrandi,
1088 3499 1123 3529 de
1144 3498 1285 3529 voluntate

221 3535 255 3566 ὅτ.
269 3537 443 3573 beneplacito
456 3538 534 3567 Sedis
550 3536 735 3575 Apostolicae:

260 3573 365 3603 Eadem
381 3576 453 3604 bona
471 3578 554 3605 etiam
570 3577 696 3614 antiqua,
715 3575 822 3605 fruEtus
837 3575 870 3605 &
888 3583 1037 3612 proventus
1057 3584 1157 3605 eorum
1167 3598 1175 3612 ,
1191 3583 1286 3604 taxan-

223 3611 270 3650 di,
287 3612 331 3641 vel
346 3615 427 3642 taxari
444 3614 461 3632 ἧς
477 3614 612 3644 faciendi:
633 3616 666 3644 ὃ(
679 3624 710 3644 ea
722 3624 769 3651 per
784 3613 915 3650 Domos,
933 3613 977 3644 seu
994 3613 1107 3649 Bajulias
1119 3613 1288 3642 determina-

225 3658 263 3716 {ias
277 3650 309 3716 {c
325 3650 467 3689 limitatas,
486 3661 514 3682 ut
528 3652 619 3682 utilius
639 3653 705 3691 sibi,
725 3653 758 3683 &
777 3652 923 3682 astantibus
944 3653 969 3682 ei
990 3651 1078 3682 visum
1100 3651 1198 3688 fuerit,
1215 3651 1289 3683 divi-

246 3697 280 3716 en
301 3699 327 3725 i,

263 3725 392 3768 BajuliiS,
408 3726 450 3757 seu
467 3727 628 3766 Domibus,
645 3737 692 3765 per
710 3739 793 3766 eum,
813 3727 856 3758 vel
876 3728 961 3759 alium
971 3750 981 3766 ,
1000 3726 1044 3758 seu
1063 3727 1147 3765 alios,
1164 3728 1286 3758 limitatis

224 3764 330 3807 taliter,
347 3766 531 3807 reipoiifioiies
543 3775 628 3796 certas
645 3767 678 3797 δε
704 3768 834 3805 pingues,
851 3766 885 3797 ad
904 3766 1050 3797 utilitatem
1066 3766 1163 3797 Terrae
1177 3766 1288 3798 Sandiae

226 3811 349 3839 negotii,
367 3804 545 3838 imponendi:

261 3839 332 3876 lpsas
347 3839 457 3881 Bajulias
469 3842 500 3871 &
517 3841 646 3879 Domos,
671 3842 803 3879 regendas
822 3843 856 3872 &
877 3841 1105 3873 administrandas
1125 3841 1160 3873 ad
1181 3843 1287 3880 vitam,

225 3878 270 3908 vel
285 3878 348 3907 alias
361 3879 438 3916 ipsis,
460 3880 557 3915 quibus
571 3880 699 3917 expedire
716 3882 843 3917 noverit,
862 3881 1062 3911 committendi
1078 3881 1111 3911 &
1135 3880 1287 3910 conferen-

224 3916 274 3985 di(3
288 3916 321 3984 {c
337 3925 385 3945 eos
396 3917 430 3946 ab
449 3916 552 3947 eisdem
572 3918 755 3957 removendi,
775 3928 862 3957 quum
881 3921 914 3950 &
938 3920 1063 3957 quotiens
1084 3919 1133 3950 sibi
1156 3918 1285 3958 expedire

225 3964 254 3986 vr
274 3965 289 3984 e
310 3963 378 3985 itur:

655 76 1456 130 coNvENTioNES,

1511 71 1904 122 LITERAE‚'

1362 163 1483 195 Nobiles
1497 164 1628 194 homines
1642 163 1675 194 &
1691 160 1845 198 innobiles,
1863 158 1991 190 Clericus
2011 158 2044 190 &
2064 156 2218 197 Seculares,
2234 165 2287 196 pro
2305 156 2388 188 servi-
2403 157 2479 189 Ann.
2493 151 2533 189 D.-
2559 187 2562 190 .

1318 203 1358 232 tio
1381 203 1414 233 &
1437 204 1575 239 regimine
1594 202 1735 232 dictarum
1758 199 1924 238 Bajuliarum
1946 199 1978 229 &
2004 196 2188 235 Domorum,
2210 198 2245 227 ad
2267 194 2385 240 Domus
2424 205 2510 236 1313.

1316 241 1420 271 nostrae
1437 241 1609 272 consortium
1620 263 1629 278 ,
1647 240 1666 269 si
1687 238 1798 269 necess'e
1815 237 1914 275 fuerit,
1931 236 2111 274 admittendi,
2129 236 2162 267 &
2179 235 2241 273 ipsis
2261 233 2383 265 admissis
2401 239 2467 264 Edv.
2483 247 2511 265 2.

1317 279 1424 347 ιέοίὶτέἰ
1439 280 1581 317 religionis
1604 279 1752 315 habitum,
1777 277 1810 307 &
1842 275 1998 306 Nobilibus
2030 273 2146 305 Militiae
2171 273 2319 312 cingulum
2337 273 2386 304 tri-

1341 328 1393 348 uen
1433 327 1438 346 z

1354 356 1456 386 Fratres
1470 356 1503 386 &
1517 355 1648 386 Donatos
1658 377 1668 393 ,
1684 354 1720 385 de
1734 353 1790 384 una
1806 351 1908 389 Domo
1921 352 1950 382 in
1967 351 2067 390 aliam,
2085 351 2118 382 &
2140 350 2177 382 de
2198 360 2256 381 uno
2270 350 2384 381 Priora-

1319 402 1347 424 tu
1367 395 1396 423 in
1410 394 1509 432 aliurn,
1526 393 1716 424 transferendi:
1744 393 1777 423 &
1800 392 1869 421 citra
1895 399 1970 420 mare
1993 391 2076 420 etiam
2099 390 2220 427 Franes,
2238 389 2385 428 Donatus,

1319 432 1476 471 Homines,
1495 432 1643 470 VaffallOS,
1663 432 1696 463 &
1712 429 1845 461 Subditos
1856 428 2049 467 quoscumque
2066 427 2183 459 Domfis
2197 427 2316 466 nostre,
2332 437 2384 458 eu·-

1316 470 1400 508 jusvis
1422 470 1522 509 status,
1541 469 1660 508 gradus,
1683 469 1841 506 dignitatis,
1863 466 2049 505 auCtoritatis,
2067 467 2101 497 &
2123 467 2310 505 conditionis,
2326 475 2381 504 pro

1319 509 1419 538 Terrae
1430 509 1530 539 sanstae
1541 510 1671 546 servitio,
1689 508 1733 538 vel
1748 515 1923 545 quicumque
1938 504 1991 535 alia
2006 506 2129 543 ratione,
2139 506 2183 536 seu
2198 504 2278 536 causa
2295 513 2383 536 trans-

1321 547 1471 577 mittendi:
1496 556 1558 586 aut,
1585 547 1605 577 si
1628 546 1796 583 maluerint,
1819 545 1914 575 secum
1934 543 2071 573 ducendi:
2089 545 2138 582 &,
2164 553 2193 574 ut
2219 545 2288 574 citra
2307 552 2384 586 mare

1320 586 1447 623 veniant,
1463 586 1502 615 eis
1522 586 1554 616 &
1575 585 1686 621 singulis
1708 594 1808 614 eorum
1831 581 2012 613 effec‘tualiter
2022 582 2213 625 injungendi,
2230 582 2346 620 eosque,
2364 584 2385 612 11

1321 633 1380 653 non
1396 625 1543 661 venerint,
1560 631 1690 660 tanquam
1705 621 1835 652 Rebelles
1855 622 1889 652 &
1910 620 2124 659 Inobedientes,
2143 622 2177 652 ὃς
2196 621 2387 659 quoscumque

1322 661 1456 692 mandatis
1474 661 1574 691 nostris
1592 660 1719 691 Rebelles
1733 661 1766 691 &
1782 659 1988 697 inobedientes,
2005 660 2163 690 invenerint
2182 669 2229 697 pei·
2246 659 2383 699 justitiam

1321 698 1439 729 Domus
1454 699 1554 730 nostrae
1570 698 1706 729 ducendi:
1726 699 1770 729 vel
1791 698 1861 736 ipsos
1881 697 1957 727 aliter
1976 697 2122 734 puniendi:
2148 708 2181 728 ac
2201 708 2315 729 vocatos
2332 708 2384 739 per

1321 747 1374 767 nos
1397 738 1430 767 ad
1459 747 1547 776 partes
1563 737 1769 775 transmarinas,
1792 738 1821 766 in
1838 736 2020 766 transmarinis
2043 737 2163 773 partibus
2184 737 2386 777 retinendi3&

1321 776 1359 805 eis
1374 776 1497 813 ipsorum
1513 776 1688 814 passagium,
1706 775 1751 805 seu
1767 774 1885 812 passagia
1897 774 2033 805 relaxandi
2047 775 2080 805 ὃς
2092 775 2267 813 remittendi,
2283 785 2386 806 nume—

1319 824 1383 843 rum
1396 815 1521 844 fratrum
1534 813 1647 844 suorum
1654 837 1664 852 ,
1683 813 1880 850 Donatorum,
1896 813 1928 843 &
1943 813 2058 843 aliorum
2078 813 2270 852 Servitorum,
2293 815 2322 844 in
2343 815 2388 845 di-

1321 852 1373 881 ctis
1389 852 1516 890 Bajuliis,
1530 852 1574 882 seu
1591 851 1736 882 Domibus
1759 850 1856 881 nostris
1873 851 2095 889 quibuscumque
2115 852 2284 891 sistentium,
2300 851 2391 883 dimi»-

1320 890 1440 928 nuendi,
1455 892 1504 928 &,
1523 891 1542 920 si
1559 891 1607 920 sibi
1621 890 1768 928 expediens
1782 889 1936 927 videbitur,
1956 891 2168 925 augmentandi:

1361 928 1417 958 Pro
1435 929 1563 959 universis
1578 929 1611 959 δε
1626 928 1738 965 singulis
1753 927 1834 957 dictis
1851 927 1932 957 bonis
1944 927 2060 966 nostris,
2079 929 2112 959 &
2127 927 2245 960 Domfis
2259 930 2388 968 antiquis,

1321 975 1355 996 ac
1370 968 1481 997 noviter
1492 966 1645 1005 conceffis,
1662 967 1695 998 &
1711 968 1740 996 in
1753 966 1878 996 futurum
1895 966 2099 1006 concedendis,
2115 968 2144 997 in
2161 968 2242 998 dietis
2254 969 2387 1000 transma-

1321 1005 1385 1034 rinis
1406 1006 1526 1043 partibus
1548 1004 1704 1036 constitutis
1724 1005 1757 1035 &
1779 1004 1886 1041 positiS,
1910 1004 1939 1032 in
1958 1004 2088 1042 judicio,
2113 1007 2158 1036 vel
2177 1015 2269 1046 extra,
2286 1017 2385 1038 coram

1321 1045 1542 1082 quibuscumque
1562 1043 1727 1084 JudicibuS,
1750 1041 1947 1072 Ecclesiasticis
1968 1042 2188 1082 Secularibusve,
2214 1045 2248 1075 &
2268 1046 2297 1075 in
2318 1056 2387 1084 qua-

1321 1091 1446 1121 cumque
1467 1082 1572 1121 Curia,
1599 1080 1792 1114 Ecclesiastica
1813 1080 1858 1111 vel
1879 1079 2040 1118 mundana,
2064 1081 2166 1118 agendi
2197 1082 2386 1124 defendendi,

1321 1121 1433 1158 petendi
1440 1144 1450 1160 ,
1472 1122 1672 1160 proponendi,
1695 1119 1871 1163 excipiendi,
1893 1117 2021 1149 libellum
2041 1119 2086 1149 vel
2109 1105 2214 1163 libellos
2232 1120 2390 1162 offerendi,

1321 1159 1418 1190 oblato
1441 1162 1484 1190 vel
1507 1159 1605 1190 oblatis
1629 1158 1831 1197 respondendi,
1853 1158 1934 1188 litem
1952 1156 2142 1197 contestandi,
2157 1159 2270 1198 jurandi
2286 1159 2321 1191 de
2339 1171 2386 1191 ca-

1321 1197 1465 1237 lumpnia,
1482 1199 1515 1229 &
1528 1198 1563 1228 de
1573 1199 1687 1229 veritate
1701 1196 1816 1228 dicendi
1827 1197 1857 1227 in
1870 1197 1976 1228 animas
1990 1195 2110 1236 nostras,
2128 1198 2161 1228 δε
2181 1197 2320 1229 scribendi
2334 1209 2384 1230 cu-

1320 1236 1434 1274 jussibet
1447 1238 1552 1267 alterius
1567 1237 1674 1274 generis
1685 1237 1892 1274 juramentum:

1360 1275 1476 1313 Testes,
1491 1276 1523 1306 &
1539 1275 1733 1313 instrumenta,
1751 1275 1785 1305 &
1800 1273 1850 1304 alia
1863 1283 2050 1314 quaecumque
2063 1275 2238 1307 documenta
2258 1274 2388 1313 legitima

1322 1314 1513 1353 producendi,
1530 1315 1563 1346 &
1577 1312 1775 1344 renunciandi:

1360 1352 1393 1382 ln
1407 1352 1491 1382 causis
1508 1353 1545 1382 de
1554 1353 1615 1391 jure
1628 1353 1661 1384 &
1674 1351 1710 1382 de
1729 1350 1824 1389 facto,
1842 1350 2021 1392 sententiam,
2038 1353 2072 1384 ὃ(
2091 1352 2234 1384 sententias
2251 1350 2387 1383 deffiniti-

1322 1401 1385 1429 vas,
1404 1391 1436 1421 δε
1451 1391 1658 1421 interlocutoria
1670 1389 1807 1420 vacuandi
1821 1389 1854 1420 &
1867 1390 2013 1429 audiendI,
2028 1391 2061 1422 &
2081 1392 2116 1422 ab
2131 1391 2210 1429 ipsis,
2226 1399 2307 1429 atque
2321 1400 2386 1428 gra-

1322 1430 1498 1468 vaminibus,
1514 1430 1592 1459 illatis
1606 1430 1639 1460 &
1654 1427 1821 1465 inferendis,
1835 1428 1919 1458 semel
1934 1429 1978 1459 vel
1998 1429 2097 1467 pluries
2117 1429 2286 1467 appellandi,
2304 1429 2386 1467 Apo-

1326 1466 1412 1498 stolos
1428 1468 1555 1506 petendi,
1571 1467 1785 1506 appellationem
1799 1466 1832 1496 &
1845 1466 2039 1504 appellationes
2052 1467 2248 1506 prosequendi:

1360 1506 1404 1536 Ad
1419 1507 1615 1545 exequendum
1625 1505 1783 1544 proceffus,
1803 1505 1836 1535 &
1851 1504 2038 1544 quascumque
2056 1506 2200 1537 sententias
2214 1530 2225 1545 ,
2248 1505 2326 1545 super
2340 1516 2384 1537 re-

1322 1546 1498 1582 cuperatione
1519 1544 1663 1576 dic'torum
1681 1546 1843 1581 bonorum,
1868 1544 1950 1573 nobis
1967 1544 2001 1574 &
2025 1543 2139 1576 Domui
2155 1544 2190 1574 de
2206 1554 2286 1575 novo
2306 1545 2388 1575 dato-

1322 1593 1404 1621 rum,
1418 1584 1494 1621 juxta
1510 1584 1675 1614 mandatum
1690 1581 1904 1620 Apostolicum,
1921 1581 2071 1620 Praelatos,
2087 1582 2273 1621 Executores,
2289 1582 2385 1614 Com-

1322 1620 1474 1690 mggarios,
1491 1622 1525 1652 &
1546 1621 1740 1690 qgosqumque
1758 1621 1840 1658 alios,
1858 1620 1894 1650 ad
1917 1621 2116 1653 executionem
2134 1621 2278 1660 deputatos
2298 1620 2390 1661 hujui-

1322 1669 1353 1690 m
1394 1671 1403 1689 1
1439 1670 1481 1690 rei
1489 1670 1565 1690 uiren
1587 1671 1608 1690 i:

1356 1671 1503 1737 Cor'npuia
1516 1699 1549 1730 &
1563 1700 1682 1729 rationes
1696 1697 1731 1728 ab
1747 1697 1817 1735 hiis,
1834 1698 1882 1735 qui
1898 1696 1973 1728 dicta
1989 1697 2086 1737 bona,
2102 1697 2147 1730 vel
2159 1697 2250 1737 aliqua
2264 1697 2299 1730 de
2313 1707 2387 1736 prae-

1320 1737 1418 1776 dietis,
1444 1746 1489 1768 aut
1512 1738 1596 1768 etiam
1615 1737 1652 1767 de
1674 1735 1774 1766 nostris
1790 1737 1924 1775 antiquis,
1940 1735 2049 1767 dudum
2067 1736 2275 1776 quoquomodo
2292 1745 2389 1768 tenue-

1320 1777 1398 1814 rint,
1421 1776 1455 1807 ὃς
1480 1776 1640 1813 habuerint,
1661 1775 1696 1806 δε
1722 1783 1865 1814 rexerunt,
1891 1774 1924 1806 &
1947 1783 2134 1816 receperunt,
2157 1775 2192 1807 &
2214 1774 2390 1806 administra-

1321 1823 1397 1844 runt:

1358 1852 1396 1883 Et
1411 1863 1427 1882 a
1443 1851 1671 1884 Procuratoribus
1685 1850 1785 1882 nostris
1819 1851 1882 1882 loca
1903 1850 1995 1882 nostra
2016 1851 2188 1892 tenentibus,
2204 1851 2393 1890 Praeceptori-

1322 1890 1373 1921 bus
1388 1890 1574 1922 Camerarum
1593 1889 1768 1929 nostrarum,
1787 1873 1949 1928 f'rioribus,
1966 1889 2190 1929 Praeceptoribus
2208 1891 2242 1922 &
2263 1890 2391 1929 Ballivis,

1322 1929 1367 1960 vel
1388 1939 1490 1960 eorum
1510 1930 1575 1960 loca
1591 1929 1762 1967 tenentibus,
1780 1929 1814 1960 &
1836 1929 2058 1967 quibuscumque
2073 1929 2130 1960 aliis
2143 1929 2278 1961 Fratribus
2290 1929 2390 1960 nostris

1322 1968 1355 1998 &
1371 1967 1508 2006 Subditis,
1524 1967 1559 1998 ad
1581 1976 1705 2006 quorum
1727 1976 1825 1998 manus
1842 1966 2046 2006 responsiones,
2065 1967 2161 2007 talliae,
2177 1967 2390 2006 subventiones,

1322 2005 1532 2045 promissiones,
1549 2006 1623 2037 bona
1645 2005 1863 2044 defunetorurn,
1886 2006 2032 2043 pecuniae,
2047 2006 2168 2045 jocalia,
2185 2005 2304 2044 amelia,
2322 2015 2391 2044 pro-

1323 2044 1405 2074 caffia
1425 2043 1534 2082 nostra,
1549 2043 1802 2082 indulgentiarum,
1817 2043 1992 2081 legatorum,
2012 2044 2046 2074 δε
2060 2044 2223 2075 relietorum
2244 2045 2391 2083 pecuniae,

1323 2081 1369 2112 vel
1384 2081 1472 2121 aliqua
1485 2092 1519 2113 ex
1537 2082 1677 2120 praedietis
1699 2081 1915 2120 quomodolibet
1937 2083 2128 2121 pervenerint,
2144 2091 2189 2113 aut
2211 2083 2393 2121 pervenient,

1323 2121 1382 2159 ipio
1395 2121 1426 2150 in
1441 2121 1559 2160 partibus
1571 2119 1753 2151 transmarinis
1765 2128 1867 2157 agente
1875 2143 1885 2158 ,
1898 2129 1932 2150 ac
1946 2119 2079 2158 potestate
2097 2120 2149 2151 fibi
2169 2121 2284 2151 durante
2297 2119 2390 2159 hujus-

1325 2158 1422 2197 modi,
1440 2158 1567 2198 petendi,
1584 2157 1731 2196 audiendi,
1748 2158 1896 2196 exigendi,
1914 2159 1947 2189 δε
1967 2158 2118 2196 recipiendi
2138 2158 2174 2189 de
2192 2159 2263 2197 hiis,
2283 2159 2331 2197 qui
2346 2168 2390 2190 re·

1325 2198 1429 2236 cipient
1445 2198 1481 2228 ab
1496 2198 1551 2236 eis,
1568 2197 1613 2228 vel
1628 2207 1644 2228 a
1658 2196 1881 2235 quibuscumque
1896 2196 1967 2234 aliis,
1982 2197 2016 2226 &
2030 2206 2082 2233 pro
2089 2196 2309 2235 quibuscumque
2323 2206 2391 2227 cau-

1324 2236 1356 2266 sis
1369 2237 1402 2266 &
1416 2236 1582 2272 rationibus,
1599 2243 1666 2266 cum
1682 2233 1785 2265 effectu
1807 2234 1960 2272 quittandi,
1977 2233 2152 2273 absolvendi,
2168 2233 2339 2273 definiendi,
2354 2234 2390 2266 &

1324 2274 1437 2311 pactum
1453 2274 1489 2303 de
1505 2274 1613 2304 ulterius
1626 2281 1685 2302 non
1700 2272 1830 2311 petendi,
1848 2272 1950 2311 dandi,
1967 2272 2001 2302 &
2018 2271 2154 2303 faciendi:

1345 2312 1535 2380 ’Sodlutionem
1557 2312 1591 2342 &
1613 2310 1759 2342 solutiones
1784 2310 1959 2349 accipiendi,
1981 2310 2015 2341 &
2037 2320 2082 2341 eas
2099 2309 2199 2341 nostro
2214 2311 2333 2342 nornine
2350 2309 2392 2344 fa-

1324 2360 1387 2381 cien
1410 2361 1434 2380 1:

1360 2388 1417 2419 Pro
1430 2387 1631 2419 necessitatibus
1645 2386 1745 2418 nostris
1757 2387 1791 2418 ὃς
1805 2385 1940 2425 Domfis,
1960 2394 2089 2418 mutuum
2103 2386 2149 2419 seu
2164 2395 2275 2426 mutua,
2295 2398 2311 2419 a
2325 2388 2388 2427 qui-

1324 2427 1374 2457 bus
1384 2427 1522 2465 voluerit,
1539 2427 1573 2457 &
1589 2427 1744 2464 invenerit,
1760 2426 1934 2464 accipiendi,
1951 2425 1984 2456 &
1997 2425 2182 2457 contrahendi
2190 2435 2242 2465 pro
2255 2427 2390 2465 pecuniis,

1326 2473 1425 2496 mutuo
1437 2465 1564 2503 susceptis
1572 2488 1582 2504 ,
1599 2472 1644 2495 aut
1655 2464 1848 2502 suscipiendis,
1866 2465 1900 2495 &
1913 2463 1970 2495 aliis
1983 2464 2149 2502 quibussibet
2160 2465 2244 2496 causis
2257 2465 2290 2496 &
2305 2465 2389 2495 ratio-

1324 2504 1406 2534 nibus
1417 2526 1426 2542 ,
1444 2514 1513 2542 nos,
1529 2503 1666 2534 Domum
1681 2503 1821 2542 nostram,
1839 2503 1873 2533 &
1889 2502 1964 2533 bona
1979 2503 2079 2533 omnia
2093 2503 2185 2533 nostra
2198 2504 2232 2534 &
2252 2502 2389 2542 Domus,

1325 2542 1465 2580 praesentia
1480 2543 1512 2573 &
1527 2541 1634 2580 futura,
1653 2541 1814 2578 generaliter
1828 2541 1873 2572 vel
1885 2541 2051 2580 specialiter,
2067 2539 2246 2573 effectualiter
2258 2541 2390 2580 obligan-

1323 2581 1370 2619 di,
1387 2590 1469 2619 atque
1484 2580 1686 2619 ypothecandi:

1364 2618 1440 2649 Bona
1455 2619 1526 2659 ipsa,
1543 2619 1588 2649 vel
1603 2629 1666 2657 quae
1680 2617 1768 2649 voluit
1783 2617 1973 2661 expraediCtis
1988 2618 2193 2657 imperpetuum
2197 2641 2210 2664 ρ
2229 2618 2264 2649 ad
2283 2619 2389 2658 vitam,

1323 2657 1369 2689 vel
1384 2657 1457 2688 aliud
1473 2666 1581 2695 tempus
1613 2658 1698 2696 pure,
1722 2656 1965 2693 conditionaliter,
1987 2665 2033 2688 aut
2056 2657 2086 2687 in
2108 2657 2322 2696 emphiteosim,
2338 2656 2388 2688 sub

1324 2705 1404 2727 certo
1418 2706 1510 2726 annuo
1525 2705 1577 2726 cen
1590 2706 1623 2734 u,
1642 2695 1686 2726 vel
1702 2695 1835 2733 precarii,
1853 2693 2046 2733 commodati,
2059 2694 2192 2734 depositi,
2210 2696 2389 2735 donationis,

1326 2736 1344 2754 ²*
1361 2734 1543 2771 venditionis,
1561 2734 1783 2772 permutationis,
1800 2732 2009 2772 infeudationis,
2027 2734 2171 2772 pignoris,
2187 2734 2221 2764 &
2243 2734 2388 2774 cujussibet

1323 2773 1428 2804 alterius
1444 2771 1606 2803 contraditis
1618 2772 1700 2803 titulo
1737 2771 1872 2811 personis,
1890 2772 1988 2810 quibus
2003 2771 2139 2812 voluerit,
2155 2772 2297 2812 donandi,
2315 2782 2389 2804 con-

1324 2811 1463 2849 cedendi,
1480 2810 1603 2842 tradendi
1619 2811 1652 2841 &
1665 2794 1835 2847 ass‘sgnandi:

1360 2849 1395 2880 Et
1411 2850 1480 2889 hos,
1498 2859 1567 2880 cum
1582 2849 1680 2888 quibus
1695 2849 1876 2887 contrahent,
1893 2847 1938 2878 vel
1945 2855 2134 2887 procuratores
2147 2858 2265 2889 eorum,
2282 2849 2312 2880 in
2325 2850 2391 2888 poi-

1322 2887 1468 2918 seffionem
1485 2887 1678 2926 corporalem,
1693 2887 1739 2918 vel
1755 2887 1845 2926 quasi,
1862 2887 2008 2918 ditiorum
2022 2887 2165 2918 bonorum
2175 2887 2329 2919 inducendi
2335 2888 2388 2926 ,&
2423 2912 2425 2914 -

1321 2927 1453 2957 indu&os
1465 2926 1651 2956 defendendi:

1362 2964 1398 2995 Et
1412 2963 1610 3002 possessionem
1625 2963 1818 3003 corporalem,
1833 2963 1878 2995 vel
1893 2962 1966 3002 quasi
2002 2962 2120 3003 horum,
2137 2972 2200 3002 quae
2219 2962 2388 3007 contrahen-

1322 3002 1378 3041 do,
1395 3003 1440 3033 vel
1462 3013 1643 3042 quocumque
1655 3003 1710 3033 alio
1725 3002 1914 3047 modo,·s1bi,
1932 2986 1984 3033 vel,
1995 3001 2056 3040 alii,
2073 3003 2132 3040 ejus
2149 3010 2265 3044 nomine
2300 3009 2384 3046 atque

1323 3041 1442 3072 Domus
1450 3064 1461 3080 ,
1475 3041 1575 3072 donata
1588 3043 1621 3072 &
1635 3041 1767 3072 concessa
1781 3040 1899 3081 fuerint,
1915 3050 1966 3080 per
1977 3039 2022 3078 se,
2034 3037 2079 3070 vel
2092 3048 2141 3077 per
2153 3038 2256 3078 aliurn,
2273 3050 2307 3071 eu
2319 3041 2389 3072 alios

1322 3080 1548 3118 apprehendendi
1562 3081 1595 3111 &
1608 3078 1791 3118 adipiscendi:
1837 3117 1843 3122 ¹
2249 3116 2254 3122 ²

1324 3118 1395 3186 mEt
1410 3118 1530 3194 dzedniis,
1547 3119 1580 3149 &
1596 3118 1653 3186 aliff
1665 3116 1874 3186 bgiriciisirffiffiis,
1889 3115 1923 3147 &
1936 3113 2058 3153 domfis,
2081 3122 2165 3153 prout
2187 3116 2268 3148 nobis
2292 3117 2387 3150 &do-

1357 3167 1706 3233 Ἑιὲτεε,υ1ξῐεῐὲῗέἓζοτέε,
1724 3192 1856 3230 Baflivos‚
1878 3190 1968 3222 nostri
1986 3189 2138 3235 Magistri,
2155 3192 2200 3223 vel
2221 3202 2323 3224 eorum
2340 3193 2386 3224 lo-

1322 3243 1355 3263 ca
1375 3233 1683 3277 taientium,flFratres,
1699 3229 1886 3274 Donatos,&⁴
1903 3228 2092 3273 quoscumque
2105 3230 2172 3274 alios
2185 3230 2308 3275 subditos
2323 3242 2385 3263 no-

1318 3266 2385 3350 ῗῖἳὲἰιῖῑιέῗιέοιῗέὶέῗξ,ῗῖἓξῗῖἶὲῖἶέἶἜξᾏῗῗέᾆέζᾞὲἓέἀῗὲἓὲςωὲἓήέἓζ

1322 3348 1355 3391 ad
1370 3348 1620 3390 congregationes,
1637 3346 1671 3377 &
1686 3345 1803 3384 capitula
1823 3344 2017 3412 provmciahia,
2033 3354 2083 3383 per
2102 3354 2184 3386 eum,
2201 3345 2238 3376 de
2257 3345 2386 3377 Consilio

1321 3385 1637 3461 ssffiffsssffiffiffi'ffi
1644 3383 2320 3466 ‚suarzijg‘risffhgfflssepffiffim0ri‘mffi?2}
2331 3383 2386 3467 353⁹-

1322 3461 1506 3505 mandandas,
1523 3471 1610 3499 quum
1633 3461 1666 3491 &
1703 3468 1813 3504 nonem
1826 3459 1981 3490 dllcretlom
1994 3459 2052 3504 *suae
2073 3459 2234 3491 faciendum
2255 3468 2384 3504 noverit,

1323 3500 1497 3538 personaliter
1512 3499 1666 3530 evocandi:
1683 3471 1718 3529 gc
1731 3497 1817 3529 dictas
1829 3506 2086 3542 congregationes,
2101 3506 2181 3542 atque
2201 3497 2320 3535 capitula
2334 3508 2382 3530 ce-

1322 3537 1461 3576 lebrandi,
1476 3538 1509 3568 &
1524 3538 1553 3568 in
1568 3538 1607 3567 eis
1626 3536 1754 3575 dicendi,
1773 3536 1937 3580 ordinandi,
1953 3535 2147 3574 concedendi,
2162 3534 2316 3580 statuendi,
2331 3536 2383 3569 de-

1323 3576 1471 3614 stituendi,
1489 3576 1522 3607 &
1539 3585 1656 3615 quaeque
1666 3575 1721 3606 'alia
1731 3575 1852 3605 faciendi
1890 3586 1951 3614 quae
1971 3583 2084 3613 tangere
2098 3575 2133 3605 &
2154 3572 2290 3612 respicere
2308 3585 2383 3615 cog-

1324 3616 1434 3644 noverit
1447 3615 1585 3644 honorem
1598 3616 1633 3646 &
1647 3613 1834 3644 commodum
1869 3611 1953 3644 omsis
1961 3613 2076 3644 rioflxae:

1349 3652 1639 3696 'Compromittendg
1662 3652 1825 3690 opponendi
1838 3675 1848 3691 ,
1870 3651 2046 3691 paciscendi,
2069 3648 2252 3689 transigendi,
2276 3661 2384 3696 conve-

1325 3691 1438 3728 niendi,
1455 3690 1633 3721 substituendi
1656 3689 1869 3729 Piocuratoroe,
1891 3700 1996 3728 unum,
2016 3686 2061 3719 vel
2083 3686 2186 3727 platee,
2208 3697 2271 3719 ante
2302 3689 2384 3722 litem

1323 3728 1522 3798 {tgr-itesgatgrn,
1539 3729 1584 3761 vel
1605 3728 1683 3797 piost,
1700 3730 1734 3761 &
1753 3728 1864 3760 eosdem
1881 3725 2044 3765 revocandi,
2068 3725 2180 3764 quando
2203 3727 2237 3757 δε
2255 3728 2385 3766 quotieiu

1338 3780 1346 3798 i
1368 3777 1418 3796 ivi
1438 3777 1453 3796 e
1475 3776 1574 3799 iturex
1594 3777 1609 3797 e
1630 3777 1685 3798 ire-

1363 3804 1399 3835 Et
1413 3805 1530 3836 demum
1544 3777 1667 3836 unliversa
1678 3791 1729 3835 alia
1742 3805 1775 3836 &
1791 3804 1896 3842 singula
1907 3801 2034 3840 dicendi,
2049 3800 2186 3845 faciendi,
2201 3802 2335 3833 tractandi
2349 3803 2384 3836 &

1325 3844 1472 3887 ordinandi
1486 3845 1515 3873 in
1531 3842 1690 3887 praemissis,
1710 3845 1742 3874 &
1754 3842 1958 3885 praemissorum
1954 3838 2122 3908 stlqiisiohbet,
2137 3850 2200 3884 quae
2222 3850 2272 3908 ηεξ
2287 3842 2317 3871 in
2332 3850 2385 3885 ge-

1326 3880 1519 3958 ?Zaia‘ffl?
1527 3881 1666 3958 Ξέἵὲῐὲῗ
1674 3881 1860 3950 Ξέἳξτὲᾒὲ
1872 3885 2245 3961 ᾘιῗέωωξῖῗῗῗέᾆῗὲἒ
2255 3879 2390 3957 ἓὲῗὲῧξζ

1327 3958 1361 3990 &
1376 3967 1439 3997 quae
1453 3958 1549 3990 talium
1564 3958 1761 3991 contractuum
1774 3958 1808 3989 δε
1823 3962 2001 3996 negotiorum
2014 3961 2114 3993 menta
2132 3953 2283 3988 defidmnt
2297 3955 2331 3987 &
2346 3966 2390 3999 re-

2324 4002 2387 4033 ‘il-¹¹⁴

2429 2733 2451 2754 ·
2464 2735 2519 2764 m.
