2562 4279
743 166 854 208 ET
935 165 1199 206 ACTA
1279 162 1756 225 PUBL1CA.

39 251 117 282 Ann.
131 249 174 280 D.

62 298 146 329 ¹325·
933 298 936 300 ·

37 330 120 394 3⁸³-de
130 337 157 354 ²·
196 337 215 355 ⁸
243 335 302 369 Ad
316 339 430 384 Papam
442 365 451 379 ,
472 348 526 384 pro
541 336 766 383 Archiepifcopo
789 336 997 378 Cantuarieff
1004 361 1014 376 ,
1039 334 1129 380 sitper
1149 334 1254 381 Jura-

79 387 130 430 „J
421 396 517 418 mento
535 388 566 417 in
583 391 740 432 receptione
760 386 852 419 Pallii
863 393 1031 430 prorogato.

62 414 92 431 1..

40 484 92 508 An.
112 479 155 506 18.
192 471 336 532 PAPAE
352 471 416 502 Rex
430 471 533 502 devota
546 471 649 508 pedum
664 471 756 501 oscula
768 471 924 501 beatorum.

40 524 69 547 Ε.
94 529 120 545 2.
293 511 415 549 Qanto
428 511 456 540 in
470 510 585 547 nostris,
603 510 637 540 &
651 509 744 548 Regni
757 507 861 545 nostri,
876 505 1025 546 dirigendis
1039 504 1253 544 Negotiis‚Ve-

41 562 111 584 Rom.
130 555 171 584 18.
192 549 319 579 nerabilis
341 548 429 579 Patris
444 572 453 583 ,
480 548 532 578 W.
553 547 758 578 Cantuariensis
778 545 990 584 Archiepiscopi
1004 568 1013 582 ,
1033 546 1116 575 totius
1139 544 1252 582 Angliae

42 600 72 622 E.
94 605 120 622 2,
191 584 337 625 Primatis,
357 586 589 626 circumspectam
603 585 809 623 providentiam
827 584 910 614 nobis
929 583 1017 620 magis
1040 583 1139 613 utilem
1160 583 1252 613 intue-

44 642 80 661 m,
104 643 131 661 2,
193 633 273 664 mur,
293 628 373 657 tanto
387 635 438 663 pro
448 625 530 665 iplius
544 625 745 661 indempnitate
757 621 889 652 solicitius
904 620 1053 660 providere
1067 631 1119 651 nos
1142 631 1250 652 conve

192 665 250 703 nit,
268 675 304 695 ne
323 673 369 694 aut
386 687 397 702 ,
421 665 450 693 in
474 664 678 694 detrimentum
697 662 821 698 ipsorum
842 659 1042 697 Negotiorum
1071 658 1252 696 nostrorum,

191 703 200 731 i
223 703 272 733 sius
286 703 368 733 nobis
385 702 472 732 desint
486 701 625 736 Consilia,
643 707 689 729 aut
709 699 781 739 ipse,
806 699 844 728 eis
863 698 984 729 insistens
999 723 1007 736 ,
1027 709 1110 737 penes
1131 698 1252 728 vestram

192 713 385 772 Clementiam
399 742 520 772 incurrat
531 738 704 777 dispendium
719 736 824 766 Oneris
837 745 884 768 aut
900 737 1041 768 Nominis
1061 738 1214 768 laesionem.

231 779 311 810 Ci‘im
325 781 433 818 itaque,
453 787 482 808 ut
497 776 695 814 intelleximus,
714 776 790 805 idem
804 775 1052 813 Archiepiscopus,
1070 777 1100 806 in
1112 776 1252 813 receptio-

194 829 230 849 ne
244 818 322 848 Pallii
335 842 346 856 ,
370 819 419 848 iibi
440 817 475 846 ab
498 813 664 852 Apostolicfi
689 813 761 844 Sede
781 814 850 844 olim
867 814 1010 845 transmissi
1023 837 1033 853 ,
1055 814 1254 853 juramentum

192 856 352 895 praestirerit
364 854 543 887 transferendi
559 852 586 883 se
599 852 777 892 personaliter
791 852 824 883 ad
840 853 944 884 Sedem
966 852 1130 891 praedictam
1151 876 1162 891 ,
1180 852 1252 882 infra

191 897 355 935 proximum
407 893 623 932 uinquennium,
641 901 655 921 a
667 900 799 930 tempore
810 891 880 922 diei-i
893 892 1053 930 Juramenti
1068 890 1183 930 praestiti
1198 901 1252 921 nu-

193 934 362 964 merandum
370 955 380 970 ‚
415 939 591 961 uramentum
603 930 669 961 illud
683 940 863 961 renovaturus
877 930 1000 961 ibidem:

231 972 279 1003 Ac
290 971 495 1008 subsequenter,
512 977 631 1007 optentu
646 968 770 1000 Precum
784 969 941 1000 nostrarum
955 991 964 1007 ,
982 968 1143 1008 hujusmodi
1163 968 1258 1008 perso-

192 1011 284 1044 nalem
298 1008 494 1040 Vifitationem
508 1008 657 1038 Liminum
672 1008 920 1046 Apostolicorum,
946 1008 979 1038 80
999 1007 1156 1046 juramenti
1174 1017 1257 1038 reno-

193 1050 353 1086 vationem,
372 1047 458 1086 usque
469 1046 503 1077 ad
519 1047 724 1087 Septennium,
742 1057 757 1078 a
772 1046 828 1078 fine
842 1047 913 1077 dieti
935 1046 1133 1086 Qinquennii
1153 1056 1256 1076 nume-

193 1086 328 1124 randum,
346 1086 383 1116 de
396 1085 483 1125 gratia
495 1085 605 1123 speciali
619 1087 811 1126 prorogaverit
832 1085 922 1116 vestra
944 1085 1092 1116 Beatitudo
1111 1085 1259 1116 Sacrosan-

193 1126 254 1163 era,
270 1125 348 1162 quod
360 1125 477 1165 quidem
499 1125 682 1164 Septennium
696 1149 706 1163 ,
729 1133 760 1155 ut
781 1124 966 1155 intelleximus
981 1147 990 1162 ,
1009 1126 1040 1154 in
1062 1124 1145 1155 brevi
1167 1122 1207 1154 est
1225 1122 1259 1153 fi-

193 1163 344 1232 nielpIdum:

267 1212 298 1232 os

227 1240 275 1271 Ad
290 1225 416 1272 eitortam
431 1242 501 1272 inter
522 1240 635 1279 Regem
657 1239 785 1271 Franciae
809 1240 843 1271 &
865 1249 918 1270 nos
938 1238 1117 1270 Discordiam
1140 1238 1259 1269 internae

191 1279 419 1310 considerationis
430 1280 531 1310 oculos
547 1279 704 1319 dirigentes,

229 1317 467 1359 Advertentcsqiie
482 1317 577 1356 quod,
597 1320 616 1349 fi
630 1317 706 1347 idern
721 1316 973 1356 Archiepiscopus,
992 1323 1076 1346 tantae
1103 1315 1260 1346 Turbatio-

191 1357 235 1386 nis
249 1365 392 1395 tempore,
407 1367 422 1386 a
439 1357 542 1395 Regno
557 1357 654 1387 nostro
670 1357 696 1385 se
709 1355 878 1393 absentaret,
898 1356 998 1385 exinde
1012 1355 1122 1392 nostra,
1144 1355 1176 1384 δε
1199 1353 1261 1384 Re-

192 1396 241 1434 gni
256 1396 358 1434 nostri,
379 1395 505 1435 Negotia
520 1396 733 1431 retardarentur,
749 1404 782 1424 ac
796 1393 927 1424 Ecclefiae
943 1394 1013 1430 suae,
1030 1396 1090 1424 tam
1116 1395 1146 1422 in
1165 1392 1259 1422 Tem-

191 1434 346 1477 porafibus,
364 1435 449 1475 quani
464 1435 494 1464 in
508 1433 716 1473 Spiritualibus,
737 1433 858 1471 pericula
871 1432 1035 1472 quamplura
1059 1431 1171 1469 possent
1195 1441 1261 1461 eve-

194 1482 265 1508 nii-e,

231 1510 368 1549 Idemque
385 1511 566 1549 Archiepisco
587 1521 636 1549 us,
654 1520 703 1550 per
715 1511 825 1541 viarum
839 1508 1071 1540 intermediarum
1087 1507 1259 1545 discrimina,

192 1558 307 1589 propter
322 1549 537 1581 invalitudinem
572 1550 754 1588 'orporalem,
772 1558 857 1589 quam
869 1549 985 1587 patitur,
1001 1548 1029 1576 in
1051 1556 1129 1576 tanto
1152 1546 1261 1583 itinere,

192 1589 276 1619 etiarn
292 1589 391 1619 mortis
404 1588 494 1628 poffet
509 1588 599 1619 subire
611 1588 769 1626 periculum
784 1587 982 1623 verisimiliter,
1001 1594 1030 1615 ut
1047 1586 1179 1628 timemus
1197 1607 1206 1621 ,

230 1626 377 1658 sanititati
392 1627 491 1658 vestrae
507 1627 616 1657 devotis
631 1625 779 1658 affectibus
799 1625 983 1663 supplicamus
998 1647 1006 1660 ,
1025 1623 1170 1666 quatinus,
1189 1631 1261 1661 prae-

194 1665 282 1696 miffis
297 1666 433 1696 clementi
448 1665 627 1696 meditatione
649 1664 781 1702 pensatis,
805 1663 965 1701 hujusmodi
988 1661 1185 1692 Vilitationem
1207 1660 1258 1690 Li-

189 1705 303 1734 minum
319 1703 550 1743 Apostolicorum
559 1727 569 1742 ,
584 1703 619 1733 de
636 1703 810 1742 Apostolicae
826 1701 1007 1731 Beatitudinis
1025 1699 1110 1739 gratia
1131 1698 1261 1742 speciali,

190 1744 334 1774 remittere
352 1744 471 1783 gratiose
486 1742 658 1782 dignemini,
677 1751 722 1771 aut
735 1741 824 1770 saltim
841 1740 924 1778 usque
941 1738 975 1769 ad
988 1738 1062 1769 aliud
1070 1738 1259 1775 Septennium

213 1791 280 1811 roro
297 1791 354 1812 are.
740 1805 744 1811 .

192 1790 212 1818 p
228 1790 387 1850 Corgiservet
403 1829 454 1849 vos
467 1817 641 1856 Altisfirnus,
656 1817 690 1848 ad
704 1817 849 1857 Regimen
863 1815 999 1847 Ecclesiae
1014 1815 1067 1846 suae
1081 1814 1260 1854 Sanetae,per

192 1865 322 1896 tempora
337 1858 454 1888 feliciter
468 1858 609 1894 longiora.

228 1896 297 1926 Dat.
316 1897 390 1934 apud
411 1895 712 1933 Westmonasterium,
729 1893 846 1925 decimo
864 1895 963 1933 quinto
983 1893 1028 1924 die
1052 1892 1203 1923 Februarii.

390 2021 449 2056 Ad
464 2021 640 2054 Cardinales
649 2021 740 2067 fhper
761 2019 838 2052 ditio
856 2017 1055 2066 Juramento.

40 2106 119 2137 Ann.
134 2106 179 2137 D.

41 2153 151 2212 ,AI-3255}

42 2195 128 2249 Ef'if
156 2207 161 2212 ·

41 2264 112 2287 Ram.
130 2260 175 2289 18.

259 2105 453 2137 Enerabilibns
466 2107 494 2136 in
508 2106 626 2137 Christo
640 2105 728 2143 Patri,
748 2104 895 2143 Domino,
914 2104 949 2134 L.
964 2104 1076 2135 Sanetoe
1098 2102 1201 2133 Mariae
1230 2102 1259 2131 in

277 2144 331 2175 Via
347 2145 419 2175 Laia
433 2145 571 2175 Diacono
594 2144 756 2182 Cardinali,
774 2144 882 2174 Amico
895 2143 945 2172 suo
966 2142 1126 2181 cariss'imo,
1144 2141 1259 2172 Edwar-

197 2182 265 2220 dus,
284 2182 383 2213 eidem
399 2183 505 2221 gratia,
519 2184 581 2214 &c.
600 2183 723 2214 Salutem
762 2183 795 2212 &
821 2182 934 2212 sincerae
947 2180 1102 2211 dileffionis
1113 2180 1261 2211 affeetum.

228 2220 324 2259 Cum,
343 2221 515 2252 Venerabilis
529 2221 627 2259 Pater,
644 2221 697 2252 W.
721 2205 954 2260 Archiepiscopus
977 2218 1195 2257 Canruariensis‚
1211 2227 1257 2249 to-

192 2261 243 2290 tius
260 2260 304 2289 An
326 2261 370 2290 liae
386 2260 512 2298 primas,
530 2261 616 2298 olim,
632 2261 661 2290 in
679 2260 841 2298 receptione
866 2258 945 2289 Pallii
963 2258 1020 2296 sui,
1043 2259 1093 2288 sibi
1119 2259 1156 2288 ab
1178 2258 1262 2295 Apo-

193 2297 293 2329 stolicfi
307 2299 380 2329 Sede
393 2298 555 2337 transmissi,
578 2299 779 2338 juramentum
802 2297 960 2335 praestiterit
978 2297 1004 2327 se
1025 2296 1204 2327 transferendi
1225 2295 1260 2325 ad

190 2336 293 2367 Sedem
309 2337 490 2377 proedic‘tam,
506 2338 576 2368 infra
591 2339 755 2375 proximum
770 2337 1008 2375 Qinquennium
1018 2358 1027 2373 ,
1045 2346 1061 2366 a
1073 2333 1257 2373 temporeJu-

189 2378 309 2406 ramenti
326 2376 456 2416 praestiti,
470 2376 671 2415 juramentum
683 2376 748 2406 illud
763 2383 944 2405 renovaturus
959 2374 1077 2404 ibidem:

228 2414 274 2445 Ac
287 2415 482 2452 subsequenter
498 2415 646 2446 Dominus
655 2414 683 2453 J.
706 2424 783 2446 nunc
804 2413 879 2451 Papa
901 2412 1059 2443 Vicesimus
1080 2410 1226 2442 Secundus
1244 2435 1254 2448 ,

188 2462 308 2491 precum
331 2453 491 2485 nostrarum
514 2462 633 2494 optentu
654 2476 663 2491 ,
689 2452 848 2491 hujusmodi
867 2451 1038 2489 personalem
1060 2450 1258 2481 Visitationem

190 2491 341 2522 Liminum
357 2492 609 2530 Apostolicorum,
632 2492 666 2522 &
683 2490 844 2530 juramenti
861 2489 1095 2520 Renovationem
1119 2488 1204 2526 usque
1223 2488 1258 2518 ad

191 2530 395 2569 Septennium,
412 2541 427 2561 a
439 2531 494 2561 fine
506 2530 576 2561 (11ἂί
592 2532 673 2569 Qiiri
696 2529 789 2560 uenn'ii
802 2527 1008 2560 numerandum
1018 2552 1027 2566 ,
1046 2528 1238 2567 prorogaverit
1250 2550 1260 2566 ,

189 2567 250 2603 &a
265 2576 346 2608 prout
357 2569 443 2608 supra
458 2568 497 2609 us
505 2580 537 2599 ue
554 2569 611 2599 haec
629 2579 680 2599 ver
700 2580 736 2607 α,
755 2571 816 2597 viz.

226 2606 425 2639 Paternitatem
438 2580 575 2646 vetitam,
593 2607 628 2638 de
639 2607 694 2647 qua
709 2608 791 2645 plene
805 2605 992 2644 confidimus,
1007 2605 1166 2636 affeetuofis
1188 2603 1259 2635 Pre-

189 2646 268 2676 cibus
282 2648 447 2686 requirimus
461 2648 495 2678 &
511 2656 643 2686 rogamus
652 2669 662 2685 ,
680 2647 807 2684 quatinus
819 2654 883 2685 erga
896 2645 1007 2675 dictum
1015 2644 1167 2675 Summum
1177 2643 1258 2673 Pon-

189 2683 297 2715 tificem
310 2686 374 2721 (cui
388 2685 469 2723 super
482 2686 539 2716 hoc
554 2685 719 2722 scribimus)
746 2692 778 2714 ut
799 2683 964 2722 hujusmodi
981 2682 1179 2714 Visitationem
1204 2681 1257 2711 Li-

190 2723 304 2753 minum
318 2723 554 2761 Apostolicorum
568 2725 711 2755 remittere
726 2722 855 2763 dignetur
867 2721 1005 2763 gratiose,
1022 2731 1070 2753 aut
1084 2722 1173 2753 saltim
1187 2744 1197 2760 ,
1217 2720 1260 2750 us-

191 2771 246 2800 que
262 2762 295 2792 ad
309 2761 384 2792 aliud
398 2762 601 2800 Septennium,
618 2762 684 2793 illud
697 2771 851 2802 prorogare
863 2784 874 2801 ,
900 2760 1010 2792 Amore
1027 2760 1117 2791 nostri
1132 2783 1144 2799 ,
1168 2759 1258 2791 velitis

190 2808 279 2837 partes
293 2800 395 2831 vestras
409 2802 586 2838 interponere
601 2800 782 2831 effectualiter
795 2800 954 2839 adjutrices.

226 2836 295 2868 Dat.
311 2839 385 2878 apud
398 2838 704 2877 Westmonasterium,
720 2839 835 2870 decimo
850 2840 950 2878 quinto
965 2838 1012 2870 die
1032 2838 1184 2869 Februarii.

41 2346 79 2364 m.
94 2347 120 2365 2.

368 2913 482 2945 Eodem
497 2915 588 2947 modo
601 2915 730 2947 scribitur
742 2914 915 2955 subscriptis,
934 2915 1084 2954 videlicet,

191 2994 308 3059 Diibrfzino
323 2994 358 3021 G.
374 2995 429 3038 Dei
439 2992 553 3060 glratid,
569 2990 656 3022 Tituli
669 2993 827 3022 Sanfforum
843 2990 1002 3022 Marcellini
1017 2990 1056 3026 ό·
1073 2994 1150 3021 Petri
1175 2991 1258 3020 Pres-

192 3037 313 3100 Dorlntgii?
321 3031 550 3137 {arleggagsstid’
566 3067 653 3099 Tituli
669 3069 776 3099 Sanffae
790 3071 895 3098 Mariae
907 3071 937 3099 in
957 3067 1098 3108 Cosmedyn
1122 3067 1261 3098 Presbite-

191 3109 442 3214 Βέἕιὶξνέῗαόέἰ
459 3147 567 3186 gratini,
595 3145 683 3178 Tituli
704 3146 800 3177 sancii
819 3148 917 3176 ciriaci
937 3148 966 3176 in
985 3147 1086 3175 Termi:
1108 3144 1261 3176 Presbitero

247 3194 281 3213 ar
300 3194 348 3214 lna
360 3196 369 3213 Ι
374 3207 379 3212 .

238 3329 266 3356 ’X‘
290 3330 340 3362 De
357 3327 509 3363 laudabili
530 3328 617 3374 Gesta
636 3329 799 3364 Nobilium
819 3332 962 3378 Wtssoniae
984 3334 1016 3364 in
1046 3319 1212 3375 Rqfistentia

611 3379 811 3414 Gallicorum.

47 3334 65 3350 ⁸*
82 3334 136 3361 1v.

67 3371 132 3400 128.

43 3473 124 3506 Ann.
140 3475 183 3506 D.
201 3476 350 3535 REX,
369 3476 473 3507 Nobili
487 3475 577 3515 Viro,
603 3476 739 3507 Domino
757 3477 909 3508 Amaneno
928 3478 965 3510 de
988 3479 1100 3512 Foffato
1112 3502 1122 3518 ,
1137 3479 1260 3511 Custodi

46 3523 161 3582 «gazzi-53.
235 3515 812 3598 Qgfflzodgnlssgpffirpffiffissi&strigibus
826 3553 917 3595 Regis
945 3555 1089 3595 Franciae,
1107 3556 1189 3587 Fines
1210 3567 1260 3588 ve-

45 3594 77 3617 E.
93 3600 119 3618 2-
196 3592 266 3625 stros
279 3604 367 3632 nuper
383 3593 518 3624 hostiliter
529 3591 639 3630 ingredi
652 3592 847 3632 satagentibus,
860 3594 938 3632 juxta
952 3594 1086 3634 ligeantiae
1101 3594 1260 3627 vestraede-

45 3629 115 3665 Vasc.
138 3630 182 3659 18.
196 3631 308 3672 bitum,
326 3642 378 3672 pro
393 3631 494 3663 nostris
509 3631 543 3662 ὃς
557 3630 654 3662 vestris
662 3629 778 3670 Juribus
796 3632 998 3672 defendendis,
1020 3632 1170 3672 restitistis,
1186 3635 1260 3672 ipso-

43 3670 78 3698 ΣΕ.
99 3677 124 3696 2.
195 3680 258 3700 rum
272 3673 439 3702 violentiam
454 3673 483 3702 in
496 3669 660 3700 fortitudine
675 3669 783 3700 Brachii
797 3671 975 3702 refraenando
995 3694 1006 3711 ,
1023 3672 1107 3702 nobis
1128 3672 1257 3712 incogni-

49 3714 86 3731 m.
95 3714 125 3740 9-
193 3717 256 3739 tum
268 3720 328 3741 non
341 3709 450 3749 existit,
470 3710 509 3741 set
523 3708 627 3740 nostrae
642 3708 871 3740 considerationis
884 3710 975 3742 oculis
987 3710 1092 3741 assidue
1113 3711 1258 3751 praesenta·

192 3755 246 3778 tur.

217 3785 448 3829 ‚Qamobrem,
466 3786 602 3818 fidelitatis
617 3785 715 3817 vestrae
730 3785 936 3826 constantiam,
954 3787 988 3818 &
1003 3786 1170 3824 multiplices
1184 3786 1257 3819 Pro-

192 3823 291 3855 bitates
305 3827 410 3858 merito
429 3826 662 3857 commendantes
677 3849 686 3864 ,
704 3835 755 3855 vos
767 3847 777 3863 ,
801 3826 835 3856 &
854 3825 987 3856 vestrfim-
1000 3826 1155 3864 quemlibet
1178 3835 1260 3866 roga—

192 3870 256 3906 mus
270 3864 397 3904 obnixe,
417 3867 499 3896 vobis
513 3865 713 3901 nihilominus,
733 3865 763 3894 in
780 3863 847 3894 Fide
860 3865 893 3895 ὃς
917 3863 1190 3903 111ςο110οἂ,ᾳυίοω
1204 3875 1260 3896 no-

193 3900 234 3929 bis
245 3904 398 3943 tenemini,
416 3903 533 3935 firmiter
550 3905 742 3943 injungentes,
761 3903 915 3943 quatenus,
931 3903 1008 3941 juxta
1028 3911 1259 3943 praeconceptam

191 3937 426 3972 Benevolentiam
478 3943 513 3974 ad
537 3942 719 3974 resistendum
739 3941 885 3972 Gentibus
905 3939 1066 3980 supradietis
1081 3964 1089 3979 ‚
1107 3941 1194 3972 taliter
1209 3952 1261 3973 vos

191 3978 310 4016 paretis,
327 3980 406 4017 quod
421 3965 529 4012 1101101
549 3981 642 4013 vester
663 3980 789 4011 felicibus
812 3987 943 4020 augeatur
958 3978 1128 4011 succeffibus
1155 3981 1189 4012 &
1212 3979 1260 4011 In-

190 4015 298 4052 greffus
309 4027 370 4048 non
385 4027 474 4057 pateat
500 4020 598 4053 nostra
620 4020 654 4052 &
677 4019 766 4053 vestra
788 4019 914 4051 Deveria
938 4018 1104 4051 volentibus
1142 4018 1260 4052 ostiliter

193 4063 345 4094 occupare,
389 4086 391 4089 ,
622 4080 625 4081 ⁷

2267 182 2346 226 127

1332 248 1402 279 Nos
1416 252 1492 281 enim
1507 253 1541 294 ad
1556 262 1644 292 partes
1658 256 1729 294 illas,
1748 257 1777 286 in
1793 255 1924 288 vestri&
1946 257 2066 289 aliorum
2086 257 2213 289 fidelium
2235 257 2348 288 1101110-
2365 248 2492 281 Arm-13⁴

1293 294 1375 324 rum,
1395 287 1585 329 Succurlum,
1604 302 1671 322 cum
1695 293 1793 325 nostro
1815 294 1964 327 Excercitu
2010 298 2038 327 in
2059 298 2138 329 brevi
2160 298 2346 336 proponimus
2383 297 2467 327 1325.

1291 323 1444 366 declinare,
1465 328 1499 358 &
1514 336 1582 359 tunc
1596 330 1630 360 ad
1644 330 1749 362 vestros
1763 332 1885 364 Labores
1899 335 1933 366 &
1950 319 2052 365 M'erita
2077 336 2160 365 talem
2181 335 2351 366 Considera-
2366 330 2430 357 Edv.
2449 336 2475 359 ἢ

1291 369 1399 407 tionem
1415 365 1516 407 habere
1531 370 1731 412 propoiiimu5‚
1746 371 1795 409 &,
1815 373 1887 408 juxta
1901 373 2039 404 laudabilis
2057 371 2166 405 Gestfis
2188 373 2272 405 vestri
2290 375 2347 403 exi—

1289 408 1434 441 gentiam,
1452 406 1489 434 110
1502 415 1553 441 vos
1565 407 1703 451 respicere·
1711 411 1845 452 gratiose,
1883 412 1942 442 0ὸά
1962 413 2063 442 exinde
2086 414 2239 444 contentati
2257 413 2350 451 e'ritiS,

1289 439 1524 516 ἓξὲξὲἒῃὲῗᾶω
1539 454 1726 477 remuneratio
1739 456 1791 478 erit
1810 449 1840 478 in
1892 451 2032 489 xemplum
2055 451 2111 482 aliis
2130 452 2213 482 nobis
2235 450 2349 482 fideliter

1327 516 1396 549 Dat.
1415 519 1488 559 apud
1501 518 1617 551 Turrim
1631 521 1766 554 London.
1785 523 1898 556 decimo
1911 527 1987 558 sexto
2008 528 2053 558 die
2073 528 2224 560 Februarii.

1420 594 1533 626 Eodem
1550 597 1639 628 modo
1659 600 1823 631 mandarum
1838 601 1879 631 est
1893 603 2060 643 subscriptis,
2077 605 2223 644 videlicet,

1331 675 1446 702 Domino
1460 671 1590 703 Arnaldo
1604 674 1636 703 de
1651 678 1730 705 Duro
1745 680 1821 706 For-ti
1829 701 1838 715 ‚

1328 711 1667 789 Dngilzlbtufubgiilitibus,
1685 715 1853 754 Domicellis,
1871 714 1909 751 ὠ·
1923 715 1983 747 aliis
1996 718 2027 747 de
2039 719 2210 759 Castellania.

1318 871 1376 905 Ad
1390 875 1499 920 Regem
1516 876 1694 922 Aragoniae,
1719 876 1810 923 fitper
1840 877 2091 921 Confoederatione
2116 879 2325 915 contrahenda.

1383 957 1517 1004 Agnifico
1538 959 1662 999 Principi
1684 985 1694 1000 ,
1726 961 1861 992 Domino
1886 961 1998 1000 Jacobo
2018 986 2027 1000 ,
2062 961 2120 992 Dei
2145 965 2229 1002 gratis
2276 966 2352 1005 Regi
2367 958 2445 990 Ann-
2456 958 2497 989 D·

1391 997 1548 1043 Aragoniae'
1565 1022 1575 1037 ,
1604 999 1742 1030 Valentiae
1754 1023 1765 1038 ,
1797 1000 1932 1031 Sardiniae
1949 1025 1958 1040 ,
1984 1003 2016 1032 &
2045 1000 2172 1031 Corsicae
2184 1026 2192 1039 ,
2228 988 2351 1035 Comiti-
2390 1007 2472 1038 1325-

1295 1042 1364 1102 aue⁴
1379 1034 1576 1067 Barchinoniae
1589 1060 1599 1076 ,
1628 1048 1661 1068 ac
1692 1038 1805 1069 Samstae
1832 1039 1975 1069 Romanae
2010 1039 2142 1070 Eccleliae
2175 1039 2326 1073 Vexillario
2342 1065 2351 1081 ,
2366 1041 2419 1065 An.
2437 1037 2479 1065 ¹8·

1326 1083 1441 1113 mirate,
1458 1076 1492 1106 &
1505 1074 1660 1113 Capitaneo
1673 1076 1820 1114 Generali,
1838 1078 2056 1116 Consanguineo
2069 1078 2118 1109 suo
2132 1079 2282 1119 cariffimo,
2294 1081 2351 1111 Ed·
2367 1080 2396 1102 Ε·
2415 1084 2440 1103 2-

1295 1113 1422 1181 Iyardisiis,
1440 1114 1560 1151 ejusdem
1573 1114 1675 1154 gratia,
1693 1115 1753 1146 &c.
1774 1115 1897 1146 Salutem
1909 1139 1919 1154 ,
1943 1118 1975 1147 ἃ
1995 1116 2088 1147 felices
2105 1117 2212 1155 semper
2231 1118 2266 1149 ad
2289 1129 2355 1150 vota
2364 1113 2451 1178 {laufi
2463 1110 2507 1142 ¹⁸·

1309 1160 1376 1181 ucce
1403 1162 1442 1182 us.
2393 1172 2400 1179 ·
2418 1162 2442 1180 2·

1336 1189 1417 1220 Miffi
1432 1201 1523 1232 nuper
1537 1191 1570 1222 ad
1588 1191 1793 1232 Magnitudinis
1807 1191 1909 1224 vestrae
1922 1192 2095 1231 praesentiam
2110 1216 2119 1231 ,
2143 1194 2178 1225 de
2197 1194 2281 1226 latere
2302 1205 2356 1227 no·
2371 1199 2407 1217 m·
2424 1188 2504 1217 ¹2³*

1299 1226 1374 1267 str0,
1391 1228 1487 1261 dileeti
1500 1231 1532 1261 &
1548 1230 1640 1261 fideles
1652 1230 1756 1269 nostri,
1776 1231 1915 1262 Amaldus
1930 1231 2076 1262 Gullielmi
2092 1232 2237 1264 Dominus
2250 1234 2285 1265 de
2300 1235 2357 1266 Le-

1296 1267 1380 1306 scun,
1399 1268 1432 1311 &
1449 1269 1688 1308 MagisterPetrus
1703 1269 1903 1301 deGalliciano
1910 1269 2107 1301 Thesaurarius
2118 1271 2356 1313 noster,Agenni,

1299 1317 1366 1338 011111
1382 1306 1480 1350 Literis
1493 1308 1610 1347 nostris,
1629 1319 1681 1347 pro
1694 1309 1829 1339 Tratstatu
1844 1308 1994 1348 habendo,
2012 1309 2089 1349 super
2112 1308 2269 1342 Contraetu
2290 1312 2357 1343 Ma-

1301 1347 1470 1385 trimoniali,
1487 1347 1557 1377 inter
1571 1347 1745 1379 devatdum
1761 1347 1988 1387 Primogenitum
2002 1348 2129 1378 nostrum
2162 1349 2195 1378 ὃ(
2216 1348 2360 1381 Nobilem

1299 1385 1574 1424 InfantissamJolant
1589 1387 1687 1416 Filiam
1703 1386 1843 1425 vestram,
1865 1387 2066 1418 deliberatione
2086 1371 2178 1417 velita
2199 1387 2363 1427 praehibita,

1301 1424 1408 1454 Literas·
1421 1424 1523 1454 vestras
1533 1425 1614 1467 nobis
1625 1425 1803 1464 detulerunt,
1821 1425 1901 1455 dietis
1917 1425 2017 1456 nostris
2032 1425 2138 1457 Literas
2162 1426 2359 1467 Responsales:

1337 1462 1381 1492 Ex
1393 1471 1512 1500 quarum
1528 1464 1703 1501 inpeditione
1718 1463 1917 1504 perpendimus
1931 1465 2075 1495 evidenter
2088 1464 2255 1495 ‘stauarum
2270 1465 2361 1504 hujus-

1301 1500 1461 1544 modi,*sub
1478 1502 1568 1532 modo
1582 1503 1615 1534 &
1630 1503 1743 1542 forma,
1762 1503 1862 1541 quibus
1875 1514 1924 1542 per
1937 1504 2052 1534 eosdem
2067 1504 2291 1544 proponebatur,
2311 1504 2362 1536 Se-

1300 1547 1408 1569 renitati
1422 1540 1523 1570 vestrae
1536 1542 1691 1571 nullatenus
1707 1542 1896 1581 complacere.

1337 1576 1448 1608 Verum
1463 1580 1526 1618 quia
1541 1578 1829 1611 Confoederationem
1844 1603 1854 1618 ,
1878 1581 1923 1611 seu
1945 1581 2004 1611 veri
2028 1581 2142 1612 Amoris
2164 1580 2365 1621 Alligantiam,

1300 1625 1350 1654 per
1362 1617 1484 1660 aliquam
1503 1619 1577 1648 viam
1601 1627 1814 1655 competentem
1829 1642 1838 1657 ,
1861 1619 1934 1648 inter
1956 1629 2009 1649 nos
2030 1620 2158 1650 contrahi
2173 1642 2183 1658 ,
2201 1620 2271 1651 sicut
2290 1622 2363 1651 inter

1300 1655 1514 1695 Antecessores,
1533 1656 1644 1687 nostros
1656 1658 1689 1687 &
1705 1657 1826 1695 vestros,
1842 1658 1940 1687 adtum
1953 1657 2011 1695 est,
2020 1659 2194 1696 temporibus
2205 1659 2362 1699 retroatstis‚

1300 1692 1484 1763 pefideranter
1497 1697 1669 1734 appetimus,
1688 1697 1721 1727 ἃ,
1735 1706 1803 1735 vos,
1822 1696 1885 1727 vice
1900 1693 1995 1734 versa,
2019 1705 2149 1736 appetere
2169 1698 2309 1730 credimus
2325 1698 2361 1729 δι’

1310 1744 1438 1771 peramus

1339 1757 1486 1803 Mittimus
1499 1772 1532 1803 ad
1548 1783 1616 1812 vos,
1634 1773 1751 1804 1111015103
1771 1774 1804 1805 &
1829 1772 1923 1804 fideles
1947 1772 2057 1804 nostros
2071 1796 2081 1812 ,
2105 1772 2291 1805 Edmundum
2311 1771 2363 1807 Ba—

1300 1821 1396 1850 coun,
1414 1812 1578 1842 Robertum
1592 1813 1629 1843 de
1638 1812 1720 1842 Thor
1748 1836 1758 1851 ,
1776 1811 1902 1851 Milites,
1919 1814 1953 1844 &
1969 1811 2143 1852 Magistrum
2150 1812 2313 1851 johannem
2328 1815 2364 1845 de

1300 1849 1426 1881 Hildelle
1441 1849 1625 1881 Canonicum
1640 1850 1724 1881 Cicei
1741 1853 1805 1889 riae,
1824 1852 1903 1891 super
1919 1852 1992 1882 votis
2012 1850 2113 1882 nostris
2127 1875 2137 1890 ,
2159 1853 2189 1882 in
2210 1852 2263 1883 hac
2278 1862 2364 1893 parte,

1299 1888 1408 1927 plenius
1423 1889 1602 1927 informatos,
1618 1891 1651 1920 ad
1665 1890 1843 1920 traetandum
1857 1890 1936 1928 super
1952 1890 2043 1928 aliqua
2058 1890 2216 1927 hujusmodi
2231 1890 2286 1930 via,
2300 1902 2364 1932 quae

1297 1930 1371 1966 juxtra
1387 1928 1477 1960 cordis
1492 1927 1579 1959 nostri
1593 1928 1776 1967 desiderium,
1793 1930 1826 1959 ἃ
1841 1929 1962 1960 vestram
1974 1929 2222 1969 deliberationem,
2242 1940 2363 1969 compe-

1297 1975 1358 1997 tens
1372 1969 1405 1998 δε
1418 1975 1559 2005 oportuna
1571 1967 1713 2005 videatur,

1336 2006 1467 2045 Qiibus,
1485 2007 1514 2036 in
1530 2005 1624 2036 cordis
1638 2005 1726 2036 nostri
1739 2005 1893 2045 desideriis,
1913 2006 1994 2037 vobis
2009 2006 2038 2036 in
2061 2005 2094 2036 ea
2114 2014 2191 2043 parte
2214 2016 2361 2044 exponen-

1296 2044 1356 2082 dis,
1375 2045 1477 2081 fidem,
1493 2045 1512 2074 fi
1529 2045 1638 2083 placet,
1656 2044 1801 2075 credulam
1814 2045 1848 2076 &
1871 2044 2019 2075 indubiam
2040 2045 2167 2082 praebere
2189 2045 2256 2076 velit
2276 2045 2365 2078 vestra

1298 2083 1389 2120 Regia
1404 2082 1559 2112 Celsitudo.

1335 2113 1404 2154 Dat.
1419 2121 1492 2159 apud
1505 2120 1809 2160 westmonasterium,
1824 2121 1939 2153 decimo
1957 2121 2035 2152 sexto
2051 2121 2098 2153 die
2111 2120 2262 2153 Februarii.

2376 2246 2392 2263 ¹¹⁵
2423 2246 2475 2275 IV.

2380 2295 2442 2320 ¹29·

1490 2255 1518 2282 ²*
1581 2257 1639 2291 Ad
1655 2256 1729 2290 disti
1748 2259 1835 2304 Regis
1855 2258 2104 2304 Primogenilum.

1300 2342 1448 2399 REX,
1466 2342 1657 2374 Nobiliffimo
1671 2342 1794 2379 Infanti,
1811 2341 1946 2372 Domino
1967 2341 2087 2372 Alfonso
2100 2364 2110 2379 ,
2137 2339 2252 2374 Illustris
2275 2340 2365 2384 Regis
2381 2349 2455 2381 Arm,
2472 2349 2511 2381 D,

1299 2419 1316 2449 f
1329 2418 1357 2449 ἃ
1376 2383 1528 2422 Aragoniae
1541 2381 1755 2422 primogenito,
1771 2380 1894 2412 Salutem
1907 2403 1918 2419 ,
1944 2380 1977 2411 &
2001 2380 2116 2411 sincerae
2139 2380 2301 2413 dilectionis
2323 2383 2364 2414 af·
2401 2398 2485 2429 1325·

1312 2429 1327 2448 e
1360 2430 1417 2450 um.

1336 2458 1429 2489 Missis
1440 2469 1548 2499 nuper,
1566 2458 1726 2489 Maunifico
1743 2456 1888 2496 Principi,
1907 2456 2042 2488 Domino
2056 2457 2089 2488 &
2103 2455 2179 2488 Patri
2191 2458 2362 2498 vestro,Re⁶
2377 2429 2495 2494 gnsfs'

1295 2499 1324 2536 gi
1340 2498 1491 2537 Aragoniae
1507 2497 1608 2528 Illustri
1633 2498 1636 2500 ’
1652 2499 1725 2529 iteris
1737 2496 1856 2535 nostris,
1874 2506 1940 2535 per,
1956 2495 2076 2527 0111οέ105
2090 2496 2123 2527 &
2138 2496 2231 2528 fideles
2243 2498 2364 2537 nostros,
2379 2505 2513 2542 clausus,

1297 2537 1454 2568 Arnaldum
1469 2537 1618 2568 Gullielmi
1632 2537 1668 2567 de
1682 2536 1791 2576 Bearney
1801 2535 1967 2566 Dominum
1990 2535 2025 2566 de
2051 2534 2162 2566 Lescun
2175 2561 2186 2574 ‚
2208 2537 2242 2569 &
2267 2536 2364 2577 Magi-
2377 2548 2409 2571 Ε,
2428 2554 2454 2570 2,

1296 2575 1384 2606 strum
1400 2576 1516 2607 Petrum
1532 2577 1567 2607 de
1582 2575 1749 2613 Galiciano,
1768 2575 1805 2605 de
1816 2575 1899 2605 latere
1913 2573 2011 2604 nostro
2024 2573 2059 2604 N
2062 2576 2175 2604 uncios:

1335 2613 1467 2654 Dataque
1482 2617 1535 2654 eis,
1554 2616 1589 2646 de
1604 2615 1680 2646 certa
1693 2612 1864 2652 Credentia,
1885 2610 2023 2654 Potestate
2037 2613 2115 2650 super
2129 2611 2278 2652 Trasiatu,
2292 2622 2359 2645 cum

1294 2652 1376 2684 (11ἃο
1389 2654 1470 2694 Rege
1484 2655 1625 2691 ineundo,
1645 2654 1723 2693 super
1740 2652 1949 2690 Matrimonio,
1969 2653 2039 2682 inter
2053 2651 2229 2683 Edwardum
2245 2651 2361 2684 Primo-

1295 2694 1425 2730 genitum
1438 2693 1588 2731 nostrum,
1609 2694 1643 2724 &
1657 2692 1784 2723 inclitam
1797 2691 1972 2722 Infantissam
1988 2690 2093 2729 Joland
2108 2713 2118 2729 ,
2144 2690 2244 2721 Filiam
2266 2691 2367 2731 ipsius,

1295 2731 1433 2762 Sororem
1446 2731 1569 2763 vestram
1578 2755 1588 2770 ,
1603 2730 1817 2767 contrahendoe,

1295 2808 1312 2838 s
1332 2769 1455 2839 Rpipisit
1467 2772 1549 2802 nobis
1563 2771 1640 2802 idem
1655 2770 1720 2801 Rex
1736 2769 1792 2799 suas
1806 2768 1929 2807 Literas,
1954 2766 2038 2797 dietis
2059 2765 2161 2797 nostris
2181 2765 2283 2799 Literis
2303 2767 2366 2800 Re-

1326 2818 1366 2838 on
1378 2819 1392 2839 a
1403 2819 1446 2841 es:

1306 2818 1376 2878 pEx
1391 2859 1509 2886 quarum
1523 2857 1622 2879 tenore
1635 2847 1709 2878 clare
1729 2844 1926 2884 perpendimus
1940 2844 2114 2875 Trad'tatum
2135 2843 2304 2885 hujusmodi,
2318 2845 2368 2876 sub

1297 2886 1388 2916 modo
1402 2889 1436 2918 &
1451 2887 1560 2924 forma,
1579 2887 1681 2924 quibus
1695 2895 1744 2925 per
1758 2883 1871 2914 eosdem
1886 2883 2119 2924 proponebatur,
2145 2883 2292 2916 Serenitati
2313 2885 2368 2915 sua:

1297 2925 1451 2956 nullatenus
1466 2925 1653 2966 complacere.

1336 2963 1447 2995 Vertim
1461 2965 1526 3004 quia
1545 2962 1832 2994 Confoederationem
1849 2983 1860 2999 ,
1878 2960 1923 2992 seu
1946 2960 2007 2992 veri
2030 2959 2148 2991 Amoris
2171 2959 2367 3000 Alligantiam,

1296 3012 1345 3041 per
1359 3003 1480 3042 aliquam
1495 3004 1570 3032 viam
1583 3008 1798 3040 competentem
1808 3023 1818 3038 ,
1837 3001 1909 3030 inter
1926 3000 2016 3038 ipsum
2033 2999 2147 3039 Regem
2160 2999 2194 3030 ὃ(
2208 3010 2280 3038 nos,
2296 3009 2366 3029 con-

1296 3041 1386 3079 trabi,
1404 3050 1489 3081 prout
1504 3042 1575 3071 inter
1590 3039 1804 3078 Antecessores,
1823 3038 1904 3079 ipsius
1921 3039 1954 3069 ὃς
1970 3037 2082 3068 nostros
2094 3061 2104 3077 ,
2128 3039 2272 3068 retroactis
2293 3046 2365 3067 tern-

1296 3080 1430 3119 poribiis,
1447 3080 1546 3110 aetum
1568 3080 1659 3110 eittitit
1672 3102 1682 3118 ,
1705 3078 1886 3109 desideranter
1909 3086 2039 3116 appetere
2061 3076 2200 3107 credimus
2221 3076 2254 3107 &
2277 3075 2365 3114 spera-

1297 3128 1360 3149 mus

1337 3141 1484 3188 Nlittimus
1503 3156 1538 3187 ad
1560 3156 1736 3195 praesentiam
1756 3155 1849 3194 suam,
1866 3154 1986 3185 (111οἃ05
2008 3153 2041 3185 &
2055 3151 2147 3183 fideles
2162 3150 2290 3190 nostros,
2304 3150 2364 3194 Ed·-

1297 3196 1454 3234 mundum,
1472 3194 1533 3230 &a
1555 3203 1586 3224 ut
1601 3194 1684 3233 fitpra
1699 3194 1777 3235 usque
1792 3194 1846 3232 ibi,
1862 3203 1942 3233 quae,
1962 3194 2035 3230 juxta
2049 3192 2140 3221 cordis
2155 3190 2246 3221 nostri
2259 3190 2365 3221 deiide⁴

1298 3235 1384 3272 rium,
1401 3235 1434 3304 &dc
1448 3234 1529 3274 ipsius
1542 3233 1630 3274 Regis
1644 3234 1873 3264 deliberationem
1882 3232 2214 3272 providam,competens
2230 3230 2262 3260 ὃ(
2278 3239 2365 3267 opor-

1296 3281 1364 3304 tuna
1382 3283 1409 3305 vi
1432 3282 1516 3304 eatur.

1336 3312 1486 3351 Quocirca
1513 3311 1708 3342 Dilec‘iionem
1734 3309 1855 3342 vestram
1876 3307 2042 3346 requirimus
2058 3307 2091 3338 &
2105 3315 2238 3350 rogamus

1295 3351 1365 3389 ntis,
1382 3350 1478 3381 habita
1499 3350 1740 3390 praemeditatione
1761 3349 1839 3387 super
1860 3346 1950 3386 aliqua
1966 3345 2010 3376 via
2024 3346 2198 3384 hujusmodi,

1297 3389 1437 3429 praedidio
1454 3389 1618 3426 impendere
1629 3389 1719 3420 velitis
1731 3386 1892 3417 Consilium
1908 3387 1941 3416 &
1957 3384 2110 3422 Pavorem,
2168 3422 2182 3427 ..

1334 3427 1480 3458 Praediecis
1495 3426 1766 3463 Fidelibusnostris,
1783 3427 1815 3457 &
1834 3424 1955 3454 Duobus
1969 3432 2067 3454 eorum
2078 3446 2087 3460 ,
2105 3424 2131 3452 in
2146 3421 2218 3464 hiis,
2229 3428 2292 3457 quae
2308 3429 2362 3463 vo-

1297 3468 1339 3498 bis
1358 3476 1393 3497 ex
1413 3475 1491 3505 parte
1512 3466 1610 3497 nostra
1627 3465 1809 3502 revelabunt,
1832 3462 1937 3502 fidem,
1954 3462 1973 3492 11
1997 3462 2103 3501 placet,
2121 3459 2268 3489 indubiam
2285 3457 2364 3489 adhi-

1296 3507 1404 3575 belggi..
1417 3543 1490 3582 apud
1503 3541 1789 3576 westmonasterium
1797 3563 1806 3579 ,
1823 3539 1938 3571 decimo
1951 3538 2026 3568 sexto
2037 3536 2083 3568 die
2098 3535 2246 3566 Februarii.

2376 2591 2467 2611 m.12.
2487 2582 2513 2610 d.

2272 3305 2363 3343 quati-

2249 3344 2363 3375 raif‘tatui'.

1473 3703 1523 3734 De
1546 3697 1745 3744 Excufhtione
1776 3694 1935 3729 Villarum
1959 3694 1990 3724 in
2020 3688 2181 3724 flandria.
2379 3733 2446 3764 Ann
2470 3733 2502 3765 D

1360 3785 1426 3817 EX
1445 3783 1595 3816 Universis
1629 3782 1776 3820 praesentes
1791 3780 1879 3823 literas
1891 3776 2067 3823 inspeCruris,
2084 3774 2219 3820 Salutem:
2307 3814 2316 3823 ,
2407 3758 2489 3813 1325.
2503 3756 2509 3765 ἢ

1296 3788 1351 3844 R
1409 3823 1455 3855 Ad
1476 3821 1589 3853 Univer
1600 3822 1670 3851 itatis
1692 3817 1792 3850 vestrae
1816 3825 1945 3848 notitiam
1960 3814 2093 3859 volumus
2105 3822 2252 3852 pervenire
2263 3812 2360 3858 quod,
2377 3815 2428 3838 Au-
2446 3812 2487 3839 18.

1295 3872 1365 3893 cum
1378 3886 1388 3901 ,
1413 3860 1539 3905 Nobiles
1563 3859 1625 3903 Viri
1640 3881 1651 3897 ,
1674 3857 1788 3925 &abigi
1806 3851 2123 3925 ,dssatvgifirsgirssffiiiggifig
2139 3852 2359 3923 Agicvpcasszfifilssc
2378 3854 2458 3915 fitz}
2465 3886 2490 3916 8·

1296 3897 1777 3976 10110ῬΙᾨῈῃτιὶξὶπῗὸρέῐνίέἒεὲωΙὶἳῑέωε
1786 3905 1897 3972 Ῐῃηοὺίε
1917 3901 2054 3976 discitasg,
2067 3937 2102 3960 ex
2121 3913 2207 3974 c’ausis
2223 3900 2308 3960 {Ignis
2326 3914 2361 3960 δί’
2377 3929 2406 3955 Ε.
2425 3935 2450 3951 2·

1295 3977 1516 4015 sufficientibus,
1534 3976 1560 4005 se
1586 3973 1775 4005 excusaverint
1796 3970 1877 4008 super
1899 3979 1935 4001 eo
1966 3969 2046 4009 quod
2065 3967 2099 4016 ad
2117 3968 2195 4013 diem
2212 3968 2363 4004 statutum,
2378 3971 2402 4001 Ρ·
2423 3973 2451 3990 ²·

1297 4027 1351 4087 go
1374 4016 1513 4047 Traetatu
1535 4012 1667 4044 habendo
1680 4035 1691 4051 ,
1715 4011 1752 4042 de
1779 4009 1854 4040 Pace
1873 4009 1908 4040 &
1930 3992 2099 4039 Concordia
2116 4017 2188 4039 inter
2205 4006 2314 4037 nostros
2331 4005 2364 4035 &
2382 4010 2419 4029 m·
2442 4007 2486 4034 ²9›

1333 4056 1424 4086 omini
1454 4052 1579 4085 Comitis
1607 4050 1745 4084 Flandriae
1772 4047 1907 4081 Subditos
1935 4044 2114 4080 reformanda
2134 4046 2282 4081 (videlicet
2333 4041 2369 4086 ad

2280 4119 2285 4121 .
2314 4090 2374 4110 um-
