<?xml version="1.0" encoding="UTF-8"?>
<!DOCTYPE html PUBLIC "-//W3C//DTD XHTML 1.0 Transitional//EN"
    "http://www.w3.org/TR/xhtml1/DTD/xhtml1-transitional.dtd">
<html xmlns="http://www.w3.org/1999/xhtml" xml:lang="en" lang="en">
 <head>
  <title>
</title>
<meta http-equiv="Content-Type" content="text/html;charset=utf-8" />
  <meta name='ocr-system' content='tesseract 3.04.00' />
  <meta name='ocr-capabilities' content='ocr_page ocr_carea ocr_par ocr_line ocrx_word'/>
</head>
<body>
  <div class='ocr_page' id='page_1' title='image "./fderaconventione02ryme_0595.png"; bbox 0 0 2562 4279; ppageno 0'>
   <div class='ocr_carea' id='block_1_1' title="bbox 14 945 102 1018">
    <p class='ocr_par' dir='ltr' id='par_1_1' title="bbox 14 945 102 1018">
     <span class='ocr_line' id='line_1_1' title="bbox 14 945 102 971; baseline -0.011 0"><span class='ocrx_word' id='word_1_1' title='bbox 14 945 31 961; x_wconf 65' lang='lat'><strong><em>⁴</em></strong></span> <span class='ocrx_word' id='word_1_2' title='bbox 49 945 102 971; x_wconf 87' lang='lat' dir='ltr'>IV.</span> 
     </span>
     <span class='ocr_line' id='line_1_2' title="bbox 16 982 83 1018; baseline -0.015 -7"><span class='ocrx_word' id='word_1_3' title='bbox 16 982 83 1018; x_wconf 83' lang='lat'>698.</span> 
     </span>
    </p>
   </div>
   <div class='ocr_carea' id='block_1_2' title="bbox 40 2616 178 2759">
    <p class='ocr_par' dir='ltr' id='par_1_2' title="bbox 40 2616 178 2759">
     <span class='ocr_line' id='line_1_3' title="bbox 40 2616 176 2680; baseline 0 -7"><span class='ocrx_word' id='word_1_4' title='bbox 40 2616 176 2680; x_wconf 50' lang='lat' dir='ltr'>clazssio.</span> 
     </span>
     <span class='ocr_line' id='line_1_4' title="bbox 44 2688 178 2720; baseline 0.007 -9"><span class='ocrx_word' id='word_1_5' title='bbox 44 2688 73 2711; x_wconf 81' lang='grc' dir='ltr'>Ε.</span> <span class='ocrx_word' id='word_1_6' title='bbox 91 2692 116 2720; x_wconf 80' lang='lat'>3.</span> <span class='ocrx_word' id='word_1_7' title='bbox 140 2691 178 2712; x_wconf 86' lang='lat' dir='ltr'>m.</span> 
     </span>
     <span class='ocr_line' id='line_1_5' title="bbox 43 2721 134 2759; baseline 0.011 -11"><span class='ocrx_word' id='word_1_8' title='bbox 43 2730 89 2759; x_wconf 80' lang='lat'>3¹·</span> <span class='ocrx_word' id='word_1_9' title='bbox 107 2721 134 2749; x_wconf 84' lang='lat' dir='ltr'>d.</span> 
     </span>
    </p>
   </div>
   <div class='ocr_carea' id='block_1_3' title="bbox 718 205 1179 251">
    <p class='ocr_par' dir='ltr' id='par_1_3' title="bbox 718 205 1179 251">
     <span class='ocr_line' id='line_1_6' title="bbox 718 205 1179 251; baseline -0.017 0"><span class='ocrx_word' id='word_1_10' title='bbox 718 209 826 251; x_wconf 91' lang='lat' dir='ltr'>ET</span> <span class='ocrx_word' id='word_1_11' title='bbox 912 205 1179 247; x_wconf 86' lang='lat' dir='ltr'>ACTA</span> 
     </span>
    </p>
   </div>
   <div class='ocr_carea' id='block_1_4' title="bbox 8 295 1211 377">
    <p class='ocr_par' dir='ltr' id='par_1_4' title="bbox 8 295 1211 377">
     <span class='ocr_line' id='line_1_7' title="bbox 8 295 1211 344; baseline -0.002 -16"><span class='ocrx_word' id='word_1_12' title='bbox 8 295 135 334; x_wconf 80' lang='lat' dir='ltr'>Ann.D-</span> <span class='ocrx_word' id='word_1_13' title='bbox 162 322 1211 344; x_wconf 47' lang='lat' dir='ltr'>*M</span> 
     </span>
     <span class='ocr_line' id='line_1_8' title="bbox 37 334 121 377; baseline 0 -14"><span class='ocrx_word' id='word_1_14' title='bbox 37 334 121 377; x_wconf 78' lang='lat'>1336.</span> 
     </span>
    </p>
   </div>
   <div class='ocr_carea' id='block_1_5' title="bbox 216 375 1159 476">
    <p class='ocr_par' dir='ltr' id='par_1_5' title="bbox 216 375 1159 476">
     <span class='ocr_line' id='line_1_9' title="bbox 216 375 1159 428; baseline -0.014 -11"><span class='ocrx_word' id='word_1_15' title='bbox 216 384 266 417; x_wconf 85' lang='lat' dir='ltr'>De</span> <span class='ocrx_word' id='word_1_16' title='bbox 278 382 429 428; x_wconf 78' lang='lat' dir='ltr'>Thefizuro</span> <span class='ocrx_word' id='word_1_17' title='bbox 445 384 546 416; x_wconf 77' lang='lat' dir='ltr'>Patris</span> <span class='ocrx_word' id='word_1_18' title='bbox 567 382 653 427; x_wconf 82' lang='lat' dir='ltr'>Regis</span> <span class='ocrx_word' id='word_1_19' title='bbox 669 383 699 411; x_wconf 83' lang='lat' dir='ltr'>in</span> <span class='ocrx_word' id='word_1_20' title='bbox 711 376 849 424; x_wconf 83' lang='lat' dir='ltr'>partibus</span> <span class='ocrx_word' id='word_1_21' title='bbox 867 375 902 409; x_wconf 87' lang='lat' dir='ltr'>de</span> <span class='ocrx_word' id='word_1_22' title='bbox 919 376 1104 419; x_wconf 75' lang='lat' dir='ltr'>Glamorgan</span> <span class='ocrx_word' id='word_1_23' title='bbox 1123 375 1159 409; x_wconf 67' lang='lat'>&amp;-</span> 
     </span>
     <span class='ocr_line' id='line_1_10' title="bbox 514 426 860 476; baseline -0.02 -12"><span class='ocrx_word' id='word_1_24' title='bbox 514 426 719 476; x_wconf 46' lang='lat' dir='ltr'>Morgaunole</span> <span class='ocrx_word' id='word_1_25' title='bbox 730 430 860 459; x_wconf 86' lang='lat' dir='ltr'>invento.</span> 
     </span>
    </p>
   </div>
   <div class='ocr_carea' id='block_1_6' title="bbox 134 504 1215 669">
    <p class='ocr_par' dir='ltr' id='par_1_6' title="bbox 134 504 1215 592">
     <span class='ocr_line' id='line_1_11' title="bbox 134 504 1215 572; baseline -0.014 -23"><span class='ocrx_word' id='word_1_26' title='bbox 134 546 141 553; x_wconf 88' lang='grc'>,</span> <span class='ocrx_word' id='word_1_27' title='bbox 160 514 307 572; x_wconf 78' lang='lat' dir='ltr'>REX,</span> <span class='ocrx_word' id='word_1_28' title='bbox 324 515 448 546; x_wconf 67' lang='lat' dir='ltr'>Dilectis</span> <span class='ocrx_word' id='word_1_29' title='bbox 467 515 502 546; x_wconf 91' lang='lat'>&amp;</span> <span class='ocrx_word' id='word_1_30' title='bbox 522 513 662 545; x_wconf 86' lang='lat' dir='ltr'>Fidelibus</span> <span class='ocrx_word' id='word_1_31' title='bbox 682 511 751 548; x_wconf 84' lang='lat' dir='ltr'>suis,</span> <span class='ocrx_word' id='word_1_32' title='bbox 766 506 966 540; x_wconf 89' lang='lat' dir='ltr'>Hildebrando</span> <span class='ocrx_word' id='word_1_33' title='bbox 986 506 1023 537; x_wconf 91' lang='lat' dir='ltr'>de</span> <span class='ocrx_word' id='word_1_34' title='bbox 1042 504 1215 542; x_wconf 70' lang='lat' dir='ltr'>Londonia,</span> 
     </span>
     <span class='ocr_line' id='line_1_12' title="bbox 229 545 1174 592; baseline -0.014 -6"><span class='ocrx_word' id='word_1_35' title='bbox 229 555 354 592; x_wconf 88' lang='lat' dir='ltr'>Johanni</span> <span class='ocrx_word' id='word_1_36' title='bbox 366 554 403 585; x_wconf 91' lang='lat' dir='ltr'>de</span> <span class='ocrx_word' id='word_1_37' title='bbox 414 553 557 592; x_wconf 88' lang='lat' dir='ltr'>Temyse,</span> <span class='ocrx_word' id='word_1_38' title='bbox 574 552 608 583; x_wconf 73' lang='grc' dir='ltr'>δε</span> <span class='ocrx_word' id='word_1_39' title='bbox 621 548 781 580; x_wconf 91' lang='lat' dir='ltr'>Willielmo</span> <span class='ocrx_word' id='word_1_40' title='bbox 796 546 832 577; x_wconf 94' lang='lat' dir='ltr'>de</span> <span class='ocrx_word' id='word_1_41' title='bbox 847 545 1023 591; x_wconf 66' lang='lat' dir='ltr'>Tydelsyde,</span> <span class='ocrx_word' id='word_1_42' title='bbox 1041 545 1174 589; x_wconf 78' lang='lat' dir='ltr'>Salutem.</span> 
     </span>
    </p>

    <p class='ocr_par' dir='ltr' id='par_1_7' title="bbox 196 583 1215 631">
     <span class='ocr_line' id='line_1_13' title="bbox 196 583 1215 631; baseline -0.013 -7"><span class='ocrx_word' id='word_1_43' title='bbox 196 591 294 624; x_wconf 83' lang='lat' dir='ltr'>Sciatis</span> <span class='ocrx_word' id='word_1_44' title='bbox 308 592 389 630; x_wconf 81' lang='lat' dir='ltr'>qnod</span> <span class='ocrx_word' id='word_1_45' title='bbox 403 591 597 631; x_wconf 84' lang='lat' dir='ltr'>affignavirnus</span> <span class='ocrx_word' id='word_1_46' title='bbox 610 588 688 626; x_wconf 85' lang='lat' dir='ltr'>Vos,</span> <span class='ocrx_word' id='word_1_47' title='bbox 706 587 739 618; x_wconf 91' lang='lat'>&amp;</span> <span class='ocrx_word' id='word_1_48' title='bbox 757 584 842 615; x_wconf 88' lang='lat' dir='ltr'>Duos</span> <span class='ocrx_word' id='word_1_49' title='bbox 855 583 981 628; x_wconf 80' lang='lat' dir='ltr'>vestrum</span> <span class='ocrx_word' id='word_1_50' title='bbox 990 606 1000 621; x_wconf 91' lang='lat'>,</span> <span class='ocrx_word' id='word_1_51' title='bbox 1014 583 1053 627; x_wconf 41' lang='lat' dir='ltr'>ad·</span> <span class='ocrx_word' id='word_1_52' title='bbox 1070 591 1215 620; x_wconf 86' lang='lat' dir='ltr'>inquiren-</span> 
     </span>
    </p>

    <p class='ocr_par' dir='ltr' id='par_1_8' title="bbox 159 620 1214 669">
     <span class='ocr_line' id='line_1_14' title="bbox 159 620 1214 669; baseline -0.013 -6"><span class='ocrx_word' id='word_1_53' title='bbox 159 628 229 662; x_wconf 89' lang='lat' dir='ltr'>dum</span> <span class='ocrx_word' id='word_1_54' title='bbox 248 642 298 669; x_wconf 89' lang='lat' dir='ltr'>per</span> <span class='ocrx_word' id='word_1_55' title='bbox 317 631 531 661; x_wconf 84' lang='lat' dir='ltr'>Sacramentum</span> <span class='ocrx_word' id='word_1_56' title='bbox 549 628 714 658; x_wconf 90' lang='lat' dir='ltr'>Proborum</span> <span class='ocrx_word' id='word_1_57' title='bbox 736 624 771 654; x_wconf 89' lang='lat'>&amp;</span> <span class='ocrx_word' id='word_1_58' title='bbox 796 622 941 662; x_wconf 83' lang='lat' dir='ltr'>Legalium</span> <span class='ocrx_word' id='word_1_59' title='bbox 960 622 1127 652; x_wconf 88' lang='lat' dir='ltr'>Hominum</span> <span class='ocrx_word' id='word_1_60' title='bbox 1143 644 1153 659; x_wconf 87' lang='lat'>,</span> <span class='ocrx_word' id='word_1_61' title='bbox 1178 620 1214 649; x_wconf 89' lang='lat' dir='ltr'>de</span> 
     </span>
    </p>
   </div>
   <div class='ocr_carea' id='block_1_7' title="bbox 7 657 1216 795">
    <p class='ocr_par' dir='ltr' id='par_1_9' title="bbox 7 657 1216 795">
     <span class='ocr_line' id='line_1_15' title="bbox 10 657 1216 709; baseline -0.009 -10"><span class='ocrx_word' id='word_1_62' title='bbox 10 663 69 709; x_wconf 52' lang='lat' dir='ltr'>Pet.</span> <span class='ocrx_word' id='word_1_63' title='bbox 98 688 141 707; x_wconf 59' lang='grc' dir='ltr'>ω,</span> <span class='ocrx_word' id='word_1_64' title='bbox 159 669 282 705; x_wconf 86' lang='lat' dir='ltr'>partibus</span> <span class='ocrx_word' id='word_1_65' title='bbox 301 668 338 699; x_wconf 89' lang='lat' dir='ltr'>de</span> <span class='ocrx_word' id='word_1_66' title='bbox 359 668 536 707; x_wconf 84' lang='lat' dir='ltr'>Glamorgan</span> <span class='ocrx_word' id='word_1_67' title='bbox 557 668 590 698; x_wconf 88' lang='lat'>&amp;</span> <span class='ocrx_word' id='word_1_68' title='bbox 603 661 805 703; x_wconf 86' lang='lat' dir='ltr'>Morgaunok,</span> <span class='ocrx_word' id='word_1_69' title='bbox 822 662 851 691; x_wconf 91' lang='lat' dir='ltr'>iri</span> <span class='ocrx_word' id='word_1_70' title='bbox 865 660 987 699; x_wconf 68' lang='lat' dir='ltr'>Wallia,</span> <span class='ocrx_word' id='word_1_71' title='bbox 1003 661 1062 691; x_wconf 77' lang='lat' dir='ltr'>tam</span> <span class='ocrx_word' id='word_1_72' title='bbox 1079 659 1149 690; x_wconf 83' lang='lat' dir='ltr'>infra</span> <span class='ocrx_word' id='word_1_73' title='bbox 1164 657 1216 687; x_wconf 86' lang='lat' dir='ltr'>Li-</span> 
     </span>
     <span class='ocr_line' id='line_1_16' title="bbox 7 723 125 795; baseline -0.025 -10"><span class='ocrx_word' id='word_1_74' title='bbox 7 723 41 795; x_wconf 59' lang='lat'><em>}</em></span> <span class='ocrx_word' id='word_1_75' title='bbox 56 727 125 783; x_wconf 51' lang='grc' dir='ltr'>ἔξω.</span> 
     </span>
    </p>
   </div>
   <div class='ocr_carea' id='block_1_8' title="bbox 16 795 100 831">
    <p class='ocr_par' dir='ltr' id='par_1_10' title="bbox 16 795 100 831">
     <span class='ocr_line' id='line_1_17' title="bbox 16 795 100 831; baseline -0.012 -9"><span class='ocrx_word' id='word_1_76' title='bbox 16 795 100 831; x_wconf 76' lang='lat' dir='ltr'><em>19.A.</em></span> 
     </span>
    </p>
   </div>
   <div class='ocr_carea' id='block_1_9' title="bbox 159 698 1234 2167">
    <p class='ocr_par' dir='ltr' id='par_1_11' title="bbox 159 698 1218 901">
     <span class='ocr_line' id='line_1_18' title="bbox 160 698 1216 746; baseline -0.011 -9"><span class='ocrx_word' id='word_1_77' title='bbox 160 707 293 745; x_wconf 81' lang='lat' dir='ltr'>bertates‚</span> <span class='ocrx_word' id='word_1_78' title='bbox 312 707 400 746; x_wconf 71' lang='lat' dir='ltr'>quam</span> <span class='ocrx_word' id='word_1_79' title='bbox 415 715 508 745; x_wconf 74' lang='lat' dir='ltr'>ema,</span> <span class='ocrx_word' id='word_1_80' title='bbox 523 714 573 743; x_wconf 89' lang='lat' dir='ltr'>per</span> <span class='ocrx_word' id='word_1_81' title='bbox 586 711 674 741; x_wconf 81' lang='lat' dir='ltr'>quos,</span> <span class='ocrx_word' id='word_1_82' title='bbox 692 701 753 731; x_wconf 88' lang='lat' dir='ltr'>&amp;c.</span> <span class='ocrx_word' id='word_1_83' title='bbox 764 701 798 731; x_wconf 90' lang='lat'>&amp;</span> <span class='ocrx_word' id='word_1_84' title='bbox 812 700 846 730; x_wconf 88' lang='lat' dir='ltr'>ad</span> <span class='ocrx_word' id='word_1_85' title='bbox 859 698 1069 730; x_wconf 87' lang='lat' dir='ltr'>informandum</span> <span class='ocrx_word' id='word_1_86' title='bbox 1085 708 1137 728; x_wconf 88' lang='lat' dir='ltr'>vos</span> <span class='ocrx_word' id='word_1_87' title='bbox 1152 706 1216 726; x_wconf 93' lang='lat' dir='ltr'>mo-</span> 
     </span>
     <span class='ocr_line' id='line_1_19' title="bbox 159 736 1218 783; baseline -0.009 -8"><span class='ocrx_word' id='word_1_88' title='bbox 159 744 202 776; x_wconf 89' lang='lat' dir='ltr'>dis</span> <span class='ocrx_word' id='word_1_89' title='bbox 216 747 251 778; x_wconf 89' lang='lat'>&amp;</span> <span class='ocrx_word' id='word_1_90' title='bbox 264 746 332 782; x_wconf 83' lang='lat' dir='ltr'>viis,</span> <span class='ocrx_word' id='word_1_91' title='bbox 349 746 451 783; x_wconf 87' lang='lat' dir='ltr'>quibus</span> <span class='ocrx_word' id='word_1_92' title='bbox 466 743 565 775; x_wconf 77' lang='lat' dir='ltr'>melius</span> <span class='ocrx_word' id='word_1_93' title='bbox 578 740 717 778; x_wconf 86' lang='lat' dir='ltr'>poteritis,</span> <span class='ocrx_word' id='word_1_94' title='bbox 734 737 889 768; x_wconf 90' lang='lat' dir='ltr'>secundum</span> <span class='ocrx_word' id='word_1_95' title='bbox 903 736 1148 768; x_wconf 78' lang='lat' dir='ltr'>Consuetudinem</span> <span class='ocrx_word' id='word_1_96' title='bbox 1156 744 1218 772; x_wconf 87' lang='lat' dir='ltr'>par—</span> 
     </span>
     <span class='ocr_line' id='line_1_20' title="bbox 159 774 1218 823; baseline -0.01 -10"><span class='ocrx_word' id='word_1_97' title='bbox 159 785 233 815; x_wconf 90' lang='lat' dir='ltr'>tium</span> <span class='ocrx_word' id='word_1_98' title='bbox 252 783 468 823; x_wconf 64' lang='lat' dir='ltr'>praedietarum,</span> <span class='ocrx_word' id='word_1_99' title='bbox 483 782 550 821; x_wconf 87' lang='lat' dir='ltr'>qui,</span> <span class='ocrx_word' id='word_1_100' title='bbox 569 777 770 809; x_wconf 66' lang='lat' dir='ltr'>Maiefaetores</span> <span class='ocrx_word' id='word_1_101' title='bbox 789 777 822 808; x_wconf 90' lang='lat'>&amp;</span> <span class='ocrx_word' id='word_1_102' title='bbox 841 776 920 807; x_wconf 79' lang='lat' dir='ltr'>Pacis</span> <span class='ocrx_word' id='word_1_103' title='bbox 942 775 1047 806; x_wconf 87' lang='lat' dir='ltr'>nostrae</span> <span class='ocrx_word' id='word_1_104' title='bbox 1066 774 1218 804; x_wconf 86' lang='lat' dir='ltr'>Perturba-</span> 
     </span>
     <span class='ocr_line' id='line_1_21' title="bbox 161 811 1216 861; baseline -0.011 -8"><span class='ocrx_word' id='word_1_105' title='bbox 161 831 253 861; x_wconf 72' lang='lat' dir='ltr'>tores,</span> <span class='ocrx_word' id='word_1_106' title='bbox 270 822 392 854; x_wconf 88' lang='lat' dir='ltr'>diversos</span> <span class='ocrx_word' id='word_1_107' title='bbox 404 821 579 857; x_wconf 76' lang='lat' dir='ltr'>Thesauros,</span> <span class='ocrx_word' id='word_1_108' title='bbox 597 816 676 847; x_wconf 87' lang='lat' dir='ltr'>Bona</span> <span class='ocrx_word' id='word_1_109' title='bbox 688 816 721 847; x_wconf 73' lang='lat' dir='ltr'>Sc</span> <span class='ocrx_word' id='word_1_110' title='bbox 736 813 988 854; x_wconf 87' lang='lat' dir='ltr'>Catalla,Domini</span> <span class='ocrx_word' id='word_1_111' title='bbox 1004 814 1038 844; x_wconf 86' lang='lat' dir='ltr'>E.</span> <span class='ocrx_word' id='word_1_112' title='bbox 1055 822 1145 851; x_wconf 85' lang='lat' dir='ltr'>nuper</span> <span class='ocrx_word' id='word_1_113' title='bbox 1153 811 1216 841; x_wconf 82' lang='lat' dir='ltr'>Re-</span> 
     </span>
     <span class='ocr_line' id='line_1_22' title="bbox 162 856 1022 901; baseline -0.013 -10"><span class='ocrx_word' id='word_1_114' title='bbox 162 862 203 901; x_wconf 89' lang='lat' dir='ltr'>gis</span> <span class='ocrx_word' id='word_1_115' title='bbox 218 861 343 900; x_wconf 79' lang='lat' dir='ltr'>Angliae,</span> <span class='ocrx_word' id='word_1_116' title='bbox 360 860 447 890; x_wconf 88' lang='lat' dir='ltr'>Patris</span> <span class='ocrx_word' id='word_1_117' title='bbox 461 856 547 888; x_wconf 86' lang='lat' dir='ltr'>nostri</span> <span class='ocrx_word' id='word_1_118' title='bbox 556 879 578 900; x_wconf 71' lang='lat'>³„</span> <span class='ocrx_word' id='word_1_119' title='bbox 746 893 752 899; x_wconf 83' lang='lat'><strong>.</strong></span> <span class='ocrx_word' id='word_1_120' title='bbox 1018 891 1022 896; x_wconf 31' lang='lat'>⁵</span> 
     </span>
    </p>

    <p class='ocr_par' dir='ltr' id='par_1_12' title="bbox 162 889 1220 1011">
     <span class='ocr_line' id='line_1_23' title="bbox 201 889 1219 933; baseline -0.013 -2"><span class='ocrx_word' id='word_1_121' title='bbox 201 899 290 930; x_wconf 88' lang='lat' dir='ltr'>Utin</span> <span class='ocrx_word' id='word_1_122' title='bbox 306 898 445 933; x_wconf 87' lang='lat' dir='ltr'>Florenis‚</span> <span class='ocrx_word' id='word_1_123' title='bbox 464 896 593 926; x_wconf 87' lang='lat' dir='ltr'>Denariis</span> <span class='ocrx_word' id='word_1_124' title='bbox 614 901 783 931; x_wconf 85' lang='lat' dir='ltr'>numeratis,</span> <span class='ocrx_word' id='word_1_125' title='bbox 801 893 820 912; x_wconf 73' lang='lat'>²¹²</span> <span class='ocrx_word' id='word_1_126' title='bbox 841 892 917 922; x_wconf 80' lang='lat' dir='ltr'>Vasis</span> <span class='ocrx_word' id='word_1_127' title='bbox 938 891 1036 921; x_wconf 84' lang='lat' dir='ltr'>Aureis</span> <span class='ocrx_word' id='word_1_128' title='bbox 1055 890 1088 920; x_wconf 67' lang='grc' dir='ltr'>ὃς</span> <span class='ocrx_word' id='word_1_129' title='bbox 1108 889 1219 927; x_wconf 83' lang='lat' dir='ltr'>Argen-</span> 
     </span>
     <span class='ocr_line' id='line_1_24' title="bbox 162 927 1220 976; baseline -0.011 -8"><span class='ocrx_word' id='word_1_130' title='bbox 162 938 229 976; x_wconf 86' lang='lat' dir='ltr'>teis,</span> <span class='ocrx_word' id='word_1_131' title='bbox 244 937 403 975; x_wconf 79' lang='lat' dir='ltr'>jocalibus,</span> <span class='ocrx_word' id='word_1_132' title='bbox 421 934 574 964; x_wconf 86' lang='lat' dir='ltr'>Armaturis</span> <span class='ocrx_word' id='word_1_133' title='bbox 584 955 593 970; x_wconf 94' lang='lat'>,</span> <span class='ocrx_word' id='word_1_134' title='bbox 611 930 801 969; x_wconf 64' lang='lat' dir='ltr'>Vitfmalibus,</span> <span class='ocrx_word' id='word_1_135' title='bbox 821 932 854 962; x_wconf 92' lang='lat'>&amp;</span> <span class='ocrx_word' id='word_1_136' title='bbox 869 931 925 960; x_wconf 90' lang='lat' dir='ltr'>aliis</span> <span class='ocrx_word' id='word_1_137' title='bbox 941 929 1057 966; x_wconf 87' lang='lat' dir='ltr'>Rebus,</span> <span class='ocrx_word' id='word_1_138' title='bbox 1075 927 1110 958; x_wconf 90' lang='lat' dir='ltr'>ad</span> <span class='ocrx_word' id='word_1_139' title='bbox 1123 927 1220 959; x_wconf 88' lang='lat' dir='ltr'>valen-</span> 
     </span>
     <span class='ocr_line' id='line_1_25' title="bbox 163 968 1094 1011; baseline -0.012 -4"><span class='ocrx_word' id='word_1_140' title='bbox 163 977 231 1007; x_wconf 83' lang='lat' dir='ltr'>tiam</span> <span class='ocrx_word' id='word_1_141' title='bbox 245 977 392 1011; x_wconf 83' lang='lat' dir='ltr'>Sexaginta</span> <span class='ocrx_word' id='word_1_142' title='bbox 407 971 525 1002; x_wconf 90' lang='lat' dir='ltr'>Milium</span> <span class='ocrx_word' id='word_1_143' title='bbox 540 971 706 1008; x_wconf 90' lang='lat' dir='ltr'>Librarum,</span> <span class='ocrx_word' id='word_1_144' title='bbox 724 980 789 1007; x_wconf 80' lang='lat' dir='ltr'>quae</span> <span class='ocrx_word' id='word_1_145' title='bbox 803 969 837 1000; x_wconf 89' lang='lat' dir='ltr'>ad</span> <span class='ocrx_word' id='word_1_146' title='bbox 853 968 921 999; x_wconf 91' lang='lat' dir='ltr'>Nos</span> <span class='ocrx_word' id='word_1_147' title='bbox 937 969 1094 1006; x_wconf 83' lang='lat' dir='ltr'>pertinent,</span> 
     </span>
    </p>

    <p class='ocr_par' dir='ltr' id='par_1_13' title="bbox 163 1003 1223 1206">
     <span class='ocr_line' id='line_1_26' title="bbox 201 1003 1220 1052; baseline -0.01 -8"><span class='ocrx_word' id='word_1_148' title='bbox 201 1013 235 1044; x_wconf 91' lang='lat' dir='ltr'>In</span> <span class='ocrx_word' id='word_1_149' title='bbox 249 1013 370 1052; x_wconf 91' lang='lat' dir='ltr'>partibus</span> <span class='ocrx_word' id='word_1_150' title='bbox 385 1010 523 1049; x_wconf 70' lang='lat' dir='ltr'>praediffls</span> <span class='ocrx_word' id='word_1_151' title='bbox 537 1018 625 1047; x_wconf 85' lang='lat' dir='ltr'>nuper</span> <span class='ocrx_word' id='word_1_152' title='bbox 638 1010 768 1045; x_wconf 88' lang='lat' dir='ltr'>inventa,</span> <span class='ocrx_word' id='word_1_153' title='bbox 786 1016 936 1046; x_wconf 87' lang='lat' dir='ltr'>ceperunt,</span> <span class='ocrx_word' id='word_1_154' title='bbox 953 1003 1220 1043; x_wconf 85' lang='lat' dir='ltr'>asportaverunt,&amp;</span> 
     </span>
     <span class='ocr_line' id='line_1_27' title="bbox 163 1042 1220 1087; baseline -0.009 -5"><span class='ocrx_word' id='word_1_155' title='bbox 163 1053 229 1083; x_wconf 90' lang='lat' dir='ltr'>elon</span> <span class='ocrx_word' id='word_1_156' title='bbox 249 1058 386 1081; x_wconf 87' lang='lat' dir='ltr'>averunt:</span> <span class='ocrx_word' id='word_1_157' title='bbox 405 1050 438 1080; x_wconf 69' lang='grc' dir='ltr'>ὃ(</span> <span class='ocrx_word' id='word_1_158' title='bbox 457 1048 492 1079; x_wconf 87' lang='lat' dir='ltr'>ad</span> <span class='ocrx_word' id='word_1_159' title='bbox 513 1049 647 1087; x_wconf 84' lang='lat' dir='ltr'>Qorum</span> <span class='ocrx_word' id='word_1_160' title='bbox 669 1047 714 1077; x_wconf 93' lang='lat' dir='ltr'>vel</span> <span class='ocrx_word' id='word_1_161' title='bbox 734 1046 824 1085; x_wconf 85' lang='lat' dir='ltr'>Cujus</span> <span class='ocrx_word' id='word_1_162' title='bbox 845 1045 951 1076; x_wconf 87' lang='lat' dir='ltr'>Manus</span> <span class='ocrx_word' id='word_1_163' title='bbox 969 1046 1143 1087; x_wconf 71' lang='lat' dir='ltr'>devenerunt</span> <span class='ocrx_word' id='word_1_164' title='bbox 1160 1052 1166 1071; x_wconf 90' lang='lat'>:</span> <span class='ocrx_word' id='word_1_165' title='bbox 1186 1042 1220 1072; x_wconf 92' lang='lat'>&amp;</span> 
     </span>
     <span class='ocr_line' id='line_1_28' title="bbox 166 1081 1218 1129; baseline -0.01 -8"><span class='ocrx_word' id='word_1_166' title='bbox 166 1091 233 1129; x_wconf 86' lang='lat' dir='ltr'>Qia</span> <span class='ocrx_word' id='word_1_167' title='bbox 245 1091 308 1120; x_wconf 90' lang='lat' dir='ltr'>iter:</span> <span class='ocrx_word' id='word_1_168' title='bbox 327 1089 360 1119; x_wconf 74' lang='grc' dir='ltr'>ὅ(</span> <span class='ocrx_word' id='word_1_169' title='bbox 375 1088 447 1126; x_wconf 85' lang='lat' dir='ltr'>Qo</span> <span class='ocrx_word' id='word_1_170' title='bbox 460 1087 567 1117; x_wconf 91' lang='lat' dir='ltr'>modo:</span> <span class='ocrx_word' id='word_1_171' title='bbox 587 1086 620 1117; x_wconf 65' lang='grc' dir='ltr'>ὃς</span> <span class='ocrx_word' id='word_1_172' title='bbox 633 1087 661 1115; x_wconf 92' lang='lat' dir='ltr'>in</span> <span class='ocrx_word' id='word_1_173' title='bbox 675 1086 831 1124; x_wconf 71' lang='lat' dir='ltr'>Quorum,</span> <span class='ocrx_word' id='word_1_174' title='bbox 849 1084 894 1114; x_wconf 93' lang='lat' dir='ltr'>vel</span> <span class='ocrx_word' id='word_1_175' title='bbox 907 1083 997 1120; x_wconf 84' lang='lat' dir='ltr'>Cujus</span> <span class='ocrx_word' id='word_1_176' title='bbox 1014 1081 1167 1118; x_wconf 79' lang='lat' dir='ltr'>Manibus,</span> <span class='ocrx_word' id='word_1_177' title='bbox 1185 1081 1218 1110; x_wconf 91' lang='lat'>&amp;</span> 
     </span>
     <span class='ocr_line' id='line_1_29' title="bbox 164 1119 1223 1164; baseline -0.01 -4"><span class='ocrx_word' id='word_1_178' title='bbox 164 1129 230 1160; x_wconf 89' lang='lat' dir='ltr'>Ubi</span> <span class='ocrx_word' id='word_1_179' title='bbox 242 1136 319 1158; x_wconf 90' lang='lat' dir='ltr'>nunc</span> <span class='ocrx_word' id='word_1_180' title='bbox 331 1126 507 1164; x_wconf 59' lang='lat' dir='ltr'>existantg&amp;</span> <span class='ocrx_word' id='word_1_181' title='bbox 522 1125 557 1155; x_wconf 92' lang='lat' dir='ltr'>de</span> <span class='ocrx_word' id='word_1_182' title='bbox 572 1125 706 1154; x_wconf 86' lang='lat' dir='ltr'>omnibus</span> <span class='ocrx_word' id='word_1_183' title='bbox 717 1123 772 1154; x_wconf 85' lang='lat' dir='ltr'>aliis</span> <span class='ocrx_word' id='word_1_184' title='bbox 786 1123 919 1154; x_wconf 79' lang='lat' dir='ltr'>Articulis</span> <span class='ocrx_word' id='word_1_185' title='bbox 936 1123 968 1152; x_wconf 74' lang='grc' dir='ltr'>δε</span> <span class='ocrx_word' id='word_1_186' title='bbox 984 1119 1223 1156; x_wconf 72' lang='lat' dir='ltr'>circumstantiis,</span> 
     </span>
     <span class='ocr_line' id='line_1_30' title="bbox 163 1161 1117 1206; baseline -0.009 -9"><span class='ocrx_word' id='word_1_187' title='bbox 163 1165 305 1206; x_wconf 85' lang='lat' dir='ltr'>praemiffa</span> <span class='ocrx_word' id='word_1_188' title='bbox 318 1165 556 1203; x_wconf 85' lang='lat' dir='ltr'>qualitercumque</span> <span class='ocrx_word' id='word_1_189' title='bbox 571 1163 816 1202; x_wconf 86' lang='lat' dir='ltr'>contingentibus,</span> <span class='ocrx_word' id='word_1_190' title='bbox 834 1161 943 1199; x_wconf 75' lang='lat' dir='ltr'>plenius</span> <span class='ocrx_word' id='word_1_191' title='bbox 958 1161 1117 1196; x_wconf 84' lang='lat' dir='ltr'>veritatem,</span> 
     </span>
    </p>

    <p class='ocr_par' dir='ltr' id='par_1_14' title="bbox 163 1195 1224 1397">
     <span class='ocr_line' id='line_1_31' title="bbox 200 1195 1221 1239; baseline -0.01 -4"><span class='ocrx_word' id='word_1_192' title='bbox 200 1204 239 1235; x_wconf 88' lang='lat' dir='ltr'>Et</span> <span class='ocrx_word' id='word_1_193' title='bbox 257 1204 292 1235; x_wconf 89' lang='lat' dir='ltr'>ad</span> <span class='ocrx_word' id='word_1_194' title='bbox 311 1204 470 1234; x_wconf 81' lang='lat' dir='ltr'>Thesauros</span> <span class='ocrx_word' id='word_1_195' title='bbox 513 1202 583 1233; x_wconf 87' lang='lat' dir='ltr'>Vasa</span> <span class='ocrx_word' id='word_1_196' title='bbox 596 1224 607 1239; x_wconf 89' lang='lat'>,</span> <span class='ocrx_word' id='word_1_197' title='bbox 620 1200 727 1239; x_wconf 81' lang='lat' dir='ltr'>jocalia</span> <span class='ocrx_word' id='word_1_198' title='bbox 739 1223 750 1238; x_wconf 80' lang='lat'>,</span> <span class='ocrx_word' id='word_1_199' title='bbox 767 1199 945 1235; x_wconf 89' lang='lat' dir='ltr'>Armaturas,</span> <span class='ocrx_word' id='word_1_200' title='bbox 963 1199 996 1229; x_wconf 91' lang='lat'>&amp;</span> <span class='ocrx_word' id='word_1_201' title='bbox 1017 1197 1066 1227; x_wconf 90' lang='lat' dir='ltr'>alia</span> <span class='ocrx_word' id='word_1_202' title='bbox 1087 1196 1166 1239; x_wconf 82' lang='lat' dir='ltr'>Bona</span> <span class='ocrx_word' id='word_1_203' title='bbox 1187 1195 1221 1225; x_wconf 89' lang='lat'>&amp;</span> 
     </span>
     <span class='ocr_line' id='line_1_32' title="bbox 164 1226 1223 1281; baseline -0.011 -7"><span class='ocrx_word' id='word_1_204' title='bbox 164 1241 271 1274; x_wconf 86' lang='lat' dir='ltr'>Catalla</span> <span class='ocrx_word' id='word_1_205' title='bbox 290 1242 438 1281; x_wconf 65' lang='lat' dir='ltr'>praedicta,</span> <span class='ocrx_word' id='word_1_206' title='bbox 455 1226 663 1277; x_wconf 77' lang='lat' dir='ltr'>U⁷bicumque‚</span> <span class='ocrx_word' id='word_1_207' title='bbox 680 1240 714 1270; x_wconf 86' lang='lat'>&amp;</span> <span class='ocrx_word' id='word_1_208' title='bbox 736 1239 764 1268; x_wconf 92' lang='lat' dir='ltr'>in</span> <span class='ocrx_word' id='word_1_209' title='bbox 785 1238 1060 1280; x_wconf 39' lang='lat' dir='ltr'>Qioru-mcumque·</span> <span class='ocrx_word' id='word_1_210' title='bbox 1072 1234 1223 1270; x_wconf 75' lang='lat' dir='ltr'>Manibus,</span> 
     </span>
     <span class='ocr_line' id='line_1_33' title="bbox 163 1272 1222 1319; baseline -0.01 -7"><span class='ocrx_word' id='word_1_211' title='bbox 163 1291 195 1312; x_wconf 82' lang='lat' dir='ltr'>ea</span> <span class='ocrx_word' id='word_1_212' title='bbox 210 1283 334 1313; x_wconf 85' lang='lat' dir='ltr'>invenire</span> <span class='ocrx_word' id='word_1_213' title='bbox 347 1281 513 1319; x_wconf 89' lang='lat' dir='ltr'>contigerit,</span> <span class='ocrx_word' id='word_1_214' title='bbox 531 1279 588 1309; x_wconf 86' lang='lat' dir='ltr'>sive</span> <span class='ocrx_word' id='word_1_215' title='bbox 601 1278 671 1308; x_wconf 88' lang='lat' dir='ltr'>infra</span> <span class='ocrx_word' id='word_1_216' title='bbox 683 1277 856 1312; x_wconf 75' lang='lat' dir='ltr'>LibertateS,</span> <span class='ocrx_word' id='word_1_217' title='bbox 874 1279 931 1306; x_wconf 77' lang='lat' dir='ltr'>sive</span> <span class='ocrx_word' id='word_1_218' title='bbox 945 1284 1036 1312; x_wconf 84' lang='lat' dir='ltr'>extra,</span> <span class='ocrx_word' id='word_1_219' title='bbox 1054 1284 1082 1303; x_wconf 91' lang='lat' dir='ltr'>in</span> <span class='ocrx_word' id='word_1_220' title='bbox 1099 1272 1222 1303; x_wconf 85' lang='lat' dir='ltr'>Manum</span> 
     </span>
     <span class='ocr_line' id='line_1_34' title="bbox 164 1311 1224 1362; baseline -0.01 -11"><span class='ocrx_word' id='word_1_221' title='bbox 164 1320 291 1351; x_wconf 88' lang='lat' dir='ltr'>nostram</span> <span class='ocrx_word' id='word_1_222' title='bbox 305 1319 534 1362; x_wconf 81' lang='lat' dir='ltr'>Seisiendum,&amp;</span> <span class='ocrx_word' id='word_1_223' title='bbox 549 1316 625 1347; x_wconf 71' lang='lat' dir='ltr'>salve&gt;</span> <span class='ocrx_word' id='word_1_224' title='bbox 641 1316 674 1347; x_wconf 91' lang='lat'>&amp;</span> <span class='ocrx_word' id='word_1_225' title='bbox 688 1315 782 1346; x_wconf 88' lang='lat' dir='ltr'>secure</span> <span class='ocrx_word' id='word_1_226' title='bbox 792 1313 929 1345; x_wconf 85' lang='lat' dir='ltr'>custodiri</span> <span class='ocrx_word' id='word_1_227' title='bbox 942 1312 1119 1350; x_wconf 85' lang='lat' dir='ltr'>faciendum,</span> <span class='ocrx_word' id='word_1_228' title='bbox 1131 1311 1224 1341; x_wconf 89' lang='lat' dir='ltr'>donec</span> 
     </span>
     <span class='ocr_line' id='line_1_35' title="bbox 163 1358 940 1397; baseline -0.01 -8"><span class='ocrx_word' id='word_1_229' title='bbox 163 1358 239 1389; x_wconf 83' lang='lat' dir='ltr'>aliud</span> <span class='ocrx_word' id='word_1_230' title='bbox 254 1358 321 1389; x_wconf 81' lang='lat' dir='ltr'>inde</span> <span class='ocrx_word' id='word_1_231' title='bbox 339 1365 568 1396; x_wconf 70' lang='lat' dir='ltr'>praeceperimus:</span> <span class='ocrx_word' id='word_1_232' title='bbox 935 1391 940 1397; x_wconf 32' lang='grc' dir='ltr'><em>Π</em></span> 
     </span>
    </p>

    <p class='ocr_par' dir='ltr' id='par_1_15' title="bbox 164 1389 1224 1545">
     <span class='ocr_line' id='line_1_36' title="bbox 201 1389 1224 1432; baseline -0.011 -4"><span class='ocrx_word' id='word_1_233' title='bbox 201 1397 240 1429; x_wconf 88' lang='lat' dir='ltr'>Et</span> <span class='ocrx_word' id='word_1_234' title='bbox 260 1397 327 1427; x_wconf 81' lang='lat' dir='ltr'>ideo</span> <span class='ocrx_word' id='word_1_235' title='bbox 349 1397 429 1427; x_wconf 90' lang='lat' dir='ltr'>vobis</span> <span class='ocrx_word' id='word_1_236' title='bbox 452 1393 615 1425; x_wconf 85' lang='lat' dir='ltr'>mandamus</span> <span class='ocrx_word' id='word_1_237' title='bbox 637 1391 734 1431; x_wconf 80' lang='lat' dir='ltr'>quod,</span> <span class='ocrx_word' id='word_1_238' title='bbox 751 1391 785 1421; x_wconf 90' lang='lat' dir='ltr'>ad</span> <span class='ocrx_word' id='word_1_239' title='bbox 804 1399 896 1422; x_wconf 87' lang='lat' dir='ltr'>certos</span> <span class='ocrx_word' id='word_1_240' title='bbox 913 1390 971 1421; x_wconf 88' lang='lat' dir='ltr'>dies</span> <span class='ocrx_word' id='word_1_241' title='bbox 986 1390 1020 1421; x_wconf 67' lang='grc' dir='ltr'>ὃς</span> <span class='ocrx_word' id='word_1_242' title='bbox 1037 1389 1133 1432; x_wconf 62' lang='lat' dir='ltr'>Loca,</span> <span class='ocrx_word' id='word_1_243' title='bbox 1152 1396 1224 1425; x_wconf 85' lang='lat' dir='ltr'>quos</span> 
     </span>
     <span class='ocr_line' id='line_1_37' title="bbox 164 1427 1221 1474; baseline -0.011 -7"><span class='ocrx_word' id='word_1_244' title='bbox 164 1435 244 1474; x_wconf 87' lang='lat' dir='ltr'>Vos,</span> <span class='ocrx_word' id='word_1_245' title='bbox 261 1435 307 1467; x_wconf 89' lang='lat' dir='ltr'>vel</span> <span class='ocrx_word' id='word_1_246' title='bbox 323 1435 394 1465; x_wconf 93' lang='lat' dir='ltr'>Duo</span> <span class='ocrx_word' id='word_1_247' title='bbox 409 1432 551 1470; x_wconf 77' lang='lat' dir='ltr'>vestrsim,</span> <span class='ocrx_word' id='word_1_248' title='bbox 569 1431 603 1462; x_wconf 90' lang='lat' dir='ltr'>ad</span> <span class='ocrx_word' id='word_1_249' title='bbox 618 1431 676 1461; x_wconf 91' lang='lat' dir='ltr'>hoc</span> <span class='ocrx_word' id='word_1_250' title='bbox 692 1430 882 1468; x_wconf 83' lang='lat' dir='ltr'>provideritis,</span> <span class='ocrx_word' id='word_1_251' title='bbox 900 1429 1114 1467; x_wconf 79' lang='lat' dir='ltr'>inquisitionem</span> <span class='ocrx_word' id='word_1_252' title='bbox 1128 1427 1221 1462; x_wconf 91' lang='lat' dir='ltr'>illam,</span> 
     </span>
     <span class='ocr_line' id='line_1_38' title="bbox 164 1465 1223 1509; baseline -0.011 -4"><span class='ocrx_word' id='word_1_253' title='bbox 164 1484 280 1505; x_wconf 89' lang='lat' dir='ltr'>necnon</span> <span class='ocrx_word' id='word_1_254' title='bbox 294 1472 439 1504; x_wconf 84' lang='lat' dir='ltr'>Praemiffa</span> <span class='ocrx_word' id='word_1_255' title='bbox 449 1471 546 1502; x_wconf 85' lang='lat' dir='ltr'>omnia</span> <span class='ocrx_word' id='word_1_256' title='bbox 560 1471 594 1501; x_wconf 88' lang='lat'>&amp;</span> <span class='ocrx_word' id='word_1_257' title='bbox 608 1469 793 1509; x_wconf 71' lang='lat' dir='ltr'>singula,tam</span> <span class='ocrx_word' id='word_1_258' title='bbox 805 1468 878 1499; x_wconf 88' lang='lat' dir='ltr'>infra</span> <span class='ocrx_word' id='word_1_259' title='bbox 891 1468 1062 1504; x_wconf 83' lang='lat' dir='ltr'>Libertates,</span> <span class='ocrx_word' id='word_1_260' title='bbox 1080 1465 1167 1504; x_wconf 68' lang='lat' dir='ltr'>quam</span> <span class='ocrx_word' id='word_1_261' title='bbox 1175 1472 1223 1494; x_wconf 83' lang='lat' dir='ltr'>ex-</span> 
     </span>
     <span class='ocr_line' id='line_1_39' title="bbox 166 1513 362 1545; baseline -0.015 -1"><span class='ocrx_word' id='word_1_262' title='bbox 166 1521 208 1545; x_wconf 85' lang='lat' dir='ltr'>tra</span> <span class='ocrx_word' id='word_1_263' title='bbox 244 1513 362 1543; x_wconf 87' lang='lat' dir='ltr'>faciatis:</span> 
     </span>
    </p>

    <p class='ocr_par' dir='ltr' id='par_1_16' title="bbox 167 1537 1224 1665">
     <span class='ocr_line' id='line_1_40' title="bbox 204 1537 1224 1589; baseline -0.013 -7"><span class='ocrx_word' id='word_1_264' title='bbox 204 1537 243 1582; x_wconf 59' lang='lat' dir='ltr'>Iit</span> <span class='ocrx_word' id='word_1_265' title='bbox 257 1550 470 1589; x_wconf 82' lang='lat' dir='ltr'>Inquifitionem</span> <span class='ocrx_word' id='word_1_266' title='bbox 483 1547 559 1579; x_wconf 87' lang='lat' dir='ltr'>illam</span> <span class='ocrx_word' id='word_1_267' title='bbox 568 1546 718 1585; x_wconf 64' lang='lat' dir='ltr'>‚distinete</span> <span class='ocrx_word' id='word_1_268' title='bbox 731 1547 765 1578; x_wconf 89' lang='lat'>&amp;</span> <span class='ocrx_word' id='word_1_269' title='bbox 779 1546 873 1583; x_wconf 77' lang='lat' dir='ltr'>aperte</span> <span class='ocrx_word' id='word_1_270' title='bbox 885 1543 1095 1581; x_wconf 65' lang='lat' dir='ltr'>factammobis</span> <span class='ocrx_word' id='word_1_271' title='bbox 1109 1543 1139 1571; x_wconf 91' lang='lat' dir='ltr'>in</span> <span class='ocrx_word' id='word_1_272' title='bbox 1147 1540 1224 1571; x_wconf 85' lang='lat' dir='ltr'>Can-</span> 
     </span>
     <span class='ocr_line' id='line_1_41' title="bbox 167 1584 1222 1625; baseline -0.011 -5"><span class='ocrx_word' id='word_1_273' title='bbox 167 1590 307 1621; x_wconf 87' lang='lat' dir='ltr'>cellariam</span> <span class='ocrx_word' id='word_1_274' title='bbox 322 1587 463 1624; x_wconf 90' lang='lat' dir='ltr'>nostram,</span> <span class='ocrx_word' id='word_1_275' title='bbox 480 1586 529 1617; x_wconf 91' lang='lat' dir='ltr'>sub</span> <span class='ocrx_word' id='word_1_276' title='bbox 543 1585 645 1625; x_wconf 85' lang='lat' dir='ltr'>Sigillis</span> <span class='ocrx_word' id='word_1_277' title='bbox 659 1585 773 1623; x_wconf 83' lang='lat' dir='ltr'>vestris,</span> <span class='ocrx_word' id='word_1_278' title='bbox 791 1585 824 1615; x_wconf 89' lang='lat'>&amp;</span> <span class='ocrx_word' id='word_1_279' title='bbox 839 1584 940 1620; x_wconf 84' lang='lat' dir='ltr'>Sigillis</span> <span class='ocrx_word' id='word_1_280' title='bbox 953 1591 1055 1613; x_wconf 90' lang='lat' dir='ltr'>eorum</span> <span class='ocrx_word' id='word_1_281' title='bbox 1065 1604 1074 1620; x_wconf 93' lang='lat'>,</span> <span class='ocrx_word' id='word_1_282' title='bbox 1091 1590 1142 1619; x_wconf 84' lang='lat' dir='ltr'>per</span> <span class='ocrx_word' id='word_1_283' title='bbox 1150 1588 1222 1618; x_wconf 89' lang='lat' dir='ltr'>quos</span> 
     </span>
     <span class='ocr_line' id='line_1_42' title="bbox 168 1621 1152 1665; baseline -0.011 -5"><span class='ocrx_word' id='word_1_284' title='bbox 168 1629 242 1660; x_wconf 66' lang='lat' dir='ltr'>faeta</span> <span class='ocrx_word' id='word_1_285' title='bbox 254 1628 353 1665; x_wconf 83' lang='lat' dir='ltr'>fuerit,</span> <span class='ocrx_word' id='word_1_286' title='bbox 369 1627 426 1657; x_wconf 88' lang='lat' dir='ltr'>fine</span> <span class='ocrx_word' id='word_1_287' title='bbox 439 1625 574 1655; x_wconf 86' lang='lat' dir='ltr'>dilatione</span> <span class='ocrx_word' id='word_1_288' title='bbox 587 1624 715 1662; x_wconf 87' lang='lat' dir='ltr'>mittatis,</span> <span class='ocrx_word' id='word_1_289' title='bbox 730 1624 764 1654; x_wconf 74' lang='grc' dir='ltr'>δε</span> <span class='ocrx_word' id='word_1_290' title='bbox 777 1623 835 1653; x_wconf 85' lang='lat' dir='ltr'>hoc</span> <span class='ocrx_word' id='word_1_291' title='bbox 850 1621 953 1652; x_wconf 86' lang='lat' dir='ltr'>Breve:</span> <span class='ocrx_word' id='word_1_292' title='bbox 1148 1657 1152 1661; x_wconf 35' lang='grc' dir='ltr'>Ι</span> 
     </span>
    </p>

    <p class='ocr_par' dir='ltr' id='par_1_17' title="bbox 168 1655 1228 1782">
     <span class='ocr_line' id='line_1_43' title="bbox 206 1655 1225 1700; baseline -0.014 -2"><span class='ocrx_word' id='word_1_293' title='bbox 206 1666 275 1697; x_wconf 88' lang='lat' dir='ltr'>Nos</span> <span class='ocrx_word' id='word_1_294' title='bbox 288 1666 324 1697; x_wconf 93' lang='lat' dir='ltr'>de</span> <span class='ocrx_word' id='word_1_295' title='bbox 337 1665 421 1696; x_wconf 91' lang='lat' dir='ltr'>Toto</span> <span class='ocrx_word' id='word_1_296' title='bbox 436 1664 525 1695; x_wconf 69' lang='lat' dir='ltr'>Facto</span> <span class='ocrx_word' id='word_1_297' title='bbox 540 1662 651 1700; x_wconf 86' lang='lat' dir='ltr'>vestr0,</span> <span class='ocrx_word' id='word_1_298' title='bbox 670 1672 703 1692; x_wconf 90' lang='lat' dir='ltr'>ac</span> <span class='ocrx_word' id='word_1_299' title='bbox 719 1661 755 1691; x_wconf 89' lang='lat' dir='ltr'>de</span> <span class='ocrx_word' id='word_1_300' title='bbox 768 1660 916 1692; x_wconf 87' lang='lat' dir='ltr'>Thesauris</span> <span class='ocrx_word' id='word_1_301' title='bbox 927 1682 937 1698; x_wconf 95' lang='lat'>,</span> <span class='ocrx_word' id='word_1_302' title='bbox 954 1658 1050 1696; x_wconf 87' lang='lat' dir='ltr'>Vasis,</span> <span class='ocrx_word' id='word_1_303' title='bbox 1063 1655 1225 1696; x_wconf 83' lang='lat' dir='ltr'>Jocahbus‚</span> 
     </span>
     <span class='ocr_line' id='line_1_44' title="bbox 168 1695 1225 1743; baseline -0.012 -6"><span class='ocrx_word' id='word_1_304' title='bbox 168 1705 345 1743; x_wconf 85' lang='lat' dir='ltr'>Armaturis,</span> <span class='ocrx_word' id='word_1_305' title='bbox 370 1704 404 1735; x_wconf 90' lang='lat'>&amp;</span> <span class='ocrx_word' id='word_1_306' title='bbox 423 1703 483 1734; x_wconf 84' lang='lat' dir='ltr'>aliis</span> <span class='ocrx_word' id='word_1_307' title='bbox 503 1701 588 1732; x_wconf 87' lang='lat' dir='ltr'>Bonis</span> <span class='ocrx_word' id='word_1_308' title='bbox 605 1701 638 1731; x_wconf 91' lang='lat'>&amp;</span> <span class='ocrx_word' id='word_1_309' title='bbox 660 1698 774 1730; x_wconf 73' lang='lat' dir='ltr'>Catallis</span> <span class='ocrx_word' id='word_1_310' title='bbox 789 1722 799 1738; x_wconf 90' lang='lat'>,</span> <span class='ocrx_word' id='word_1_311' title='bbox 825 1698 964 1736; x_wconf 69' lang='lat' dir='ltr'>praediffls</span> <span class='ocrx_word' id='word_1_312' title='bbox 978 1719 988 1735; x_wconf 88' lang='lat'>,</span> <span class='ocrx_word' id='word_1_313' title='bbox 1014 1705 1047 1740; x_wconf 79' lang='lat' dir='ltr'>ac</span> <span class='ocrx_word' id='word_1_314' title='bbox 1066 1695 1102 1740; x_wconf 79' lang='lat' dir='ltr'>de</span> <span class='ocrx_word' id='word_1_315' title='bbox 1123 1703 1225 1725; x_wconf 89' lang='lat' dir='ltr'>eorum</span> 
     </span>
     <span class='ocr_line' id='line_1_45' title="bbox 170 1734 1228 1782; baseline -0.012 -7"><span class='ocrx_word' id='word_1_316' title='bbox 170 1744 286 1782; x_wconf 84' lang='lat' dir='ltr'>Pretio,</span> <span class='ocrx_word' id='word_1_317' title='bbox 305 1742 426 1774; x_wconf 86' lang='lat' dir='ltr'>similiter</span> <span class='ocrx_word' id='word_1_318' title='bbox 445 1740 581 1778; x_wconf 85' lang='lat' dir='ltr'>reddatis,</span> <span class='ocrx_word' id='word_1_319' title='bbox 597 1738 731 1769; x_wconf 68' lang='lat' dir='ltr'>distinete</span> <span class='ocrx_word' id='word_1_320' title='bbox 750 1739 783 1769; x_wconf 88' lang='lat'>&amp;</span> <span class='ocrx_word' id='word_1_321' title='bbox 797 1738 907 1775; x_wconf 79' lang='lat' dir='ltr'>aperte,</span> <span class='ocrx_word' id='word_1_322' title='bbox 926 1736 983 1767; x_wconf 83' lang='lat' dir='ltr'>sine</span> <span class='ocrx_word' id='word_1_323' title='bbox 997 1734 1148 1772; x_wconf 84' lang='lat' dir='ltr'>dilatione,</span> <span class='ocrx_word' id='word_1_324' title='bbox 1166 1742 1228 1763; x_wconf 86' lang='lat' dir='ltr'>cer-</span> 
     </span>
    </p>

    <p class='ocr_par' dir='ltr' id='par_1_18' title="bbox 171 1791 1234 2093">
     <span class='ocr_line' id='line_1_46' title="bbox 217 1792 274 1812; baseline 0 0"><span class='ocrx_word' id='word_1_325' title='bbox 217 1792 274 1812; x_wconf 84' lang='lat' dir='ltr'>res:</span> 
     </span>
     <span class='ocr_line' id='line_1_47' title="bbox 172 1791 1229 1855; baseline -0.012 -3"><span class='ocrx_word' id='word_1_326' title='bbox 172 1791 417 1851; x_wconf 70' lang='lat' dir='ltr'>110Mandavimus</span> <span class='ocrx_word' id='word_1_327' title='bbox 439 1818 516 1848; x_wconf 89' lang='lat' dir='ltr'>enim</span> <span class='ocrx_word' id='word_1_328' title='bbox 528 1839 538 1855; x_wconf 89' lang='lat'>,</span> <span class='ocrx_word' id='word_1_329' title='bbox 573 1814 692 1845; x_wconf 66' lang='lat' dir='ltr'>Dilesto</span> <span class='ocrx_word' id='word_1_330' title='bbox 711 1814 745 1844; x_wconf 90' lang='lat'>&amp;</span> <span class='ocrx_word' id='word_1_331' title='bbox 764 1812 853 1844; x_wconf 89' lang='lat' dir='ltr'>Fideli</span> <span class='ocrx_word' id='word_1_332' title='bbox 872 1812 971 1844; x_wconf 90' lang='lat' dir='ltr'>nostro</span> <span class='ocrx_word' id='word_1_333' title='bbox 983 1837 993 1851; x_wconf 83' lang='lat'>,</span> <span class='ocrx_word' id='word_1_334' title='bbox 1023 1810 1183 1841; x_wconf 90' lang='lat' dir='ltr'>Willielmo</span> <span class='ocrx_word' id='word_1_335' title='bbox 1204 1808 1229 1839; x_wconf 90' lang='lat' dir='ltr'>la</span> 
     </span>
     <span class='ocr_line' id='line_1_48' title="bbox 171 1851 1230 1896; baseline -0.013 -5"><span class='ocrx_word' id='word_1_336' title='bbox 171 1858 315 1896; x_wconf 90' lang='lat' dir='ltr'>Zouche,</span> <span class='ocrx_word' id='word_1_337' title='bbox 332 1857 467 1888; x_wconf 91' lang='lat' dir='ltr'>Domino</span> <span class='ocrx_word' id='word_1_338' title='bbox 474 1855 628 1885; x_wconf 88' lang='lat' dir='ltr'>Terrarum</span> <span class='ocrx_word' id='word_1_339' title='bbox 641 1852 839 1890; x_wconf 70' lang='lat' dir='ltr'>praediCtarum</span> <span class='ocrx_word' id='word_1_340' title='bbox 865 1852 911 1882; x_wconf 91' lang='lat' dir='ltr'>vel</span> <span class='ocrx_word' id='word_1_341' title='bbox 925 1853 981 1890; x_wconf 91' lang='lat' dir='ltr'>ejus</span> <span class='ocrx_word' id='word_1_342' title='bbox 999 1851 1116 1881; x_wconf 91' lang='lat' dir='ltr'>Locum</span> <span class='ocrx_word' id='word_1_343' title='bbox 1129 1857 1230 1879; x_wconf 89' lang='lat' dir='ltr'>tenen-</span> 
     </span>
     <span class='ocr_line' id='line_1_49' title="bbox 172 1875 1231 1936; baseline -0.011 -8"><span class='ocrx_word' id='word_1_344' title='bbox 172 1899 211 1935; x_wconf 82' lang='lat' dir='ltr'>ti,</span> <span class='ocrx_word' id='word_1_345' title='bbox 229 1897 310 1936; x_wconf 82' lang='lat' dir='ltr'>quod</span> <span class='ocrx_word' id='word_1_346' title='bbox 332 1896 366 1926; x_wconf 88' lang='lat' dir='ltr'>ad</span> <span class='ocrx_word' id='word_1_347' title='bbox 383 1903 475 1926; x_wconf 88' lang='lat' dir='ltr'>certos</span> <span class='ocrx_word' id='word_1_348' title='bbox 493 1893 567 1923; x_wconf 87' lang='lat' dir='ltr'>Dies</span> <span class='ocrx_word' id='word_1_349' title='bbox 587 1893 620 1923; x_wconf 88' lang='lat'>&amp;</span> <span class='ocrx_word' id='word_1_350' title='bbox 636 1891 733 1928; x_wconf 80' lang='lat' dir='ltr'>Loca,</span> <span class='ocrx_word' id='word_1_351' title='bbox 751 1901 823 1929; x_wconf 89' lang='lat' dir='ltr'>quos</span> <span class='ocrx_word' id='word_1_352' title='bbox 840 1875 916 1928; x_wconf 75' lang='lat' dir='ltr'>Vos,</span> <span class='ocrx_word' id='word_1_353' title='bbox 937 1890 981 1920; x_wconf 87' lang='lat' dir='ltr'>vel</span> <span class='ocrx_word' id='word_1_354' title='bbox 998 1889 1069 1919; x_wconf 88' lang='lat' dir='ltr'>Duo</span> <span class='ocrx_word' id='word_1_355' title='bbox 1083 1886 1231 1924; x_wconf 69' lang='lat' dir='ltr'>vestrum,</span> 
     </span>
     <span class='ocr_line' id='line_1_50' title="bbox 172 1924 1232 1974; baseline -0.01 -7"><span class='ocrx_word' id='word_1_356' title='bbox 172 1936 227 1974; x_wconf 88' lang='lat' dir='ltr'>Ei,</span> <span class='ocrx_word' id='word_1_357' title='bbox 245 1936 290 1967; x_wconf 92' lang='lat' dir='ltr'>vel</span> <span class='ocrx_word' id='word_1_358' title='bbox 302 1935 357 1968; x_wconf 86' lang='lat' dir='ltr'>eius</span> <span class='ocrx_word' id='word_1_359' title='bbox 372 1933 487 1963; x_wconf 90' lang='lat' dir='ltr'>Locum</span> <span class='ocrx_word' id='word_1_360' title='bbox 500 1929 699 1968; x_wconf 89' lang='lat' dir='ltr'>tenenti,scire</span> <span class='ocrx_word' id='word_1_361' title='bbox 712 1930 832 1967; x_wconf 86' lang='lat' dir='ltr'>faciatis,</span> <span class='ocrx_word' id='word_1_362' title='bbox 849 1930 946 1959; x_wconf 92' lang='lat' dir='ltr'>venire</span> <span class='ocrx_word' id='word_1_363' title='bbox 961 1928 1044 1958; x_wconf 90' lang='lat' dir='ltr'>faciet</span> <span class='ocrx_word' id='word_1_364' title='bbox 1060 1936 1159 1957; x_wconf 89' lang='lat' dir='ltr'>coram</span> <span class='ocrx_word' id='word_1_365' title='bbox 1167 1924 1232 1956; x_wconf 91' lang='lat' dir='ltr'>Vo-</span> 
     </span>
     <span class='ocr_line' id='line_1_51' title="bbox 172 1963 1232 2012; baseline -0.012 -6"><span class='ocrx_word' id='word_1_366' title='bbox 172 1976 235 2012; x_wconf 82' lang='lat' dir='ltr'>bis,</span> <span class='ocrx_word' id='word_1_367' title='bbox 251 1973 298 2005; x_wconf 90' lang='lat' dir='ltr'>vel</span> <span class='ocrx_word' id='word_1_368' title='bbox 319 1972 444 2003; x_wconf 89' lang='lat' dir='ltr'>Duobus</span> <span class='ocrx_word' id='word_1_369' title='bbox 462 1968 608 2005; x_wconf 67' lang='lat' dir='ltr'>vestrum,</span> <span class='ocrx_word' id='word_1_370' title='bbox 625 1968 688 1998; x_wconf 90' lang='lat' dir='ltr'>Tot</span> <span class='ocrx_word' id='word_1_371' title='bbox 709 1969 742 1999; x_wconf 91' lang='lat'>&amp;</span> <span class='ocrx_word' id='word_1_372' title='bbox 758 1967 845 1997; x_wconf 85' lang='lat' dir='ltr'>Tales</span> <span class='ocrx_word' id='word_1_373' title='bbox 861 1967 971 1997; x_wconf 88' lang='lat' dir='ltr'>Probos</span> <span class='ocrx_word' id='word_1_374' title='bbox 986 1967 1018 1998; x_wconf 86' lang='lat'>&amp;</span> <span class='ocrx_word' id='word_1_375' title='bbox 1034 1965 1151 2002; x_wconf 85' lang='lat' dir='ltr'>Legales</span> <span class='ocrx_word' id='word_1_376' title='bbox 1164 1963 1232 1994; x_wconf 89' lang='lat' dir='ltr'>Ho-</span> 
     </span>
     <span class='ocr_line' id='line_1_52' title="bbox 173 2004 1234 2050; baseline -0.01 -6"><span class='ocrx_word' id='word_1_377' title='bbox 173 2013 281 2050; x_wconf 84' lang='lat' dir='ltr'>mines,</span> <span class='ocrx_word' id='word_1_378' title='bbox 297 2011 333 2041; x_wconf 91' lang='lat' dir='ltr'>de</span> <span class='ocrx_word' id='word_1_379' title='bbox 354 2010 476 2048; x_wconf 84' lang='lat' dir='ltr'>partibus</span> <span class='ocrx_word' id='word_1_380' title='bbox 495 2008 654 2047; x_wconf 67' lang='lat' dir='ltr'>praedietis,</span> <span class='ocrx_word' id='word_1_381' title='bbox 672 2006 733 2038; x_wconf 69' lang='lat' dir='ltr'>tam</span> <span class='ocrx_word' id='word_1_382' title='bbox 754 2006 825 2039; x_wconf 87' lang='lat' dir='ltr'>infra</span> <span class='ocrx_word' id='word_1_383' title='bbox 847 2006 1017 2048; x_wconf 68' lang='lat' dir='ltr'>LibertateS,</span> <span class='ocrx_word' id='word_1_384' title='bbox 1036 2004 1124 2044; x_wconf 70' lang='lat' dir='ltr'>quam</span> <span class='ocrx_word' id='word_1_385' title='bbox 1137 2011 1234 2042; x_wconf 87' lang='lat' dir='ltr'>extra,</span> 
     </span>
     <span class='ocr_line' id='line_1_53' title="bbox 174 2047 586 2093; baseline -0.015 -11"><span class='ocrx_word' id='word_1_386' title='bbox 174 2061 226 2093; x_wconf 76' lang='lat' dir='ltr'>per</span> <span class='ocrx_word' id='word_1_387' title='bbox 241 2060 331 2088; x_wconf 83' lang='lat' dir='ltr'>quOS,</span> <span class='ocrx_word' id='word_1_388' title='bbox 348 2050 409 2080; x_wconf 91' lang='lat' dir='ltr'>&amp;c.</span> <span class='ocrx_word' id='word_1_389' title='bbox 427 2049 461 2079; x_wconf 90' lang='lat'>&amp;</span> <span class='ocrx_word' id='word_1_390' title='bbox 473 2047 586 2084; x_wconf 84' lang='lat' dir='ltr'>inquiri.</span> 
     </span>
    </p>

    <p class='ocr_par' dir='ltr' id='par_1_19' title="bbox 215 2087 440 2124">
     <span class='ocr_line' id='line_1_54' title="bbox 215 2087 440 2124; baseline -0.009 -6"><span class='ocrx_word' id='word_1_391' title='bbox 215 2088 250 2121; x_wconf 86' lang='lat' dir='ltr'>In</span> <span class='ocrx_word' id='word_1_392' title='bbox 265 2088 360 2124; x_wconf 82' lang='lat' dir='ltr'>cuius,</span> <span class='ocrx_word' id='word_1_393' title='bbox 377 2087 440 2117; x_wconf 80' lang='lat' dir='ltr'>&amp;c-</span> 
     </span>
    </p>

    <p class='ocr_par' dir='ltr' id='par_1_20' title="bbox 251 2121 1058 2167">
     <span class='ocr_line' id='line_1_55' title="bbox 251 2121 1058 2167; baseline -0.006 -9"><span class='ocrx_word' id='word_1_394' title='bbox 251 2124 342 2158; x_wconf 88' lang='lat' dir='ltr'>Teste</span> <span class='ocrx_word' id='word_1_395' title='bbox 355 2124 440 2164; x_wconf 83' lang='lat' dir='ltr'>Rege</span> <span class='ocrx_word' id='word_1_396' title='bbox 452 2121 526 2167; x_wconf 82' lang='lat' dir='ltr'>apud</span> <span class='ocrx_word' id='word_1_397' title='bbox 541 2121 718 2163; x_wconf 83' lang='lat' dir='ltr'>Guldeford,</span> <span class='ocrx_word' id='word_1_398' title='bbox 736 2123 873 2156; x_wconf 88' lang='lat' dir='ltr'>vicesimo</span> <span class='ocrx_word' id='word_1_399' title='bbox 885 2123 932 2155; x_wconf 89' lang='lat' dir='ltr'>die</span> <span class='ocrx_word' id='word_1_400' title='bbox 947 2122 1058 2162; x_wconf 80' lang='lat' dir='ltr'>Aprilis.</span> 
     </span>
    </p>
   </div>
   <div class='ocr_carea' id='block_1_10' title="bbox 913 2198 1137 2231">
    <p class='ocr_par' dir='ltr' id='par_1_21' title="bbox 913 2198 1137 2231">
     <span class='ocr_line' id='line_1_56' title="bbox 913 2198 1137 2231; baseline -0.009 0"><span class='ocrx_word' id='word_1_401' title='bbox 913 2203 967 2231; x_wconf 81' lang='lat' dir='ltr'>Per</span> <span class='ocrx_word' id='word_1_402' title='bbox 985 2198 1137 2231; x_wconf 71' lang='lat' dir='ltr'>concilium:</span> 
     </span>
    </p>
   </div>
   <div class='ocr_carea' id='block_1_11' title="bbox 254 2326 1171 2375">
    <p class='ocr_par' dir='ltr' id='par_1_22' title="bbox 254 2326 1171 2375">
     <span class='ocr_line' id='line_1_57' title="bbox 254 2326 1171 2375; baseline -0.004 -12"><span class='ocrx_word' id='word_1_403' title='bbox 254 2331 303 2364; x_wconf 88' lang='lat' dir='ltr'>De</span> <span class='ocrx_word' id='word_1_404' title='bbox 315 2329 436 2375; x_wconf 77' lang='lat' dir='ltr'>Treuga</span> <span class='ocrx_word' id='word_1_405' title='bbox 457 2339 526 2360; x_wconf 82' lang='lat' dir='ltr'>cum</span> <span class='ocrx_word' id='word_1_406' title='bbox 542 2331 637 2362; x_wconf 82' lang='lat' dir='ltr'>Scotis</span> <span class='ocrx_word' id='word_1_407' title='bbox 647 2327 740 2372; x_wconf 84' lang='lat' dir='ltr'>finita</span> <span class='ocrx_word' id='word_1_408' title='bbox 751 2355 761 2370; x_wconf 90' lang='lat'>‚</span> <span class='ocrx_word' id='word_1_409' title='bbox 786 2331 822 2366; x_wconf 69' lang='lat'>&amp;-</span> <span class='ocrx_word' id='word_1_410' title='bbox 840 2326 875 2361; x_wconf 75' lang='lat' dir='ltr'>de</span> <span class='ocrx_word' id='word_1_411' title='bbox 887 2327 982 2374; x_wconf 59' lang='lat' dir='ltr'>fastis</span> <span class='ocrx_word' id='word_1_412' title='bbox 999 2328 1171 2361; x_wconf 83' lang='lat' dir='ltr'>Armorum</span> 
     </span>
    </p>
   </div>
   <div class='ocr_carea' id='block_1_12' title="bbox 183 2376 842 2419">
    <p class='ocr_par' dir='ltr' id='par_1_23' title="bbox 183 2376 842 2419">
     <span class='ocr_line' id='line_1_58' title="bbox 183 2376 842 2419; baseline 0.005 -12"><span class='ocrx_word' id='word_1_413' title='bbox 183 2405 194 2419; x_wconf 33' lang='grc' dir='ltr'>,ι</span> <span class='ocrx_word' id='word_1_414' title='bbox 589 2389 645 2409; x_wconf 88' lang='lat' dir='ltr'>non</span> <span class='ocrx_word' id='word_1_415' title='bbox 663 2376 842 2410; x_wconf 71' lang='lat' dir='ltr'>exercendis.</span> 
     </span>
    </p>
   </div>
   <div class='ocr_carea' id='block_1_13' title="bbox 37 2462 799 2523">
    <p class='ocr_par' dir='ltr' id='par_1_24' title="bbox 37 2462 799 2523">
     <span class='ocr_line' id='line_1_59' title="bbox 37 2462 799 2523; baseline -0.03 -18"><span class='ocrx_word' id='word_1_416' title='bbox 37 2488 168 2523; x_wconf 30' lang='lat' dir='ltr'>Ann-D·</span> <span class='ocrx_word' id='word_1_417' title='bbox 192 2462 312 2521; x_wconf 78' lang='lat' dir='ltr'>REX</span> <span class='ocrx_word' id='word_1_418' title='bbox 330 2463 505 2494; x_wconf 90' lang='lat' dir='ltr'>Vicecomiti</span> <span class='ocrx_word' id='word_1_419' title='bbox 520 2462 652 2494; x_wconf 84' lang='lat' dir='ltr'>Eborum</span> <span class='ocrx_word' id='word_1_420' title='bbox 666 2462 799 2493; x_wconf 47' lang='lat' dir='ltr'>Salutem·</span> 
     </span>
    </p>
   </div>
   <div class='ocr_carea' id='block_1_14' title="bbox 289 2499 1247 2541">
    <p class='ocr_par' dir='ltr' id='par_1_25' title="bbox 289 2499 1247 2541">
     <span class='ocr_line' id='line_1_60' title="bbox 289 2499 1247 2541; baseline -0.002 -9"><span class='ocrx_word' id='word_1_421' title='bbox 289 2501 387 2540; x_wconf 89' lang='lat' dir='ltr'>Cum,</span> <span class='ocrx_word' id='word_1_422' title='bbox 404 2511 458 2541; x_wconf 90' lang='lat' dir='ltr'>pro</span> <span class='ocrx_word' id='word_1_423' title='bbox 472 2501 612 2533; x_wconf 72' lang='lat' dir='ltr'>obstinata</span> <span class='ocrx_word' id='word_1_424' title='bbox 625 2501 735 2532; x_wconf 77' lang='lat' dir='ltr'>Malitia</span> <span class='ocrx_word' id='word_1_425' title='bbox 748 2500 938 2540; x_wconf 88' lang='lat' dir='ltr'>quorumdam</span> <span class='ocrx_word' id='word_1_426' title='bbox 952 2499 1119 2531; x_wconf 88' lang='lat' dir='ltr'>Hominum</span> <span class='ocrx_word' id='word_1_427' title='bbox 1132 2499 1169 2531; x_wconf 91' lang='lat' dir='ltr'>de</span> <span class='ocrx_word' id='word_1_428' title='bbox 1176 2499 1247 2531; x_wconf 89' lang='lat' dir='ltr'>Sco-</span> 
     </span>
    </p>
   </div>
   <div class='ocr_carea' id='block_1_15' title="bbox 39 2529 981 2597">
    <p class='ocr_par' dir='ltr' id='par_1_26' title="bbox 39 2529 981 2597">
     <span class='ocr_line' id='line_1_61' title="bbox 39 2529 981 2597; baseline 0 -28"><span class='ocrx_word' id='word_1_429' title='bbox 39 2539 94 2597; x_wconf 62' lang='lat' dir='ltr'><em>A¹n3</em></span> <span class='ocrx_word' id='word_1_430' title='bbox 100 2529 147 2595; x_wconf 57' lang='grc' dir='ltr'><strong>’ὄξο-</strong></span> <span class='ocrx_word' id='word_1_431' title='bbox 190 2539 246 2578; x_wconf 69' lang='lat' dir='ltr'>tia,</span> <span class='ocrx_word' id='word_1_432' title='bbox 262 2540 298 2570; x_wconf 87' lang='lat' dir='ltr'>ad</span> <span class='ocrx_word' id='word_1_433' title='bbox 313 2539 413 2571; x_wconf 90' lang='lat' dir='ltr'>Fidem</span> <span class='ocrx_word' id='word_1_434' title='bbox 426 2541 460 2570; x_wconf 89' lang='lat'>&amp;</span> <span class='ocrx_word' id='word_1_435' title='bbox 473 2539 579 2570; x_wconf 87' lang='lat' dir='ltr'>Pacem</span> <span class='ocrx_word' id='word_1_436' title='bbox 593 2539 717 2571; x_wconf 88' lang='lat' dir='ltr'>nostram</span> <span class='ocrx_word' id='word_1_437' title='bbox 733 2550 791 2570; x_wconf 92' lang='lat' dir='ltr'>non</span> <span class='ocrx_word' id='word_1_438' title='bbox 805 2539 981 2570; x_wconf 84' lang='lat' dir='ltr'>existentium</span> 
     </span>
    </p>
   </div>
   <div class='ocr_carea' id='block_1_16' title="bbox 194 2562 1269 3354">
    <p class='ocr_par' dir='ltr' id='par_1_27' title="bbox 194 2562 1251 2695">
     <span class='ocr_line' id='line_1_62' title="bbox 232 2562 1251 2618; baseline -0.001 -10"><span class='ocrx_word' id='word_1_439' title='bbox 232 2579 312 2618; x_wconf 80' lang='lat' dir='ltr'>Qi,</span> <span class='ocrx_word' id='word_1_440' title='bbox 330 2578 409 2609; x_wconf 74' lang='lat' dir='ltr'>finini</span> <span class='ocrx_word' id='word_1_441' title='bbox 427 2578 562 2617; x_wconf 67' lang='lat' dir='ltr'>Treugi‘i,</span> <span class='ocrx_word' id='word_1_442' title='bbox 579 2578 630 2608; x_wconf 89' lang='lat' dir='ltr'>sibi</span> <span class='ocrx_word' id='word_1_443' title='bbox 651 2588 700 2616; x_wconf 89' lang='lat' dir='ltr'>per</span> <span class='ocrx_word' id='word_1_444' title='bbox 719 2578 787 2608; x_wconf 91' lang='lat' dir='ltr'>Nos</span> <span class='ocrx_word' id='word_1_445' title='bbox 809 2578 959 2616; x_wconf 71' lang='lat' dir='ltr'>concessa,</span> <span class='ocrx_word' id='word_1_446' title='bbox 976 2562 1012 2608; x_wconf 67' lang='lat' dir='ltr'>d’e</span> <span class='ocrx_word' id='word_1_447' title='bbox 1026 2576 1140 2608; x_wconf 70' lang='lat' dir='ltr'>Guerra</span> <span class='ocrx_word' id='word_1_448' title='bbox 1151 2585 1251 2608; x_wconf 88' lang='lat' dir='ltr'>contra</span> 
     </span>
     <span class='ocr_line' id='line_1_63' title="bbox 194 2616 1251 2656; baseline -0.002 -8"><span class='ocrx_word' id='word_1_449' title='bbox 194 2627 247 2649; x_wconf 90' lang='lat' dir='ltr'>nos</span> <span class='ocrx_word' id='word_1_450' title='bbox 267 2618 421 2656; x_wconf 84' lang='lat' dir='ltr'>insurgere,</span> <span class='ocrx_word' id='word_1_451' title='bbox 438 2617 472 2647; x_wconf 88' lang='lat'>&amp;</span> <span class='ocrx_word' id='word_1_452' title='bbox 494 2616 581 2654; x_wconf 88' lang='lat' dir='ltr'>Nos,</span> <span class='ocrx_word' id='word_1_453' title='bbox 599 2617 633 2647; x_wconf 74' lang='grc' dir='ltr'>δε</span> <span class='ocrx_word' id='word_1_454' title='bbox 655 2616 798 2653; x_wconf 87' lang='lat' dir='ltr'>Populum</span> <span class='ocrx_word' id='word_1_455' title='bbox 819 2616 969 2656; x_wconf 88' lang='lat' dir='ltr'>nostrum,</span> <span class='ocrx_word' id='word_1_456' title='bbox 986 2626 1068 2646; x_wconf 90' lang='lat' dir='ltr'>more</span> <span class='ocrx_word' id='word_1_457' title='bbox 1080 2616 1181 2655; x_wconf 91' lang='lat' dir='ltr'>solito,</span> <span class='ocrx_word' id='word_1_458' title='bbox 1199 2625 1251 2656; x_wconf 92' lang='lat' dir='ltr'>pro</span> 
     </span>
     <span class='ocr_line' id='line_1_64' title="bbox 196 2654 805 2695; baseline -0.007 -7"><span class='ocrx_word' id='word_1_459' title='bbox 196 2657 303 2689; x_wconf 91' lang='lat' dir='ltr'>viribus</span> <span class='ocrx_word' id='word_1_460' title='bbox 318 2665 430 2695; x_wconf 83' lang='lat' dir='ltr'>gravare</span> <span class='ocrx_word' id='word_1_461' title='bbox 442 2662 622 2693; x_wconf 83' lang='lat' dir='ltr'>proponunt,</span> <span class='ocrx_word' id='word_1_462' title='bbox 640 2663 671 2685; x_wconf 90' lang='lat' dir='ltr'>ut</span> <span class='ocrx_word' id='word_1_463' title='bbox 685 2654 805 2693; x_wconf 89' lang='lat' dir='ltr'>dicitur,</span> 
     </span>
    </p>

    <p class='ocr_par' dir='ltr' id='par_1_28' title="bbox 199 2692 1255 2808">
     <span class='ocr_line' id='line_1_65' title="bbox 237 2692 1255 2733; baseline -0.003 -8"><span class='ocrx_word' id='word_1_464' title='bbox 237 2695 358 2725; x_wconf 86' lang='lat' dir='ltr'>Favente</span> <span class='ocrx_word' id='word_1_465' title='bbox 373 2693 525 2730; x_wconf 88' lang='lat' dir='ltr'>Domino,</span> <span class='ocrx_word' id='word_1_466' title='bbox 544 2692 739 2732; x_wconf 71' lang='lat' dir='ltr'>reprimenda,</span> <span class='ocrx_word' id='word_1_467' title='bbox 756 2693 880 2724; x_wconf 88' lang='lat' dir='ltr'>diversos</span> <span class='ocrx_word' id='word_1_468' title='bbox 897 2693 1059 2733; x_wconf 83' lang='lat' dir='ltr'>Magnates,</span> <span class='ocrx_word' id='word_1_469' title='bbox 1078 2693 1111 2723; x_wconf 88' lang='lat'>&amp;</span> <span class='ocrx_word' id='word_1_470' title='bbox 1124 2693 1192 2723; x_wconf 88' lang='lat' dir='ltr'>alios</span> <span class='ocrx_word' id='word_1_471' title='bbox 1207 2693 1255 2722; x_wconf 84' lang='lat' dir='ltr'>Fi-</span> 
     </span>
     <span class='ocr_line' id='line_1_66' title="bbox 199 2730 1255 2770; baseline -0.002 -6"><span class='ocrx_word' id='word_1_472' title='bbox 199 2733 274 2764; x_wconf 72' lang='lat' dir='ltr'>deles</span> <span class='ocrx_word' id='word_1_473' title='bbox 284 2733 319 2763; x_wconf 93' lang='lat' dir='ltr'>de</span> <span class='ocrx_word' id='word_1_474' title='bbox 333 2732 438 2770; x_wconf 84' lang='lat' dir='ltr'>Regno</span> <span class='ocrx_word' id='word_1_475' title='bbox 449 2730 566 2769; x_wconf 90' lang='lat' dir='ltr'>nostro,</span> <span class='ocrx_word' id='word_1_476' title='bbox 581 2730 616 2761; x_wconf 92' lang='lat' dir='ltr'>ad</span> <span class='ocrx_word' id='word_1_477' title='bbox 629 2731 715 2762; x_wconf 63' lang='lat' dir='ltr'>dictas</span> <span class='ocrx_word' id='word_1_478' title='bbox 731 2740 818 2769; x_wconf 89' lang='lat' dir='ltr'>partes</span> <span class='ocrx_word' id='word_1_479' title='bbox 832 2732 937 2762; x_wconf 82' lang='lat' dir='ltr'>Scotiae</span> <span class='ocrx_word' id='word_1_480' title='bbox 948 2732 1255 2770; x_wconf 78' lang='lat' dir='ltr'>transmiserimus,ibi-</span> 
     </span>
     <span class='ocr_line' id='line_1_67' title="bbox 199 2769 1058 2808; baseline -0.001 -7"><span class='ocrx_word' id='word_1_481' title='bbox 199 2772 266 2803; x_wconf 87' lang='lat' dir='ltr'>dem</span> <span class='ocrx_word' id='word_1_482' title='bbox 278 2780 313 2800; x_wconf 85' lang='lat' dir='ltr'>ex</span> <span class='ocrx_word' id='word_1_483' title='bbox 326 2770 408 2801; x_wconf 67' lang='lat' dir='ltr'>causa</span> <span class='ocrx_word' id='word_1_484' title='bbox 422 2769 560 2807; x_wconf 67' lang='lat' dir='ltr'>praemissa</span> <span class='ocrx_word' id='word_1_485' title='bbox 569 2780 618 2807; x_wconf 87' lang='lat' dir='ltr'>per</span> <span class='ocrx_word' id='word_1_486' title='bbox 632 2769 745 2808; x_wconf 88' lang='lat' dir='ltr'>aliquod</span> <span class='ocrx_word' id='word_1_487' title='bbox 758 2779 868 2808; x_wconf 90' lang='lat' dir='ltr'>tempus</span> <span class='ocrx_word' id='word_1_488' title='bbox 883 2779 1058 2802; x_wconf 87' lang='lat' dir='ltr'>moraturos:</span> 
     </span>
    </p>

    <p class='ocr_par' dir='ltr' id='par_1_29' title="bbox 200 2807 1257 2954">
     <span class='ocr_line' id='line_1_68' title="bbox 238 2807 1254 2846; baseline -0.001 -6"><span class='ocrx_word' id='word_1_489' title='bbox 238 2809 276 2840; x_wconf 92' lang='lat' dir='ltr'>Et</span> <span class='ocrx_word' id='word_1_490' title='bbox 290 2808 507 2839; x_wconf 83' lang='lat' dir='ltr'>intellexerimus</span> <span class='ocrx_word' id='word_1_491' title='bbox 519 2807 598 2845; x_wconf 76' lang='lat' dir='ltr'>quod</span> <span class='ocrx_word' id='word_1_492' title='bbox 612 2807 711 2838; x_wconf 85' lang='lat' dir='ltr'>diverfi</span> <span class='ocrx_word' id='word_1_493' title='bbox 725 2808 869 2839; x_wconf 90' lang='lat' dir='ltr'>Homines</span> <span class='ocrx_word' id='word_1_494' title='bbox 880 2808 915 2839; x_wconf 90' lang='lat' dir='ltr'>ad</span> <span class='ocrx_word' id='word_1_495' title='bbox 931 2809 1036 2846; x_wconf 88' lang='lat' dir='ltr'>Arma,</span> <span class='ocrx_word' id='word_1_496' title='bbox 1051 2808 1088 2839; x_wconf 89' lang='lat' dir='ltr'>de</span> <span class='ocrx_word' id='word_1_497' title='bbox 1105 2808 1254 2840; x_wconf 79' lang='lat' dir='ltr'>Comitatu</span> 
     </span>
     <span class='ocr_line' id='line_1_69' title="bbox 200 2845 1255 2887; baseline -0.001 -9"><span class='ocrx_word' id='word_1_498' title='bbox 200 2855 269 2885; x_wconf 85' lang='lat' dir='ltr'>tuo,</span> <span class='ocrx_word' id='word_1_499' title='bbox 287 2848 345 2878; x_wconf 69' lang='lat' dir='ltr'>tam</span> <span class='ocrx_word' id='word_1_500' title='bbox 367 2845 487 2883; x_wconf 87' lang='lat' dir='ltr'>Milites,</span> <span class='ocrx_word' id='word_1_501' title='bbox 506 2846 594 2883; x_wconf 75' lang='lat' dir='ltr'>quarn</span> <span class='ocrx_word' id='word_1_502' title='bbox 614 2846 678 2884; x_wconf 91' lang='lat' dir='ltr'>alii,</span> <span class='ocrx_word' id='word_1_503' title='bbox 696 2846 729 2876; x_wconf 88' lang='lat' dir='ltr'>ad</span> <span class='ocrx_word' id='word_1_504' title='bbox 749 2846 904 2883; x_wconf 87' lang='lat' dir='ltr'>hujusmodi</span> <span class='ocrx_word' id='word_1_505' title='bbox 924 2848 1070 2887; x_wconf 82' lang='lat' dir='ltr'>negotium</span> <span class='ocrx_word' id='word_1_506' title='bbox 1089 2849 1255 2884; x_wconf 88' lang='lat' dir='ltr'>guerrinum</span> 
     </span>
     <span class='ocr_line' id='line_1_70' title="bbox 201 2883 1257 2954; baseline 0.001 -39"><span class='ocrx_word' id='word_1_507' title='bbox 201 2884 294 2954; x_wconf 39' lang='lat' dir='ltr'>&amp;quod</span> <span class='ocrx_word' id='word_1_508' title='bbox 310 2884 432 2914; x_wconf 91' lang='lat' dir='ltr'>multum</span> <span class='ocrx_word' id='word_1_509' title='bbox 446 2885 529 2914; x_wconf 91' lang='lat' dir='ltr'>nobis</span> <span class='ocrx_word' id='word_1_510' title='bbox 541 2883 636 2914; x_wconf 80' lang='lat' dir='ltr'>insidet</span> <span class='ocrx_word' id='word_1_511' title='bbox 651 2884 742 2920; x_wconf 90' lang='lat' dir='ltr'>cordi)</span> <span class='ocrx_word' id='word_1_512' title='bbox 764 2884 939 2922; x_wconf 72' lang='lat' dir='ltr'>Respeistum</span> <span class='ocrx_word' id='word_1_513' title='bbox 962 2896 1022 2916; x_wconf 93' lang='lat' dir='ltr'>nori</span> <span class='ocrx_word' id='word_1_514' title='bbox 1043 2886 1191 2924; x_wconf 79' lang='lat' dir='ltr'>habentes,</span> <span class='ocrx_word' id='word_1_515' title='bbox 1206 2886 1257 2924; x_wconf 92' lang='lat' dir='ltr'>Ju-</span> 
     </span>
    </p>

    <p class='ocr_par' dir='ltr' id='par_1_30' title="bbox 203 2921 1261 3077">
     <span class='ocr_line' id='line_1_71' title="bbox 227 2921 1261 2961; baseline 0 -8"><span class='ocrx_word' id='word_1_516' title='bbox 227 2933 271 2961; x_wconf 82' lang='lat' dir='ltr'>as,</span> <span class='ocrx_word' id='word_1_517' title='bbox 288 2923 322 2954; x_wconf 90' lang='lat'>&amp;</span> <span class='ocrx_word' id='word_1_518' title='bbox 336 2922 502 2961; x_wconf 87' lang='lat' dir='ltr'>Burdeitias,</span> <span class='ocrx_word' id='word_1_519' title='bbox 517 2922 551 2953; x_wconf 89' lang='lat'><strong>&amp;</strong></span> <span class='ocrx_word' id='word_1_520' title='bbox 565 2922 615 2952; x_wconf 90' lang='lat' dir='ltr'>alia</span> <span class='ocrx_word' id='word_1_521' title='bbox 626 2921 698 2953; x_wconf 64' lang='lat' dir='ltr'>faeta</span> <span class='ocrx_word' id='word_1_522' title='bbox 713 2923 885 2961; x_wconf 88' lang='lat' dir='ltr'>Armorum,</span> <span class='ocrx_word' id='word_1_523' title='bbox 904 2924 933 2953; x_wconf 90' lang='lat' dir='ltr'>in</span> <span class='ocrx_word' id='word_1_524' title='bbox 945 2923 1048 2954; x_wconf 89' lang='lat' dir='ltr'>eodem</span> <span class='ocrx_word' id='word_1_525' title='bbox 1065 2924 1210 2955; x_wconf 87' lang='lat' dir='ltr'>Comitatu</span> <span class='ocrx_word' id='word_1_526' title='bbox 1220 2924 1261 2954; x_wconf 88' lang='lat' dir='ltr'>fa-</span> 
     </span>
     <span class='ocr_line' id='line_1_72' title="bbox 203 2960 1259 3001; baseline 0 -9"><span class='ocrx_word' id='word_1_527' title='bbox 203 2971 270 2992; x_wconf 87' lang='lat' dir='ltr'>cere</span> <span class='ocrx_word' id='word_1_528' title='bbox 283 2961 309 2992; x_wconf 91' lang='lat' dir='ltr'>se</span> <span class='ocrx_word' id='word_1_529' title='bbox 323 2969 434 2998; x_wconf 85' lang='lat' dir='ltr'>parant,</span> <span class='ocrx_word' id='word_1_530' title='bbox 448 2971 498 3000; x_wconf 90' lang='lat' dir='ltr'>per</span> <span class='ocrx_word' id='word_1_531' title='bbox 512 2970 592 2998; x_wconf 81' lang='lat' dir='ltr'>quae,</span> <span class='ocrx_word' id='word_1_532' title='bbox 611 2960 630 2990; x_wconf 92' lang='lat' dir='ltr'>si</span> <span class='ocrx_word' id='word_1_533' title='bbox 643 2962 884 2999; x_wconf 82' lang='lat' dir='ltr'>permitterentur,</span> <span class='ocrx_word' id='word_1_534' title='bbox 900 2963 958 2992; x_wconf 70' lang='lat' dir='ltr'>tam</span> <span class='ocrx_word' id='word_1_535' title='bbox 973 2962 1089 3000; x_wconf 88' lang='lat' dir='ltr'>Nobis,</span> <span class='ocrx_word' id='word_1_536' title='bbox 1107 2964 1193 3001; x_wconf 70' lang='lat' dir='ltr'>quam</span> <span class='ocrx_word' id='word_1_537' title='bbox 1209 2962 1259 2992; x_wconf 91' lang='lat' dir='ltr'>eis-</span> 
     </span>
     <span class='ocr_line' id='line_1_73' title="bbox 205 2998 1261 3038; baseline 0.002 -8"><span class='ocrx_word' id='word_1_538' title='bbox 205 3000 272 3030; x_wconf 85' lang='lat' dir='ltr'>dem</span> <span class='ocrx_word' id='word_1_539' title='bbox 286 2999 474 3037; x_wconf 83' lang='lat' dir='ltr'>Hominibus,</span> <span class='ocrx_word' id='word_1_540' title='bbox 489 2998 624 3037; x_wconf 84' lang='lat' dir='ltr'>Dampna</span> <span class='ocrx_word' id='word_1_541' title='bbox 634 3000 668 3030; x_wconf 75' lang='grc' dir='ltr'>ὅτ.</span> <span class='ocrx_word' id='word_1_542' title='bbox 682 2999 810 3031; x_wconf 85' lang='lat' dir='ltr'>Pericula</span> <span class='ocrx_word' id='word_1_543' title='bbox 823 3001 1027 3038; x_wconf 88' lang='lat' dir='ltr'>quamplurima</span> <span class='ocrx_word' id='word_1_544' title='bbox 1039 3002 1118 3033; x_wconf 89' lang='lat' dir='ltr'>variis</span> <span class='ocrx_word' id='word_1_545' title='bbox 1134 3001 1261 3032; x_wconf 75' lang='lat' dir='ltr'>decausis</span> 
     </span>
     <span class='ocr_line' id='line_1_74' title="bbox 205 3037 677 3077; baseline -0.002 -8"><span class='ocrx_word' id='word_1_546' title='bbox 205 3046 340 3077; x_wconf 81' lang='lat' dir='ltr'>poterunt</span> <span class='ocrx_word' id='word_1_547' title='bbox 355 3038 483 3075; x_wconf 88' lang='lat' dir='ltr'>evenire,</span> <span class='ocrx_word' id='word_1_548' title='bbox 503 3038 580 3075; x_wconf 90' lang='lat' dir='ltr'>quod</span> <span class='ocrx_word' id='word_1_549' title='bbox 593 3037 677 3076; x_wconf 79' lang='lat' dir='ltr'>absit,</span> 
     </span>
    </p>

    <p class='ocr_par' dir='ltr' id='par_1_31' title="bbox 209 3075 1268 3268">
     <span class='ocr_line' id='line_1_75' title="bbox 247 3075 1263 3116; baseline 0 -9"><span class='ocrx_word' id='word_1_550' title='bbox 247 3075 316 3107; x_wconf 91' lang='lat' dir='ltr'>Nos</span> <span class='ocrx_word' id='word_1_551' title='bbox 328 3076 462 3106; x_wconf 89' lang='lat' dir='ltr'>Periculis</span> <span class='ocrx_word' id='word_1_552' title='bbox 484 3075 643 3114; x_wconf 85' lang='lat' dir='ltr'>hujusmodi</span> <span class='ocrx_word' id='word_1_553' title='bbox 663 3075 790 3106; x_wconf 89' lang='lat' dir='ltr'>volentes</span> <span class='ocrx_word' id='word_1_554' title='bbox 805 3085 981 3115; x_wconf 82' lang='lat' dir='ltr'>praecavere,</span> <span class='ocrx_word' id='word_1_555' title='bbox 998 3086 1084 3115; x_wconf 89' lang='lat' dir='ltr'>prout</span> <span class='ocrx_word' id='word_1_556' title='bbox 1097 3076 1195 3116; x_wconf 89' lang='lat' dir='ltr'>decet,</span> <span class='ocrx_word' id='word_1_557' title='bbox 1212 3078 1263 3108; x_wconf 88' lang='lat' dir='ltr'>tibi</span> 
     </span>
     <span class='ocr_line' id='line_1_76' title="bbox 209 3113 1264 3157; baseline 0.002 -13"><span class='ocrx_word' id='word_1_558' title='bbox 209 3115 295 3153; x_wconf 84' lang='lat' dir='ltr'>praeci</span> <span class='ocrx_word' id='word_1_559' title='bbox 315 3115 404 3152; x_wconf 90' lang='lat' dir='ltr'>imus,</span> <span class='ocrx_word' id='word_1_560' title='bbox 422 3113 538 3145; x_wconf 85' lang='lat' dir='ltr'>firmiter</span> <span class='ocrx_word' id='word_1_561' title='bbox 551 3115 746 3153; x_wconf 82' lang='lat' dir='ltr'>injungentes,</span> <span class='ocrx_word' id='word_1_562' title='bbox 763 3115 843 3152; x_wconf 69' lang='lat' dir='ltr'>qubd</span> <span class='ocrx_word' id='word_1_563' title='bbox 858 3114 969 3152; x_wconf 88' lang='lat' dir='ltr'>statim,</span> <span class='ocrx_word' id='word_1_564' title='bbox 987 3115 1049 3146; x_wconf 85' lang='lat' dir='ltr'>visis</span> <span class='ocrx_word' id='word_1_565' title='bbox 1068 3117 1264 3157; x_wconf 77' lang='lat' dir='ltr'>praesentibus,</span> 
     </span>
     <span class='ocr_line' id='line_1_77' title="bbox 211 3152 1266 3192; baseline 0 -8"><span class='ocrx_word' id='word_1_566' title='bbox 211 3152 283 3184; x_wconf 85' lang='lat' dir='ltr'>infra</span> <span class='ocrx_word' id='word_1_567' title='bbox 319 3152 429 3184; x_wconf 89' lang='lat' dir='ltr'>allivam</span> <span class='ocrx_word' id='word_1_568' title='bbox 444 3161 536 3189; x_wconf 80' lang='lat' dir='ltr'>tuam,</span> <span class='ocrx_word' id='word_1_569' title='bbox 552 3153 585 3183; x_wconf 68' lang='grc' dir='ltr'>ὃ(</span> <span class='ocrx_word' id='word_1_570' title='bbox 598 3153 626 3183; x_wconf 91' lang='lat' dir='ltr'>in</span> <span class='ocrx_word' id='word_1_571' title='bbox 643 3153 753 3192; x_wconf 82' lang='lat' dir='ltr'>singulis</span> <span class='ocrx_word' id='word_1_572' title='bbox 766 3153 855 3191; x_wconf 87' lang='lat' dir='ltr'>locis,</span> <span class='ocrx_word' id='word_1_573' title='bbox 872 3153 923 3183; x_wconf 92' lang='lat' dir='ltr'>ubi</span> <span class='ocrx_word' id='word_1_574' title='bbox 937 3153 1067 3191; x_wconf 85' lang='lat' dir='ltr'>expedire</span> <span class='ocrx_word' id='word_1_575' title='bbox 1081 3154 1266 3192; x_wconf 71' lang='lat' dir='ltr'>videris,tam</span> 
     </span>
     <span class='ocr_line' id='line_1_78' title="bbox 213 3190 1268 3234; baseline -0.001 -11"><span class='ocrx_word' id='word_1_576' title='bbox 213 3191 285 3223; x_wconf 87' lang='lat' dir='ltr'>infra</span> <span class='ocrx_word' id='word_1_577' title='bbox 298 3190 471 3234; x_wconf 80' lang='lat' dir='ltr'>Libertates‚</span> <span class='ocrx_word' id='word_1_578' title='bbox 489 3191 575 3230; x_wconf 72' lang='lat' dir='ltr'>quam</span> <span class='ocrx_word' id='word_1_579' title='bbox 586 3200 677 3230; x_wconf 86' lang='lat' dir='ltr'>extra,</span> <span class='ocrx_word' id='word_1_580' title='bbox 695 3191 808 3230; x_wconf 80' lang='lat' dir='ltr'>publice</span> <span class='ocrx_word' id='word_1_581' title='bbox 823 3191 904 3223; x_wconf 87' lang='lat' dir='ltr'>facias</span> <span class='ocrx_word' id='word_1_582' title='bbox 917 3192 1140 3231; x_wconf 87' lang='lat' dir='ltr'>proclamari‚&amp;</span> <span class='ocrx_word' id='word_1_583' title='bbox 1157 3202 1191 3223; x_wconf 86' lang='lat' dir='ltr'>ex</span> <span class='ocrx_word' id='word_1_584' title='bbox 1207 3203 1268 3230; x_wconf 85' lang='lat' dir='ltr'>par-</span> 
     </span>
     <span class='ocr_line' id='line_1_79' title="bbox 215 3227 630 3268; baseline 0 -8"><span class='ocrx_word' id='word_1_585' title='bbox 215 3237 246 3260; x_wconf 87' lang='lat' dir='ltr'>te</span> <span class='ocrx_word' id='word_1_586' title='bbox 257 3228 354 3259; x_wconf 71' lang='lat' dir='ltr'>nostra</span> <span class='ocrx_word' id='word_1_587' title='bbox 365 3227 480 3260; x_wconf 89' lang='lat' dir='ltr'>firmiter</span> <span class='ocrx_word' id='word_1_588' title='bbox 492 3230 630 3268; x_wconf 83' lang='lat' dir='ltr'>inhiberi,</span> 
     </span>
    </p>

    <p class='ocr_par' dir='ltr' id='par_1_32' title="bbox 215 3266 1269 3354">
     <span class='ocr_line' id='line_1_80' title="bbox 252 3266 1269 3310; baseline 0.002 -12"><span class='ocrx_word' id='word_1_589' title='bbox 252 3266 306 3298; x_wconf 93' lang='lat' dir='ltr'>Ne</span> <span class='ocrx_word' id='word_1_590' title='bbox 322 3267 411 3306; x_wconf 75' lang='lat' dir='ltr'>Qus,</span> <span class='ocrx_word' id='word_1_591' title='bbox 429 3267 479 3298; x_wconf 89' lang='lat' dir='ltr'>sub</span> <span class='ocrx_word' id='word_1_592' title='bbox 491 3267 667 3299; x_wconf 63' lang='lat' dir='ltr'>forisfactura</span> <span class='ocrx_word' id='word_1_593' title='bbox 681 3268 813 3299; x_wconf 90' lang='lat' dir='ltr'>omnium</span> <span class='ocrx_word' id='word_1_594' title='bbox 822 3278 902 3307; x_wconf 87' lang='lat' dir='ltr'>,quae</span> <span class='ocrx_word' id='word_1_595' title='bbox 916 3270 998 3299; x_wconf 90' lang='lat' dir='ltr'>nobis</span> <span class='ocrx_word' id='word_1_596' title='bbox 1013 3269 1173 3300; x_wconf 77' lang='lat' dir='ltr'>forisfacere</span> <span class='ocrx_word' id='word_1_597' title='bbox 1186 3278 1269 3310; x_wconf 88' lang='lat' dir='ltr'>pote-</span> 
     </span>
     <span class='ocr_line' id='line_1_81' title="bbox 215 3305 1269 3354; baseline 0.001 -17"><span class='ocrx_word' id='word_1_598' title='bbox 215 3306 271 3344; x_wconf 79' lang='lat' dir='ltr'>rit,</span> <span class='ocrx_word' id='word_1_599' title='bbox 287 3305 449 3344; x_wconf 87' lang='lat' dir='ltr'>Turneare,</span> <span class='ocrx_word' id='word_1_600' title='bbox 465 3305 620 3351; x_wconf 64' lang='lat' dir='ltr'>Burdmre,</span> <span class='ocrx_word' id='word_1_601' title='bbox 634 3306 726 3345; x_wconf 87' lang='lat' dir='ltr'>Jnstas</span> <span class='ocrx_word' id='word_1_602' title='bbox 746 3306 838 3338; x_wconf 88' lang='lat' dir='ltr'>facere</span> <span class='ocrx_word' id='word_1_603' title='bbox 851 3332 862 3354; x_wconf 73' lang='lat'><em>2</em></span> <span class='ocrx_word' id='word_1_604' title='bbox 882 3307 1037 3339; x_wconf 83' lang='lat' dir='ltr'>Aventuras</span> <span class='ocrx_word' id='word_1_605' title='bbox 1055 3318 1183 3346; x_wconf 83' lang='lat' dir='ltr'>quaerere</span> <span class='ocrx_word' id='word_1_606' title='bbox 1196 3333 1205 3347; x_wconf 85' lang='lat'>,</span> <span class='ocrx_word' id='word_1_607' title='bbox 1224 3308 1269 3351; x_wconf 79' lang='lat' dir='ltr'>seu</span> 
     </span>
    </p>
   </div>
   <div class='ocr_carea' id='block_1_17' title="bbox 216 3342 1273 3385">
    <p class='ocr_par' dir='ltr' id='par_1_33' title="bbox 216 3342 1273 3385">
     <span class='ocr_line' id='line_1_82' title="bbox 216 3342 1273 3385; baseline 0.002 -10"><span class='ocrx_word' id='word_1_608' title='bbox 216 3344 268 3376; x_wconf 82' lang='lat' dir='ltr'>alia</span> <span class='ocrx_word' id='word_1_609' title='bbox 288 3342 374 3374; x_wconf 69' lang='lat' dir='ltr'>Facta</span> <span class='ocrx_word' id='word_1_610' title='bbox 393 3343 550 3375; x_wconf 88' lang='lat' dir='ltr'>Armorum</span> <span class='ocrx_word' id='word_1_611' title='bbox 564 3367 574 3382; x_wconf 90' lang='lat'>,</span> <span class='ocrx_word' id='word_1_612' title='bbox 598 3354 628 3375; x_wconf 85' lang='lat' dir='ltr'>m</span> <span class='ocrx_word' id='word_1_613' title='bbox 648 3344 747 3375; x_wconf 71' lang='lat' dir='ltr'>eadem</span> <span class='ocrx_word' id='word_1_614' title='bbox 762 3345 883 3385; x_wconf 86' lang='lat' dir='ltr'>Balliva,</span> <span class='ocrx_word' id='word_1_615' title='bbox 896 3355 1026 3377; x_wconf 86' lang='lat' dir='ltr'>exercere</span> <span class='ocrx_word' id='word_1_616' title='bbox 1041 3347 1188 3385; x_wconf 83' lang='lat' dir='ltr'>praesumat</span> <span class='ocrx_word' id='word_1_617' title='bbox 1215 3349 1273 3377; x_wconf 78' lang='lat' dir='ltr'>line</span> 
     </span>
    </p>
   </div>
   <div class='ocr_carea' id='block_1_18' title="bbox 219 3381 1193 3540">
    <p class='ocr_par' dir='ltr' id='par_1_34' title="bbox 220 3381 600 3420">
     <span class='ocr_line' id='line_1_83' title="bbox 220 3381 600 3420; baseline 0.003 -8"><span class='ocrx_word' id='word_1_618' title='bbox 220 3381 354 3415; x_wconf 87' lang='lat' dir='ltr'>mandato</span> <span class='ocrx_word' id='word_1_619' title='bbox 368 3381 466 3413; x_wconf 91' lang='lat' dir='ltr'>nostro</span> <span class='ocrx_word' id='word_1_620' title='bbox 479 3382 600 3420; x_wconf 83' lang='lat' dir='ltr'>speciali:</span> 
     </span>
    </p>

    <p class='ocr_par' dir='ltr' id='par_1_35' title="bbox 219 3419 1193 3540">
     <span class='ocr_line' id='line_1_84' title="bbox 255 3419 450 3458; baseline -0.01 -7"><span class='ocrx_word' id='word_1_621' title='bbox 255 3420 309 3458; x_wconf 86' lang='lat' dir='ltr'>Et,</span> <span class='ocrx_word' id='word_1_622' title='bbox 327 3419 347 3450; x_wconf 88' lang='lat' dir='ltr'>si</span> <span class='ocrx_word' id='word_1_623' title='bbox 361 3429 450 3458; x_wconf 88' lang='lat' dir='ltr'>quos,</span> 
     </span>
     <span class='ocr_line' id='line_1_85' title="bbox 219 3457 441 3491; baseline -0.018 0"><span class='ocrx_word' id='word_1_624' title='bbox 219 3459 361 3491; x_wconf 82' lang='lat' dir='ltr'>inveneris</span> <span class='ocrx_word' id='word_1_625' title='bbox 380 3457 441 3489; x_wconf 88' lang='lat' dir='ltr'>talia</span> 
     </span>
     <span class='ocr_line' id='line_1_86' title="bbox 220 3495 1193 3540; baseline 0.002 -11"><span class='ocrx_word' id='word_1_626' title='bbox 220 3498 279 3529; x_wconf 69' lang='lat' dir='ltr'>una</span> <span class='ocrx_word' id='word_1_627' title='bbox 299 3506 367 3528; x_wconf 90' lang='lat' dir='ltr'>cum</span> <span class='ocrx_word' id='word_1_628' title='bbox 388 3495 492 3534; x_wconf 80' lang='lat' dir='ltr'>Equis,</span> <span class='ocrx_word' id='word_1_629' title='bbox 511 3496 681 3536; x_wconf 83' lang='lat' dir='ltr'>Armaturis‚</span> <span class='ocrx_word' id='word_1_630' title='bbox 698 3498 731 3528; x_wconf 87' lang='lat'>&amp;</span> <span class='ocrx_word' id='word_1_631' title='bbox 752 3497 811 3528; x_wconf 84' lang='lat' dir='ltr'>aliis</span> <span class='ocrx_word' id='word_1_632' title='bbox 832 3498 931 3529; x_wconf 89' lang='lat' dir='ltr'>Rebus</span> <span class='ocrx_word' id='word_1_633' title='bbox 951 3500 1002 3530; x_wconf 91' lang='lat' dir='ltr'>suis</span> <span class='ocrx_word' id='word_1_634' title='bbox 1016 3500 1064 3537; x_wconf 92' lang='lat' dir='ltr'>(de</span> <span class='ocrx_word' id='word_1_635' title='bbox 1079 3501 1193 3540; x_wconf 78' lang='lat' dir='ltr'>Qubus</span> 
     </span>
    </p>
   </div>
   <div class='ocr_carea' id='block_1_19' title="bbox 462 3419 1272 3488">
    <p class='ocr_par' dir='ltr' id='par_1_36' title="bbox 462 3419 1272 3488">
     <span class='ocr_line' id='line_1_87' title="bbox 462 3419 1272 3488; baseline 0.002 -38"><span class='ocrx_word' id='word_1_636' title='bbox 462 3420 531 3488; x_wconf 45' lang='lat' dir='ltr'>130st</span> <span class='ocrx_word' id='word_1_637' title='bbox 544 3419 799 3452; x_wconf 87' lang='lat' dir='ltr'>Proclamationem</span> <span class='ocrx_word' id='word_1_638' title='bbox 816 3423 849 3453; x_wconf 89' lang='lat'>&amp;</span> <span class='ocrx_word' id='word_1_639' title='bbox 865 3421 1072 3454; x_wconf 85' lang='lat' dir='ltr'>Inhibitionem</span> <span class='ocrx_word' id='word_1_640' title='bbox 1091 3422 1272 3461; x_wconf 86' lang='lat' dir='ltr'>hujusmodi,</span> 
     </span>
    </p>
   </div>
   <div class='ocr_carea' id='block_1_20' title="bbox 1263 201 2324 252">
    <p class='ocr_par' dir='ltr' id='par_1_37' title="bbox 1263 201 2324 252">
     <span class='ocr_line' id='line_1_88' title="bbox 1263 201 2324 252; baseline 0.009 -10"><span class='ocrx_word' id='word_1_641' title='bbox 1263 201 1746 246; x_wconf 85' lang='lat' dir='ltr'>PUBLICA.</span> <span class='ocrx_word' id='word_1_642' title='bbox 2248 212 2324 252; x_wconf 82' lang='lat'>¹47</span> 
     </span>
    </p>
   </div>
   <div class='ocr_carea' id='block_1_21' title="bbox 1247 279 2466 393">
    <p class='ocr_par' dir='ltr' id='par_1_38' title="bbox 1247 279 2466 393">
     <span class='ocr_line' id='line_1_89' title="bbox 1247 279 2466 364; baseline -0.003 -46"><span class='ocrx_word' id='word_1_643' title='bbox 1247 286 1407 364; x_wconf 45' lang='lat' dir='ltr'>glialssodem</span> <span class='ocrx_word' id='word_1_644' title='bbox 1431 289 1522 320; x_wconf 90' lang='lat' dir='ltr'>modo</span> <span class='ocrx_word' id='word_1_645' title='bbox 1545 291 1708 321; x_wconf 86' lang='lat' dir='ltr'>mandarum</span> <span class='ocrx_word' id='word_1_646' title='bbox 1730 289 1770 320; x_wconf 89' lang='lat' dir='ltr'>est</span> <span class='ocrx_word' id='word_1_647' title='bbox 1794 290 1905 329; x_wconf 81' lang='lat' dir='ltr'>singulis</span> <span class='ocrx_word' id='word_1_648' title='bbox 1925 288 2150 320; x_wconf 83' lang='lat' dir='ltr'>Vicecomitibus</span> <span class='ocrx_word' id='word_1_649' title='bbox 2173 297 2222 325; x_wconf 87' lang='lat' dir='ltr'>per</span> <span class='ocrx_word' id='word_1_650' title='bbox 2245 285 2309 316; x_wconf 89' lang='lat' dir='ltr'>An·</span> <span class='ocrx_word' id='word_1_651' title='bbox 2330 279 2466 357; x_wconf 44' lang='grc' dir='ltr'>ΑΙΩΞΠΞ-όῖ).</span> 
     </span>
     <span class='ocr_line' id='line_1_90' title="bbox 2335 360 2450 393; baseline 0 -9"><span class='ocrx_word' id='word_1_652' title='bbox 2335 360 2401 385; x_wconf 68' lang='lat' dir='ltr'>Ede.</span> <span class='ocrx_word' id='word_1_653' title='bbox 2422 367 2450 393; x_wconf 71' lang='grc' dir='ltr'>ς.</span> 
     </span>
    </p>
   </div>
   <div class='ocr_carea' id='block_1_22' title="bbox 1619 399 2300 411">
    <p class='ocr_par' dir='ltr' id='par_1_39' title="bbox 1619 399 2300 411">
     <span class='ocr_line' id='line_1_91' title="bbox 1619 399 2300 411; baseline 0 0"><span class='ocrx_word' id='word_1_654' title='bbox 1619 399 2300 411; x_wconf 95' lang='lat' dir='ltr'> </span> 
     </span>
    </p>
   </div>
   <div class='ocr_carea' id='block_1_23' title="bbox 1251 448 2309 534">
    <p class='ocr_par' dir='ltr' id='par_1_40' title="bbox 1251 448 2309 534">
     <span class='ocr_line' id='line_1_92' title="bbox 1251 448 2309 498; baseline 0.001 -17"><span class='ocrx_word' id='word_1_655' title='bbox 1251 450 1298 481; x_wconf 88' lang='lat' dir='ltr'>De</span> <span class='ocrx_word' id='word_1_656' title='bbox 1316 448 1458 493; x_wconf 80' lang='lat' dir='ltr'>Potestate</span> <span class='ocrx_word' id='word_1_657' title='bbox 1473 451 1626 485; x_wconf 61' lang='lat' dir='ltr'>trallandi</span> <span class='ocrx_word' id='word_1_658' title='bbox 1641 464 1710 484; x_wconf 77' lang='lat' dir='ltr'>cum</span> <span class='ocrx_word' id='word_1_659' title='bbox 1728 453 1853 485; x_wconf 73' lang='lat' dir='ltr'>Andrea</span> <span class='ocrx_word' id='word_1_660' title='bbox 1871 452 1907 486; x_wconf 79' lang='lat' dir='ltr'>cle</span> <span class='ocrx_word' id='word_1_661' title='bbox 1928 453 2064 497; x_wconf 68' lang='lat' dir='ltr'>Adztrref</span> <span class='ocrx_word' id='word_1_662' title='bbox 2072 452 2163 498; x_wconf 75' lang='lat' dir='ltr'>fhper</span> <span class='ocrx_word' id='word_1_663' title='bbox 2187 452 2309 496; x_wconf 81' lang='lat' dir='ltr'>Treuga</span> 
     </span>
     <span class='ocr_line' id='line_1_93' title="bbox 1705 501 1846 534; baseline 0.021 -3"><span class='ocrx_word' id='word_1_664' title='bbox 1705 501 1846 534; x_wconf 76' lang='lat' dir='ltr'>ineunda.</span> 
     </span>
    </p>
   </div>
   <div class='ocr_carea' id='block_1_24' title="bbox 1252 582 2474 1771">
    <p class='ocr_par' dir='ltr' id='par_1_41' title="bbox 1252 582 2474 1771">
     <span class='ocr_line' id='line_1_94' title="bbox 1252 582 2473 643; baseline 0.002 -32"><span class='ocrx_word' id='word_1_665' title='bbox 1252 582 1452 643; x_wconf 64' lang='lat' dir='ltr'>[JNiversis¹</span> <span class='ocrx_word' id='word_1_666' title='bbox 1467 582 1572 615; x_wconf 82' lang='lat' dir='ltr'>Christi</span> <span class='ocrx_word' id='word_1_667' title='bbox 1589 585 1742 623; x_wconf 85' lang='lat' dir='ltr'>Fidelibus,</span> <span class='ocrx_word' id='word_1_668' title='bbox 1761 586 1795 616; x_wconf 92' lang='lat' dir='ltr'>ad</span> <span class='ocrx_word' id='word_1_669' title='bbox 1810 596 1879 623; x_wconf 91' lang='lat' dir='ltr'>quos</span> <span class='ocrx_word' id='word_1_670' title='bbox 1894 586 2038 623; x_wconf 62' lang='lat' dir='ltr'>praesentes</span> <span class='ocrx_word' id='word_1_671' title='bbox 2051 585 2155 616; x_wconf 75' lang='lat' dir='ltr'>Literae</span> <span class='ocrx_word' id='word_1_672' title='bbox 2169 595 2306 623; x_wconf 87' lang='lat' dir='ltr'>pervene-</span> <span class='ocrx_word' id='word_1_673' title='bbox 2336 583 2414 615; x_wconf 80' lang='lat' dir='ltr'>Ann-</span> <span class='ocrx_word' id='word_1_674' title='bbox 2427 582 2473 614; x_wconf 76' lang='lat' dir='ltr'>D:</span> 
     </span>
     <span class='ocr_line' id='line_1_95' title="bbox 1275 621 2453 665; baseline 0.002 -15"><span class='ocrx_word' id='word_1_675' title='bbox 1275 660 1279 665; x_wconf 34' lang='lat'><em>.</em></span> <span class='ocrx_word' id='word_1_676' title='bbox 1340 629 1410 655; x_wconf 76' lang='lat' dir='ltr'>rint,</span> <span class='ocrx_word' id='word_1_677' title='bbox 1430 621 1597 661; x_wconf 75' lang='lat' dir='ltr'>hdwardus,</span> <span class='ocrx_word' id='word_1_678' title='bbox 1617 624 1673 653; x_wconf 84' lang='lat' dir='ltr'>Dei</span> <span class='ocrx_word' id='word_1_679' title='bbox 1689 624 1792 662; x_wconf 71' lang='lat' dir='ltr'>gratia,</span> <span class='ocrx_word' id='word_1_680' title='bbox 1811 624 1873 654; x_wconf 80' lang='lat' dir='ltr'>Rex</span> <span class='ocrx_word' id='word_1_681' title='bbox 1890 625 2022 662; x_wconf 49' lang='lat' dir='ltr'>Augure,</span> <span class='ocrx_word' id='word_1_682' title='bbox 2040 622 2185 655; x_wconf 85' lang='lat' dir='ltr'>Dominus</span> <span class='ocrx_word' id='word_1_683' title='bbox 2199 624 2308 654; x_wconf 81' lang='lat' dir='ltr'>Hiber-</span> <span class='ocrx_word' id='word_1_684' title='bbox 2365 623 2453 662; x_wconf 79' lang='lat'>1336.</span> 
     </span>
     <span class='ocr_line' id='line_1_96' title="bbox 1252 658 2454 702; baseline 0.005 -14"><span class='ocrx_word' id='word_1_685' title='bbox 1252 660 1375 702; x_wconf 36' lang='lat' dir='ltr'>niae,.&amp;</span> <span class='ocrx_word' id='word_1_686' title='bbox 1391 658 1461 689; x_wconf 80' lang='lat' dir='ltr'>Dux</span> <span class='ocrx_word' id='word_1_687' title='bbox 1476 660 1652 700; x_wconf 72' lang='lat' dir='ltr'>Aquitaniae,</span> <span class='ocrx_word' id='word_1_688' title='bbox 1671 662 1796 692; x_wconf 81' lang='lat' dir='ltr'>Salutem</span> <span class='ocrx_word' id='word_1_689' title='bbox 2337 666 2391 690; x_wconf 81' lang='lat' dir='ltr'>An.</span> <span class='ocrx_word' id='word_1_690' title='bbox 2411 672 2454 689; x_wconf 80' lang='lat'>²0-</span> 
     </span>
     <span class='ocr_line' id='line_1_97' title="bbox 1291 697 2419 738; baseline 0.001 -12"><span class='ocrx_word' id='word_1_691' title='bbox 1291 697 1387 727; x_wconf 77' lang='lat' dir='ltr'>Sciatis</span> <span class='ocrx_word' id='word_1_692' title='bbox 1402 697 1481 735; x_wconf 75' lang='lat' dir='ltr'>quod</span> <span class='ocrx_word' id='word_1_693' title='bbox 1497 698 1564 729; x_wconf 92' lang='lat' dir='ltr'>Nos</span> <span class='ocrx_word' id='word_1_694' title='bbox 1574 723 1583 738; x_wconf 83' lang='lat'>,</span> <span class='ocrx_word' id='word_1_695' title='bbox 2336 704 2369 728; x_wconf 72' lang='grc' dir='ltr'>Σ.</span> <span class='ocrx_word' id='word_1_696' title='bbox 2392 709 2419 736; x_wconf 88' lang='lat'>3.</span> 
     </span>
     <span class='ocr_line' id='line_1_98' title="bbox 1291 734 2474 775; baseline 0.001 -10"><span class='ocrx_word' id='word_1_697' title='bbox 1291 734 1340 765; x_wconf 88' lang='lat' dir='ltr'>De</span> <span class='ocrx_word' id='word_1_698' title='bbox 1352 735 1483 766; x_wconf 83' lang='lat' dir='ltr'>fidelitate</span> <span class='ocrx_word' id='word_1_699' title='bbox 1495 738 1528 767; x_wconf 88' lang='lat'>&amp;</span> <span class='ocrx_word' id='word_1_700' title='bbox 1548 737 1818 775; x_wconf 64' lang='lat' dir='ltr'>circumspectione,</span> <span class='ocrx_word' id='word_1_701' title='bbox 1837 737 2021 768; x_wconf 61' lang='lat' dir='ltr'>Dilectorum</span> <span class='ocrx_word' id='word_1_702' title='bbox 2041 740 2074 768; x_wconf 84' lang='lat'>&amp;</span> <span class='ocrx_word' id='word_1_703' title='bbox 2097 738 2235 769; x_wconf 84' lang='lat' dir='ltr'>Fidelium</span> <span class='ocrx_word' id='word_1_704' title='bbox 2256 748 2312 769; x_wconf 87' lang='lat' dir='ltr'>no-</span> <span class='ocrx_word' id='word_1_705' title='bbox 2345 745 2414 766; x_wconf 69' lang='lat' dir='ltr'>scor.</span> <span class='ocrx_word' id='word_1_706' title='bbox 2431 747 2474 764; x_wconf 76' lang='grc' dir='ltr'>ιο.</span> 
     </span>
     <span class='ocr_line' id='line_1_99' title="bbox 1255 773 2457 817; baseline 0.003 -14"><span class='ocrx_word' id='word_1_707' title='bbox 1255 773 1396 817; x_wconf 77' lang='lat' dir='ltr'>strorum,</span> <span class='ocrx_word' id='word_1_708' title='bbox 1414 774 1535 805; x_wconf 85' lang='lat' dir='ltr'>Henrici</span> <span class='ocrx_word' id='word_1_709' title='bbox 1549 775 1584 807; x_wconf 89' lang='lat' dir='ltr'>de</span> <span class='ocrx_word' id='word_1_710' title='bbox 1600 775 1775 813; x_wconf 66' lang='lat' dir='ltr'>Lancastria,</span> <span class='ocrx_word' id='word_1_711' title='bbox 1790 776 1917 806; x_wconf 67' lang='lat' dir='ltr'>Thomae</span> <span class='ocrx_word' id='word_1_712' title='bbox 1931 776 1967 806; x_wconf 87' lang='lat' dir='ltr'>de</span> <span class='ocrx_word' id='word_1_713' title='bbox 1982 776 2059 806; x_wconf 87' lang='lat' dir='ltr'>Bello</span> <span class='ocrx_word' id='word_1_714' title='bbox 2075 776 2189 814; x_wconf 72' lang='lat' dir='ltr'>Campo</span> <span class='ocrx_word' id='word_1_715' title='bbox 2207 776 2312 807; x_wconf 81' lang='lat' dir='ltr'>Comi·</span> <span class='ocrx_word' id='word_1_716' title='bbox 2343 781 2373 803; x_wconf 78' lang='grc' dir='ltr'>Ε.</span> <span class='ocrx_word' id='word_1_717' title='bbox 2385 785 2457 812; x_wconf 74' lang='lat'><em>3-711-</em></span> 
     </span>
     <span class='ocr_line' id='line_1_100' title="bbox 1255 811 2395 854; baseline 0.004 -13"><span class='ocrx_word' id='word_1_718' title='bbox 1255 820 1289 842; x_wconf 89' lang='lat' dir='ltr'>tis</span> <span class='ocrx_word' id='word_1_719' title='bbox 1305 812 1482 854; x_wconf 78' lang='lat' dir='ltr'>warwicae‚</span> <span class='ocrx_word' id='word_1_720' title='bbox 1508 814 1627 844; x_wconf 88' lang='lat' dir='ltr'>Henrici</span> <span class='ocrx_word' id='word_1_721' title='bbox 1646 813 1682 843; x_wconf 89' lang='lat' dir='ltr'>de</span> <span class='ocrx_word' id='word_1_722' title='bbox 1703 813 1781 843; x_wconf 77' lang='lat' dir='ltr'>Bello</span> <span class='ocrx_word' id='word_1_723' title='bbox 1802 811 1908 843; x_wconf 86' lang='lat' dir='ltr'>Monte</span> <span class='ocrx_word' id='word_1_724' title='bbox 1926 813 2049 844; x_wconf 84' lang='lat' dir='ltr'>Comitis</span> <span class='ocrx_word' id='word_1_725' title='bbox 2067 815 2102 844; x_wconf 81' lang='lat' dir='ltr'>de</span> <span class='ocrx_word' id='word_1_726' title='bbox 2121 815 2253 853; x_wconf 65' lang='lat' dir='ltr'>Boghan,</span> <span class='ocrx_word' id='word_1_727' title='bbox 2277 816 2311 846; x_wconf 70' lang='grc' dir='ltr'>δεῖ</span> <span class='ocrx_word' id='word_1_728' title='bbox 2346 816 2395 841; x_wconf 76' lang='lat'>²6·</span> 
     </span>
     <span class='ocr_line' id='line_1_101' title="bbox 1255 850 2314 918; baseline 0.005 -39"><span class='ocrx_word' id='word_1_729' title='bbox 1255 850 1299 879; x_wconf 87' lang='lat' dir='ltr'>W</span> <span class='ocrx_word' id='word_1_730' title='bbox 1302 850 1406 918; x_wconf 62' lang='lat' dir='ltr'>lliidlmi</span> <span class='ocrx_word' id='word_1_731' title='bbox 1422 851 1457 881; x_wconf 85' lang='lat' dir='ltr'>de</span> <span class='ocrx_word' id='word_1_732' title='bbox 1473 851 1574 883; x_wconf 85' lang='lat' dir='ltr'>Bohun</span> <span class='ocrx_word' id='word_1_733' title='bbox 1584 876 1593 891; x_wconf 85' lang='lat'>,</span> <span class='ocrx_word' id='word_1_734' title='bbox 1613 852 1900 889; x_wconf 86' lang='lat' dir='ltr'>Consanguineorum</span> <span class='ocrx_word' id='word_1_735' title='bbox 1915 853 2077 883; x_wconf 77' lang='lat' dir='ltr'>nostrorum</span> <span class='ocrx_word' id='word_1_736' title='bbox 2089 854 2293 885; x_wconf 69' lang='lat' dir='ltr'>carissimorum</span> <span class='ocrx_word' id='word_1_737' title='bbox 2303 876 2314 892; x_wconf 86' lang='lat'>,</span> 
     </span>
     <span class='ocr_line' id='line_1_102' title="bbox 1257 898 1432 920; baseline 0.006 -1"><span class='ocrx_word' id='word_1_738' title='bbox 1257 898 1315 919; x_wconf 89' lang='lat' dir='ltr'>con</span> <span class='ocrx_word' id='word_1_739' title='bbox 1357 898 1432 920; x_wconf 87' lang='lat' dir='ltr'>entes</span> 
     </span>
     <span class='ocr_line' id='line_1_103' title="bbox 1296 913 2315 970; baseline 0.004 -14"><span class='ocrx_word' id='word_1_740' title='bbox 1296 926 1407 970; x_wconf 74' lang='lat' dir='ltr'>Eisdem</span> <span class='ocrx_word' id='word_1_741' title='bbox 1421 913 1583 965; x_wconf 67' lang='lat' dir='ltr'>,&#39;Henrico</span> <span class='ocrx_word' id='word_1_742' title='bbox 1604 928 1640 959; x_wconf 90' lang='lat' dir='ltr'>de</span> <span class='ocrx_word' id='word_1_743' title='bbox 1662 927 1845 966; x_wconf 67' lang='lat' dir='ltr'>Lancastria,</span> <span class='ocrx_word' id='word_1_744' title='bbox 1871 926 2036 958; x_wconf 81' lang='lat' dir='ltr'>Comitibus</span> <span class='ocrx_word' id='word_1_745' title='bbox 2049 951 2058 966; x_wconf 88' lang='lat'>,</span> <span class='ocrx_word' id='word_1_746' title='bbox 2081 929 2114 959; x_wconf 91' lang='lat'>&amp;</span> <span class='ocrx_word' id='word_1_747' title='bbox 2135 930 2315 969; x_wconf 78' lang='lat' dir='ltr'>Willielmo,</span> 
     </span>
     <span class='ocr_line' id='line_1_104' title="bbox 1257 964 2313 1005; baseline 0.004 -10"><span class='ocrx_word' id='word_1_748' title='bbox 1257 964 1383 1004; x_wconf 87' lang='lat' dir='ltr'>Tribus,</span> <span class='ocrx_word' id='word_1_749' title='bbox 1401 967 1434 996; x_wconf 90' lang='lat'>&amp;</span> <span class='ocrx_word' id='word_1_750' title='bbox 1451 965 1574 996; x_wconf 88' lang='lat' dir='ltr'>Duobus</span> <span class='ocrx_word' id='word_1_751' title='bbox 1589 977 1688 997; x_wconf 88' lang='lat' dir='ltr'>eorum</span> <span class='ocrx_word' id='word_1_752' title='bbox 1706 968 1842 1005; x_wconf 87' lang='lat' dir='ltr'>(quorum</span> <span class='ocrx_word' id='word_1_753' title='bbox 1857 966 1932 996; x_wconf 85' lang='lat' dir='ltr'>idem</span> <span class='ocrx_word' id='word_1_754' title='bbox 1948 967 2089 997; x_wconf 86' lang='lat' dir='ltr'>Henricus</span> <span class='ocrx_word' id='word_1_755' title='bbox 2100 967 2135 996; x_wconf 90' lang='lat' dir='ltr'>de</span> <span class='ocrx_word' id='word_1_756' title='bbox 2153 968 2313 999; x_wconf 66' lang='lat' dir='ltr'>Lancastrifi.</span> 
     </span>
     <span class='ocr_line' id='line_1_105' title="bbox 1257 1004 2314 1042; baseline 0.003 -9"><span class='ocrx_word' id='word_1_757' title='bbox 1257 1013 1329 1033; x_wconf 86' lang='lat' dir='ltr'>unus</span> <span class='ocrx_word' id='word_1_758' title='bbox 1344 1004 1387 1041; x_wconf 86' lang='lat' dir='ltr'>sit)</span> <span class='ocrx_word' id='word_1_759' title='bbox 1407 1004 1540 1042; x_wconf 89' lang='lat' dir='ltr'>Plenam,</span> <span class='ocrx_word' id='word_1_760' title='bbox 1558 1013 1656 1036; x_wconf 88' lang='lat' dir='ltr'>tenore</span> <span class='ocrx_word' id='word_1_761' title='bbox 1670 1005 1847 1042; x_wconf 83' lang='lat' dir='ltr'>praesentium</span> <span class='ocrx_word' id='word_1_762' title='bbox 1867 1004 1966 1034; x_wconf 86' lang='lat' dir='ltr'>damus</span> <span class='ocrx_word' id='word_1_763' title='bbox 1988 1005 2177 1040; x_wconf 64' lang='lat' dir='ltr'>potestatem,</span> <span class='ocrx_word' id='word_1_764' title='bbox 2196 1008 2314 1036; x_wconf 89' lang='lat' dir='ltr'>nomine</span> 
     </span>
     <span class='ocr_line' id='line_1_106' title="bbox 1257 1041 2316 1082; baseline 0.003 -11"><span class='ocrx_word' id='word_1_765' title='bbox 1257 1041 1375 1080; x_wconf 88' lang='lat' dir='ltr'>nostro,</span> <span class='ocrx_word' id='word_1_766' title='bbox 1392 1042 1527 1073; x_wconf 65' lang='lat' dir='ltr'>tractandi</span> <span class='ocrx_word' id='word_1_767' title='bbox 1547 1053 1614 1073; x_wconf 90' lang='lat' dir='ltr'>cum</span> <span class='ocrx_word' id='word_1_768' title='bbox 1635 1042 1748 1073; x_wconf 55' lang='lat' dir='ltr'>Andre&amp;</span> <span class='ocrx_word' id='word_1_769' title='bbox 1768 1043 1804 1073; x_wconf 92' lang='lat' dir='ltr'>de</span> <span class='ocrx_word' id='word_1_770' title='bbox 1826 1042 1957 1081; x_wconf 82' lang='lat' dir='ltr'>Murref,</span> <span class='ocrx_word' id='word_1_771' title='bbox 1974 1043 2009 1073; x_wconf 90' lang='lat' dir='ltr'>de</span> <span class='ocrx_word' id='word_1_772' title='bbox 2026 1043 2122 1073; x_wconf 63' lang='lat' dir='ltr'>Scotii</span> <span class='ocrx_word' id='word_1_773' title='bbox 2137 1043 2250 1082; x_wconf 84' lang='lat' dir='ltr'>Milite,</span> <span class='ocrx_word' id='word_1_774' title='bbox 2269 1044 2316 1074; x_wconf 92' lang='lat' dir='ltr'>vel</span> 
     </span>
     <span class='ocr_line' id='line_1_107' title="bbox 1258 1080 2318 1119; baseline 0.003 -10"><span class='ocrx_word' id='word_1_775' title='bbox 1258 1089 1326 1110; x_wconf 91' lang='lat' dir='ltr'>cum</span> <span class='ocrx_word' id='word_1_776' title='bbox 1348 1081 1406 1110; x_wconf 88' lang='lat' dir='ltr'>aliis</span> <span class='ocrx_word' id='word_1_777' title='bbox 1424 1081 1587 1111; x_wconf 85' lang='lat' dir='ltr'>hominibus</span> <span class='ocrx_word' id='word_1_778' title='bbox 1607 1081 1644 1111; x_wconf 92' lang='lat' dir='ltr'>de</span> <span class='ocrx_word' id='word_1_779' title='bbox 1661 1081 1775 1119; x_wconf 72' lang='lat' dir='ltr'>Scotia,</span> <span class='ocrx_word' id='word_1_780' title='bbox 1792 1080 1826 1110; x_wconf 88' lang='lat' dir='ltr'>ad</span> <span class='ocrx_word' id='word_1_781' title='bbox 1848 1081 1947 1111; x_wconf 86' lang='lat' dir='ltr'>Fidem</span> <span class='ocrx_word' id='word_1_782' title='bbox 1965 1081 2090 1112; x_wconf 89' lang='lat' dir='ltr'>nostram</span> <span class='ocrx_word' id='word_1_783' title='bbox 2105 1092 2165 1112; x_wconf 90' lang='lat' dir='ltr'>non</span> <span class='ocrx_word' id='word_1_784' title='bbox 2178 1082 2318 1112; x_wconf 81' lang='lat' dir='ltr'>existenti-</span> 
     </span>
     <span class='ocr_line' id='line_1_108' title="bbox 1258 1118 2073 1158; baseline 0.002 -10"><span class='ocrx_word' id='word_1_785' title='bbox 1258 1118 1326 1155; x_wconf 80' lang='lat' dir='ltr'>buS,</span> <span class='ocrx_word' id='word_1_786' title='bbox 1344 1118 1380 1148; x_wconf 91' lang='lat' dir='ltr'>de</span> <span class='ocrx_word' id='word_1_787' title='bbox 1395 1119 1515 1156; x_wconf 70' lang='lat' dir='ltr'>quadam</span> <span class='ocrx_word' id='word_1_788' title='bbox 1529 1119 1663 1157; x_wconf 66' lang='lat' dir='ltr'>Treugfi,</span> <span class='ocrx_word' id='word_1_789' title='bbox 1682 1119 1738 1149; x_wconf 90' lang='lat' dir='ltr'>sive</span> <span class='ocrx_word' id='word_1_790' title='bbox 1751 1118 1919 1150; x_wconf 65' lang='lat' dir='ltr'>Sufferentia</span> <span class='ocrx_word' id='word_1_791' title='bbox 1935 1119 2073 1158; x_wconf 86' lang='lat' dir='ltr'>Guerrae,</span> 
     </span>
     <span class='ocr_line' id='line_1_109' title="bbox 1261 1155 2320 1200; baseline 0.002 -14"><span class='ocrx_word' id='word_1_792' title='bbox 1261 1195 1266 1200; x_wconf 88' lang='lat'>.</span> <span class='ocrx_word' id='word_1_793' title='bbox 1296 1155 1373 1186; x_wconf 87' lang='lat' dir='ltr'>Inter</span> <span class='ocrx_word' id='word_1_794' title='bbox 1393 1156 1477 1195; x_wconf 88' lang='lat' dir='ltr'>Nos,</span> <span class='ocrx_word' id='word_1_795' title='bbox 1496 1166 1548 1194; x_wconf 90' lang='lat' dir='ltr'>pro</span> <span class='ocrx_word' id='word_1_796' title='bbox 1570 1157 1668 1187; x_wconf 82' lang='lat' dir='ltr'>Nobis</span> <span class='ocrx_word' id='word_1_797' title='bbox 1688 1159 1721 1188; x_wconf 69' lang='grc' dir='ltr'>ὃς</span> <span class='ocrx_word' id='word_1_798' title='bbox 1742 1156 1883 1187; x_wconf 86' lang='lat' dir='ltr'>Gentibus</span> <span class='ocrx_word' id='word_1_799' title='bbox 1905 1158 2021 1196; x_wconf 88' lang='lat' dir='ltr'>nostris,</span> <span class='ocrx_word' id='word_1_800' title='bbox 2039 1169 2072 1188; x_wconf 84' lang='lat' dir='ltr'>ac</span> <span class='ocrx_word' id='word_1_801' title='bbox 2088 1157 2184 1188; x_wconf 89' lang='lat' dir='ltr'>Terris</span> <span class='ocrx_word' id='word_1_802' title='bbox 2199 1157 2320 1197; x_wconf 87' lang='lat' dir='ltr'>nostris,</span> 
     </span>
     <span class='ocr_line' id='line_1_110' title="bbox 1258 1194 2321 1234; baseline 0.003 -10"><span class='ocrx_word' id='word_1_803' title='bbox 1258 1194 1329 1224; x_wconf 85' lang='lat' dir='ltr'>infra</span> <span class='ocrx_word' id='word_1_804' title='bbox 1350 1194 1487 1234; x_wconf 86' lang='lat' dir='ltr'>Regnum</span> <span class='ocrx_word' id='word_1_805' title='bbox 1508 1195 1613 1225; x_wconf 86' lang='lat' dir='ltr'>Scotiae</span> <span class='ocrx_word' id='word_1_806' title='bbox 1624 1219 1633 1233; x_wconf 91' lang='lat'>,</span> <span class='ocrx_word' id='word_1_807' title='bbox 1652 1196 1685 1226; x_wconf 73' lang='grc' dir='ltr'>δε</span> <span class='ocrx_word' id='word_1_808' title='bbox 1712 1196 1858 1233; x_wconf 70' lang='lat' dir='ltr'>praefatum</span> <span class='ocrx_word' id='word_1_809' title='bbox 1874 1195 2034 1234; x_wconf 81' lang='lat' dir='ltr'>Andream,</span> <span class='ocrx_word' id='word_1_810' title='bbox 2050 1197 2083 1227; x_wconf 86' lang='lat'>&amp;</span> <span class='ocrx_word' id='word_1_811' title='bbox 2096 1197 2163 1226; x_wconf 82' lang='lat' dir='ltr'>alios</span> <span class='ocrx_word' id='word_1_812' title='bbox 2177 1196 2321 1227; x_wconf 85' lang='lat' dir='ltr'>Homines</span> 
     </span>
     <span class='ocr_line' id='line_1_111' title="bbox 1260 1232 2318 1272; baseline 0.003 -10"><span class='ocrx_word' id='word_1_813' title='bbox 1260 1232 1426 1272; x_wconf 67' lang='lat' dir='ltr'>praedictos,</span> <span class='ocrx_word' id='word_1_814' title='bbox 1445 1244 1497 1272; x_wconf 86' lang='lat' dir='ltr'>pro</span> <span class='ocrx_word' id='word_1_815' title='bbox 1512 1233 1555 1271; x_wconf 88' lang='lat' dir='ltr'>se,</span> <span class='ocrx_word' id='word_1_816' title='bbox 1574 1235 1607 1265; x_wconf 91' lang='lat'>&amp;</span> <span class='ocrx_word' id='word_1_817' title='bbox 1621 1234 1756 1264; x_wconf 90' lang='lat' dir='ltr'>omnibus</span> <span class='ocrx_word' id='word_1_818' title='bbox 1769 1234 1828 1263; x_wconf 88' lang='lat' dir='ltr'>aliis</span> <span class='ocrx_word' id='word_1_819' title='bbox 1842 1233 2007 1264; x_wconf 86' lang='lat' dir='ltr'>hominibus</span> <span class='ocrx_word' id='word_1_820' title='bbox 2030 1235 2065 1264; x_wconf 89' lang='lat' dir='ltr'>de</span> <span class='ocrx_word' id='word_1_821' title='bbox 2086 1234 2200 1271; x_wconf 66' lang='lat' dir='ltr'>Scotii,</span> <span class='ocrx_word' id='word_1_822' title='bbox 2215 1235 2249 1265; x_wconf 85' lang='lat' dir='ltr'>ad</span> <span class='ocrx_word' id='word_1_823' title='bbox 2270 1235 2318 1265; x_wconf 83' lang='lat' dir='ltr'>Fi-</span> 
     </span>
     <span class='ocr_line' id='line_1_112' title="bbox 1259 1271 2318 1311; baseline 0.004 -11"><span class='ocrx_word' id='word_1_824' title='bbox 1259 1271 1326 1301; x_wconf 89' lang='lat' dir='ltr'>dem</span> <span class='ocrx_word' id='word_1_825' title='bbox 1343 1272 1375 1302; x_wconf 89' lang='lat'>&amp;</span> <span class='ocrx_word' id='word_1_826' title='bbox 1388 1271 1492 1303; x_wconf 88' lang='lat' dir='ltr'>Pacem</span> <span class='ocrx_word' id='word_1_827' title='bbox 1507 1271 1632 1303; x_wconf 88' lang='lat' dir='ltr'>nostram</span> <span class='ocrx_word' id='word_1_828' title='bbox 1645 1282 1705 1302; x_wconf 90' lang='lat' dir='ltr'>non</span> <span class='ocrx_word' id='word_1_829' title='bbox 1721 1272 1916 1309; x_wconf 82' lang='lat' dir='ltr'>existentibus,</span> <span class='ocrx_word' id='word_1_830' title='bbox 1936 1281 1966 1302; x_wconf 87' lang='lat' dir='ltr'>ut</span> <span class='ocrx_word' id='word_1_831' title='bbox 1979 1272 2019 1302; x_wconf 84' lang='lat' dir='ltr'>est</span> <span class='ocrx_word' id='word_1_832' title='bbox 2035 1272 2160 1311; x_wconf 65' lang='lat' dir='ltr'>dietum,</span> <span class='ocrx_word' id='word_1_833' title='bbox 2179 1273 2318 1311; x_wconf 64' lang='lat' dir='ltr'>ineunda,</span> 
     </span>
     <span class='ocr_line' id='line_1_113' title="bbox 1259 1309 2318 1349; baseline 0.002 -9"><span class='ocrx_word' id='word_1_834' title='bbox 1259 1310 1293 1339; x_wconf 87' lang='lat'>&amp;</span> <span class='ocrx_word' id='word_1_835' title='bbox 1308 1310 1393 1348; x_wconf 91' lang='lat' dir='ltr'>usque</span> <span class='ocrx_word' id='word_1_836' title='bbox 1409 1310 1442 1340; x_wconf 93' lang='lat' dir='ltr'>ad</span> <span class='ocrx_word' id='word_1_837' title='bbox 1457 1310 1573 1340; x_wconf 88' lang='lat' dir='ltr'>Festum</span> <span class='ocrx_word' id='word_1_838' title='bbox 1587 1310 1748 1342; x_wconf 87' lang='lat' dir='ltr'>Nativitatis</span> <span class='ocrx_word' id='word_1_839' title='bbox 1763 1310 1858 1341; x_wconf 64' lang='lat' dir='ltr'>Sancti</span> <span class='ocrx_word' id='word_1_840' title='bbox 1869 1310 2007 1349; x_wconf 84' lang='lat' dir='ltr'>Johannis</span> <span class='ocrx_word' id='word_1_841' title='bbox 2022 1309 2167 1348; x_wconf 66' lang='lat' dir='ltr'>Baptistae,</span> <span class='ocrx_word' id='word_1_842' title='bbox 2183 1313 2318 1348; x_wconf 72' lang='lat' dir='ltr'>proximo</span> 
     </span>
     <span class='ocr_line' id='line_1_114' title="bbox 1259 1348 1565 1387; baseline 0.003 -9"><span class='ocrx_word' id='word_1_843' title='bbox 1259 1348 1403 1387; x_wconf 89' lang='lat' dir='ltr'>futurum,</span> <span class='ocrx_word' id='word_1_844' title='bbox 1422 1349 1565 1386; x_wconf 65' lang='lat' dir='ltr'>duraturfi,</span> 
     </span>
     <span class='ocr_line' id='line_1_115' title="bbox 1298 1385 2322 1425; baseline -0.001 -8"><span class='ocrx_word' id='word_1_845' title='bbox 1298 1387 1342 1417; x_wconf 87' lang='lat' dir='ltr'>Ac</span> <span class='ocrx_word' id='word_1_846' title='bbox 1365 1390 1447 1417; x_wconf 88' lang='lat' dir='ltr'>etiam</span> <span class='ocrx_word' id='word_1_847' title='bbox 1471 1388 1551 1417; x_wconf 88' lang='lat' dir='ltr'>Treu</span> <span class='ocrx_word' id='word_1_848' title='bbox 1571 1397 1616 1417; x_wconf 89' lang='lat' dir='ltr'>am</span> <span class='ocrx_word' id='word_1_849' title='bbox 1633 1410 1642 1425; x_wconf 89' lang='lat'>,</span> <span class='ocrx_word' id='word_1_850' title='bbox 1669 1387 1726 1417; x_wconf 86' lang='lat' dir='ltr'>five</span> <span class='ocrx_word' id='word_1_851' title='bbox 1746 1385 1965 1424; x_wconf 84' lang='lat' dir='ltr'>Sufferentiam,</span> <span class='ocrx_word' id='word_1_852' title='bbox 1995 1386 2176 1424; x_wconf 82' lang='lat' dir='ltr'>hujusmodi,</span> <span class='ocrx_word' id='word_1_853' title='bbox 2201 1388 2322 1417; x_wconf 88' lang='lat' dir='ltr'>nomine</span> 
     </span>
     <span class='ocr_line' id='line_1_116' title="bbox 1261 1424 2325 1493; baseline 0 -38"><span class='ocrx_word' id='word_1_854' title='bbox 1261 1425 1376 1493; x_wconf 55' lang='grc' dir='ltr'>ῃοίὶὲς),</span> <span class='ocrx_word' id='word_1_855' title='bbox 1392 1425 1538 1456; x_wconf 90' lang='lat' dir='ltr'>conceden</span> <span class='ocrx_word' id='word_1_856' title='bbox 1561 1427 1584 1464; x_wconf 87' lang='lat' dir='ltr'>i,</span> <span class='ocrx_word' id='word_1_857' title='bbox 1605 1426 1637 1456; x_wconf 61' lang='grc' dir='ltr'>ὃς</span> <span class='ocrx_word' id='word_1_858' title='bbox 1659 1435 1721 1456; x_wconf 75' lang='lat' dir='ltr'>eam</span> <span class='ocrx_word' id='word_1_859' title='bbox 1743 1425 1891 1456; x_wconf 86' lang='lat' dir='ltr'>sufficienti</span> <span class='ocrx_word' id='word_1_860' title='bbox 1910 1426 2055 1456; x_wconf 85' lang='lat' dir='ltr'>securitate</span> <span class='ocrx_word' id='word_1_861' title='bbox 2079 1424 2198 1456; x_wconf 78' lang='lat' dir='ltr'>vallandi</span> <span class='ocrx_word' id='word_1_862' title='bbox 2220 1426 2253 1456; x_wconf 84' lang='lat'>&amp;</span> <span class='ocrx_word' id='word_1_863' title='bbox 2275 1425 2325 1455; x_wconf 82' lang='lat' dir='ltr'>fir-</span> 
     </span>
     <span class='ocr_line' id='line_1_117' title="bbox 1261 1473 1375 1502; baseline -0.018 -8"><span class='ocrx_word' id='word_1_864' title='bbox 1261 1473 1326 1494; x_wconf 89' lang='lat' dir='ltr'>man</span> <span class='ocrx_word' id='word_1_865' title='bbox 1349 1474 1375 1502; x_wconf 88' lang='lat' dir='ltr'>i,</span> 
     </span>
     <span class='ocr_line' id='line_1_118' title="bbox 1299 1501 2323 1540; baseline 0.001 -9"><span class='ocrx_word' id='word_1_866' title='bbox 1299 1502 1500 1533; x_wconf 86' lang='lat' dir='ltr'>Promittentes</span> <span class='ocrx_word' id='word_1_867' title='bbox 1515 1512 1566 1533; x_wconf 88' lang='lat' dir='ltr'>nos</span> <span class='ocrx_word' id='word_1_868' title='bbox 1582 1503 1686 1532; x_wconf 81' lang='lat' dir='ltr'>Rarum</span> <span class='ocrx_word' id='word_1_869' title='bbox 1700 1503 1733 1532; x_wconf 90' lang='lat'>&amp;</span> <span class='ocrx_word' id='word_1_870' title='bbox 1743 1502 1872 1532; x_wconf 82' lang='lat' dir='ltr'>Firmum</span> <span class='ocrx_word' id='word_1_871' title='bbox 1888 1501 2029 1532; x_wconf 84' lang='lat' dir='ltr'>habituros</span> <span class='ocrx_word' id='word_1_872' title='bbox 2045 1501 2178 1539; x_wconf 91' lang='lat' dir='ltr'>quicquid</span> <span class='ocrx_word' id='word_1_873' title='bbox 2195 1511 2244 1540; x_wconf 90' lang='lat' dir='ltr'>per</span> <span class='ocrx_word' id='word_1_874' title='bbox 2271 1512 2323 1532; x_wconf 77' lang='lat' dir='ltr'>rae-</span> 
     </span>
     <span class='ocr_line' id='line_1_119' title="bbox 1260 1540 2324 1579; baseline -0.001 -9"><span class='ocrx_word' id='word_1_875' title='bbox 1260 1540 1349 1577; x_wconf 77' lang='lat' dir='ltr'>fatos,</span> <span class='ocrx_word' id='word_1_876' title='bbox 1366 1541 1529 1571; x_wconf 85' lang='lat' dir='ltr'>Henricum</span> <span class='ocrx_word' id='word_1_877' title='bbox 1546 1541 1582 1570; x_wconf 91' lang='lat' dir='ltr'>de</span> <span class='ocrx_word' id='word_1_878' title='bbox 1597 1540 1773 1577; x_wconf 69' lang='lat' dir='ltr'>Lancastria,</span> <span class='ocrx_word' id='word_1_879' title='bbox 1793 1540 1941 1577; x_wconf 82' lang='lat' dir='ltr'>Comites,</span> <span class='ocrx_word' id='word_1_880' title='bbox 1961 1541 1993 1571; x_wconf 88' lang='lat'>&amp;</span> <span class='ocrx_word' id='word_1_881' title='bbox 2010 1540 2218 1578; x_wconf 78' lang='lat' dir='ltr'>VVillielniutn,</span> <span class='ocrx_word' id='word_1_882' title='bbox 2263 1549 2324 1579; x_wconf 82' lang='lat' dir='ltr'>res,</span> 
     </span>
     <span class='ocr_line' id='line_1_120' title="bbox 1262 1578 2321 1618; baseline -0.002 -9"><span class='ocrx_word' id='word_1_883' title='bbox 1262 1580 1295 1609; x_wconf 92' lang='lat'>&amp;</span> <span class='ocrx_word' id='word_1_884' title='bbox 1317 1578 1400 1608; x_wconf 88' lang='lat' dir='ltr'>Duos</span> <span class='ocrx_word' id='word_1_885' title='bbox 1423 1589 1522 1609; x_wconf 87' lang='lat' dir='ltr'>eorum</span> <span class='ocrx_word' id='word_1_886' title='bbox 1547 1579 1697 1618; x_wconf 83' lang='lat' dir='ltr'>(Qiorum</span> <span class='ocrx_word' id='word_1_887' title='bbox 1715 1578 1791 1608; x_wconf 87' lang='lat' dir='ltr'>idern</span> <span class='ocrx_word' id='word_1_888' title='bbox 1812 1578 1953 1609; x_wconf 87' lang='lat' dir='ltr'>Henricus</span> <span class='ocrx_word' id='word_1_889' title='bbox 1967 1579 2003 1608; x_wconf 85' lang='lat' dir='ltr'>de</span> <span class='ocrx_word' id='word_1_890' title='bbox 2016 1578 2177 1609; x_wconf 76' lang='lat' dir='ltr'>Lancastria</span> <span class='ocrx_word' id='word_1_891' title='bbox 2192 1588 2261 1608; x_wconf 88' lang='lat' dir='ltr'>unus</span> <span class='ocrx_word' id='word_1_892' title='bbox 2276 1578 2321 1613; x_wconf 82' lang='lat' dir='ltr'>sit)</span> 
     </span>
     <span class='ocr_line' id='line_1_121' title="bbox 1261 1614 2324 1655; baseline -0.001 -9"><span class='ocrx_word' id='word_1_893' title='bbox 1261 1626 1315 1654; x_wconf 88' lang='lat' dir='ltr'>pro</span> <span class='ocrx_word' id='word_1_894' title='bbox 1329 1617 1426 1654; x_wconf 86' lang='lat' dir='ltr'>nobis,</span> <span class='ocrx_word' id='word_1_895' title='bbox 1445 1617 1490 1647; x_wconf 92' lang='lat' dir='ltr'>seu</span> <span class='ocrx_word' id='word_1_896' title='bbox 1507 1619 1624 1647; x_wconf 88' lang='lat' dir='ltr'>nomine</span> <span class='ocrx_word' id='word_1_897' title='bbox 1636 1615 1751 1653; x_wconf 85' lang='lat' dir='ltr'>nostro,</span> <span class='ocrx_word' id='word_1_898' title='bbox 1769 1616 1955 1654; x_wconf 67' lang='lat' dir='ltr'>Traetatum,</span> <span class='ocrx_word' id='word_1_899' title='bbox 1977 1616 2215 1655; x_wconf 76' lang='lat' dir='ltr'>concordatum,</span> <span class='ocrx_word' id='word_1_900' title='bbox 2239 1614 2324 1647; x_wconf 82' lang='lat' dir='ltr'>Con-</span> 
     </span>
     <span class='ocr_line' id='line_1_122' title="bbox 1262 1654 1944 1694; baseline 0 -10"><span class='ocrx_word' id='word_1_901' title='bbox 1262 1654 1392 1692; x_wconf 79' lang='lat' dir='ltr'>cessum,</span> <span class='ocrx_word' id='word_1_902' title='bbox 1410 1656 1443 1686; x_wconf 91' lang='lat'>&amp;</span> <span class='ocrx_word' id='word_1_903' title='bbox 1462 1655 1635 1694; x_wconf 86' lang='lat' dir='ltr'>Firmatum,</span> <span class='ocrx_word' id='word_1_904' title='bbox 1652 1655 1735 1685; x_wconf 86' lang='lat' dir='ltr'>fuerit</span> <span class='ocrx_word' id='word_1_905' title='bbox 1749 1655 1778 1684; x_wconf 90' lang='lat' dir='ltr'>in</span> <span class='ocrx_word' id='word_1_906' title='bbox 1792 1655 1944 1691; x_wconf 73' lang='lat' dir='ltr'>praemiss&#39;is.</span> 
     </span>
     <span class='ocr_line' id='line_1_123' title="bbox 1302 1692 1523 1731; baseline 0 -8"><span class='ocrx_word' id='word_1_907' title='bbox 1302 1692 1336 1723; x_wconf 89' lang='lat' dir='ltr'>In</span> <span class='ocrx_word' id='word_1_908' title='bbox 1351 1694 1444 1731; x_wconf 82' lang='lat' dir='ltr'>cujus,</span> <span class='ocrx_word' id='word_1_909' title='bbox 1462 1695 1523 1725; x_wconf 87' lang='lat' dir='ltr'>&amp;c.</span> 
     </span>
     <span class='ocr_line' id='line_1_124' title="bbox 1340 1729 2089 1771; baseline 0 -9"><span class='ocrx_word' id='word_1_910' title='bbox 1340 1730 1409 1763; x_wconf 86' lang='lat' dir='ltr'>Dat.</span> <span class='ocrx_word' id='word_1_911' title='bbox 1425 1732 1499 1771; x_wconf 88' lang='lat' dir='ltr'>apud</span> <span class='ocrx_word' id='word_1_912' title='bbox 1513 1730 1818 1768; x_wconf 86' lang='lat' dir='ltr'>Westmonasterium‚</span> <span class='ocrx_word' id='word_1_913' title='bbox 1836 1738 1936 1769; x_wconf 85' lang='lat' dir='ltr'>quarto</span> <span class='ocrx_word' id='word_1_914' title='bbox 1948 1729 1994 1761; x_wconf 83' lang='lat' dir='ltr'>die</span> <span class='ocrx_word' id='word_1_915' title='bbox 2009 1730 2089 1762; x_wconf 75' lang='lat' dir='ltr'>Maii.</span> 
     </span>
    </p>
   </div>
   <div class='ocr_carea' id='block_1_25' title="bbox 1381 1872 2222 1918">
    <p class='ocr_par' dir='ltr' id='par_1_42' title="bbox 1381 1872 2222 1918">
     <span class='ocr_line' id='line_1_125' title="bbox 1381 1872 2222 1918; baseline 0 -12"><span class='ocrx_word' id='word_1_916' title='bbox 1381 1875 1438 1906; x_wconf 89' lang='lat' dir='ltr'>Pro</span> <span class='ocrx_word' id='word_1_917' title='bbox 1456 1873 1577 1906; x_wconf 84' lang='lat' dir='ltr'>Nuncio</span> <span class='ocrx_word' id='word_1_918' title='bbox 1594 1872 1681 1918; x_wconf 72' lang='lat' dir='ltr'>Regis</span> <span class='ocrx_word' id='word_1_919' title='bbox 1698 1873 1828 1904; x_wconf 80' lang='lat' dir='ltr'>Franciae</span> <span class='ocrx_word' id='word_1_920' title='bbox 1846 1874 1877 1903; x_wconf 85' lang='lat' dir='ltr'>in</span> <span class='ocrx_word' id='word_1_921' title='bbox 1893 1874 2028 1905; x_wconf 67' lang='lat' dir='ltr'>storiam</span> <span class='ocrx_word' id='word_1_922' title='bbox 2040 1872 2222 1918; x_wconf 70' lang='lat' dir='ltr'>profeHuro.</span> 
     </span>
    </p>
   </div>
   <div class='ocr_carea' id='block_1_26' title="bbox 1270 1963 2346 2743">
    <p class='ocr_par' dir='ltr' id='par_1_43' title="bbox 1270 1963 2329 2081">
     <span class='ocr_line' id='line_1_126' title="bbox 1270 1963 2329 2031; baseline -0.001 -31"><span class='ocrx_word' id='word_1_923' title='bbox 1270 1968 1393 2031; x_wconf 87' lang='lat' dir='ltr'>REX</span> <span class='ocrx_word' id='word_1_924' title='bbox 1415 1967 1659 2004; x_wconf 79' lang='lat' dir='ltr'>vicecomitibus,</span> <span class='ocrx_word' id='word_1_925' title='bbox 1677 1964 1801 2003; x_wconf 85' lang='lat' dir='ltr'>Ballivis,</span> <span class='ocrx_word' id='word_1_926' title='bbox 1818 1963 1973 2002; x_wconf 82' lang='lat' dir='ltr'>Ministris,</span> <span class='ocrx_word' id='word_1_927' title='bbox 1991 1966 2026 1996; x_wconf 91' lang='lat'>&amp;</span> <span class='ocrx_word' id='word_1_928' title='bbox 2047 1966 2182 1997; x_wconf 87' lang='lat' dir='ltr'>omnibus</span> <span class='ocrx_word' id='word_1_929' title='bbox 2202 1967 2261 1998; x_wconf 87' lang='lat' dir='ltr'>aliis</span> <span class='ocrx_word' id='word_1_930' title='bbox 2282 1968 2329 1999; x_wconf 87' lang='lat' dir='ltr'>Fi-</span> 
     </span>
     <span class='ocr_line' id='line_1_127' title="bbox 1271 2003 2324 2081; baseline -0.003 -42"><span class='ocrx_word' id='word_1_931' title='bbox 1271 2047 1292 2081; x_wconf 74' lang='lat' dir='ltr'>S</span> <span class='ocrx_word' id='word_1_932' title='bbox 1309 2047 1316 2078; x_wconf 66' lang='lat' dir='ltr'>l</span> <span class='ocrx_word' id='word_1_933' title='bbox 1352 2008 1459 2039; x_wconf 90' lang='lat' dir='ltr'>delibus</span> <span class='ocrx_word' id='word_1_934' title='bbox 1471 2007 1541 2046; x_wconf 87' lang='lat' dir='ltr'>suis,</span> <span class='ocrx_word' id='word_1_935' title='bbox 1557 2006 1618 2037; x_wconf 71' lang='lat' dir='ltr'>tam</span> <span class='ocrx_word' id='word_1_936' title='bbox 1631 2003 1703 2035; x_wconf 83' lang='lat' dir='ltr'>infra</span> <span class='ocrx_word' id='word_1_937' title='bbox 1714 2004 1885 2043; x_wconf 84' lang='lat' dir='ltr'>Libertates,</span> <span class='ocrx_word' id='word_1_938' title='bbox 1903 2004 1991 2043; x_wconf 73' lang='lat' dir='ltr'>quain</span> <span class='ocrx_word' id='word_1_939' title='bbox 2002 2013 2077 2036; x_wconf 81' lang='lat' dir='ltr'>extra</span> <span class='ocrx_word' id='word_1_940' title='bbox 2083 2028 2093 2044; x_wconf 80' lang='lat'>,</span> <span class='ocrx_word' id='word_1_941' title='bbox 2111 2004 2145 2035; x_wconf 90' lang='lat' dir='ltr'>ad</span> <span class='ocrx_word' id='word_1_942' title='bbox 2159 2015 2246 2044; x_wconf 86' lang='lat' dir='ltr'>quos,</span> <span class='ocrx_word' id='word_1_943' title='bbox 2262 2008 2324 2039; x_wconf 89' lang='lat' dir='ltr'>&amp;c.</span> 
     </span>
     <span class='ocr_line' id='line_1_128' title="bbox 1293 2054 1406 2080; baseline -0.009 -1"><span class='ocrx_word' id='word_1_944' title='bbox 1293 2056 1307 2079; x_wconf 67' lang='lat' dir='ltr'>a</span> <span class='ocrx_word' id='word_1_945' title='bbox 1319 2054 1406 2080; x_wconf 69' lang='lat' dir='ltr'>utem.</span> 
     </span>
    </p>

    <p class='ocr_par' dir='ltr' id='par_1_44' title="bbox 1309 2085 1518 2125">
     <span class='ocr_line' id='line_1_129' title="bbox 1309 2085 1518 2125; baseline 0 -8"><span class='ocrx_word' id='word_1_946' title='bbox 1309 2087 1407 2118; x_wconf 83' lang='lat' dir='ltr'>Sciatis</span> <span class='ocrx_word' id='word_1_947' title='bbox 1440 2085 1518 2125; x_wconf 77' lang='lat' dir='ltr'>uod,</span> 
     </span>
    </p>

    <p class='ocr_par' dir='ltr' id='par_1_45' title="bbox 1311 2122 1993 2164">
     <span class='ocr_line' id='line_1_130' title="bbox 1311 2122 1993 2164; baseline -0.004 -8"><span class='ocrx_word' id='word_1_948' title='bbox 1311 2125 1412 2164; x_wconf 78' lang='lat' dir='ltr'>Cum,</span> <span class='ocrx_word' id='word_1_949' title='bbox 1467 2125 1563 2155; x_wconf 69' lang='lat' dir='ltr'>ilec&#39;tus</span> <span class='ocrx_word' id='word_1_950' title='bbox 1577 2124 1675 2163; x_wconf 86' lang='lat' dir='ltr'>nobis,</span> <span class='ocrx_word' id='word_1_951' title='bbox 1694 2123 1811 2156; x_wconf 88' lang='lat' dir='ltr'>Perotus</span> <span class='ocrx_word' id='word_1_952' title='bbox 1822 2123 1857 2155; x_wconf 94' lang='lat' dir='ltr'>de</span> <span class='ocrx_word' id='word_1_953' title='bbox 1876 2122 1993 2162; x_wconf 79' lang='lat' dir='ltr'>Nevill,</span> 
     </span>
    </p>

    <p class='ocr_par' dir='ltr' id='par_1_46' title="bbox 1275 2161 2337 2279">
     <span class='ocr_line' id='line_1_131' title="bbox 1312 2161 2332 2203; baseline -0.001 -9"><span class='ocrx_word' id='word_1_954' title='bbox 1312 2165 1374 2203; x_wconf 86' lang='lat' dir='ltr'>Qii</span> <span class='ocrx_word' id='word_1_955' title='bbox 1387 2164 1421 2194; x_wconf 90' lang='lat' dir='ltr'>ad</span> <span class='ocrx_word' id='word_1_956' title='bbox 1436 2163 1522 2202; x_wconf 85' lang='lat' dir='ltr'>Nos,</span> <span class='ocrx_word' id='word_1_957' title='bbox 1539 2164 1610 2194; x_wconf 87' lang='lat' dir='ltr'>infra</span> <span class='ocrx_word' id='word_1_958' title='bbox 1623 2163 1763 2201; x_wconf 86' lang='lat' dir='ltr'>Regnum</span> <span class='ocrx_word' id='word_1_959' title='bbox 1778 2162 1922 2200; x_wconf 86' lang='lat' dir='ltr'>nostrum,</span> <span class='ocrx_word' id='word_1_960' title='bbox 1942 2165 1970 2192; x_wconf 88' lang='lat' dir='ltr'>in</span> <span class='ocrx_word' id='word_1_961' title='bbox 1993 2161 2027 2192; x_wconf 89' lang='lat' dir='ltr'>N</span> <span class='ocrx_word' id='word_1_962' title='bbox 2030 2162 2163 2200; x_wconf 85' lang='lat' dir='ltr'>uncium,</span> <span class='ocrx_word' id='word_1_963' title='bbox 2182 2161 2332 2194; x_wconf 71' lang='lat' dir='ltr'>Excellen-</span> 
     </span>
     <span class='ocr_line' id='line_1_132' title="bbox 1275 2200 2337 2242; baseline -0.003 -7"><span class='ocrx_word' id='word_1_964' title='bbox 1275 2202 1374 2235; x_wconf 85' lang='lat' dir='ltr'>tiffimi</span> <span class='ocrx_word' id='word_1_965' title='bbox 1388 2202 1541 2241; x_wconf 85' lang='lat' dir='ltr'>Principis,</span> <span class='ocrx_word' id='word_1_966' title='bbox 1562 2201 1686 2232; x_wconf 89' lang='lat' dir='ltr'>Domini</span> <span class='ocrx_word' id='word_1_967' title='bbox 1697 2202 1834 2240; x_wconf 87' lang='lat' dir='ltr'>Philippi,</span> <span class='ocrx_word' id='word_1_968' title='bbox 1854 2202 1943 2241; x_wconf 85' lang='lat' dir='ltr'>Regis</span> <span class='ocrx_word' id='word_1_969' title='bbox 1964 2200 2106 2239; x_wconf 81' lang='lat' dir='ltr'>Franciae,</span> <span class='ocrx_word' id='word_1_970' title='bbox 2125 2200 2337 2242; x_wconf 82' lang='lat' dir='ltr'>Consanguinei</span> 
     </span>
     <span class='ocr_line' id='line_1_133' title="bbox 1276 2241 1741 2279; baseline -0.004 -6"><span class='ocrx_word' id='word_1_971' title='bbox 1276 2241 1366 2273; x_wconf 88' lang='lat' dir='ltr'>nostri</span> <span class='ocrx_word' id='word_1_972' title='bbox 1380 2241 1526 2279; x_wconf 84' lang='lat' dir='ltr'>carissimi,</span> <span class='ocrx_word' id='word_1_973' title='bbox 1542 2251 1631 2279; x_wconf 89' lang='lat' dir='ltr'>nuper</span> <span class='ocrx_word' id='word_1_974' title='bbox 1647 2242 1741 2278; x_wconf 89' lang='lat' dir='ltr'>venit,</span> 
     </span>
    </p>

    <p class='ocr_par' dir='ltr' id='par_1_47' title="bbox 1279 2277 2338 2399">
     <span class='ocr_line' id='line_1_134' title="bbox 1315 2277 2335 2320; baseline -0.001 -9"><span class='ocrx_word' id='word_1_975' title='bbox 1315 2280 1362 2311; x_wconf 90' lang='lat' dir='ltr'>Ad</span> <span class='ocrx_word' id='word_1_976' title='bbox 1375 2288 1462 2320; x_wconf 88' lang='lat' dir='ltr'>partes</span> <span class='ocrx_word' id='word_1_977' title='bbox 1476 2280 1599 2317; x_wconf 85' lang='lat' dir='ltr'>Scotiae,</span> <span class='ocrx_word' id='word_1_978' title='bbox 1619 2289 1668 2317; x_wconf 89' lang='lat' dir='ltr'>per</span> <span class='ocrx_word' id='word_1_979' title='bbox 1682 2288 1769 2317; x_wconf 77' lang='lat' dir='ltr'>partes</span> <span class='ocrx_word' id='word_1_980' title='bbox 1782 2277 1852 2308; x_wconf 61' lang='lat' dir='ltr'>dieti</span> <span class='ocrx_word' id='word_1_981' title='bbox 1867 2277 1966 2315; x_wconf 88' lang='lat' dir='ltr'>Regni</span> <span class='ocrx_word' id='word_1_982' title='bbox 1979 2277 2081 2315; x_wconf 88' lang='lat' dir='ltr'>nostri,</span> <span class='ocrx_word' id='word_1_983' title='bbox 2100 2288 2153 2316; x_wconf 89' lang='lat' dir='ltr'>pro</span> <span class='ocrx_word' id='word_1_984' title='bbox 2167 2278 2335 2317; x_wconf 85' lang='lat' dir='ltr'>quibusdam</span> 
     </span>
     <span class='ocr_line' id='line_1_135' title="bbox 1279 2316 2338 2358; baseline -0.002 -8"><span class='ocrx_word' id='word_1_985' title='bbox 1279 2321 1415 2358; x_wconf 84' lang='lat' dir='ltr'>negotiis,</span> <span class='ocrx_word' id='word_1_986' title='bbox 1432 2318 1522 2356; x_wconf 88' lang='lat' dir='ltr'>ipsum</span> <span class='ocrx_word' id='word_1_987' title='bbox 1535 2317 1785 2357; x_wconf 87' lang='lat' dir='ltr'>Consanguineum</span> <span class='ocrx_word' id='word_1_988' title='bbox 1806 2316 1936 2348; x_wconf 91' lang='lat' dir='ltr'>nostrum</span> <span class='ocrx_word' id='word_1_989' title='bbox 1956 2318 1985 2347; x_wconf 92' lang='lat' dir='ltr'>in</span> <span class='ocrx_word' id='word_1_990' title='bbox 2007 2316 2108 2346; x_wconf 88' lang='lat' dir='ltr'>eisdem</span> <span class='ocrx_word' id='word_1_991' title='bbox 2131 2318 2252 2355; x_wconf 85' lang='lat' dir='ltr'>partibus</span> <span class='ocrx_word' id='word_1_992' title='bbox 2276 2326 2338 2348; x_wconf 89' lang='lat' dir='ltr'>tan-</span> 
     </span>
     <span class='ocr_line' id='line_1_136' title="bbox 1279 2354 1933 2399; baseline -0.005 -11"><span class='ocrx_word' id='word_1_993' title='bbox 1279 2359 1425 2399; x_wconf 77' lang='lat' dir='ltr'>gentibuS,</span> <span class='ocrx_word' id='word_1_994' title='bbox 1444 2357 1480 2387; x_wconf 92' lang='lat' dir='ltr'>de</span> <span class='ocrx_word' id='word_1_995' title='bbox 1493 2355 1592 2387; x_wconf 73' lang='lat' dir='ltr'>nostra</span> <span class='ocrx_word' id='word_1_996' title='bbox 1606 2355 1735 2387; x_wconf 62' lang='lat' dir='ltr'>Licentia</span> <span class='ocrx_word' id='word_1_997' title='bbox 1750 2355 1788 2386; x_wconf 90' lang='lat' dir='ltr'>Se</span> <span class='ocrx_word' id='word_1_998' title='bbox 1799 2354 1933 2394; x_wconf 87' lang='lat' dir='ltr'>divertat,</span> 
     </span>
    </p>

    <p class='ocr_par' dir='ltr' id='par_1_48' title="bbox 1282 2392 2345 2545">
     <span class='ocr_line' id='line_1_137' title="bbox 1319 2392 2342 2434; baseline -0.002 -7"><span class='ocrx_word' id='word_1_999' title='bbox 1319 2396 1494 2434; x_wconf 90' lang='lat' dir='ltr'>Suscepimus</span> <span class='ocrx_word' id='word_1_1000' title='bbox 1514 2394 1602 2433; x_wconf 87' lang='lat' dir='ltr'>ipsum</span> <span class='ocrx_word' id='word_1_1001' title='bbox 1624 2393 1780 2433; x_wconf 87' lang='lat' dir='ltr'>Perotum,</span> <span class='ocrx_word' id='word_1_1002' title='bbox 1797 2394 1853 2424; x_wconf 70' lang='lat' dir='ltr'>una</span> <span class='ocrx_word' id='word_1_1003' title='bbox 1875 2404 1943 2424; x_wconf 90' lang='lat' dir='ltr'>cum</span> <span class='ocrx_word' id='word_1_1004' title='bbox 1964 2393 2156 2430; x_wconf 79' lang='lat' dir='ltr'>Hominibus,</span> <span class='ocrx_word' id='word_1_1005' title='bbox 2175 2392 2280 2432; x_wconf 80' lang='lat' dir='ltr'>Equis,</span> <span class='ocrx_word' id='word_1_1006' title='bbox 2307 2395 2342 2425; x_wconf 70' lang='grc' dir='ltr'>ὅ(</span> 
     </span>
     <span class='ocr_line' id='line_1_138' title="bbox 1282 2431 2343 2472; baseline -0.005 -5"><span class='ocrx_word' id='word_1_1007' title='bbox 1282 2436 1381 2467; x_wconf 91' lang='lat' dir='ltr'>Rebus</span> <span class='ocrx_word' id='word_1_1008' title='bbox 1393 2435 1443 2466; x_wconf 89' lang='lat' dir='ltr'>suis</span> <span class='ocrx_word' id='word_1_1009' title='bbox 1456 2432 1698 2472; x_wconf 88' lang='lat' dir='ltr'>quibuscumque,</span> <span class='ocrx_word' id='word_1_1010' title='bbox 1717 2432 1812 2463; x_wconf 90' lang='lat' dir='ltr'>eundo</span> <span class='ocrx_word' id='word_1_1011' title='bbox 1835 2431 1870 2462; x_wconf 88' lang='lat' dir='ltr'>ad</span> <span class='ocrx_word' id='word_1_1012' title='bbox 1891 2432 1979 2463; x_wconf 61' lang='lat' dir='ltr'>didias</span> <span class='ocrx_word' id='word_1_1013' title='bbox 1999 2441 2103 2469; x_wconf 79' lang='lat' dir='ltr'>partes,</span> <span class='ocrx_word' id='word_1_1014' title='bbox 2121 2432 2154 2462; x_wconf 89' lang='lat'>&amp;</span> <span class='ocrx_word' id='word_1_1015' title='bbox 2174 2434 2276 2463; x_wconf 74' lang='lat' dir='ltr'>exinde</span> <span class='ocrx_word' id='word_1_1016' title='bbox 2299 2443 2343 2462; x_wconf 88' lang='lat' dir='ltr'>re-</span> 
     </span>
     <span class='ocr_line' id='line_1_139' title="bbox 1282 2469 2345 2512; baseline -0.005 -6"><span class='ocrx_word' id='word_1_1017' title='bbox 1282 2473 1413 2512; x_wconf 86' lang='lat' dir='ltr'>deundo,</span> <span class='ocrx_word' id='word_1_1018' title='bbox 1438 2474 1468 2502; x_wconf 87' lang='lat' dir='ltr'>in</span> <span class='ocrx_word' id='word_1_1019' title='bbox 1492 2472 1704 2502; x_wconf 69' lang='lat' dir='ltr'>Proteffionem</span> <span class='ocrx_word' id='word_1_1020' title='bbox 1728 2472 1760 2502; x_wconf 72' lang='lat' dir='ltr'>&amp;c</span> <span class='ocrx_word' id='word_1_1021' title='bbox 1781 2470 1986 2500; x_wconf 84' lang='lat' dir='ltr'>Defensionem</span> <span class='ocrx_word' id='word_1_1022' title='bbox 2008 2469 2151 2508; x_wconf 83' lang='lat' dir='ltr'>nostram,</span> <span class='ocrx_word' id='word_1_1023' title='bbox 2176 2480 2291 2501; x_wconf 86' lang='lat' dir='ltr'>necnon</span> <span class='ocrx_word' id='word_1_1024' title='bbox 2313 2473 2345 2501; x_wconf 85' lang='lat' dir='ltr'>in</span> 
     </span>
     <span class='ocr_line' id='line_1_140' title="bbox 1283 2508 1948 2545; baseline -0.011 -1"><span class='ocrx_word' id='word_1_1025' title='bbox 1283 2513 1388 2545; x_wconf 88' lang='lat' dir='ltr'>salvum</span> <span class='ocrx_word' id='word_1_1026' title='bbox 1403 2512 1436 2542; x_wconf 90' lang='lat'>&amp;</span> <span class='ocrx_word' id='word_1_1027' title='bbox 1451 2512 1579 2542; x_wconf 89' lang='lat' dir='ltr'>securum</span> <span class='ocrx_word' id='word_1_1028' title='bbox 1597 2508 1784 2540; x_wconf 62' lang='lat' dir='ltr'>Conduc‘ium</span> <span class='ocrx_word' id='word_1_1029' title='bbox 1803 2509 1948 2538; x_wconf 84' lang='lat' dir='ltr'>nostrum:</span> 
     </span>
    </p>

    <p class='ocr_par' dir='ltr' id='par_1_49' title="bbox 1287 2545 2344 2621">
     <span class='ocr_line' id='line_1_141' title="bbox 1322 2545 2344 2586; baseline -0.004 -6"><span class='ocrx_word' id='word_1_1030' title='bbox 1322 2551 1360 2585; x_wconf 86' lang='lat' dir='ltr'>Et</span> <span class='ocrx_word' id='word_1_1031' title='bbox 1383 2550 1449 2580; x_wconf 81' lang='lat' dir='ltr'>ideo</span> <span class='ocrx_word' id='word_1_1032' title='bbox 1471 2550 1554 2581; x_wconf 87' lang='lat' dir='ltr'>vobis</span> <span class='ocrx_word' id='word_1_1033' title='bbox 1574 2548 1739 2579; x_wconf 86' lang='lat' dir='ltr'>mandamus</span> <span class='ocrx_word' id='word_1_1034' title='bbox 1759 2548 1856 2586; x_wconf 75' lang='lat' dir='ltr'>quod,</span> <span class='ocrx_word' id='word_1_1035' title='bbox 1874 2546 1934 2581; x_wconf 57' lang='grc' dir='ltr'><em>(ἑνί.</em></span> <span class='ocrx_word' id='word_1_1036' title='bbox 1949 2553 2032 2585; x_wconf 85' lang='lat' dir='ltr'>prout</span> <span class='ocrx_word' id='word_1_1037' title='bbox 2052 2549 2080 2576; x_wconf 78' lang='lat' dir='ltr'>ia</span> <span class='ocrx_word' id='word_1_1038' title='bbox 2097 2548 2200 2576; x_wconf 80' lang='lat' dir='ltr'>Literis</span> <span class='ocrx_word' id='word_1_1039' title='bbox 2216 2547 2247 2576; x_wconf 80' lang='lat' dir='ltr'>de</span> <span class='ocrx_word' id='word_1_1040' title='bbox 2259 2545 2344 2586; x_wconf 52' lang='lat' dir='ltr'>selvo</span> 
     </span>
     <span class='ocr_line' id='line_1_142' title="bbox 1287 2590 1432 2621; baseline -0.028 0"><span class='ocrx_word' id='word_1_1041' title='bbox 1287 2590 1432 2621; x_wconf 62' lang='lat' dir='ltr'>eandum.</span> 
     </span>
    </p>

    <p class='ocr_par' dir='ltr' id='par_1_50' title="bbox 1289 2622 2346 2699">
     <span class='ocr_line' id='line_1_143' title="bbox 1327 2622 2346 2665; baseline -0.006 -7"><span class='ocrx_word' id='word_1_1042' title='bbox 1327 2628 1359 2658; x_wconf 89' lang='lat' dir='ltr'>ln</span> <span class='ocrx_word' id='word_1_1043' title='bbox 1381 2629 1474 2665; x_wconf 77' lang='lat' dir='ltr'>cujiiS,</span> <span class='ocrx_word' id='word_1_1044' title='bbox 1492 2626 1551 2659; x_wconf 85' lang='lat' dir='ltr'>&amp;c.</span> <span class='ocrx_word' id='word_1_1045' title='bbox 1571 2625 1657 2663; x_wconf 86' lang='lat' dir='ltr'>usque</span> <span class='ocrx_word' id='word_1_1046' title='bbox 1677 2624 1712 2655; x_wconf 87' lang='lat' dir='ltr'>ad</span> <span class='ocrx_word' id='word_1_1047' title='bbox 1736 2623 1851 2654; x_wconf 83' lang='lat' dir='ltr'>Festum</span> <span class='ocrx_word' id='word_1_1048' title='bbox 1867 2623 1962 2654; x_wconf 72' lang='lat' dir='ltr'>Sanffi</span> <span class='ocrx_word' id='word_1_1049' title='bbox 1979 2624 2055 2655; x_wconf 90' lang='lat' dir='ltr'>Petri</span> <span class='ocrx_word' id='word_1_1050' title='bbox 2069 2622 2102 2653; x_wconf 89' lang='lat' dir='ltr'>ad</span> <span class='ocrx_word' id='word_1_1051' title='bbox 2115 2622 2235 2654; x_wconf 79' lang='lat' dir='ltr'>Vincula</span> <span class='ocrx_word' id='word_1_1052' title='bbox 2250 2623 2346 2661; x_wconf 78' lang='lat' dir='ltr'>proxi-</span> 
     </span>
     <span class='ocr_line' id='line_1_144' title="bbox 1289 2664 1642 2699; baseline -0.02 -1"><span class='ocrx_word' id='word_1_1053' title='bbox 1289 2669 1341 2699; x_wconf 69' lang='lat' dir='ltr'>mo</span> <span class='ocrx_word' id='word_1_1054' title='bbox 1355 2667 1480 2697; x_wconf 82' lang='lat' dir='ltr'>futurum</span> <span class='ocrx_word' id='word_1_1055' title='bbox 1494 2664 1642 2694; x_wconf 76' lang='lat' dir='ltr'>duraturas.</span> 
     </span>
    </p>

    <p class='ocr_par' dir='ltr' id='par_1_51' title="bbox 1326 2698 2183 2743">
     <span class='ocr_line' id='line_1_145' title="bbox 1326 2698 2183 2743; baseline -0.011 -5"><span class='ocrx_word' id='word_1_1056' title='bbox 1326 2704 1414 2738; x_wconf 83' lang='lat' dir='ltr'>Teste</span> <span class='ocrx_word' id='word_1_1057' title='bbox 1427 2703 1507 2743; x_wconf 78' lang='lat' dir='ltr'>Rege</span> <span class='ocrx_word' id='word_1_1058' title='bbox 1520 2703 1594 2741; x_wconf 82' lang='lat' dir='ltr'>apud</span> <span class='ocrx_word' id='word_1_1059' title='bbox 1606 2700 1912 2740; x_wconf 76' lang='lat' dir='ltr'>westmonasterium,</span> <span class='ocrx_word' id='word_1_1060' title='bbox 1930 2708 2029 2738; x_wconf 83' lang='lat' dir='ltr'>quarto</span> <span class='ocrx_word' id='word_1_1061' title='bbox 2044 2698 2089 2730; x_wconf 89' lang='lat' dir='ltr'>die</span> <span class='ocrx_word' id='word_1_1062' title='bbox 2103 2699 2183 2730; x_wconf 87' lang='lat' dir='ltr'>Maii.</span> 
     </span>
    </p>
   </div>
   <div class='ocr_carea' id='block_1_27' title="bbox 2354 1973 2490 2160">
    <p class='ocr_par' dir='ltr' id='par_1_52' title="bbox 2354 1973 2490 2160">
     <span class='ocr_line' id='line_1_146' title="bbox 2361 1973 2490 2006; baseline -0.016 0"><span class='ocrx_word' id='word_1_1063' title='bbox 2361 1975 2436 2006; x_wconf 91' lang='lat' dir='ltr'>Ann.</span> <span class='ocrx_word' id='word_1_1064' title='bbox 2447 1973 2490 2005; x_wconf 89' lang='lat' dir='ltr'>D.</span> 
     </span>
     <span class='ocr_line' id='line_1_147' title="bbox 2378 2014 2465 2054; baseline -0.011 -10"><span class='ocrx_word' id='word_1_1065' title='bbox 2378 2014 2465 2054; x_wconf 83' lang='lat'>1336.</span> 
     </span>
     <span class='ocr_line' id='line_1_148' title="bbox 2359 2059 2473 2082; baseline -0.026 0"><span class='ocrx_word' id='word_1_1066' title='bbox 2359 2059 2413 2082; x_wconf 77' lang='lat' dir='ltr'>An.</span> <span class='ocrx_word' id='word_1_1067' title='bbox 2429 2063 2473 2080; x_wconf 73' lang='lat' dir='ltr'>io.</span> 
     </span>
     <span class='ocr_line' id='line_1_149' title="bbox 2354 2096 2435 2128; baseline 0.037 -9"><span class='ocrx_word' id='word_1_1068' title='bbox 2354 2096 2385 2120; x_wconf 79' lang='lat'>13.</span> <span class='ocrx_word' id='word_1_1069' title='bbox 2409 2101 2435 2128; x_wconf 81' lang='lat'>3.</span> 
     </span>
     <span class='ocr_line' id='line_1_150' title="bbox 2357 2131 2425 2160; baseline -0.029 -1"><span class='ocrx_word' id='word_1_1070' title='bbox 2357 2131 2425 2160; x_wconf 68' lang='lat' dir='ltr'>thia.</span> 
     </span>
    </p>
   </div>
   <div class='ocr_carea' id='block_1_28' title="bbox 1980 2774 2244 2814">
    <p class='ocr_par' dir='ltr' id='par_1_53' title="bbox 1980 2774 2244 2814">
     <span class='ocr_line' id='line_1_151' title="bbox 1980 2774 2244 2814; baseline 0 -9"><span class='ocrx_word' id='word_1_1071' title='bbox 1980 2777 2033 2805; x_wconf 86' lang='lat' dir='ltr'>Per</span> <span class='ocrx_word' id='word_1_1072' title='bbox 2046 2774 2127 2814; x_wconf 76' lang='lat' dir='ltr'>t&#39;pfttm</span> <span class='ocrx_word' id='word_1_1073' title='bbox 2140 2778 2244 2813; x_wconf 84' lang='lat' dir='ltr'>Regem.</span> 
     </span>
    </p>
   </div>
   <div class='ocr_carea' id='block_1_29' title="bbox 1312 2860 2200 2873">
    <p class='ocr_par' dir='ltr' id='par_1_54' title="bbox 1312 2860 2200 2873">
     <span class='ocr_line' id='line_1_152' title="bbox 1312 2860 2200 2873; baseline 0 0"><span class='ocrx_word' id='word_1_1074' title='bbox 1312 2860 2200 2873; x_wconf 95' lang='lat' dir='ltr'> </span> 
     </span>
    </p>
   </div>
   <div class='ocr_carea' id='block_1_30' title="bbox 2229 2861 2351 2868">
    <p class='ocr_par' dir='ltr' id='par_1_55' title="bbox 2229 2861 2351 2868">
     <span class='ocr_line' id='line_1_153' title="bbox 2229 2861 2351 2868; baseline 0.008 -3"><span class='ocrx_word' id='word_1_1075' title='bbox 2229 2861 2351 2868; x_wconf 48' lang='lat'>„⁸—</span> 
     </span>
    </p>
   </div>
   <div class='ocr_carea' id='block_1_31' title="bbox 1393 2906 2471 2962">
    <p class='ocr_par' dir='ltr' id='par_1_56' title="bbox 1393 2906 2471 2962">
     <span class='ocr_line' id='line_1_154' title="bbox 1393 2906 2471 2962; baseline -0.006 -14"><span class='ocrx_word' id='word_1_1076' title='bbox 1393 2915 1420 2942; x_wconf 47' lang='grc' dir='ltr'>Ξ*</span> <span class='ocrx_word' id='word_1_1077' title='bbox 1446 2917 1539 2962; x_wconf 84' lang='lat' dir='ltr'>Super</span> <span class='ocrx_word' id='word_1_1078' title='bbox 1555 2913 1686 2959; x_wconf 69' lang='lat' dir='ltr'>Paffirgio</span> <span class='ocrx_word' id='word_1_1079' title='bbox 1705 2915 1741 2950; x_wconf 50' lang='grc' dir='ltr'>(ψ</span> <span class='ocrx_word' id='word_1_1080' title='bbox 1760 2912 1897 2957; x_wconf 75' lang='lat' dir='ltr'>Expenszs</span> <span class='ocrx_word' id='word_1_1081' title='bbox 1915 2913 2037 2943; x_wconf 84' lang='lat' dir='ltr'>Comitis</span> <span class='ocrx_word' id='word_1_1082' title='bbox 2056 2908 2246 2956; x_wconf 65' lang='lat' dir='ltr'>Jttliacetfit.</span> <span class='ocrx_word' id='word_1_1083' title='bbox 2379 2906 2398 2925; x_wconf 60' lang='lat'>*¹</span> <span class='ocrx_word' id='word_1_1084' title='bbox 2419 2907 2471 2933; x_wconf 65' lang='lat' dir='ltr'>IV·</span> 
     </span>
    </p>
   </div>
   <div class='ocr_carea' id='block_1_32' title="bbox 1300 2955 2517 3460">
    <p class='ocr_par' dir='ltr' id='par_1_57' title="bbox 1300 2955 2517 3460">
     <span class='ocr_line' id='line_1_155' title="bbox 2380 2955 2444 2979; baseline -0.031 -7"><span class='ocrx_word' id='word_1_1085' title='bbox 2380 2955 2444 2979; x_wconf 86' lang='lat'><em>700.</em></span> 
     </span>
     <span class='ocr_line' id='line_1_156' title="bbox 1300 2979 2512 3057; baseline -0.008 -26"><span class='ocrx_word' id='word_1_1086' title='bbox 1300 2999 1431 3057; x_wconf 71' lang='lat' dir='ltr'>REX,</span> <span class='ocrx_word' id='word_1_1087' title='bbox 1450 2999 1570 3029; x_wconf 68' lang='lat' dir='ltr'>Diicffis</span> <span class='ocrx_word' id='word_1_1088' title='bbox 1585 2999 1617 3029; x_wconf 58' lang='grc' dir='ltr'>ὅ(</span> <span class='ocrx_word' id='word_1_1089' title='bbox 1630 2997 1772 3027; x_wconf 63' lang='lat' dir='ltr'>Fideiibus</span> <span class='ocrx_word' id='word_1_1090' title='bbox 1787 2996 1851 3033; x_wconf 62' lang='lat' dir='ltr'>suis,</span> <span class='ocrx_word' id='word_1_1091' title='bbox 1867 2993 1992 3033; x_wconf 59' lang='lat' dir='ltr'>‚iohanni</span> <span class='ocrx_word' id='word_1_1092' title='bbox 2006 2994 2047 3025; x_wconf 73' lang='lat' dir='ltr'>de</span> <span class='ocrx_word' id='word_1_1093' title='bbox 2058 2995 2214 3032; x_wconf 58' lang='lat' dir='ltr'>Gobii-am,</span> <span class='ocrx_word' id='word_1_1094' title='bbox 2229 2991 2354 3032; x_wconf 79' lang='lat' dir='ltr'>Johanni</span> <span class='ocrx_word' id='word_1_1095' title='bbox 2381 2979 2512 3047; x_wconf 61' lang='lat' dir='ltr'>Anu-6¹3³</span> 
     </span>
     <span class='ocr_line' id='line_1_157' title="bbox 1373 3027 2486 3077; baseline -0.008 -9"><span class='ocrx_word' id='word_1_1096' title='bbox 1373 3038 1409 3068; x_wconf 92' lang='lat' dir='ltr'>de</span> <span class='ocrx_word' id='word_1_1097' title='bbox 1423 3038 1543 3077; x_wconf 83' lang='lat' dir='ltr'>Segrave</span> <span class='ocrx_word' id='word_1_1098' title='bbox 1558 3037 1591 3069; x_wconf 87' lang='lat'>&amp;</span> <span class='ocrx_word' id='word_1_1099' title='bbox 1605 3035 1729 3074; x_wconf 88' lang='lat' dir='ltr'>Johanni</span> <span class='ocrx_word' id='word_1_1100' title='bbox 1743 3036 1778 3065; x_wconf 90' lang='lat' dir='ltr'>de</span> <span class='ocrx_word' id='word_1_1101' title='bbox 1796 3033 1991 3074; x_wconf 83' lang='lat' dir='ltr'>Wyndesore,</span> <span class='ocrx_word' id='word_1_1102' title='bbox 2010 3033 2141 3064; x_wconf 83' lang='lat' dir='ltr'>Salutem.</span> <span class='ocrx_word' id='word_1_1103' title='bbox 2403 3027 2454 3059; x_wconf 77' lang='lat'>133</span> <span class='ocrx_word' id='word_1_1104' title='bbox 2479 3041 2486 3047; x_wconf 89' lang='lat'><strong>·</strong></span> 
     </span>
     <span class='ocr_line' id='line_1_158' title="bbox 1339 3063 2495 3113; baseline -0.008 -6"><span class='ocrx_word' id='word_1_1105' title='bbox 1339 3076 1420 3107; x_wconf 85' lang='lat' dir='ltr'>Cum</span> <span class='ocrx_word' id='word_1_1106' title='bbox 1434 3086 1539 3113; x_wconf 85' lang='lat' dir='ltr'>nuper,</span> <span class='ocrx_word' id='word_1_1107' title='bbox 1559 3085 1606 3112; x_wconf 77' lang='lat' dir='ltr'>per</span> <span class='ocrx_word' id='word_1_1108' title='bbox 1621 3075 1725 3104; x_wconf 88' lang='lat' dir='ltr'>diversa</span> <span class='ocrx_word' id='word_1_1109' title='bbox 1742 3074 1839 3105; x_wconf 85' lang='lat' dir='ltr'>Brevia</span> <span class='ocrx_word' id='word_1_1110' title='bbox 1853 3071 1963 3109; x_wconf 84' lang='lat' dir='ltr'>nostra,</span> <span class='ocrx_word' id='word_1_1111' title='bbox 1983 3072 2225 3106; x_wconf 74' lang='lat' dir='ltr'>mandaverimus,</span> <span class='ocrx_word' id='word_1_1112' title='bbox 2239 3068 2356 3099; x_wconf 65' lang='lat' dir='ltr'>Dilesto</span> <span class='ocrx_word' id='word_1_1113' title='bbox 2382 3063 2434 3086; x_wconf 77' lang='lat' dir='ltr'>An.</span> <span class='ocrx_word' id='word_1_1114' title='bbox 2452 3068 2495 3084; x_wconf 57' lang='lat'>¹0¹*</span> 
     </span>
     <span class='ocr_line' id='line_1_159' title="bbox 1302 3101 2461 3152; baseline -0.009 -7"><span class='ocrx_word' id='word_1_1115' title='bbox 1302 3115 1335 3144; x_wconf 90' lang='lat'>&amp;</span> <span class='ocrx_word' id='word_1_1116' title='bbox 1357 3115 1443 3145; x_wconf 86' lang='lat' dir='ltr'>Fideli</span> <span class='ocrx_word' id='word_1_1117' title='bbox 1464 3113 1563 3144; x_wconf 82' lang='lat' dir='ltr'>nostro</span> <span class='ocrx_word' id='word_1_1118' title='bbox 1577 3136 1587 3152; x_wconf 91' lang='lat'>,</span> <span class='ocrx_word' id='word_1_1119' title='bbox 1610 3113 1772 3143; x_wconf 88' lang='lat' dir='ltr'>Willielmo</span> <span class='ocrx_word' id='word_1_1120' title='bbox 1793 3113 1830 3141; x_wconf 91' lang='lat' dir='ltr'>de</span> <span class='ocrx_word' id='word_1_1121' title='bbox 1851 3110 1978 3150; x_wconf 86' lang='lat' dir='ltr'>Clynton</span> <span class='ocrx_word' id='word_1_1122' title='bbox 1992 3134 2001 3148; x_wconf 86' lang='lat'>,</span> <span class='ocrx_word' id='word_1_1123' title='bbox 2027 3109 2243 3140; x_wconf 65' lang='lat' dir='ltr'>Constabulario</span> <span class='ocrx_word' id='word_1_1124' title='bbox 2263 3106 2356 3138; x_wconf 72' lang='lat' dir='ltr'>Castri</span> <span class='ocrx_word' id='word_1_1125' title='bbox 2383 3101 2412 3124; x_wconf 66' lang='lat' dir='ltr'>E·</span> <span class='ocrx_word' id='word_1_1126' title='bbox 2436 3106 2461 3131; x_wconf 67' lang='lat'>3*</span> 
     </span>
     <span class='ocr_line' id='line_1_160' title="bbox 1303 3133 2517 3218; baseline -0.004 -36"><span class='ocrx_word' id='word_1_1127' title='bbox 1303 3153 1390 3183; x_wconf 86' lang='lat' dir='ltr'>nostri</span> <span class='ocrx_word' id='word_1_1128' title='bbox 1411 3153 1583 3188; x_wconf 71' lang='lat' dir='ltr'>Dovorriae,</span> <span class='ocrx_word' id='word_1_1129' title='bbox 1598 3153 1631 3182; x_wconf 88' lang='lat'>&amp;</span> <span class='ocrx_word' id='word_1_1130' title='bbox 1653 3150 1774 3181; x_wconf 86' lang='lat' dir='ltr'>Custodi</span> <span class='ocrx_word' id='word_1_1131' title='bbox 1798 3151 1937 3218; x_wconf 43' lang='lat' dir='ltr'>{pinque</span> <span class='ocrx_word' id='word_1_1132' title='bbox 1959 3148 2097 3191; x_wconf 69' lang='lat' dir='ltr'>Por-[unni</span> <span class='ocrx_word' id='word_1_1133' title='bbox 2115 3147 2296 3190; x_wconf 67' lang='lat' dir='ltr'>nostrorum,</span> <span class='ocrx_word' id='word_1_1134' title='bbox 2316 3146 2361 3176; x_wconf 90' lang='lat' dir='ltr'>vel</span> <span class='ocrx_word' id='word_1_1135' title='bbox 2383 3133 2474 3199; x_wconf 44' lang='lat' dir='ltr'>(5²³⁸ss</span> <span class='ocrx_word' id='word_1_1136' title='bbox 2515 3175 2517 3177; x_wconf 91' lang='lat'>.</span> 
     </span>
     <span class='ocr_line' id='line_1_161' title="bbox 1303 3179 2517 3229; baseline -0.008 -7"><span class='ocrx_word' id='word_1_1137' title='bbox 1303 3193 1360 3229; x_wconf 84' lang='lat' dir='ltr'>ejus</span> <span class='ocrx_word' id='word_1_1138' title='bbox 1376 3191 1489 3221; x_wconf 88' lang='lat' dir='ltr'>Locum</span> <span class='ocrx_word' id='word_1_1139' title='bbox 1504 3192 1609 3221; x_wconf 85' lang='lat' dir='ltr'>tenenti</span> <span class='ocrx_word' id='word_1_1140' title='bbox 1624 3189 1749 3228; x_wconf 86' lang='lat' dir='ltr'>ibidem,</span> <span class='ocrx_word' id='word_1_1141' title='bbox 1767 3199 1799 3218; x_wconf 91' lang='lat' dir='ltr'>ac</span> <span class='ocrx_word' id='word_1_1142' title='bbox 1847 3187 1989 3217; x_wconf 86' lang='lat' dir='ltr'>ustodibus</span> <span class='ocrx_word' id='word_1_1143' title='bbox 2004 3186 2120 3224; x_wconf 68' lang='lat' dir='ltr'>Panagn</span> <span class='ocrx_word' id='word_1_1144' title='bbox 2133 3185 2222 3215; x_wconf 78' lang='lat' dir='ltr'>nostri</span> <span class='ocrx_word' id='word_1_1145' title='bbox 2238 3195 2266 3214; x_wconf 89' lang='lat' dir='ltr'>in</span> <span class='ocrx_word' id='word_1_1146' title='bbox 2291 3184 2364 3214; x_wconf 86' lang='lat' dir='ltr'>Por·</span> <span class='ocrx_word' id='word_1_1147' title='bbox 2391 3184 2432 3200; x_wconf 86' lang='lat'>¹0·</span> <span class='ocrx_word' id='word_1_1148' title='bbox 2471 3193 2475 3198; x_wconf 94' lang='lat'>·</span> <span class='ocrx_word' id='word_1_1149' title='bbox 2490 3179 2517 3206; x_wconf 50' lang='lat'>3⁷¹</span> 
     </span>
     <span class='ocr_line' id='line_1_162' title="bbox 1305 3219 2486 3266; baseline -0.008 -6"><span class='ocrx_word' id='word_1_1150' title='bbox 1305 3238 1335 3261; x_wconf 91' lang='lat' dir='ltr'>tu</span> <span class='ocrx_word' id='word_1_1151' title='bbox 1350 3229 1524 3266; x_wconf 76' lang='lat' dir='ltr'>Dovorriae,</span> <span class='ocrx_word' id='word_1_1152' title='bbox 1543 3228 1623 3266; x_wconf 83' lang='lat' dir='ltr'>quod</span> <span class='ocrx_word' id='word_1_1153' title='bbox 1650 3245 1676 3250; x_wconf 84' lang='lat'><em>-</em></span> <span class='ocrx_word' id='word_1_1154' title='bbox 1786 3226 1891 3257; x_wconf 89' lang='lat' dir='ltr'>Nobili</span> <span class='ocrx_word' id='word_1_1155' title='bbox 1915 3225 2000 3261; x_wconf 89' lang='lat' dir='ltr'>Viro,</span> <span class='ocrx_word' id='word_1_1156' title='bbox 2018 3224 2128 3254; x_wconf 83' lang='lat' dir='ltr'>Comiii</span> <span class='ocrx_word' id='word_1_1157' title='bbox 2147 3223 2313 3262; x_wconf 79' lang='lat' dir='ltr'>juliacensi,</span> <span class='ocrx_word' id='word_1_1158' title='bbox 2331 3232 2364 3252; x_wconf 90' lang='lat' dir='ltr'>ac</span> <span class='ocrx_word' id='word_1_1159' title='bbox 2385 3222 2421 3240; x_wconf 68' lang='lat'>⁷³·</span> <span class='ocrx_word' id='word_1_1160' title='bbox 2440 3219 2486 3244; x_wconf 75' lang='lat'>²9·</span> 
     </span>
     <span class='ocr_line' id='line_1_163' title="bbox 1306 3260 2364 3307; baseline -0.009 -8"><span class='ocrx_word' id='word_1_1161' title='bbox 1306 3268 1516 3307; x_wconf 82' lang='lat' dir='ltr'>quampluribus</span> <span class='ocrx_word' id='word_1_1162' title='bbox 1532 3267 1723 3304; x_wconf 84' lang='lat' dir='ltr'>Hominibus,</span> <span class='ocrx_word' id='word_1_1163' title='bbox 1742 3266 1800 3297; x_wconf 66' lang='lat' dir='ltr'>tarn</span> <span class='ocrx_word' id='word_1_1164' title='bbox 1819 3265 1975 3301; x_wconf 74' lang='lat' dir='ltr'>Militibus,</span> <span class='ocrx_word' id='word_1_1165' title='bbox 1994 3265 2077 3302; x_wconf 68' lang='lat' dir='ltr'>quam</span> <span class='ocrx_word' id='word_1_1166' title='bbox 2093 3262 2168 3302; x_wconf 82' lang='lat' dir='ltr'>aliis,</span> <span class='ocrx_word' id='word_1_1167' title='bbox 2187 3261 2222 3293; x_wconf 87' lang='lat' dir='ltr'>de</span> <span class='ocrx_word' id='word_1_1168' title='bbox 2246 3260 2364 3292; x_wconf 61' lang='lat' dir='ltr'>Familia</span> 
     </span>
     <span class='ocr_line' id='line_1_164' title="bbox 1308 3305 1584 3347; baseline -0.011 -9"><span class='ocrx_word' id='word_1_1169' title='bbox 1308 3307 1430 3347; x_wconf 89' lang='lat' dir='ltr'>ejusdem</span> <span class='ocrx_word' id='word_1_1170' title='bbox 1443 3305 1584 3344; x_wconf 88' lang='lat' dir='ltr'>Comitis,</span> 
     </span>
     <span class='ocr_line' id='line_1_165' title="bbox 1348 3337 2367 3384; baseline -0.008 -8"><span class='ocrx_word' id='word_1_1171' title='bbox 1348 3346 1411 3384; x_wconf 86' lang='lat' dir='ltr'>Qii</span> <span class='ocrx_word' id='word_1_1172' title='bbox 1424 3355 1513 3383; x_wconf 87' lang='lat' dir='ltr'>nuper</span> <span class='ocrx_word' id='word_1_1173' title='bbox 1529 3345 1562 3375; x_wconf 90' lang='lat' dir='ltr'>ad</span> <span class='ocrx_word' id='word_1_1174' title='bbox 1578 3354 1630 3373; x_wconf 92' lang='lat' dir='ltr'>nos</span> <span class='ocrx_word' id='word_1_1175' title='bbox 1642 3344 1713 3373; x_wconf 80' lang='lat' dir='ltr'>infra</span> <span class='ocrx_word' id='word_1_1176' title='bbox 1729 3342 1867 3378; x_wconf 80' lang='lat' dir='ltr'>Regnum</span> <span class='ocrx_word' id='word_1_1177' title='bbox 1882 3339 2029 3378; x_wconf 86' lang='lat' dir='ltr'>nostrum,</span> <span class='ocrx_word' id='word_1_1178' title='bbox 2048 3340 2076 3369; x_wconf 90' lang='lat' dir='ltr'>in</span> <span class='ocrx_word' id='word_1_1179' title='bbox 2088 3339 2248 3370; x_wconf 70' lang='lat' dir='ltr'>Subfidium</span> <span class='ocrx_word' id='word_1_1180' title='bbox 2271 3337 2367 3368; x_wconf 88' lang='lat' dir='ltr'>Guer-</span> 
     </span>
     <span class='ocr_line' id='line_1_166' title="bbox 1309 3377 2312 3421; baseline -0.011 -6"><span class='ocrx_word' id='word_1_1181' title='bbox 1309 3394 1348 3416; x_wconf 81' lang='lat' dir='ltr'>rae</span> <span class='ocrx_word' id='word_1_1182' title='bbox 1361 3385 1485 3421; x_wconf 83' lang='lat' dir='ltr'>Scotiae,</span> <span class='ocrx_word' id='word_1_1183' title='bbox 1504 3391 1659 3420; x_wconf 87' lang='lat' dir='ltr'>venerunt,</span> <span class='ocrx_word' id='word_1_1184' title='bbox 1676 3383 1709 3413; x_wconf 87' lang='lat'>&amp;</span> <span class='ocrx_word' id='word_1_1185' title='bbox 1728 3382 1774 3418; x_wconf 90' lang='lat' dir='ltr'>qui</span> <span class='ocrx_word' id='word_1_1186' title='bbox 1788 3380 1821 3409; x_wconf 83' lang='lat' dir='ltr'>ad</span> <span class='ocrx_word' id='word_1_1187' title='bbox 1838 3379 1953 3416; x_wconf 83' lang='lat' dir='ltr'>Propria</span> <span class='ocrx_word' id='word_1_1188' title='bbox 1968 3387 2035 3409; x_wconf 88' lang='lat' dir='ltr'>tunc</span> <span class='ocrx_word' id='word_1_1189' title='bbox 2051 3378 2162 3409; x_wconf 83' lang='lat' dir='ltr'>fuerunt</span> <span class='ocrx_word' id='word_1_1190' title='bbox 2180 3377 2312 3420; x_wconf 72' lang='lat' dir='ltr'>redituri,</span> 
     </span>
     <span class='ocr_line' id='line_1_167' title="bbox 1347 3414 2370 3460; baseline -0.007 -7"><span class='ocrx_word' id='word_1_1191' title='bbox 1347 3422 1428 3453; x_wconf 77' lang='lat' dir='ltr'>Cum</span> <span class='ocrx_word' id='word_1_1192' title='bbox 1443 3422 1513 3460; x_wconf 91' lang='lat' dir='ltr'>ipsos</span> <span class='ocrx_word' id='word_1_1193' title='bbox 1527 3421 1562 3451; x_wconf 93' lang='lat' dir='ltr'>ad</span> <span class='ocrx_word' id='word_1_1194' title='bbox 1576 3421 1696 3451; x_wconf 88' lang='lat' dir='ltr'>Portum</span> <span class='ocrx_word' id='word_1_1195' title='bbox 1713 3418 1878 3457; x_wconf 65' lang='lat' dir='ltr'>praedietum</span> <span class='ocrx_word' id='word_1_1196' title='bbox 1892 3426 1926 3447; x_wconf 77' lang='lat' dir='ltr'>ex</span> <span class='ocrx_word' id='word_1_1197' title='bbox 1947 3417 2027 3447; x_wconf 65' lang='lat' dir='ltr'>causa</span> <span class='ocrx_word' id='word_1_1198' title='bbox 2049 3415 2206 3451; x_wconf 79' lang='lat' dir='ltr'>huiusmodi</span> <span class='ocrx_word' id='word_1_1199' title='bbox 2228 3414 2370 3446; x_wconf 86' lang='lat' dir='ltr'>declinare</span> 
     </span>
    </p>
   </div>
   <div class='ocr_carea' id='block_1_33' title="bbox 1681 3245 1763 3250">
    <p class='ocr_par' dir='ltr' id='par_1_58' title="bbox 1681 3245 1763 3250">
     <span class='ocr_line' id='line_1_168' title="bbox 1681 3245 1763 3250; baseline 0 0"><span class='ocrx_word' id='word_1_1200' title='bbox 1681 3245 1763 3250; x_wconf 95' lang='lat' dir='ltr'> </span> 
     </span>
    </p>
   </div>
   <div class='ocr_carea' id='block_1_34' title="bbox 486 3451 2371 3536">
    <p class='ocr_par' dir='ltr' id='par_1_59' title="bbox 486 3451 2371 3536">
     <span class='ocr_line' id='line_1_169' title="bbox 486 3451 2371 3500; baseline -0.004 -11"><span class='ocrx_word' id='word_1_1201' title='bbox 486 3458 547 3489; x_wconf 64' lang='lat' dir='ltr'>aeta</span> <span class='ocrx_word' id='word_1_1202' title='bbox 566 3459 723 3489; x_wconf 89' lang='lat' dir='ltr'>Armorum</span> <span class='ocrx_word' id='word_1_1203' title='bbox 742 3468 871 3490; x_wconf 89' lang='lat' dir='ltr'>exercere</span> <span class='ocrx_word' id='word_1_1204' title='bbox 886 3463 1097 3500; x_wconf 70' lang='lat' dir='ltr'>praesumentes,</span> <span class='ocrx_word' id='word_1_1205' title='bbox 1114 3471 1183 3493; x_wconf 91' lang='lat' dir='ltr'>tunc</span> <span class='ocrx_word' id='word_1_1206' title='bbox 1197 3462 1275 3500; x_wconf 82' lang='lat' dir='ltr'>Eos,</span> <span class='ocrx_word' id='word_1_1207' title='bbox 1311 3462 1502 3497; x_wconf 70' lang='lat' dir='ltr'>contingeret,</span> <span class='ocrx_word' id='word_1_1208' title='bbox 1520 3459 1619 3490; x_wconf 86' lang='lat' dir='ltr'>Naves</span> <span class='ocrx_word' id='word_1_1209' title='bbox 1633 3466 1827 3495; x_wconf 85' lang='lat' dir='ltr'>competentes</span> <span class='ocrx_word' id='word_1_1210' title='bbox 1842 3458 1874 3487; x_wconf 73' lang='grc' dir='ltr'>ὅ(</span> <span class='ocrx_word' id='word_1_1211' title='bbox 1888 3454 2073 3493; x_wconf 86' lang='lat' dir='ltr'>sufficientes,</span> <span class='ocrx_word' id='word_1_1212' title='bbox 2085 3451 2143 3492; x_wconf 65' lang='lat' dir='ltr'>‘pro</span> <span class='ocrx_word' id='word_1_1213' title='bbox 2157 3452 2284 3491; x_wconf 72' lang='lat' dir='ltr'>Pasfiagiis</span> <span class='ocrx_word' id='word_1_1214' title='bbox 2298 3453 2371 3483; x_wconf 88' lang='lat' dir='ltr'>e&#39;us-</span> 
     </span>
     <span class='ocr_line' id='line_1_170' title="bbox 1229 3492 2273 3536; baseline -0.009 -6"><span class='ocrx_word' id='word_1_1215' title='bbox 1229 3501 1276 3530; x_wconf 90' lang='lat' dir='ltr'>vel</span> <span class='ocrx_word' id='word_1_1216' title='bbox 1311 3501 1379 3531; x_wconf 88' lang='lat' dir='ltr'>dem</span> <span class='ocrx_word' id='word_1_1217' title='bbox 1395 3498 1535 3536; x_wconf 88' lang='lat' dir='ltr'>Comitis,</span> <span class='ocrx_word' id='word_1_1218' title='bbox 1553 3499 1586 3529; x_wconf 87' lang='lat'>&amp;</span> <span class='ocrx_word' id='word_1_1219' title='bbox 1601 3496 1766 3526; x_wconf 89' lang='lat' dir='ltr'>Hominum</span> <span class='ocrx_word' id='word_1_1220' title='bbox 1780 3493 1997 3533; x_wconf 68' lang='lat' dir='ltr'>praedic‘iorum,</span> <span class='ocrx_word' id='word_1_1221' title='bbox 2016 3503 2048 3522; x_wconf 88' lang='lat' dir='ltr'>ac</span> <span class='ocrx_word' id='word_1_1222' title='bbox 2068 3493 2217 3531; x_wconf 87' lang='lat' dir='ltr'>Equorum</span> <span class='ocrx_word' id='word_1_1223' title='bbox 2239 3492 2273 3521; x_wconf 88' lang='lat'>&amp;</span> 
     </span>
    </p>
   </div>
   <div class='ocr_carea' id='block_1_35' title="bbox 2326 3501 2372 3522">
    <p class='ocr_par' dir='ltr' id='par_1_60' title="bbox 2326 3501 2372 3522">
     <span class='ocr_line' id='line_1_171' title="bbox 2326 3501 2372 3522; baseline -0.022 0"><span class='ocrx_word' id='word_1_1224' title='bbox 2326 3501 2372 3522; x_wconf 73' lang='grc' dir='ltr'>ΕΓ-</span> 
     </span>
    </p>
   </div>
   <div class='ocr_carea' id='block_1_36' title="bbox 220 3523 2411 4177">
    <p class='ocr_par' dir='ltr' id='par_1_61' title="bbox 220 3523 2378 3650">
     <span class='ocr_line' id='line_1_172' title="bbox 220 3523 2375 3582; baseline -0.003 -14"><span class='ocrx_word' id='word_1_1225' title='bbox 220 3536 335 3569; x_wconf 88' lang='lat' dir='ltr'>Eorum</span> <span class='ocrx_word' id='word_1_1226' title='bbox 352 3534 463 3571; x_wconf 83' lang='lat' dir='ltr'>Pretio,</span> <span class='ocrx_word' id='word_1_1227' title='bbox 479 3544 527 3571; x_wconf 88' lang='lat' dir='ltr'>per</span> <span class='ocrx_word' id='word_1_1228' title='bbox 543 3543 571 3565; x_wconf 92' lang='lat' dir='ltr'>te</span> <span class='ocrx_word' id='word_1_1229' title='bbox 586 3535 745 3582; x_wconf 77' lang='lat' dir='ltr'>responderi</span> <span class='ocrx_word' id='word_1_1230' title='bbox 760 3535 902 3573; x_wconf 90' lang='lat' dir='ltr'>volumus)</span> <span class='ocrx_word' id='word_1_1231' title='bbox 919 3537 975 3568; x_wconf 85' lang='lat' dir='ltr'>sine</span> <span class='ocrx_word' id='word_1_1232' title='bbox 995 3537 1129 3568; x_wconf 91' lang='lat' dir='ltr'>dilatione</span> <span class='ocrx_word' id='word_1_1233' title='bbox 1147 3523 1258 3569; x_wconf 64' lang='lat' dir='ltr'>arestari</span> <span class='ocrx_word' id='word_1_1234' title='bbox 1269 3563 1278 3576; x_wconf 81' lang='lat'>,</span> <span class='ocrx_word' id='word_1_1235' title='bbox 1314 3538 1458 3569; x_wconf 91' lang='lat' dir='ltr'>nesiorum</span> <span class='ocrx_word' id='word_1_1236' title='bbox 1479 3537 1609 3574; x_wconf 89' lang='lat' dir='ltr'>suorum,</span> <span class='ocrx_word' id='word_1_1237' title='bbox 1626 3537 1655 3566; x_wconf 89' lang='lat' dir='ltr'>in</span> <span class='ocrx_word' id='word_1_1238' title='bbox 1680 3533 1769 3565; x_wconf 88' lang='lat' dir='ltr'>Portu</span> <span class='ocrx_word' id='word_1_1239' title='bbox 1786 3532 1941 3571; x_wconf 62' lang='lat' dir='ltr'>praedicto,</span> <span class='ocrx_word' id='word_1_1240' title='bbox 1960 3531 2123 3569; x_wconf 87' lang='lat' dir='ltr'>Sumptibus</span> <span class='ocrx_word' id='word_1_1241' title='bbox 2136 3528 2253 3568; x_wconf 86' lang='lat' dir='ltr'>nostris,</span> <span class='ocrx_word' id='word_1_1242' title='bbox 2270 3529 2375 3562; x_wconf 84' lang='lat' dir='ltr'>habere</span> 
     </span>
     <span class='ocr_line' id='line_1_173' title="bbox 223 3572 2334 3615; baseline 0 -9"><span class='ocrx_word' id='word_1_1243' title='bbox 223 3575 259 3606; x_wconf 88' lang='lat'>&amp;</span> <span class='ocrx_word' id='word_1_1244' title='bbox 276 3574 351 3612; x_wconf 82' lang='lat' dir='ltr'>ipsos</span> <span class='ocrx_word' id='word_1_1245' title='bbox 368 3574 397 3602; x_wconf 94' lang='lat' dir='ltr'>in</span> <span class='ocrx_word' id='word_1_1246' title='bbox 416 3572 531 3603; x_wconf 69' lang='lat' dir='ltr'>prisona</span> <span class='ocrx_word' id='word_1_1247' title='bbox 545 3572 641 3605; x_wconf 88' lang='lat' dir='ltr'>nostra</span> <span class='ocrx_word' id='word_1_1248' title='bbox 652 3573 727 3604; x_wconf 80' lang='lat' dir='ltr'>salvo</span> <span class='ocrx_word' id='word_1_1249' title='bbox 743 3573 881 3606; x_wconf 88' lang='lat' dir='ltr'>custodiri</span> <span class='ocrx_word' id='word_1_1250' title='bbox 895 3575 996 3614; x_wconf 85' lang='lat' dir='ltr'>facias,</span> <span class='ocrx_word' id='word_1_1251' title='bbox 1015 3576 1160 3615; x_wconf 90' lang='lat' dir='ltr'>quousque</span> <span class='ocrx_word' id='word_1_1252' title='bbox 1173 3577 1247 3607; x_wconf 89' lang='lat' dir='ltr'>aliud</span> <span class='ocrx_word' id='word_1_1253' title='bbox 1263 3578 1279 3607; x_wconf 73' lang='lat' dir='ltr'>a</span> <span class='ocrx_word' id='word_1_1254' title='bbox 1315 3578 1452 3613; x_wconf 82' lang='lat' dir='ltr'>facerent,</span> <span class='ocrx_word' id='word_1_1255' title='bbox 1915 3609 1920 3613; x_wconf 63' lang='grc'><strong>,</strong></span> <span class='ocrx_word' id='word_1_1256' title='bbox 2330 3607 2334 3612; x_wconf 87' lang='grc'><em>,</em></span> 
     </span>
     <span class='ocr_line' id='line_1_174' title="bbox 224 3605 2378 3650; baseline -0.004 -6"><span class='ocrx_word' id='word_1_1257' title='bbox 224 3613 310 3645; x_wconf 85' lang='lat' dir='ltr'>nobis</span> <span class='ocrx_word' id='word_1_1258' title='bbox 321 3611 401 3650; x_wconf 88' lang='lat' dir='ltr'>super</span> <span class='ocrx_word' id='word_1_1259' title='bbox 414 3612 471 3642; x_wconf 90' lang='lat' dir='ltr'>hoc</span> <span class='ocrx_word' id='word_1_1260' title='bbox 481 3612 609 3642; x_wconf 88' lang='lat' dir='ltr'>habueris</span> <span class='ocrx_word' id='word_1_1261' title='bbox 623 3612 652 3640; x_wconf 91' lang='lat' dir='ltr'>in</span> <span class='ocrx_word' id='word_1_1262' title='bbox 666 3612 810 3644; x_wconf 89' lang='lat' dir='ltr'>mandatis.</span> <span class='ocrx_word' id='word_1_1263' title='bbox 1357 3615 1401 3645; x_wconf 85' lang='lat' dir='ltr'>Ac</span> <span class='ocrx_word' id='word_1_1264' title='bbox 1424 3612 1580 3644; x_wconf 82' lang='lat' dir='ltr'>Alexander</span> <span class='ocrx_word' id='word_1_1265' title='bbox 1598 3612 1715 3650; x_wconf 86' lang='lat' dir='ltr'>Hurtyn</span> <span class='ocrx_word' id='word_1_1266' title='bbox 1735 3609 1770 3640; x_wconf 92' lang='lat' dir='ltr'>de</span> <span class='ocrx_word' id='word_1_1267' title='bbox 1791 3607 1955 3645; x_wconf 65' lang='lat' dir='ltr'>Dovomiz,</span> <span class='ocrx_word' id='word_1_1268' title='bbox 1972 3607 2087 3637; x_wconf 88' lang='lat' dir='ltr'>Tenens</span> <span class='ocrx_word' id='word_1_1269' title='bbox 2108 3607 2223 3637; x_wconf 91' lang='lat' dir='ltr'>Locum</span> <span class='ocrx_word' id='word_1_1270' title='bbox 2250 3605 2378 3644; x_wconf 68' lang='lat' dir='ltr'>praedicti</span> 
     </span>
    </p>

    <p class='ocr_par' dir='ltr' id='par_1_62' title="bbox 227 3645 2384 3880">
     <span class='ocr_line' id='line_1_175' title="bbox 265 3645 2380 3690; baseline -0.003 -8"><span class='ocrx_word' id='word_1_1271' title='bbox 265 3650 303 3682; x_wconf 90' lang='lat' dir='ltr'>Et</span> <span class='ocrx_word' id='word_1_1272' title='bbox 315 3650 352 3681; x_wconf 90' lang='lat' dir='ltr'>de</span> <span class='ocrx_word' id='word_1_1273' title='bbox 364 3650 526 3681; x_wconf 87' lang='lat' dir='ltr'>nominibus</span> <span class='ocrx_word' id='word_1_1274' title='bbox 539 3649 654 3680; x_wconf 87' lang='lat' dir='ltr'>illorum</span> <span class='ocrx_word' id='word_1_1275' title='bbox 690 3660 761 3688; x_wconf 91' lang='lat' dir='ltr'>quos</span> <span class='ocrx_word' id='word_1_1276' title='bbox 774 3651 811 3682; x_wconf 82' lang='lat' dir='ltr'>fic</span> <span class='ocrx_word' id='word_1_1277' title='bbox 824 3651 933 3681; x_wconf 88' lang='lat' dir='ltr'>arestari</span> <span class='ocrx_word' id='word_1_1278' title='bbox 946 3652 1059 3690; x_wconf 86' lang='lat' dir='ltr'>feceris,</span> <span class='ocrx_word' id='word_1_1279' title='bbox 1077 3662 1110 3682; x_wconf 91' lang='lat' dir='ltr'>ac</span> <span class='ocrx_word' id='word_1_1280' title='bbox 1117 3652 1154 3683; x_wconf 92' lang='lat' dir='ltr'>de</span> <span class='ocrx_word' id='word_1_1281' title='bbox 1161 3662 1281 3683; x_wconf 89' lang='lat' dir='ltr'>numero</span> <span class='ocrx_word' id='word_1_1282' title='bbox 1316 3653 1468 3684; x_wconf 85' lang='lat' dir='ltr'>Willielmi</span> <span class='ocrx_word' id='word_1_1283' title='bbox 1485 3653 1512 3681; x_wconf 92' lang='lat' dir='ltr'>in</span> <span class='ocrx_word' id='word_1_1284' title='bbox 1528 3651 1616 3681; x_wconf 89' lang='lat' dir='ltr'>Portu</span> <span class='ocrx_word' id='word_1_1285' title='bbox 1633 3648 1789 3688; x_wconf 60' lang='lat' dir='ltr'>praedicto,</span> <span class='ocrx_word' id='word_1_1286' title='bbox 1807 3647 2017 3685; x_wconf 71' lang='lat' dir='ltr'>Qaterviginti</span> <span class='ocrx_word' id='word_1_1287' title='bbox 2031 3646 2063 3676; x_wconf 90' lang='lat'>&amp;</span> <span class='ocrx_word' id='word_1_1288' title='bbox 2078 3645 2193 3682; x_wconf 88' lang='lat' dir='ltr'>Septem</span> <span class='ocrx_word' id='word_1_1289' title='bbox 2215 3645 2327 3683; x_wconf 86' lang='lat' dir='ltr'>Libras,</span> <span class='ocrx_word' id='word_1_1290' title='bbox 2345 3645 2380 3676; x_wconf 89' lang='lat'>&amp;</span> 
     </span>
     <span class='ocr_line' id='line_1_176' title="bbox 227 3674 2381 3728; baseline -0.003 -8"><span class='ocrx_word' id='word_1_1291' title='bbox 227 3688 381 3727; x_wconf 90' lang='lat' dir='ltr'>Equorum</span> <span class='ocrx_word' id='word_1_1292' title='bbox 395 3713 405 3724; x_wconf 78' lang='lat'>,</span> <span class='ocrx_word' id='word_1_1293' title='bbox 429 3689 463 3720; x_wconf 90' lang='lat'>&amp;</span> <span class='ocrx_word' id='word_1_1294' title='bbox 483 3689 633 3727; x_wconf 88' lang='lat' dir='ltr'>quantitate</span> <span class='ocrx_word' id='word_1_1295' title='bbox 654 3674 869 3720; x_wconf 83' lang='lat' dir='ltr'>Armaturarum</span> <span class='ocrx_word' id='word_1_1296' title='bbox 889 3690 998 3722; x_wconf 89' lang='lat' dir='ltr'>suarum</span> <span class='ocrx_word' id='word_1_1297' title='bbox 1011 3713 1021 3728; x_wconf 87' lang='lat'>,</span> <span class='ocrx_word' id='word_1_1298' title='bbox 1040 3700 1088 3728; x_wconf 89' lang='lat' dir='ltr'>per</span> <span class='ocrx_word' id='word_1_1299' title='bbox 1111 3691 1202 3722; x_wconf 86' lang='lat' dir='ltr'>literas</span> <span class='ocrx_word' id='word_1_1300' title='bbox 1224 3699 1283 3721; x_wconf 89' lang='lat' dir='ltr'>tuas</span> <span class='ocrx_word' id='word_1_1301' title='bbox 1320 3692 1437 3722; x_wconf 90' lang='lat' dir='ltr'>Decem</span> <span class='ocrx_word' id='word_1_1302' title='bbox 1452 3690 1564 3721; x_wconf 89' lang='lat' dir='ltr'>Solidos</span> <span class='ocrx_word' id='word_1_1303' title='bbox 1579 3699 1631 3727; x_wconf 85' lang='lat' dir='ltr'>pro</span> <span class='ocrx_word' id='word_1_1304' title='bbox 1645 3687 1773 3725; x_wconf 72' lang='lat' dir='ltr'>passagiis</span> <span class='ocrx_word' id='word_1_1305' title='bbox 1788 3685 1915 3727; x_wconf 39' lang='lat' dir='ltr'>praedi-eti</span> <span class='ocrx_word' id='word_1_1306' title='bbox 1930 3684 2054 3714; x_wconf 85' lang='lat' dir='ltr'>Comitis</span> <span class='ocrx_word' id='word_1_1307' title='bbox 2072 3685 2105 3715; x_wconf 87' lang='lat'>&amp;</span> <span class='ocrx_word' id='word_1_1308' title='bbox 2121 3683 2287 3726; x_wconf 86' lang='lat' dir='ltr'>Hominum</span> <span class='ocrx_word' id='word_1_1309' title='bbox 2307 3693 2381 3721; x_wconf 87' lang='lat' dir='ltr'>prae-</span> 
     </span>
     <span class='ocr_line' id='line_1_177' title="bbox 230 3720 2384 3768; baseline -0.003 -9"><span class='ocrx_word' id='word_1_1310' title='bbox 230 3727 371 3765; x_wconf 87' lang='lat' dir='ltr'>(Pretium</span> <span class='ocrx_word' id='word_1_1311' title='bbox 382 3726 533 3766; x_wconf 89' lang='lat' dir='ltr'>Equorum</span> <span class='ocrx_word' id='word_1_1312' title='bbox 547 3726 678 3764; x_wconf 89' lang='lat' dir='ltr'>illorum,</span> <span class='ocrx_word' id='word_1_1313' title='bbox 696 3736 729 3758; x_wconf 86' lang='lat' dir='ltr'>ac</span> <span class='ocrx_word' id='word_1_1314' title='bbox 743 3727 881 3758; x_wconf 64' lang='lat' dir='ltr'>dictarum</span> <span class='ocrx_word' id='word_1_1315' title='bbox 897 3728 1123 3767; x_wconf 86' lang='lat' dir='ltr'>Armaturaram,</span> <span class='ocrx_word' id='word_1_1316' title='bbox 1139 3731 1172 3760; x_wconf 90' lang='lat'>&amp;</span> <span class='ocrx_word' id='word_1_1317' title='bbox 1189 3729 1283 3768; x_wconf 83' lang='lat' dir='ltr'>Qae,</span> <span class='ocrx_word' id='word_1_1318' title='bbox 1321 3731 1481 3766; x_wconf 53' lang='lat' dir='ltr'>difforum,</span> <span class='ocrx_word' id='word_1_1319' title='bbox 1499 3738 1531 3758; x_wconf 91' lang='lat' dir='ltr'>ac</span> <span class='ocrx_word' id='word_1_1320' title='bbox 1547 3727 1696 3765; x_wconf 87' lang='lat' dir='ltr'>Equorum</span> <span class='ocrx_word' id='word_1_1321' title='bbox 1712 3727 1745 3756; x_wconf 69' lang='grc' dir='ltr'>ὃς</span> <span class='ocrx_word' id='word_1_1322' title='bbox 1761 3723 1967 3754; x_wconf 82' lang='lat' dir='ltr'>Herneliorum</span> <span class='ocrx_word' id='word_1_1323' title='bbox 1989 3722 2119 3761; x_wconf 87' lang='lat' dir='ltr'>suorum,</span> <span class='ocrx_word' id='word_1_1324' title='bbox 2139 3721 2251 3752; x_wconf 86' lang='lat' dir='ltr'>diversis</span> <span class='ocrx_word' id='word_1_1325' title='bbox 2273 3720 2384 3752; x_wconf 86' lang='lat' dir='ltr'>Homi-</span> 
     </span>
     <span class='ocr_line' id='line_1_178' title="bbox 230 3764 1714 3805; baseline -0.002 -8"><span class='ocrx_word' id='word_1_1326' title='bbox 230 3767 265 3797; x_wconf 93' lang='lat'>&amp;</span> <span class='ocrx_word' id='word_1_1327' title='bbox 288 3766 395 3805; x_wconf 85' lang='lat' dir='ltr'>Qales</span> <span class='ocrx_word' id='word_1_1328' title='bbox 410 3790 420 3804; x_wconf 88' lang='lat'>,</span> <span class='ocrx_word' id='word_1_1329' title='bbox 444 3765 546 3795; x_wconf 87' lang='lat' dir='ltr'>fuerint</span> <span class='ocrx_word' id='word_1_1330' title='bbox 568 3764 728 3794; x_wconf 85' lang='lat' dir='ltr'>Armaturae</span> <span class='ocrx_word' id='word_1_1331' title='bbox 749 3764 804 3795; x_wconf 89' lang='lat' dir='ltr'>illae</span> <span class='ocrx_word' id='word_1_1332' title='bbox 817 3788 827 3804; x_wconf 94' lang='lat'>,</span> <span class='ocrx_word' id='word_1_1333' title='bbox 852 3768 1042 3803; x_wconf 82' lang='lat' dir='ltr'>continentes)</span> <span class='ocrx_word' id='word_1_1334' title='bbox 1063 3768 1082 3787; x_wconf 67' lang='lat'>*¹²</span> <span class='ocrx_word' id='word_1_1335' title='bbox 1102 3766 1197 3797; x_wconf 85' lang='lat' dir='ltr'>reddas</span> <span class='ocrx_word' id='word_1_1336' title='bbox 1212 3791 1221 3805; x_wconf 77' lang='lat'>,</span> <span class='ocrx_word' id='word_1_1337' title='bbox 1250 3768 1286 3799; x_wconf 86' lang='lat' dir='ltr'>de</span> <span class='ocrx_word' id='word_1_1338' title='bbox 1323 3769 1405 3800; x_wconf 80' lang='lat' dir='ltr'>nibus</span> <span class='ocrx_word' id='word_1_1339' title='bbox 1419 3767 1530 3798; x_wconf 85' lang='lat' dir='ltr'>solverit</span> <span class='ocrx_word' id='word_1_1340' title='bbox 1543 3766 1610 3796; x_wconf 88' lang='lat' dir='ltr'>sicut</span> <span class='ocrx_word' id='word_1_1341' title='bbox 1627 3765 1714 3801; x_wconf 86' lang='lat' dir='ltr'>dicit,</span> 
     </span>
     <span class='ocr_line' id='line_1_179' title="bbox 231 3798 2381 3845; baseline -0.003 -11"><span class='ocrx_word' id='word_1_1342' title='bbox 231 3812 364 3842; x_wconf 89' lang='lat' dir='ltr'>tempore</span> <span class='ocrx_word' id='word_1_1343' title='bbox 378 3805 408 3834; x_wconf 90' lang='lat' dir='ltr'>in</span> <span class='ocrx_word' id='word_1_1344' title='bbox 423 3812 553 3842; x_wconf 84' lang='lat' dir='ltr'>tempus,</span> <span class='ocrx_word' id='word_1_1345' title='bbox 569 3805 597 3833; x_wconf 92' lang='lat' dir='ltr'>in</span> <span class='ocrx_word' id='word_1_1346' title='bbox 612 3802 818 3834; x_wconf 82' lang='lat' dir='ltr'>Cancellariam</span> <span class='ocrx_word' id='word_1_1347' title='bbox 832 3804 974 3844; x_wconf 87' lang='lat' dir='ltr'>nostram,</span> <span class='ocrx_word' id='word_1_1348' title='bbox 992 3805 1125 3836; x_wconf 66' lang='lat' dir='ltr'>distinete</span> <span class='ocrx_word' id='word_1_1349' title='bbox 1142 3807 1288 3845; x_wconf 80' lang='lat' dir='ltr'>&amp;aperte‚</span> <span class='ocrx_word' id='word_1_1350' title='bbox 1363 3806 1469 3843; x_wconf 82' lang='lat' dir='ltr'>Vobis,</span> <span class='ocrx_word' id='word_1_1351' title='bbox 1487 3805 1521 3835; x_wconf 90' lang='lat'>&amp;</span> <span class='ocrx_word' id='word_1_1352' title='bbox 1538 3803 1662 3833; x_wconf 84' lang='lat' dir='ltr'>Duobus</span> <span class='ocrx_word' id='word_1_1353' title='bbox 1676 3800 1820 3838; x_wconf 72' lang='lat' dir='ltr'>vestrum,</span> <span class='ocrx_word' id='word_1_1354' title='bbox 1838 3798 2002 3829; x_wconf 84' lang='lat' dir='ltr'>mandamus</span> <span class='ocrx_word' id='word_1_1355' title='bbox 2019 3798 2098 3837; x_wconf 81' lang='lat' dir='ltr'>quod</span> <span class='ocrx_word' id='word_1_1356' title='bbox 2122 3799 2238 3836; x_wconf 79' lang='lat' dir='ltr'>praefato</span> <span class='ocrx_word' id='word_1_1357' title='bbox 2259 3798 2381 3830; x_wconf 82' lang='lat' dir='ltr'>Alexan-</span> 
     </span>
     <span class='ocr_line' id='line_1_180' title="bbox 231 3836 2190 3880; baseline -0.007 -1"><span class='ocrx_word' id='word_1_1358' title='bbox 231 3844 374 3873; x_wconf 60' lang='lat' dir='ltr'>ceftiorffi·</span> <span class='ocrx_word' id='word_1_1359' title='bbox 1326 3845 1397 3880; x_wconf 78' lang='lat' dir='ltr'>dro,</span> <span class='ocrx_word' id='word_1_1360' title='bbox 1415 3844 1460 3874; x_wconf 87' lang='lat' dir='ltr'>vel</span> <span class='ocrx_word' id='word_1_1361' title='bbox 1475 3843 1531 3880; x_wconf 89' lang='lat' dir='ltr'>ejus</span> <span class='ocrx_word' id='word_1_1362' title='bbox 1547 3843 1574 3871; x_wconf 94' lang='lat' dir='ltr'>in</span> <span class='ocrx_word' id='word_1_1363' title='bbox 1590 3842 1642 3871; x_wconf 83' lang='lat' dir='ltr'>hac</span> <span class='ocrx_word' id='word_1_1364' title='bbox 1659 3848 1734 3877; x_wconf 78' lang='lat' dir='ltr'>parte</span> <span class='ocrx_word' id='word_1_1365' title='bbox 1747 3840 1917 3874; x_wconf 67' lang='lat' dir='ltr'>Actorum,</span> <span class='ocrx_word' id='word_1_1366' title='bbox 1935 3836 2061 3867; x_wconf 90' lang='lat' dir='ltr'>Centum</span> <span class='ocrx_word' id='word_1_1367' title='bbox 2079 3836 2190 3867; x_wconf 81' lang='lat' dir='ltr'>Mai-cas</span> 
     </span>
    </p>

    <p class='ocr_par' dir='ltr' id='par_1_63' title="bbox 236 3859 2393 4034">
     <span class='ocr_line' id='line_1_181' title="bbox 272 3859 2389 3919; baseline -0.002 -10"><span class='ocrx_word' id='word_1_1368' title='bbox 272 3878 367 3910; x_wconf 87' lang='lat' dir='ltr'>Facias</span> <span class='ocrx_word' id='word_1_1369' title='bbox 379 3881 464 3912; x_wconf 85' lang='lat' dir='ltr'>etiarn</span> <span class='ocrx_word' id='word_1_1370' title='bbox 480 3880 594 3919; x_wconf 77' lang='lat' dir='ltr'>publice</span> <span class='ocrx_word' id='word_1_1371' title='bbox 609 3879 792 3918; x_wconf 84' lang='lat' dir='ltr'>proclamari,</span> <span class='ocrx_word' id='word_1_1372' title='bbox 811 3879 845 3910; x_wconf 91' lang='lat'>&amp;</span> <span class='ocrx_word' id='word_1_1373' title='bbox 859 3890 893 3910; x_wconf 85' lang='lat' dir='ltr'>ex</span> <span class='ocrx_word' id='word_1_1374' title='bbox 906 3890 982 3918; x_wconf 88' lang='lat' dir='ltr'>parte</span> <span class='ocrx_word' id='word_1_1375' title='bbox 996 3880 1093 3913; x_wconf 62' lang='lat' dir='ltr'>nostrai</span> <span class='ocrx_word' id='word_1_1376' title='bbox 1106 3880 1224 3913; x_wconf 84' lang='lat' dir='ltr'>firmiter</span> <span class='ocrx_word' id='word_1_1377' title='bbox 1247 3884 1292 3913; x_wconf 89' lang='lat' dir='ltr'>in-</span> <span class='ocrx_word' id='word_1_1378' title='bbox 1367 3882 1416 3912; x_wconf 91' lang='lat' dir='ltr'>De</span> <span class='ocrx_word' id='word_1_1379' title='bbox 1439 3881 1489 3911; x_wconf 90' lang='lat' dir='ltr'>illis</span> <span class='ocrx_word' id='word_1_1380' title='bbox 1509 3879 1651 3910; x_wconf 83' lang='lat' dir='ltr'>Ducentis</span> <span class='ocrx_word' id='word_1_1381' title='bbox 1675 3878 1785 3915; x_wconf 86' lang='lat' dir='ltr'>Libris,</span> <span class='ocrx_word' id='word_1_1382' title='bbox 1804 3886 1869 3914; x_wconf 85' lang='lat' dir='ltr'>quas</span> <span class='ocrx_word' id='word_1_1383' title='bbox 1891 3877 2004 3913; x_wconf 88' lang='lat' dir='ltr'>quidam</span> <span class='ocrx_word' id='word_1_1384' title='bbox 2027 3875 2171 3905; x_wconf 87' lang='lat' dir='ltr'>Homines</span> <span class='ocrx_word' id='word_1_1385' title='bbox 2188 3859 2224 3906; x_wconf 80' lang='lat' dir='ltr'>de</span> <span class='ocrx_word' id='word_1_1386' title='bbox 2237 3873 2389 3906; x_wconf 88' lang='lat' dir='ltr'>Comitatu</span> 
     </span>
     <span class='ocr_line' id='line_1_182' title="bbox 236 3913 2389 3957; baseline -0.003 -9"><span class='ocrx_word' id='word_1_1387' title='bbox 236 3917 347 3956; x_wconf 85' lang='lat' dir='ltr'>hiberi,</span> <span class='ocrx_word' id='word_1_1388' title='bbox 364 3920 402 3949; x_wconf 77' lang='lat' dir='ltr'>ne</span> <span class='ocrx_word' id='word_1_1389' title='bbox 417 3921 480 3957; x_wconf 90' lang='lat' dir='ltr'>quis</span> <span class='ocrx_word' id='word_1_1390' title='bbox 495 3918 598 3956; x_wconf 85' lang='lat' dir='ltr'>Miles,</span> <span class='ocrx_word' id='word_1_1391' title='bbox 616 3919 662 3949; x_wconf 87' lang='lat' dir='ltr'>seu</span> <span class='ocrx_word' id='word_1_1392' title='bbox 675 3918 740 3949; x_wconf 88' lang='lat' dir='ltr'>alius</span> <span class='ocrx_word' id='word_1_1393' title='bbox 753 3917 859 3949; x_wconf 87' lang='lat' dir='ltr'>Homo</span> <span class='ocrx_word' id='word_1_1394' title='bbox 870 3918 905 3948; x_wconf 92' lang='lat' dir='ltr'>ad</span> <span class='ocrx_word' id='word_1_1395' title='bbox 929 3919 1031 3957; x_wconf 88' lang='lat' dir='ltr'>Arma,</span> <span class='ocrx_word' id='word_1_1396' title='bbox 1049 3919 1086 3950; x_wconf 91' lang='lat' dir='ltr'>de</span> <span class='ocrx_word' id='word_1_1397' title='bbox 1106 3919 1217 3957; x_wconf 85' lang='lat' dir='ltr'>Regno</span> <span class='ocrx_word' id='word_1_1398' title='bbox 1240 3932 1294 3952; x_wconf 89' lang='lat' dir='ltr'>no·</span> <span class='ocrx_word' id='word_1_1399' title='bbox 1331 3921 1445 3952; x_wconf 77' lang='lat' dir='ltr'>Kantiae</span> <span class='ocrx_word' id='word_1_1400' title='bbox 1468 3928 1565 3948; x_wconf 90' lang='lat' dir='ltr'>coram</span> <span class='ocrx_word' id='word_1_1401' title='bbox 1590 3917 1672 3946; x_wconf 90' lang='lat' dir='ltr'>nobis</span> <span class='ocrx_word' id='word_1_1402' title='bbox 1693 3926 1797 3953; x_wconf 77' lang='lat' dir='ltr'>nuper,</span> <span class='ocrx_word' id='word_1_1403' title='bbox 1816 3917 1843 3944; x_wconf 90' lang='lat' dir='ltr'>in</span> <span class='ocrx_word' id='word_1_1404' title='bbox 1867 3913 2003 3944; x_wconf 84' lang='lat' dir='ltr'>Concilio</span> <span class='ocrx_word' id='word_1_1405' title='bbox 2022 3914 2140 3952; x_wconf 85' lang='lat' dir='ltr'>nostro,</span> <span class='ocrx_word' id='word_1_1406' title='bbox 2159 3915 2186 3944; x_wconf 91' lang='lat' dir='ltr'>in</span> <span class='ocrx_word' id='word_1_1407' title='bbox 2202 3913 2389 3944; x_wconf 80' lang='lat' dir='ltr'>parliamento</span> 
     </span>
     <span class='ocr_line' id='line_1_183' title="bbox 240 3951 2390 3999; baseline -0.002 -14"><span class='ocrx_word' id='word_1_1408' title='bbox 240 3955 318 3993; x_wconf 89' lang='lat' dir='ltr'>stro,</span> <span class='ocrx_word' id='word_1_1409' title='bbox 335 3956 384 3986; x_wconf 90' lang='lat' dir='ltr'>sub</span> <span class='ocrx_word' id='word_1_1410' title='bbox 396 3957 570 3988; x_wconf 68' lang='lat' dir='ltr'>forisfac&#39;tura</span> <span class='ocrx_word' id='word_1_1411' title='bbox 583 3955 732 3996; x_wconf 63' lang='lat' dir='ltr'>praedidffi,</span> <span class='ocrx_word' id='word_1_1412' title='bbox 749 3956 776 3986; x_wconf 92' lang='lat' dir='ltr'>se</span> <span class='ocrx_word' id='word_1_1413' title='bbox 789 3956 931 3988; x_wconf 82' lang='lat' dir='ltr'>transferat</span> <span class='ocrx_word' id='word_1_1414' title='bbox 943 3957 978 3988; x_wconf 87' lang='lat' dir='ltr'>ad</span> <span class='ocrx_word' id='word_1_1415' title='bbox 991 3967 1080 3995; x_wconf 87' lang='lat' dir='ltr'>partes</span> <span class='ocrx_word' id='word_1_1416' title='bbox 1093 3959 1295 3999; x_wconf 80' lang='lat' dir='ltr'>transmarinas,</span> <span class='ocrx_word' id='word_1_1417' title='bbox 1331 3958 1447 3995; x_wconf 85' lang='lat' dir='ltr'>nostro,</span> <span class='ocrx_word' id='word_1_1418' title='bbox 1465 3956 1538 3993; x_wconf 87' lang='lat' dir='ltr'>apud</span> <span class='ocrx_word' id='word_1_1419' title='bbox 1558 3955 1689 3985; x_wconf 89' lang='lat' dir='ltr'>Eborum</span> <span class='ocrx_word' id='word_1_1420' title='bbox 1710 3962 1889 3990; x_wconf 85' lang='lat' dir='ltr'>convocato,</span> <span class='ocrx_word' id='word_1_1421' title='bbox 1906 3952 2070 3991; x_wconf 81' lang='lat' dir='ltr'>existentes,</span> <span class='ocrx_word' id='word_1_1422' title='bbox 2087 3961 2223 3992; x_wconf 86' lang='lat' dir='ltr'>gratanter</span> <span class='ocrx_word' id='word_1_1423' title='bbox 2243 3951 2390 3983; x_wconf 80' lang='lat' dir='ltr'>concesse-</span> 
     </span>
     <span class='ocr_line' id='line_1_184' title="bbox 241 3988 2393 4034; baseline -0.005 -4"><span class='ocrx_word' id='word_1_1424' title='bbox 241 3992 300 4025; x_wconf 71' lang='lat' dir='ltr'>fine</span> <span class='ocrx_word' id='word_1_1425' title='bbox 312 3993 444 4026; x_wconf 76' lang='lat' dir='ltr'>mandato</span> <span class='ocrx_word' id='word_1_1426' title='bbox 460 3995 560 4027; x_wconf 86' lang='lat' dir='ltr'>nostro</span> <span class='ocrx_word' id='word_1_1427' title='bbox 573 3995 740 4034; x_wconf 66' lang='lat' dir='ltr'>supradisto-</span> <span class='ocrx_word' id='word_1_1428' title='bbox 1333 4005 1398 4028; x_wconf 85' lang='lat' dir='ltr'>runt</span> <span class='ocrx_word' id='word_1_1429' title='bbox 1416 3996 1524 4026; x_wconf 88' lang='lat' dir='ltr'>solvere</span> <span class='ocrx_word' id='word_1_1430' title='bbox 1544 4004 1596 4031; x_wconf 90' lang='lat' dir='ltr'>pro</span> <span class='ocrx_word' id='word_1_1431' title='bbox 1613 3993 1667 4028; x_wconf 75' lang='lat' dir='ltr'>Se,</span> <span class='ocrx_word' id='word_1_1432' title='bbox 1685 3994 1718 4023; x_wconf 67' lang='grc' dir='ltr'>ὃς</span> <span class='ocrx_word' id='word_1_1433' title='bbox 1742 3991 1917 4021; x_wconf 77' lang='lat' dir='ltr'>Hominibus</span> <span class='ocrx_word' id='word_1_1434' title='bbox 1937 3991 1973 4021; x_wconf 81' lang='lat' dir='ltr'>de</span> <span class='ocrx_word' id='word_1_1435' title='bbox 1995 3990 2214 4021; x_wconf 89' lang='lat' dir='ltr'>Communitate</span> <span class='ocrx_word' id='word_1_1436' title='bbox 2228 3988 2393 4021; x_wconf 77' lang='lat' dir='ltr'>Comitatfis</span> 
     </span>
    </p>

    <p class='ocr_par' dir='ltr' id='par_1_64' title="bbox 279 4028 2399 4176">
     <span class='ocr_line' id='line_1_185' title="bbox 279 4028 2394 4072; baseline -0.006 -5"><span class='ocrx_word' id='word_1_1437' title='bbox 279 4030 369 4063; x_wconf 75' lang='lat' dir='ltr'>Teste</span> <span class='ocrx_word' id='word_1_1438' title='bbox 382 4030 465 4072; x_wconf 80' lang='lat' dir='ltr'>Rege</span> <span class='ocrx_word' id='word_1_1439' title='bbox 476 4034 551 4072; x_wconf 80' lang='lat' dir='ltr'>apud</span> <span class='ocrx_word' id='word_1_1440' title='bbox 566 4032 871 4072; x_wconf 77' lang='lat' dir='ltr'>westmonasterium,</span> <span class='ocrx_word' id='word_1_1441' title='bbox 888 4042 990 4072; x_wconf 87' lang='lat' dir='ltr'>quarto</span> <span class='ocrx_word' id='word_1_1442' title='bbox 1003 4033 1050 4064; x_wconf 88' lang='lat' dir='ltr'>die</span> <span class='ocrx_word' id='word_1_1443' title='bbox 1060 4033 1141 4065; x_wconf 84' lang='lat' dir='ltr'>Maii.</span> <span class='ocrx_word' id='word_1_1444' title='bbox 1335 4037 1406 4066; x_wconf 77' lang='lat' dir='ltr'>illius</span> <span class='ocrx_word' id='word_1_1445' title='bbox 1421 4033 1554 4071; x_wconf 68' lang='lat' dir='ltr'>(exceptis</span> <span class='ocrx_word' id='word_1_1446' title='bbox 1570 4030 1739 4061; x_wconf 85' lang='lat' dir='ltr'>Civitatibus</span> <span class='ocrx_word' id='word_1_1447' title='bbox 1755 4028 1946 4059; x_wconf 77' lang='lat' dir='ltr'>Cantuariensi</span> <span class='ocrx_word' id='word_1_1448' title='bbox 1961 4031 1994 4060; x_wconf 89' lang='lat'>&amp;</span> <span class='ocrx_word' id='word_1_1449' title='bbox 2008 4029 2152 4063; x_wconf 85' lang='lat' dir='ltr'>Roffensi)</span> <span class='ocrx_word' id='word_1_1450' title='bbox 2177 4039 2229 4066; x_wconf 88' lang='lat' dir='ltr'>pro</span> <span class='ocrx_word' id='word_1_1451' title='bbox 2251 4028 2394 4069; x_wconf 78' lang='lat' dir='ltr'>Exonera-</span> 
     </span>
     <span class='ocr_line' id='line_1_186' title="bbox 1338 4063 2399 4108; baseline -0.008 -5"><span class='ocrx_word' id='word_1_1452' title='bbox 1338 4076 1417 4105; x_wconf 89' lang='lat' dir='ltr'>tione</span> <span class='ocrx_word' id='word_1_1453' title='bbox 1432 4071 1561 4101; x_wconf 90' lang='lat' dir='ltr'>Centum</span> <span class='ocrx_word' id='word_1_1454' title='bbox 1575 4072 1609 4101; x_wconf 67' lang='grc' dir='ltr'>δε</span> <span class='ocrx_word' id='word_1_1455' title='bbox 1624 4070 1721 4108; x_wconf 81' lang='lat' dir='ltr'>viginti</span> <span class='ocrx_word' id='word_1_1456' title='bbox 1738 4068 1977 4106; x_wconf 83' lang='lat' dir='ltr'>Hobelariorum,</span> <span class='ocrx_word' id='word_1_1457' title='bbox 2019 4078 2069 4098; x_wconf 89' lang='lat' dir='ltr'>uos</span> <span class='ocrx_word' id='word_1_1458' title='bbox 2084 4069 2112 4098; x_wconf 87' lang='lat' dir='ltr'>in</span> <span class='ocrx_word' id='word_1_1459' title='bbox 2129 4065 2276 4098; x_wconf 83' lang='lat' dir='ltr'>Comitatu</span> <span class='ocrx_word' id='word_1_1460' title='bbox 2298 4063 2399 4102; x_wconf 75' lang='lat' dir='ltr'>proedi-</span> 
     </span>
     <span class='ocr_line' id='line_1_187' title="bbox 1339 4079 2399 4176; baseline -0.01 -33"><span class='ocrx_word' id='word_1_1461' title='bbox 1339 4112 1390 4144; x_wconf 62' lang='lat' dir='ltr'>eto</span> <span class='ocrx_word' id='word_1_1462' title='bbox 1408 4109 1588 4148; x_wconf 85' lang='lat' dir='ltr'>(Civitatibus</span> <span class='ocrx_word' id='word_1_1463' title='bbox 1599 4107 1740 4147; x_wconf 69' lang='lat' dir='ltr'>praedistis</span> <span class='ocrx_word' id='word_1_1464' title='bbox 1754 4107 1972 4176; x_wconf 43' lang='lat' dir='ltr'>exceptivrtunc</span> <span class='ocrx_word' id='word_1_1465' title='bbox 1989 4079 2056 4145; x_wconf 54' lang='lat' dir='ltr'>ecligi</span> <span class='ocrx_word' id='word_1_1466' title='bbox 2065 4106 2274 4141; x_wconf 78' lang='lat' dir='ltr'>mandavimus,</span> <span class='ocrx_word' id='word_1_1467' title='bbox 2293 4103 2399 4171; x_wconf 47' lang='lat' dir='ltr'>habes*-</span> 
     </span>
    </p>

    <p class='ocr_par' dir='ltr' id='par_1_65' title="bbox 1926 4150 2411 4177">
     <span class='ocr_line' id='line_1_188' title="bbox 1926 4150 2411 4177; baseline 0.002 -1"><span class='ocrx_word' id='word_1_1468' title='bbox 1926 4155 1945 4176; x_wconf 84' lang='lat'>2</span> <span class='ocrx_word' id='word_1_1469' title='bbox 2378 4150 2411 4177; x_wconf 55' lang='grc' dir='ltr'>ἢ»</span> 
     </span>
    </p>
   </div>
   <div class='ocr_carea' id='block_1_37' title="bbox 79 3772 165 3848">
    <p class='ocr_par' dir='ltr' id='par_1_66' title="bbox 79 3772 165 3848">
     <span class='ocr_line' id='line_1_189' title="bbox 80 3772 165 3801; baseline -0.024 0"><span class='ocrx_word' id='word_1_1470' title='bbox 80 3772 98 3790; x_wconf 76' lang='lat'><em>⁰</em></span> <span class='ocrx_word' id='word_1_1471' title='bbox 111 3774 165 3801; x_wconf 76' lang='lat' dir='ltr'>lv.</span> 
     </span>
     <span class='ocr_line' id='line_1_190' title="bbox 79 3813 150 3848; baseline 0 -9"><span class='ocrx_word' id='word_1_1472' title='bbox 79 3813 150 3848; x_wconf 79' lang='lat'><strong><em>699.</em></strong></span> 
     </span>
    </p>
   </div>
   <div class='ocr_carea' id='block_1_38' title="bbox 283 4108 1189 4180">
    <p class='ocr_par' dir='ltr' id='par_1_67' title="bbox 283 4108 1189 4180">
     <span class='ocr_line' id='line_1_191' title="bbox 715 4108 1189 4150; baseline -0.002 -7"><span class='ocrx_word' id='word_1_1473' title='bbox 715 4112 771 4143; x_wconf 80' lang='lat' dir='ltr'>Per</span> <span class='ocrx_word' id='word_1_1474' title='bbox 785 4109 867 4150; x_wconf 77' lang='lat' dir='ltr'>ipfiem</span> <span class='ocrx_word' id='word_1_1475' title='bbox 878 4113 974 4150; x_wconf 85' lang='lat' dir='ltr'>Regem</span> <span class='ocrx_word' id='word_1_1476' title='bbox 986 4108 1025 4147; x_wconf 68' lang='grc' dir='ltr'>ό·</span> <span class='ocrx_word' id='word_1_1477' title='bbox 1035 4109 1189 4142; x_wconf 83' lang='lat' dir='ltr'>Concilium.</span> 
     </span>
     <span class='ocr_line' id='line_1_192' title="bbox 283 4147 546 4180; baseline 0.004 -1"><span class='ocrx_word' id='word_1_1478' title='bbox 283 4147 358 4179; x_wconf 78' lang='lat' dir='ltr'>Tom.</span> <span class='ocrx_word' id='word_1_1479' title='bbox 374 4148 417 4178; x_wconf 84' lang='lat' dir='ltr'>H.</span> <span class='ocrx_word' id='word_1_1480' title='bbox 435 4148 467 4178; x_wconf 88' lang='lat' dir='ltr'>P.</span> <span class='ocrx_word' id='word_1_1481' title='bbox 486 4150 546 4180; x_wconf 77' lang='grc' dir='ltr'>ΠΙ.</span> 
     </span>
    </p>
   </div>
  </div>
 </body>
</html>
