2562 4279
713 177 827 220 ΕΤ
909 177 1178 218 Ac-TA
1261 148 1741 221 PUBLICA.

29 267 106 301 Anu.
118 263 162 296 D.
177 265 384 306 Compaignie,
401 276 440 297 ou
452 267 521 298 hors
532 266 571 297 de
582 265 645 296 lour
657 263 865 302 Compaignie,
882 272 919 293 en
936 262 984 293 tiei
1004 272 1117 293 manere
1136 261 1232 293 facerit

53 303 135 346 1326-
178 314 264 336 come
276 304 323 345 des
338 304 455 335 Enemis
468 306 506 336 de
520 314 609 342 nous,
626 303 663 334 &
675 303 713 333 de
728 302 822 333 nostre
835 301 963 344 Realme.
1085 340 1089 344 ι
1104 340 1109 345 .

31 347 96 374 Μ·
115 352 143 374 ²·
179 342 339 421 aitis}
346 338 1233 422 ’[έῖξῇωὲἕὲἓὲ’ἕξῗῑῖζεὲὲᾝὲἓὲξκάἅάὶὲςῗξεέ

181 429 269 458 ceux,
288 430 342 458 que
354 420 381 450 se
394 420 554 456 feindront,
572 419 607 449 &
623 428 658 447 ne
673 417 791 449 voillent
801 416 883 451 liure,
901 423 941 444 ou
957 414 1049 458 sei‘ont
1059 415 1235 454 negligentz,

181 461 215 490 ὅ(
229 459 337 489 laschez
350 469 387 489 en
401 458 477 489 ceste
496 458 648 495 besoigne,
665 455 811 485 tendroms
832 462 891 483 noz
912 452 1048 491 Enerms,
1066 452 1100 483 δε
1123 453 1235 484 Adher-

186 498 292 528 dauntz.
306 507 323 527 a
335 506 407 535 eux,
425 497 458 529 &
472 506 524 534 pur
538 497 613 526 rieux
624 494 663 524 les
677 493 837 524 Puniroms.
931 500 933 502 ·

220 572 310 605 Escrit
324 585 340 604 a
356 571 490 612 Gaywod
499 593 510 610 ,
526 571 553 602 le
568 571 615 609 viij
625 571 691 609 jour
702 568 739 599 de
752 568 776 598 F
777 576 879 599 everer.
895 560 900 564 ’

220 649 268 681 En
283 649 387 681 mesme
400 649 425 679 la
438 658 550 679 manere
561 646 601 677 est
615 645 694 676 escrit
706 655 721 675 a
736 653 804 675 toux
821 644 859 674 les
866 642 1025 674 Viscoumz
1032 643 1237 682 d’Engleterre.

222 726 268 762 En
285 719 390 756 mesme
402 726 427 756 la
439 733 550 756 manere
562 721 603 752 est
617 720 696 752 escrit
707 730 723 750 a
735 720 830 759 Johan
845 718 1012 760 l'Esturmy,
1032 720 1152 751 Armiral
1164 718 1200 749 de
1213 720 1239 749 la

186 765 266 796 Flore
285 764 332 794 des
351 765 456 802 Niefs,
470 762 517 793 del
533 768 613 791 entre
634 759 670 789 de
687 759 847 799 Tammes,
863 769 926 790 vers
945 758 974 789 le
994 758 1105 790 North.
1119 758 1210 789 Escrit
1224 768 1239 788 a

186 800 330 842 Leycestr.
346 803 373 834 le
388 800 475 833 Sisme
484 809 550 840 jour
562 798 597 828 de
611 797 718 828 Mares.

224 879 269 909 En
282 879 388 910 mesrne
401 877 426 907 ia
436 883 550 906 manere
564 873 605 904 est
617 874 695 905 escrit
710 884 725 905 a
738 874 850 906 Nicole
866 873 1139 914 Kyryel','Admiral
1158 872 1194 905 de
1214 871 1240 904 la

187 914 510 992 Holtffigsfiffsigsratdel
527 923 605 945 entre
617 913 653 944 de
666 913 783 956 Tarnise
792 937 802 953 ,
818 924 882 946 vers
894 915 920 944 ie
930 914 1011 945 Suth.
1108 935 1110 937 .

224 1011 268 1063 fin
283 1029 388 1061 mesme
403 1028 426 1059 la
442 1038 555 1060 manere
571 1029 611 1059 est
628 1029 708 1060 escrit
719 1039 734 1060 a
748 1028 832 1060 Rauf
846 1028 937 1060 Basset
957 1028 994 1060 de
1012 1028 1161 1068 Drayton,
1179 1027 1243 1059 Co-

185 1068 312 1139 ”effneffi
321 1068 359 1138 dle
371 1065 506 1145 &agorn
519 1071 554 1100 ὅτ
569 1064 707 1108 Gardeyn
720 1067 758 1099 de
774 1067 889 1106 Cinque
904 1067 1001 1098 Portz.
1024 1134 1026 1136 v

187 1207 245 1270 Aci
270 1237 384 1283 Papam
403 1261 412 1277 ,
444 1245 498 1281 pro
525 1234 726 1281 Univevfitate
748 1233 909 1279 Oxonieasi
931 1242 1034 1264 contra
1049 1231 1245 1266 Galliardum

355 1282 549 1316 Cardinalem
560 1310 570 1326 ‚
597 1280 855 1316 Ambidaeaconusn
874 1279 1081 1324 Oxonlensbm.

44 1381 119 1415 Am,
129 1380 170 1412 D·
187 1369 311 1432 PApce
323 1369 389 1400 Rex
402 1369 505 1400 devota
516 1367 627 1399 Pedum
639 1368 734 1412 oscula
747 1367 906 1415 beatorum.
1066 1406 1071 1411 ἢ

62 1421 148 1477 3³2⁶·
190 1406 753 1478 swiaffiffssmfflrffiffiffdffissffi'
770 1404 973 1482 fflpiffaffilss
989 1404 1249 1482 hgffisstgffissffit‘i'f

41 1464 154 1520 ‘1⁶³9'
212 1487 217 1492 “
272 1486 331 1517 ficas
380 1484 457 1516 velut
469 1483 541 1514 Vitis
553 1483 696 1514 fructifera
731 1468 888 1514 fructuosos
901 1468 1032 1521 produxit
1049 1482 1178 1512 Palmites
1213 1483 1248 1513 &

41 1503 167 1571 {am-..iffi
190 1496 279 1555 {siffis
292 1508 355 1554 non,
365 1522 451 1554 cessat
465 1521 641 1567 producere,
656 1507 903 1566 contemp-lantes,
914 1561 918 1566 ,
929 1530 981 1564 nos
994 1521 1085 1564 reddit
1097 1505 1229 1551 solliciios
1238 1543 1249 1559 ‚

41 1579 73 1601 E.
88 1586 114 1604 2,
129 1584 166 1604 m,
191 1570 223 1594 ut
236 1573 269 1594 ea
282 1561 382 1594 vestrae
397 1561 669 1617 Clementiae„;quae
682 1563 820 1605 vrrtuoios
831 1559 1104 1628 edissrlgrtiggfiffig,
1120 1560 1248 1627 suegrgetrtz

43 1622 59 1639 ²
65 1634 72 1640 ’
189 1598 845 1682 Ξίὲξτῖιέἒιξῗὲῖἓὲςρέἳξιῖἶὲῧῃξοη[Ρίεῗτῗιζεὶ
852 1608 885 1666 &u
897 1609 1067 1674 proficiendi
1080 1607 1247 1666 Aegaei-‘iuni

189 1678 378 1716 multipliciter
392 1679 433 1708 im
455 1676 531 1707 ediri.

223 1716 319 1749 Ecce!
339 1716 420 1747 Pater
436 1688 631 1752 gannitum,

203 1759 205 1761 ’
224 1754 332 1786 Exortfi.
352 1764 440 1792 nuper
460 1754 531 1783 inter
549 1753 750 1782 Procuratores
766 1774 776 1787 ,
802 1750 975 1780 Venerabilis
995 1750 1104 1789 Patris,
1123 1748 1247 1781 Domini

187 1793 340 1831 Gaillardi‚
358 1793 469 1823 8212&ae
485 1789 584 1821 Lucre
607 1792 636 1820 in
659 1789 743 1820 Silice
758 1788 885 1819 Diaconi
900 1788 1053 1819 Cardinalis
1064 1814 1074 1827 ,
1100 1789 1248 1819 Archidia-

186 1833 255 1862 coni
269 1831 409 1868 Oxoniae,
426 1831 456 1860 in
469 1829 595 1859 Ecclesia
608 1830 697 1859 beatae
712 1826 814 1857 Mariae
832 1827 1054 1866 Lincolnieniis,
1070 1828 1106 1858 &
1120 1827 1246 1858 Cancel-

184 1870 285 1900 larium
299 1893 308 1908 ‚
334 1868 505 1907 Magistros,
524 1869 557 1899 &
577 1867 726 1904 scolares,
752 1865 954 1896 Universitatis
975 1866 1123 1897 antedictae
1137 1889 1148 1905 ,
1166 1866 1247 1904 super

180 1908 317 1946 Juribus,
336 1906 612 1944 Consuetudinibus,
630 1907 663 1937 &
682 1904 880 1943 jurisdictione
901 1904 1023 1942 ejusdem
1046 1904 1246 1935 Universitatis

186 1947 299 1985 (quibus
313 1945 353 1976 ufi
365 1946 426 1976 sunt
440 1945 590 1981 hactenus,
608 1953 639 1974 ut
651 1943 854 1981 intelleximus,
873 1943 1040 1973 inconcusse
1055 1953 1104 1981 per
1119 1951 1246 1982 ternpus,

185 1984 220 2052 fic
236 1986 252 2015 a
267 1993 415 2022 tempore,
434 1984 512 2022 cujus
527 1984 661 2014 contrarii
679 1982 818 2012 memoria
831 1990 892 2012 non
912 1980 1013 2018 existit)
1029 1981 1143 2012 materia
1157 1982 1247 2021 Qae-

215 2033 301 2059 ionis,

187 2099 205 2130 s
224 2061 359 2092 Praefttus
373 2060 546 2097 Cardinalis,
564 2059 598 2090 ad
613 2059 833 2090 stimulationem
857 2057 1001 2088 dictorum
1025 2056 1247 2090 Ptocuratorum

201 2109 302 2129 uorum
312 2123 321 2135 ,

223 2136 288 2175 Qu
302 2137 458 2167 proventus
468 2136 539 2167 dit-“ti
552 2134 823 2173 ArchidiaconatfiS,
841 2145 895 2173 pro
911 2143 991 2165 certo
1005 2133 1116 2174 Censu,
1135 2135 1169 2165 ad
1185 2135 1246 2165 Fir-

189 2185 288 2212 mam,
309 2184 338 2205 ut
355 2176 436 2205 nobis
453 2175 569 2205 relatum
582 2175 639 2213 est,
659 2183 841 2212 receperunt,
859 2174 911 2210 ὃς,
929 2184 965 2203 eo
986 2182 1120 2212 praetepttu
1133 2198 1146 2213 ,
1162 2182 1246 2213 agunt

188 2213 300 2244 forliran
315 2214 450 2252 sagzcitls,
469 2222 498 2243 ur
513 2213 716 2243 Emolumenta
730 2213 884 2250 percipiant
895 2211 1048 2250 ampliora,

226 2252 379 2282 Praefatum
397 2251 622 2289 Cancellarium,
639 2252 673 2282 &
687 2251 866 2290 quamplures
880 2249 917 2280 M
956 2250 1035 2280 ‘stros
1051 2251 1084 2281 &
1103 2250 1246 2289 Scolares,

188 2290 269 2329 ipsius
286 2291 497 2329 Univeriitatis,
514 2289 548 2320 ad
567 2288 795 2328 respondendum
816 2288 907 2319 eidem
958 2289 1088 2326 ardinali,
1106 2288 1247 2328 superju-

188 2330 265 2359 ribus
285 2331 317 2360 Sc
334 2329 575 2366 junruit-‘tionibus
599 2329 649 2360 suis
664 2353 673 2367 ‚
701 2329 730 2358 in
745 2327 847 2359 vestrae
862 2328 1019 2358 Sanctitatis
1033 2326 1138 2365 Curia,
1157 2327 1247 2358 Citari

188 2369 397 2406 peremptorie,
411 2369 470 2406 jam
485 2369 614 2405 noviter,
632 2367 811 2405 procuravit,
830 2365 956 2404 ipsosque
968 2376 1018 2404 per
1032 2363 1182 2396 Proceflus
1196 2367 1248 2397 hu-

185 2405 309 2445 jusmodi
323 2415 438 2443 gravare
450 2407 483 2437 &
497 2405 645 2437 molestare
654 2405 845 2437 diversimode
859 2406 1058 2435 comminatur.

226 2442 295 2474 Nos
317 2445 418 2484 igitur,
436 2445 609 2476 advertentes
623 2443 791 2474 Profectum
802 2442 999 2474 Universitatis
1019 2442 1178 2481 praedictae,
1197 2453 1247 2481 per

186 2482 330 2521 praemissa
344 2506 354 2521 ,
380 2484 400 2513 si
421 2482 608 2521 procederent
622 2507 631 2521 ,
656 2481 736 2520 poffe
753 2481 789 2512 de
809 2481 884 2512 facili
905 2481 1052 2522 praepediri
1067 2494 1078 2519 ς
1096 2480 1246 2519 praesertim

187 2531 257 2552 cum
270 2520 446 2552 Univerfiras
462 2522 506 2552 illa
518 2522 607 2553 nichil
620 2522 719 2552 habeat
734 2521 764 2551 in
779 2519 955 2558 Communi,
974 2520 1050 2551 unde
1065 2528 1165 2551 contra
1180 2517 1248 2550 Do-

188 2561 300 2590 minum
313 2560 373 2591 tam
390 2560 559 2598 Potentem,
578 2562 611 2592 ὃς
627 2561 657 2590 in
670 2557 760 2590 Curia
774 2560 834 2590 tarn
852 2558 987 2597 distanti,
1002 2558 1152 2588 defendere
1167 2568 1249 2598 pote-

188 2599 225 2629 rit
235 2598 303 2637 Jura
316 2599 379 2638 sua3
397 2607 512 2640 propter
526 2599 605 2638 quod
619 2622 629 2638 ,
655 2599 674 2629 fi
691 2597 781 2628 Causa
795 2597 931 2635 praedicta
942 2597 961 2616 ²³⁸
977 2596 1069 2627 modo
1083 2596 1249 2635 procederet

184 2637 243 2675 jam
265 2638 381 2675 incepto
395 2661 404 2676 ‚
428 2637 538 2677 Singuli
555 2637 603 2675 (de
617 2637 670 2667 suis
687 2635 869 2667 sinffularibus
882 2634 1090 2673 proventibus,
1105 2635 1150 2666 vel
1164 2635 1250 2666 subsi-

189 2674 242 2705 diis
264 2675 435 2706 Amicorum
456 2675 605 2707 Studentes
623 2675 730 2706 ibidem
766 2673 957 2705 Universitate
971 2673 1068 2704 relicta
1081 2684 1115 2704 ac
1130 2673 1250 2712 dispersa

190 2714 282 2782 {quod
302 2714 380 2751 abiit)
402 2714 436 2744 ad
450 2713 590 2753 Propria,
607 2714 653 2744 vel
668 2714 822 2744 Parentum
834 2713 913 2751 loca,
931 2720 963 2744 ut
977 2712 1098 2743 creditur
1115 2711 1248 2752 firmiter,

202 2761 218 2781 e
232 2751 416 2790 diverterent,
432 2752 465 2783 &
488 2753 525 2782 fic
543 2754 572 2782 in
595 2751 722 2784 Ecclesia
741 2751 900 2790 Anglicana
914 2750 991 2782 Fidei
1008 2749 1169 2782 Catholicae
1183 2750 1251 2782 Do-

193 2789 306 2829 ctores,
321 2798 354 2821 ac
368 2790 450 2821 etiam
465 2790 585 2828 ejusdem
599 2790 754 2821 deficerent
768 2790 925 2820 defensores
938 2813 948 2827 ,
975 2790 1004 2819 in
1019 2789 1189 2820 Animarum
1202 2800 1252 2828 pe-

191 2828 333 2866 riculum,
350 2827 446 2867 Regni
459 2829 664 2867 opprobrium,
682 2828 715 2859 &
725 2827 827 2858 Divini
842 2825 947 2859 Cultus
960 2827 1083 2858 subitum
1098 2828 1252 2859 detrimen-

191 2873 254 2896 tum
268 2890 277 2903 ,
303 2864 353 2896 nisi
370 2865 528 2897 sanctitatis
547 2866 648 2898 vestrae
670 2865 871 2904 circumspecta
893 2865 1040 2904 prudentia
1052 2866 1173 2904 provide
1188 2867 1250 2898 suc-

193 2911 319 2935 curratur
333 2913 401 2934 cum
414 2904 524 2934 favore:

231 2941 284 2972 Ob
298 2941 326 2971 id
335 2965 344 2980 ,
362 2941 544 2973 desiderantes
557 2942 681 2980 ipsorum
697 2942 852 2981 quietudini
865 2943 907 2980 (ut
920 2942 1032 2973 liberius
1046 2951 1148 2973 vacent
1162 2943 1251 2974 Litte-

192 2989 288 3011 rarum
304 2979 416 3017 Studio)
434 2980 594 3018 provideri,
615 2979 779 3011 Beatitudini
792 2979 894 3010 vestrae
906 2982 1010 3011 votivis
1025 2980 1174 3012 affectibus
1187 2981 1251 3020 sup-

192 3018 329 3057 plicamus
343 3043 355 3056 ,
380 3018 509 3056 quatinus
530 3018 710 3056 tranquilitati
721 3019 755 3048 &
767 3019 852 3056 quieti
867 3018 952 3048 dictae
966 3018 1179 3058 Univerfiratis,
1197 3019 1251 3050 Pa-

192 3056 273 3087 terni
294 3056 478 3088 sollicitudine
492 3080 503 3096 ,
528 3056 726 3095 providentes,
743 3057 822 3086 certis
839 3056 990 3094 Judicibus
1001 3058 1031 3086 in
1044 3056 1162 3096 Anglia,
1181 3057 1251 3089 sicut

188 3095 253 3133 Juri
266 3092 428 3126 Communi
442 3096 593 3134 congruit,
611 3093 717 3126 dictam
727 3094 943 3133 Qiaestionem,
962 3105 1011 3132 per
1024 3095 1115 3126 vestra
1123 3095 1251 3133 Aposto-

191 3134 246 3178 lica
260 3131 383 3172 Scripta,
402 3135 585 3165 committere
599 3134 758 3170 dignemini
770 3132 953 3171 audiendam,
964 3133 998 3163 &
1012 3133 1068 3164 fine
1082 3132 1180 3164 debito
1195 3143 1252 3165 ter-

192 3171 380 3210 minandam,
399 3173 476 3210 juxta
496 3173 619 3203 formam
641 3171 786 3202 Petitionis
808 3171 864 3202 suae
879 3170 980 3202 vestrae
994 3170 1206 3202 Mansuetudini
1221 3175 1251 3203 in

194 3210 247 3240 hac
261 3217 352 3247 parte,
370 3210 390 3240 fi
405 3209 503 3250 libeat,
521 3210 717 3248 porrigendae,
736 3218 765 3240 ut
778 3209 814 3240 sic
826 3210 906 3248 ipsius
919 3209 1118 3241 Universitatis
1138 3210 1252 3249 Expen-

195 3247 230 3278 sis
247 3248 280 3279 δε
305 3247 462 3279 Laboribus
477 3272 487 3286 ,
511 3259 544 3280 ac
565 3250 650 3280 etiarn
669 3248 850 3289 personarum
872 3247 981 3286 Inopiae
995 3258 1140 3287 parcatur,
1158 3250 1192 3280 &
1208 3250 1252 3280 in-

194 3285 362 3324 dempnitati
374 3285 513 3324 utriusque
531 3288 613 3326 partis
628 3296 759 3325 congruo
768 3287 842 3326 Juris
854 3286 1001 3318 Remedio
1016 3288 1047 3319 sit
1060 3288 1213 3327 provisum.

187 3327 192 3331 '
233 3324 409 3363 Conservet,
427 3326 486 3355 &o

232 3362 302 3394 Dat.
322 3361 395 3400 apud
412 3362 568 3403 Bernwell,
585 3363 722 3397 vice-‘imo
738 3363 783 3394 die
799 3363 950 3394 FebruarIi.

43 2605 61 2621 ¹³
81 2604 135 2632 IV.

44 2652 106 2678 ¹90·

263 3485 322 3520 Ad
338 3485 451 3519 dicium
468 3485 664 3519 Gaillardnm
677 3485 767 3533 fhper
785 3487 986 3528 Controversia
996 3499 1176 3534 praetaxata.

50 3570 127 3602 Ann.
137 3569 179 3601 D.

72 3610 159 3647 1326.

49 3652 102 3676 An.

196 3571 402 3635 VEnerabili
425 3572 453 3602 in
478 3570 595 3602 Christo
617 3570 693 3601 Patri
707 3595 717 3611 ‚
742 3570 877 3602 Domino
892 3571 933 3602 G.
954 3571 1012 3604 Dei
1024 3574 1124 3613 gratia,
1140 3574 1253 3605 Sanctae

193 3629 197 3633 ι
283 3611 381 3642 Lucia:
396 3611 430 3644 vin
453 3610 538 3641 Silice
553 3609 690 3640 Diacono
709 3608 869 3648 ,Cardinali‚
886 3608 1100 3642 Archidiacono
1114 3612 1238 3643 Oxoniae

197 3650 227 3680 in
246 3648 370 3681 Ecclesia
390 3649 479 3680 beatae
496 3648 596 3679 Mariae
613 3647 834 3686 Lincolnienfis‚
849 3649 941 3680 amico
956 3650 1005 3680 suo
1019 3648 1177 3690 cariffimo,
1193 3636 1254 3682 Ed3

75 3708 81 3714 ·
118 3708 125 3714 ·
198 3689 325 3727 wardes,
342 3689 403 3719 &c
423 3687 562 3725 Salutem,
581 3687 614 3718 &
628 3686 743 3716 fincerae
757 3686 914 3718 dilectionis
927 3685 1071 3719 affectum.

52 3728 123 3752 Rom.
137 3733 180 3759 19-
235 3727 308 3766 Q10
324 3727 422 3765 maiori
442 3725 577 3757 desiderio
592 3725 808 3763 tranquilitatem
828 3724 1036 3764 Magistrorum
1051 3727 1084 3757 &
1096 3726 1253 3759 Scolarium

54 3766 86 3789 Ε.
101 3772 127 3790 2.
145 3772 181 3793 m.
198 3764 396 3796 Universiraris
409 3763 534 3795 Oxoniae
545 3763 727 3801 affectamus,
745 3772 776 3793 ut
792 3763 878 3794 libere
891 3788 901 3802 ,
923 3764 957 3796 &
969 3765 1022 3795 abs
1035 3775 1069 3795 ue
1085 3765 1254 3803 inquietudi-

59 3808 87 3836 3·
198 3812 253 3841 ne,
271 3804 441 3835 Litterarum
461 3803 565 3834 Studiis
583 3802 692 3833 valeant
715 3802 850 3831 inhaerere
864 3825 875 3841 ,
892 3805 930 3833 eo
945 3802 1021 3833 mole
1050 3804 1089 3833 'us
1101 3802 1218 3835 ferimus
1233 3804 1255 3835 fi

105 3858 109 3861 -
198 3841 321 3910 ipibffm
337 3843 461 3881 quietem
476 3841 634 3873 videremus
649 3840 822 3877 Litigiorum
834 3840 1013 3872 amfractibus
1028 3841 1191 3879 perturbari.

235 3879 250 3909 Ῑ
281 3880 425 3911 elleximus
439 3880 575 3919 siquidem
591 3879 671 3918 quod
685 3888 756 3916 vos,

234 3915 343 3950 Exortfi
365 3929 454 3959 nuper
474 3921 545 3951 inter
558 3918 759 3950 Procuratores
771 3916 895 3956 vestros,
911 3915 972 3953 &c.
988 3924 1067 3957 prout
1072 3917 1159 3958 supra
1175 3918 1254 3960 usqae

200 3954 258 3986 haec
271 3957 378 3994 verba3
397 3961 459 3988 viz.

237 3993 307 4024 Nos
319 3995 421 4034 igitur,

239 4031 423 4076 Attendentes
449 4031 619 4066 Profectum
646 4033 842 4066 Univerfiratis
863 4032 1006 4071 praedic'rae
1020 4056 1030 4072 ‚
1062 4041 1096 4064 ex
1115 4032 1258 4065 Citatione

201 4069 359 4118 praemissa,
375 4070 396 4102 fi
408 4071 521 4104 ulterius
535 4073 704 4112 procedatur
713 4097 723 4112 ,
742 4072 823 4112 poffe
836 4070 873 4104 de
885 4071 960 4105 facili
975 4071 1138 4111 praepediri:
1159 4081 1192 4104 ac
1207 4072 1258 4105 de-

122 3657 163 3683 ¹9·

2244 192 2318 232 151

1268 261 1449 308 desiderantes
1465 265 1590 302 ipsorum
1605 265 1774 305 quietudini‚
1792 274 1824 298 ut
1840 265 1953 297 liberius
1964 274 2065 298 vacent
2081 266 2248 298 Litterarum
2256 264 2322 295 Stu-
2339 259 2416 289 Ann-
2428 257 2472 288 D»

1268 300 1331 336 dio,
1350 303 1507 340 provideri,
2362 296 2446 336 ¹32⁶·

1300 337 1503 384 ,paternitatem
1518 340 1638 370 vestram
1652 341 1806 372 affectuose
1821 344 1988 381 requirimus
2005 344 2039 375 &
2058 352 2192 379 rogamus
2208 365 2218 381 ,
2236 341 2325 380 quati-
2342 339 2408 366 Ἐάν·
2424 344 2451 362 2*

1270 386 1323 407 nus
1341 379 1497 421 consentire
1519 379 1607 409 velitis
1623 388 1652 409 ut
1667 379 1742 410 dicta
1759 381 1909 420 Qiaestio,
1927 392 2023 412 coram
2037 383 2119 411 certis
2130 380 2278 419 Judicibus
2292 380 2321 409 in

1271 414 1390 459 Anglia,
1408 427 1456 457 per
1471 417 1580 454 Scripta
1595 417 1774 456 Apostolica,
1788 421 1981 451 committatur
1995 443 2005 458 ,
2023 420 2056 450 ὃς
2070 420 2141 450 Fine
2154 419 2252 450 debito
2265 426 2323 449 ter-

1272 462 1412 494 minetur,
1431 464 1461 486 ut
1475 456 1598 493 ipsorum
1613 454 1794 495 Cancellarii,
1813 457 2034 497 Magistrorum,
2052 459 2085 489 &
2099 458 2273 495 Scolarium,
2292 457 2323 486 in

1270 491 1324 535 bac
1344 502 1422 536 parte
1434 517 1443 531 ,
1469 503 1594 531 parcatur
1609 493 1740 531 Expenfis
1757 496 1789 526 ὃς
1806 496 1980 534 Laboribus,
1999 498 2031 528 &
2045 497 2104 526 tam
2118 497 2216 534 vobis,
2236 495 2324 533 quarn

1272 531 1345 568 ipsis,
1366 541 1393 560 in
1408 532 1567 570 praemisfis,
1585 542 1717 568 congruo
1732 534 1765 563 ὃς
1781 534 1877 564 ulitato
1890 534 1962 572 Juris
1976 535 2119 565 Remedio
2133 534 2321 570 succurratur,

1272 568 1468 613 Rescribentes
1480 571 1577 609 nobis,
1597 571 1616 600 si
1630 571 1738 608 placet,
1752 572 1817 609 quid
1831 573 1896 602 inde
1905 595 1914 610 ,
1927 573 1961 602 ad
1975 573 2063 603 nostri
2076 581 2207 611 rogatum
2216 595 2226 611 ,
2237 571 2325 602 duxe-

1275 616 1334 636 ritis
1348 607 1518 638 faciendum.

1310 644 1379 676 Dat.
1397 647 1471 685 apud
1483 645 1636 678 Bernewell
1644 668 1654 684 ,
1671 646 1805 678 vicefimo
1818 646 1864 678 die
1877 647 2028 679 Februarii.

1275 770 1334 804 Ad
1348 770 1760 804 Bertrandamcazrdinalem
1772 798 1781 814 ‚
1806 782 1908 804 contra
1934 772 2127 806 Gaillardum
2143 773 2326 821 praediclum.

1282 855 1414 914 REX
1431 856 1565 887 Domino
1578 856 1609 886 B.
1628 855 1688 886 Dei
1704 855 1789 896 gratia
1802 879 1812 894 ,
1830 855 1940 886 Sanctae
1957 855 2057 887 Mari-ae
2068 858 2098 887 in
2114 858 2236 899 Aquiro,
2254 859 2327 890 Dia·
2346 851 2421 882 Asm-
2438 850 2479 882 D·

1361 905 1439 925 cono
1453 894 1612 933 Cardinali‚
1630 896 1725 925 amico
1739 895 1788 925 suo
1804 894 1962 932 cariffimo,
1981 895 2112 925 Salutem.
2371 892 2454 929 1326-

1318 934 1390 972 Qio
1405 934 1503 971 majori
1516 933 1653 964 desiderio
1673 933 1888 971 tranquilitatem
1904 932 2108 971 Mag-,istrorum
2122 935 2154 964 ὃς
2171 934 2327 966 Scolarium
2348 933 2400 957 ²4⁷¹-
2422 938 2463 963 19-

1278 971 1475 1003 Universitatis
1493 972 1664 1002 Oxonienfis
1685 970 1849 1001 affectamus
1865 996 1874 1008 ,
1893 980 1922 1001 ut
1936 971 2040 1009 libere,
2059 972 2091 1002 ἃ
2107 971 2206 1009 absque
2221 975 2329 1011 inquic-
2351 973 2379 995 E.
2401 978 2426 994 2·

1279 1010 1389 1048 tudine,
1408 1010 1579 1041 Litterarum
1588 1009 1690 1041 Studiis
1705 1009 1814 1040 valeant
1826 1010 1978 1048 inhaerere,
1996 1020 2032 1040 eo
2048 1010 2191 1040 molestius
2204 1011 2328 1050 ferimus,
2350 1010 2419 1033 Rom.
2440 1014 2482 1039 19-

1280 1059 1350 1118 {um
1363 1049 1487 1087 ipsorum
1501 1049 1625 1087 quietem
1637 1048 1825 1086 conspicimus
1839 1048 2009 1087 Litigiorum
2029 1048 2208 1079 amfractibus
2222 1059 2329 1086 pertur-
2352 1048 2382 1071 E.
2401 1053 2427 1071 ²·
2445 1052 2480 1071 ἴθ-

1300 1097 1346 1118 ari.
2353 1093 2379 1109 2.

1319 1125 1510 1156 Intelleximus
1523 1123 1659 1163 siquidem
1671 1124 1767 1163 quod,
1785 1124 1948 1155 venerabilis
1965 1123 2046 1154 Pater
2060 1147 2069 1163 ,
2090 1124 2245 1156 Gaillardus
2265 1124 2335 1155 San-

1282 1165 1338 1195 ctae
1355 1165 1453 1195 Luciae
1467 1166 1495 1194 in
1510 1164 1593 1194 Silice
1608 1163 1755 1194 Diaconus
1770 1161 1938 1200 Cardinalis,
1958 1162 2178 1194 Archidiaconus
2195 1163 2337 1202 Oxoniae,

1282 1205 1310 1233 in
1326 1202 1447 1234 Ecclesra
1461 1204 1550 1233 beatae
1566 1200 1670 1232 Mariae
1685 1200 1905 1238 Lincolnienfis,
1924 1200 2019 1231 exorta
2032 1211 2121 1239 nuper
2142 1203 2212 1233 inter
2227 1202 2337 1232 Procu-

1283 1251 1387 1273 ratores
1401 1241 1521 1280 ejusdem
1536 1240 1705 1279 Cardinalis,
1723 1238 1782 1275 &c.
1797 1247 1879 1279 prout
1887 1237 1970 1279 fitpra
1989 1240 2068 1279 usque
2083 1239 2137 1269 haec
2149 1239 2254 1277 verba,
2274 1244 2336 1271 viz.

1322 1280 1389 1311 Nisi
1402 1280 1588 1318 competentis
1600 1279 1734 1310 Remedii
1746 1278 1876 1317 praefidio
1885 1279 2070 1309 succurratur.

1323 1319 1361 1350 Et
1381 1319 1422 1349 ob
1438 1318 1514 1357 hoc,
1531 1318 1713 1349 defiderantes
1730 1317 1854 1357 ipsorum
1877 1316 2049 1355 quietudini,
2065 1324 2094 1346 ut
2109 1316 2222 1347 liberius
2235 1325 2335 1347 vacent

1285 1358 1458 1389 Litterarum
1479 1357 1581 1388 Studio
1596 1379 1606 1395 ,
1628 1356 1794 1394 provideri,
1817 1355 1952 1386 Domino
1973 1354 2095 1385 Summo
2115 1354 2270 1391 Pontifici,
2287 1365 2336 1392 per
2385 1377 2390 1382 .

1286 1397 1348 1427 alias
1359 1397 1462 1426 litteras
1472 1396 1596 1434 nostras,
1615 1395 1746 1425 duximus
1759 1394 1972 1432 supplicandum
1984 1417 1994 1431 ‚
2016 1402 2064 1431 ut,
2082 1403 2134 1430 pro
2149 1393 2337 1430 tranquilitate

1285 1435 1372 1465 dictae
1385 1434 1596 1472 Univerfitatis,
1614 1434 1700 1469 ipsam
1715 1433 1836 1464 Causam
1851 1433 2033 1463 committere
2044 1432 2174 1469 dignetur
2190 1432 2271 1463 certis
2287 1431 2339 1469 Ju-

1287 1473 1396 1504 dicibus
1408 1475 1437 1503 in
1451 1471 1554 1511 Anglia
1568 1473 1734 1503 audiendam
1750 1473 1783 1503 &
1796 1470 2018 1502 terminandam:

1325 1511 1361 1542 Et
1375 1511 1491 1549 praefato
1501 1512 1611 1550 insuper
1625 1510 1765 1541 Cardinali
1777 1511 2003 1548 suppiicavimus,
2022 1517 2054 1539 ut
2069 1508 2150 1539 suum
2165 1508 2201 1539 ad
2214 1508 2272 1539 hoc
2288 1507 2341 1537 As-

1285 1551 1393 1581 sensum
1407 1548 1547 1587 praebeat,
1565 1549 1654 1579 nostri
1667 1550 1821 1585 rogaminis
1834 1551 2013 1586 interventu,

1324 1589 1342 1608 'Vt'
1361 1586 1415 1626 Εἰ,
1434 1589 1497 1626 quia
1517 1587 1554 1618 de
1573 1587 1663 1617 vestra
1676 1586 1828 1617 dilectione
1846 1587 1995 1624 specialiter
2006 1585 2193 1623 confidimus,
2213 1584 2339 1616 Paterni-

1285 1635 1371 1658 tatem
1384 1624 1507 1656 vestram
1521 1626 1687 1664 requirimus
1699 1624 1871 1663 affectione,
1889 1624 1946 1662 qua
1959 1624 2120 1662 possumus,
2136 1625 2253 1663 cariori,
2270 1633 2338 1662 qua-

1284 1667 1360 1697 tinus
1373 1665 1433 1695 tam
1447 1675 1531 1703 penes
1543 1664 1690 1702 praefarurn
1707 1663 1868 1693 Dominum
1882 1663 2034 1693 Summum
2044 1662 2231 1699 Pontificem,
2252 1663 2340 1700 quam

1283 1714 1367 1744 penes
1389 1704 1536 1741 praefatum
1555 1702 1717 1733 Dominum
1738 1700 1919 1731 Cardinalcm
1943 1725 1952 1739 ,
1977 1709 2008 1731 ut
2027 1700 2156 1731 nostrum
2178 1700 2342 1731 desiderium

1286 1742 1460 1811 cogipleatur
1475 1744 1503 1772 in
1516 1741 1677 1780 praemiffis,
1695 1740 1783 1772 velitis
1798 1741 1989 1778 interponere,
2008 1748 2077 1769 cum
2095 1738 2238 1777 efficacia,
2253 1748 2342 1777 partes

1287 1793 1323 1813 ve
1351 1792 1399 1811 ras.

1292 1852 1296 1855 Δ
1323 1820 1390 1851 Dat.
1409 1818 1484 1857 apud
1500 1818 1710 1857 Kenelworth,
1728 1816 1865 1850 vicesimo
1880 1816 1926 1847 die-
1939 1816 2049 1855 Aprilis.

2360 1588 2442 1615 MV.

2362 1635 2427 1665 ¹9¹·

1285 1943 1343 1979 Ad
1354 1948 1522 1980 Dominum
1539 1943 1574 1977 de
1591 1944 1696 1989 Infhla
1707 1969 1716 1986 ,
1741 1942 1777 1976 de
1796 1941 1970 1984 Credentia,
1990 1952 2045 1988 pro
2059 1940 2200 1974 Arnaldo
2217 1940 2343 1975 Calculi.

1287 2030 1342 2086 R
1353 2030 1377 2060 Ε
1388 2029 1435 2068 X,
1454 2030 1560 2060 Nobili
1576 2032 1654 2067 viro,
1671 2028 1812 2058 Bernardo
1822 2024 1953 2066 Jordani,
1970 2026 2104 2057 Domino
2116 2025 2150 2055 de
2164 2024 2269 2063 Insula,
2279 2024 2341 2054 Mi·
2369 2020 2493 2052 Ann.D.

1282 2105 1297 2135 f
1311 2105 1340 2135 st
1363 2070 1420 2106 liri,
1436 2070 1532 2098 amico
1545 2068 1594 2099 fito
1606 2066 1764 2106 carissimo,
1782 2067 1924 2105 Salutem,
1944 2066 1977 2097 &
1992 2066 2107 2096 sincerae
2126 2063 2284 2094 dilectionis
2297 2063 2339 2094 af·
2357 2060 2472 2127 A1326·

1295 2115 1310 2136 e
1343 2117 1400 2137 um,
2204 2111 2205 2114 ¹
2385 2110 2410 2126 Η-
2431 2108 2473 2133 19·

1310 2145 1373 2175 Ol>
1392 2145 1528 2184 grandem
1550 2143 1683 2174 fiduciam
1704 2145 1738 2175 δε
1758 2143 1919 2173 affectionis
1940 2142 2089 2179 puritatem
2103 2164 2112 2179 ,
2131 2151 2197 2178 quas
2209 2149 2274 2184 erga
2285 2150 2337 2171 vos
2360 2141 2392 2164 E.
2413 2147 2438 2163 2-

1284 2186 1485 2223 concepimus,
1502 2182 1639 2213 dilectum
1653 2183 1750 2220 nobis,
1769 2181 1924 2212 Arnaldum
1932 2181 2059 2218 Calculi,
2078 2179 2190 2209 fidelem
2203 2182 2337 2216 nonrum,
2360 2175 2495 2210 Claus.19.

1321 2222 1410 2262 Cujus
1431 2221 1625 2260 obsequiosam
1645 2220 1917 2258 promptitudinem,
1935 2220 1967 2249 δε
1983 2218 2120 2249 fidelitatis
2133 2217 2339 2255 constantiam,
2362 2218 2393 2241 Ε·
2411 2223 2437 2240 2·
2457 2222 2493 2240 ⁷⁷¹-

1285 2260 1434 2297 tiunerqa
1455 2260 1620 2291 Dominum
1641 2259 1675 2289 E.
1695 2257 1869 2290 Genitorem
1887 2256 2019 2288 *nostrum
2034 2280 2043 2295 ,
2069 2258 2155 2296 quam
2179 2265 2243 2295 erga
2257 2256 2343 2294 Nos,
2368 2262 2410 2288 ¹4-
2425 2260 2450 2280 ²·
2464 2250 2491 2279 ‘²-

1284 2309 1372 2330 cerras
1385 2301 1418 2330 ὅ(
1433 2299 1597 2329 indubitatas
1612 2298 1808 2336 probavimus,

1322 2338 1380 2369 Cui
1394 2338 1478 2368 etiam
1495 2338 1595 2368 mentis
1611 2336 1716 2366 nostroe
1731 2344 1884 2374 conceptus
1898 2334 2091 2373 exposuimus,
2108 2334 2167 2364 tam
2179 2333 2260 2371 super
2273 2332 2343 2371 hiis,

1285 2386 1349 2415 quse
1369 2377 1451 2406 nobis
1474 2386 1521 2414 per
1543 2374 1749 2414 Reymundum
1767 2375 1900 2414 ⁴Ysernici
1916 2398 1925 2411 ,
1950 2373 2105 2403 Nuncium
2127 2371 2253 2402 vestrum
2267 2395 2276 2408 ,
2294 2371 2343 2401 dc-

1284 2413 1449 2453 mandastis,
1466 2423 1528 2445 non
1543 2413 1584 2443 est
1597 2413 1661 2450 diu,
1680 2415 1765 2451 quam
1781 2413 1858 2450 super
1872 2413 1929 2442 aliis
1939 2411 2030 2441 arduis
2044 2411 2178 2449 negotiis,
2194 2419 2258 2448 quae
2266 2409 2351 2440 mul-·

1285 2463 1347 2485 turn
1362 2453 1478 2484 insident
1492 2454 1573 2483 nobis
1585 2451 1682 2489 cordi,
1700 2453 1783 2482 vobis
1796 2452 1847 2482 suis
1859 2450 1978 2481 oraculis
1989 2449 2112 2480 seriosius
2128 2448 2306 2486 referendos,

1323 2492 1370 2522 Ad
1385 2503 1436 2523 vos
1450 2492 1581 2522 duximus
1593 2490 1808 2527 destinandum,

1303 2552 1304 2555 η
1323 2531 1520 2561 Dilectionem
1534 2530 1654 2561 vestram
1670 2538 1704 2559 ex
1721 2528 1808 2560 corde
1820 2527 2018 2566 deprecantes,
2037 2527 2166 2565 quatinus
2182 2525 2274 2556 eidem
2289 2524 2343 2554 Ar-

1287 2570 1388 2608 naldo,
1406 2571 1434 2599 in
1455 2570 1525 2608 hiis,
1544 2579 1607 2607 quze
1630 2568 1712 2598 vobis
1736 2568 1829 2604 dicet,
1849 2576 1882 2596 ex
1897 2575 1973 2603 parte
1988 2564 2099 2603 nostra,
2118 2564 2205 2594 fidem
2220 2564 2343 2602 praebere

1287 2609 1376 2639 velitis
1397 2607 1543 2638 indubiam
1556 2631 1565 2645 ,
1592 2608 1624 2637 &
1641 2629 1650 2644 ,
1661 2604 1738 2644 juxta
1753 2606 1885 2644 speratam
1901 2604 2050 2641 fiduciam,
2069 2613 2099 2633 ut
2112 2603 2259 2633 sortiantur
2272 2601 2343 2631 effc-

1288 2648 1368 2677 ctum
1384 2656 1450 2677 vota
1464 2646 1576 2684 nostra,
1595 2644 1706 2675 Curam
1720 2645 1753 2676 ὃς
1767 2643 1982 2675 sollicitudinem
1997 2651 2139 2679 apponere
2152 2640 2289 2672 efficaces.

1326 2685 1393 2715 Dat.
1414 2685 1486 2723 apud
1501 2685 1667 2723 Langeron,
1685 2683 1821 2714 vicesimo
1834 2683 1937 2720 quinto
1950 2680 1995 2711 die
2008 2680 2156 2711 Februarii.

1459 2805 1517 2840 Ad
1530 2805 1670 2840 Eundem
1687 2815 1742 2852 pro
1765 2803 1900 2840 Arnaldo
1918 2802 1954 2837 de
1972 2804 2057 2836 Dura
2078 2804 2174 2835 Forti.

1351 2892 1375 2922 E
1386 2892 1416 2922 X
1435 2892 1526 2922 eidem
1542 2891 1675 2922 Salutem.
2364 2878 2438 2909 Ann.
2454 2878 2496 2911 D.

1380 2931 1488 2960 Dilecti
1502 2931 1534 2961 &
1550 2929 1636 2960 fidelis
1649 2928 1736 2959 nostri
1750 2926 1865 2958 Arnaldi
1879 2925 1915 2957 de
1929 2925 2015 2958 Duro
2030 2925 2127 2965 Forti,
2145 2924 2262 2963 Militis,
2281 2932 2343 2964 erga
2385 2919 2469 2957 1326·

1287 2978 1356 3008 nos,
1373 2970 1439 2999 totis
1452 2969 1645 3006 temporibus,
1662 2966 1767 2998 Gestus
1787 2966 1928 2996 laudabilis
1943 2989 1953 3004 ,
1970 2966 2003 2996 ὅ(
2020 2965 2163 3003 probitatis
2178 2965 2275 2995 merita
2289 2964 2341 2993 uti·
2361 2960 2413 2984 An.
2434 2967 2475 2984 ¹¹·

1287 3017 1343 3044 que
1363 3016 1556 3045 promerentur
1571 3031 1580 3044 ,
1606 3015 1636 3036 ut
1650 3030 1660 3044 ,
1687 3016 1740 3043 pro
1763 3005 1819 3043 ejus
1839 3005 1968 3044 augendis
1981 3004 2173 3040 profectibus,
2192 3011 2275 3040 penes
2288 3010 2341 3030 no-
2363 2999 2435 3039 51²·

1287 3045 1358 3113 Ιᾶνοε
1373 3045 1492 3076 Amicos
1508 3046 1540 3076 δε
1554 3045 1707 3075 Benivolos
1726 3045 1938 3082 interponamus
1960 3051 2028 3074 cum
2046 3040 2171 3073 efficacia
2185 3049 2272 3078 partes
2286 3049 2340 3069 no-
2358 3032 2423 3060 lbzd.

1313 3094 1361 3113 ras.

1326 3122 1407 3153 Cum
1424 3123 1533 3160 iraque,
1551 3130 1581 3152 ut
1596 3122 1678 3152 nobis
1695 3121 1813 3152 relatum
1827 3120 1886 3158 est,
1904 3121 1982 3158 super
1999 3115 2286 3161 ConjugaliCopula,
2302 3115 2346 3145 in-

1289 3169 1330 3191 ter
1345 3161 1434 3199 ipsum
1457 3162 1489 3192 &
1511 3161 1692 3198 Katerinam,
1711 3159 1870 3190 Dominam
1886 3159 1922 3189 de
1937 3157 2039 3188 Sancta
2054 3155 2182 3192 Baiilica,
2200 3154 2344 3198 quondam

1288 3198 1423 3230 Uxorem
1441 3198 1559 3238 Jordani
1580 3199 1615 3229 de
1636 3198 1725 3229 Instila
1737 3223 1746 3235 ,
1773 3196 1964 3228 contrahenda
1977 3218 1987 3234 ,
2011 3195 2109 3237 aliqua:
2124 3193 2344 3237 s’raelocuriones

1283 3239 1342 3277 jam
1365 3238 1426 3269 sunt
1445 3238 1528 3268 faetae
1541 3261 1550 3276 ,
1576 3248 1608 3268 ac
1629 3248 1699 3275 nos,
1717 3236 1964 3275 Conjunsstionem
1980 3231 2138 3270 hujusmodi
2154 3232 2253 3262 utilem
2270 3232 2343 3261 arbi-

1288 3284 1405 3315 trantes,
1423 3286 1485 3306 eam
1500 3275 1561 3306 fieri
1578 3277 1708 3314 cupimus
1726 3274 1900 3313 (dummodo
1917 3271 2156 3315 Impedimentum
2166 3270 2341 3308 Legitimum

1287 3325 1348 3353 non
1370 3315 1494 3352 oblistat)
1518 3314 1681 3345 Amicitiam
1707 3313 1829 3344 vestram
1852 3311 1999 3353 specialiter
2022 3319 2186 3353 requirimus
2208 3310 2241 3338 &
2260 3315 2342 3344 roga-

1289 3364 1370 3392 mus,
1388 3353 1517 3392 quatinus
1530 3354 1672 3391 praefatam
1695 3351 1877 3388 KaterInam,
1895 3359 1925 3392 ut
1937 3348 2096 3392 hujusmodi
2109 3347 2262 3390 consentiat
2277 3344 2343 3389 Ma-

1288 3394 1426 3423 trimonio
1441 3415 1450 3431 ,
1468 3391 1556 3423 velitis
1577 3392 1711 3421 inducere
1729 3391 1820 3421 modis
1839 3390 1873 3420 &
1888 3389 1957 3426 viis,
1976 3387 2078 3425 quibus
2091 3385 2191 3416 decere
2203 3383 2344 3420 Videritls,

1288 3430 1378 3461 nostri
1393 3431 1543 3470 rogaminis
1555 3431 1724 3460 interventu.
1791 3429 1799 3437 ’

1324 3468 1394 3499 Dat.
1409 3478 1439 3500 ut
1456 3469 1542 3506 supra.

1325 3545 1493 3576 Confimiles
1507 3545 1595 3575 literae
1609 3544 1765 3579 diriguntur
1780 3540 1866 3572 Petro
1878 3540 1915 3572 de
1932 3539 2087 3579 Greylino,
2105 3534 2343 3567 VicecomitiBe-

1288 3585 1454 3621 nangiarum
1470 3584 1504 3615 &
1517 3582 1704 3613 Castellionis.

1325 3622 1395 3654 Dat.
1415 3631 1445 3653 ut
1461 3622 1549 3661 supra.

1419 3753 1479 3787 Ad
1494 3755 1661 3787 Dominum
1679 3749 1714 3782 de
1736 3751 1818 3781 Cavo
1837 3748 1964 3787 Monte,
1988 3743 2024 3776 de
2042 3742 2226 3792 Credentia3

1294 3843 1349 3897 R
1358 3838 1384 3869 E
1394 3837 1443 3877 X,
1459 3836 1563 3868 Nobili
1578 3837 1658 3872 viro,
1677 3832 1845 3863 Guillielmo
1860 3829 1994 3860 Domino
2009 3828 2045 3859 de
2057 3828 2142 3860 Cavo
2156 3827 2280 3866 Monte,
2294 3828 2344 3859 Sa·
2359 3833 2434 3865 Αῃῃ,
2444 3832 2487 3863 Ι),

1369 3878 1475 3913 lutem,
1494 3875 1655 3906 &sincerae
1670 3871 1825 3901 dilectionis
1838 3868 1983 3911 affectum.
2020 3907 2025 3911 ῃ
2214 3907 2218 3911 Ι
2321 3906 2326 3911 .
2378 3873 2464 3910 1326,

1329 3915 1434 3953 Nuper
1453 3913 1589 3952 aliquibus
1605 3910 1759 3949 Negotiis,
1778 3918 1842 3947 quae
1855 3906 2004 3945 specialiter
2018 3904 2135 3950 insident
2150 3905 2233 3949 nobis
2246 3905 2345 3942 cordi,
2359 3915 2410 3938 Aa.
2430 3920 2472 3943 ¹9·

1291 3954 1397 3985 dilecro
1422 3953 1504 3983 nobis
1552 3949 1677 3980 Arnaldo
1692 3947 1803 3978 Calculi
1815 3954 1919 3977 votum
1933 3954 2091 3982 aperuimus
2105 3952 2207 3974 mentis
2221 3943 2326 3974 nostrae
2336 3965 2345 3982 ,
2360 3953 2388 3976 E.
2412 3958 2439 3974 2.

1292 3993 1374 4023 vobis
1390 4002 1438 4029 per
1452 3975 1575 4021 eundern
1586 3985 1765 4019 referendum
1779 3984 1904 4015 seriofius
1917 3992 1969 4014 ore
1982 3991 2071 4014 tenus.
2228 4021 2233 4027 ²
2330 4020 2334 4025 .
2361 3986 2425 4014 md,

1330 4030 1460 4062 Vestram
1474 4028 1669 4059 Dilectionem
1682 4026 1766 4064 igitur
1780 4024 1946 4062 requirimus
1960 4031 1993 4052 ex
2007 4020 2113 4052 affectu
2119 4021 2289 4091 &quatinus
2311 4029 2351 4048 ei-

1295 4069 1364 4102 dem
1380 4068 1507 4101 Amaldo
1529 4067 1560 4098 in
1579 4066 1632 4097 hiis
1643 4089 1654 4104 ,
1677 4073 1744 4103 quae
1755 4063 1838 4096 vobis
1852 4060 1928 4094 dicet
1941 4069 1974 4092 ex
1988 4067 2065 4100 parte
2076 4070 2118 4092 no
2159 4069 2190 4097 a,
2207 4058 2294 4089 fidem
2302 4058 2354 4125 gul:
