2562 4279
774 166 885 207 ET
967 167 1237 208 ACTA

58 247 194 288 AnnssD.
213 252 248 282 ad
277 251 382 286 Manus
408 252 515 285 nostras
544 253 581 282 sic
608 252 720 282 devenit
740 275 748 289 ,
781 252 1103 283 IMPERPETUUM
1135 260 1219 291 prout
1244 252 1272 282 in

81 302 163 333 1340.
215 290 244 321 C
248 301 282 359 ᾖ
284 300 305 321 R
317 299 339 320 T
349 301 368 320 A
388 290 482 320 nostra
497 291 631 329 praedicta
646 291 754 328 plenius
769 293 943 330 continetur,

119 355 126 362 .
161 355 168 361 .
285 340 316 359 os

60 336 116 363 ων
142 343 154 371 3
256 353 393 399 Volentes
419 368 535 407 praefato
569 367 680 397 Comiti
705 367 863 398 uberiorem
895 368 1024 398 Gratiam
1053 367 1142 397 facere
1168 368 1196 397 in
1223 366 1276 397 hac

210 415 307 448 parte,
384 416 386 418 ’

250 446 282 476 D
294 455 311 476 E
322 453 452 480 Dii-ius
477 445 509 475 &
536 443 676 480 Concu
687 453 699 473 s
710 451 842 481 §Imus
856 443 947 473 eidem
969 442 1081 473 Comiti
1098 465 1107 479 ,
1133 443 1168 473 de
1189 443 1276 480 gratia

211 484 306 515 nostra
325 483 449 520 speciali,
467 484 564 512 omnia
588 481 682 512 Exitus
697 483 730 512 ὃς
748 481 896 518 Proficua,
918 480 953 510 de
969 481 1072 511 eodem
1089 481 1240 519 Manerio,
1259 492 1275 512 a

212 524 258 554 die
282 521 428 560 Captionis
447 521 582 559 ejusdem,
610 530 644 550 ex
666 520 757 550 Causa
779 518 914 558 pnedffitfi
936 519 963 547 in
989 519 1112 549 Manum
1133 521 1275 559 nostram,

182 590 185 593 Δ
213 562 364 600 percepta,
383 560 437 589 unii
464 569 531 589 cum
552 560 636 589 Bonis
655 559 689 589 &
711 557 824 588 Catallis
837 567 900 594 quae
913 557 1024 587 fuerunt
1036 558 1158 595 ejusdem
1168 559 1276 597 Johan-

215 601 272 637 nis,
287 599 406 635 dieque
420 598 457 627 fic
474 607 537 636 erga
552 598 620 627 Nos
633 597 783 633 forisfecit,
801 597 832 625 in
847 595 981 625 Manerio
994 595 1163 633 supradicio,

251 637 340 669 Teste
351 634 839 675 Rege-apudWestmonasterium,
858 634 934 664 sexto
947 633 992 664 die
1008 634 1116 665 Martii,

692 712 745 739 Per
763 712 854 740 Breve
869 711 901 740 de
916 713 1034 741 Privato
1047 710 1146 748 sigillo.

57 814 75 833 ε
90 813 197 843 V'¹75⁰
216 836 247 863 ἒξ
265 836 324 871 Ad
334 839 486 882 ·*P⁴zpam‚
506 833 596 879 fhper
621 833 769 865 Trai‘Zasn
786 845 855 866 cum
877 833 1006 881 Philippo
1023 822 1059 868 de
1081 837 1154 870 mile
1164 850 1189 869 10
1202 864 1211 880 ‚
1238 841 1274 875 cf

543 882 634 928 [ἕψον
659 884 686 913 E
689 882 758 924 lesio
782 880 928 923 Eborum.

58 935 136 969 Anu.
152 930 194 961 D·

79 980 164 1012 1340·

57 1018 111 1042 Art.
131 1019 175 1045 ¹4·

56 1057 87 1080 Ε.
108 1060 132 1087 3.

57 1096 129 1119 Rom.
152 1094 193 1120 14·

274 966 379 1002 APAE
398 968 464 998 Rex
499 967 559 998 &c

215 970 264 1031 P
317 1008 432 1040 Pridem
460 991 562 1043 (Pater
582 1005 842 1045 Sane'tiffimeiper
861 1006 979 1037 Litteras
998 1007 1032 1038 &
1050 1007 1087 1038 N
1089 1010 1205 1048 uncios,
1227 1020 1276 1040 ve-

215 1048 280 1078 strae
297 1047 350 1076 nos'
360 1045 542 1076 meminimus
556 1043 721 1086 significasse
735 1044 922 1085 Clementite,
938 1047 1053 1085 qualiter
1065 1047 1142 1077 diem
1157 1047 1276 1078 Tracta-

215 1086 260 1116 tiis
282 1084 380 1121 Pacis⁷
400 1083 548 1121 videlicet,
565 1084 641 1114 diem
661 1083 868 1122 Do'minic‘am,
894 1086 1052 1125 proximam
1075 1085 1141 1123 post
1160 1086 1275 1117 Festum

214 1124 311 1155 Sancti
334 1123 473 1161 Martini„
487 1123 593 1158 ⁴ultimo
614 1123 801 1161 praeteritam,
821 1124 892 1153 inter
912 1123 1047 1161 quosdam
1068 1124 1202 1163 Alligatos
1222 1135 1276 1155 no-

214 1163 300 1201 stros,
319 1163 351 1192 &
367 1161 501 1201 Alligatus
516 1160 640 1192 Domini
654 1160 777 1198 Philippi
791 1161 827 1190 de
841 1162 967 1199 Valelio,
980 1160 1197 1192 Concordatam
1207 1186 1216 1201 ,
1234 1164 1275 1193 ob

212 1201 416 1232 Reverentiam
439 1200 561 1232 vestram
581 1201 614 1230 &
629 1198 706 1232 Sedis
722 1199 912 1237 Apostolicae,
931 1201 1017 1237 usque
1033 1202 1060 1230 in
1075 1200 1152 1230 diem
1167 1201 1275 1231 Domi-

210 1241 324 1276 nicam,
344 1240 503 1278 proximam
525 1238 588 1279 post
609 1236 723 1267 Festum
739 1236 942 1268 Purificationis
954 1238 1046 1268 Beatae
1062 1239 1164 1269 Mariae
1178 1240 1274 1277 Virgi-

208 1279 250 1308 nis
265 1302 274 1317 ,
296 1279 355 1315 jam
375 1278 495 1316 elapsum
511 1300 520 1315 ,
545 1286 576 1307 ut
597 1278 708 1306 interim
730 1275 872 1314 pofl'emiis
890 1277 1074 1307 Sanetitatem
1095 1277 1217 1308 vestram
1240 1280 1274 1309 &

207 1316 341 1356 quosdam
362 1317 384 1346 F
389 1317 473 1349 idelesv
492 1315 604 1346 nostros
621 1314 783 1351 consulere,
802 1316 1014 1352 procuravimus
1030 1317 1191 1355 prorogari,
1209 1319 1274 1356 quia

206 1356 435 1387 certitudinaliter
448 1355 531 1384 nobis
543 1362 613 1384 tunc
629 1353 742 1383 dicium
756 1354 849 1383 ‘extitit
865 1354 941 1394 quod
956 1354 1032 1390 diCta
1049 1354 1218 1394 Prorogatio
1233 1355 1274 1387 fir-

208 1394 254 1424 ἂι
268 1395 321 1424 fuit
337 1405 342 1423 z

244 1433 292 1463 Set
311 1433 380 1463 crim
401 1442 489 1469 nuper
511 1430 677 1470 Solempnes
700 1429 853 1468 Nunci'oS,
871 1440 939 1460 cum
954 1430 1093 1462 Potestate
1108 1430 1272 1471 sufficienti,

206 1470 408 1502 ordinaffertius
428 1469 670 1506 adfTornacum,
689 1468 853 1512 additium
868 1470 963 1508 diem,
1019 1480 1066 1508 em
1083 1471 1120 1501 iic
1133 1480 1272 1509 proroga-

204 1518 267 1540 tum
291 1509 475 1547 credidimus,
495 1507 735 1545 transmittendos,
753 1507 923 1547 fuisseritque
946 1508 977 1538 di
1008 1509 1017 1538 i
1040 1507 1155 1539 Nuncii
1176 1509 1209 1539 ad
1228 1519 1271 1539 ar-

203 1550 364 1587 reptionem
386 1546 494 1577 Itineris
517 1546 661 1584 praeparati
672 1545 918 1585 ,supervenerunt
936 1547 1025 1587 nobisj
1043 1546 1165 1587 Litterae
1178 1547 1214 1577 de
1227 1547 1270 1577 di-

203 1587 258 1618 &is
279 1587 404 1625 Alligatis
425 1585 539 1623 nostris,
556 1584 633 1622 quod
655 1583 772 1621 Alligati
792 1584 876 1624 partis
894 1583 1016 1615 adversae
1028 1585 1064 1615 de
1081 1585 1221 1616 veniendo
1234 1585 1268 1616 ad

203 1625 296 1656 distos
317 1625 413 1655 Diem⁴
424 1624 588 1655 &Locum
603 1632 664 1657 non
678 1623 790 1653 fuerant
801 1623 981 1663 praemuniti,
995 1625 1028 1654 ὃς
1044 1624 1122 1661 quod
1134 1625 1207 1654 foret
1224 1623 1269 1664 su-

202 1674 377 1702 pervacuum
391 1663 458 1694 illuc
475 1663 584 1693 mitteie
597 1661 732 1691 Nuncios
745 1661 791 1690 illa
805 1663 887 1699 vice,
900 1661 935 1691 de
948 1671 1022 1701 quo,
1037 1663 1188 1702 praeiertim
1203 1672 1269 1701 pro-

203 1711 265 1740 pter
287 1702 549 1742 Significationem,
568 1708 599 1731 ut
617 1700 815 1737 praemittitur,
834 1700 916 1730 vobis
930 1698 1048 1739 factam,
1067 1701 1179 1730 attoniti
1195 1701 1269 1731 mul-

203 1750 267 1772 tum
283 1741 391 1772 fuimus
405 1742 439 1772 &
453 1740 574 1777 turbati,
593 1737 687 1776 sicque
699 1738 791 1768 dictos
803 1738 940 1768 Nuncios
953 1738 1051 1774 fecim¹
1085 1739 1229 1778 revocari,

240 1779 436 1819 Significant'es
454 1779 511 1810 hoc
530 1777 612 1807 dietis
635 1777 759 1815 Alligatis
782 1776 883 1806 nostris
895 1799 906 1814 ,
935 1777 969 1807 ὃς
991 1749 1143 1809 εάὶέἰὶηῐεε
1163 1777 1243 1818 quod
1258 1798 1268 1814 ‚

205 1815 377 1858 quamquam
394 1818 487 1848 dietus
512 1815 664 1846 Trastatus
683 1817 799 1854 propter
823 1815 938 1852 culpam
964 1815 1089 1845 nostram
1118 1826 1179 1847 non
1203 1817 1269 1846 fue-

200 1866 242 1888 rat
269 1857 418 1887 diffolutus
440 1878 449 1894 ,
483 1855 603 1894 placeret
632 1862 725 1883 tamen
754 1852 838 1883 nobis
865 1861 896 1884 ut
923 1852 991 1884 dieti
1023 1853 1138 1891 Alligati
1159 1855 1269 1891 nostri,

202 1906 272 1926 cum
294 1895 420 1934 Alligatis
442 1895 524 1930 partis
543 1892 682 1929 adveriae,
698 1891 778 1929 super
802 1891 990 1930 resumptione
1006 1892 1156 1924 Traeiatus
1176 1893 1270 1930 hujus-

202 1934 299 1972 modi,
322 1934 340 1964 fi
362 1934 400 1962 eis
423 1931 564 1963 videretur
586 1931 758 1969 expediens,
767 1930 965 1969 loquerentur,
980 1930 1029 1968 &,
1046 1931 1065 1961 si
1087 1931 1123 1961 de
1138 1932 1183 1961 die
1197 1931 1270 1962 Tra-

201 1972 292 2002 &atus
311 1972 431 2009 possent·
442 1974 545 2001 mutuo
560 1971 731 2007 convenire,
750 1968 883 1999 Nuncios
895 1968 1005 1999 nostros
1019 1968 1053 2000 ad
1067 1969 1176 2001 diffitum
1192 1970 1270 2001 diem

200 2010 382 2041 libentisfime
401 2010 590 2043 mitteremus3

235 2049 264 2079 A
288 2049 389 2086 quibus
409 2048 488 2085 super
512 2047 568 2076 hoc
591 2044 772 2082 Responsum
792 2043 882 2076 indies
902 2044 1098 2087 expediamus,
1130 2048 1167 2077 ita
1186 2046 1267 2085 quod

201 2096 254 2116 nos
284 2086 421 2125 nusquam
449 2084 629 2123 diffugiemus
652 2083 822 2114 Tranatum
847 2084 1036 2115 Amicabilem
1055 2084 1269 2117 &Consenta-

200 2134 290 2155 neum
315 2124 451 2162 Rationi3
471 2123 548 2162 quod
569 2123 606 2153 de
627 2123 712 2153 nobis
731 2122 831 2152 sentire
845 2123 975 2162 dignetur
988 2123 1078 2154 vestra
1094 2123 1268 2164 Benignitas,

199 2164 236 2233 ξε
251 2163 287 2194 de
302 2162 569 2194 Discontinuatione
585 2161 655 2192 dieti
667 2161 816 2193 Traetatus
831 2162 988 2201 excusatOS,
1008 2162 1027 2193 fi
1041 2162 1193 2203 placuerit,
1212 2165 1273 2194 nosi

221 2202 311 2232 abere.
385 2225 390 2233 .

241 2239 406 2278 Caeterum,
432 2246 463 2270 ut
485 2249 556 2270 cum
579 2238 655 2270 Pace
677 2238 835 2269 Sanc'titatis
854 2237 956 2270 vestrae
974 2238 1144 2278 loquamur,
1169 2249 1269 2280 magna

201 2279 284 2309 nobis
307 2279 441 2318 ingeritur
461 2277 617 2308 admirandi
631 2278 760 2316 materia,
799 2277 855 2308 uod
871 2277 1075 2309 Procuratores
1090 2279 1215 2317 nostros,
1233 2278 1267 2309 ad

222 2317 422 2355 roponendu'm
442 2319 542 2347 eontra
563 2315 734 2355 Magistrum
799 2316 945 2347 illielmum
961 2316 985 2347 la
1002 2316 1142 2356 Zouche,
1160 2319 1209 2357 qui
1226 2317 1267 2348 E-

200 2326 310 2387 fectum
330 2355 465 2386 Eliorum*
478 2355 506 2385 se
516 2354 668 2393 praetendit
681 2378 691 2393 ,
710 2354 776 2385 licet
789 2354 919 2385 nostrum
932 2356 1044 2386 notorie
1059 2357 1179 2387 versetur
1192 2356 1268 2386 Inte-

201 2394 288 2433 resse,
310 2404 343 2424 ex
357 2404 392 2424 eo
407 2394 485 2432 quod
501 2395 576 2424 idem
592 2393 755 2424 Williemus
767 2393 922 2424 Electionis
934 2393 988 2424 suae
1004 2394 1170 2435 Negotium
1214 2395 1268 2425 As-

200 2433 277 2464 sensu
291 2432 391 2471 nostro
408 2433 504 2471 Regio
516 2443 579 2469 >non
592 2433 682 2471 petito
697 2442 751 2462 nec
766 2440 903 2470 optento,
918 2433 947 2462 in
963 2435 1175 2464 enervationem
1215 2444 1269 2463 rae-

200 2473 336 2509 rogativae
352 2471 455 2502 nostrie
471 2471 592 2509 Regiae,
605 2471 683 2509 super
697 2471 754 2500 hoc
768 2481 817 2511 per
830 2470 933 2501 Sedem
951 2470 1149 2509 Apostolicam
1163 2471 1269 2502 confir-

203 2517 306 2548 matae,
325 2511 452 2549 prosequi
467 2511 563 2540 nititur
577 2520 674 2540 coram
691 2510 788 2547 vobis,
805 2511 910 2549 quique
925 2510 1007 2540 nobis
1026 2511 1094 2550 fuit,
1112 2511 1269 2541 Elec‘tionis

199 2547 258 2578 suae
279 2549 421 2587 praetensae
442 2557 571 2587 tempore
584 2571 595 2587 ,
618 2549 650 2579 &
670 2548 760 2579 adhuc
780 2548 821 2577 est
837 2572 846 2587 ,
876 2548 909 2578 ad
939 2548 1078 2580 reddenda
1108 2550 1269 2580 Ratiocinia

200 2585 237 2616 de
257 2587 351 2617 multis
374 2587 408 2617 &
429 2588 536 2625 magnis
553 2587 851 2617 Administrationibus
865 2586 1014 2626 Obligatus
1029 2589 1062 2619 &
1077 2588 1270 2628 multipliciter

200 2624 393 2663 Criminosus,
413 2624 503 2655 vestra
525 2625 661 2656 Sanctitas
683 2636 742 2656 non
765 2626 892 2664 admisit,
910 2626 1047 2665 praeteriso
1067 2627 1166 2657 colore
1182 2627 1270 2657 Scan-

200 2662 256 2693 dali
279 2663 356 2703 quod
380 2674 414 2694 ex
428 2663 594 2694 admissione
610 2664 798 2694 Procuratorii
813 2663 917 2703 nostri,
933 2667 963 2695 in
977 2675 1035 2703 quo
1049 2664 1164 2704 Regem
1182 2665 1269 2695 Fran-

200 2703 253 2731 ciae
266 2713 318 2732 nos
329 2702 494 2741 scribimus,
509 2697 601 2742 poil‘e‘t
615 2703 798 2733 verisimiliter
811 2704 929 2741 exoriri,
947 2704 1024 2742 quod
1040 2705 1136 2743 utique
1147 2704 1269 2742 gravius,

199 2750 285 2778 quam
302 2743 458 2778 exprimere
480 2742 643 2780 postumus,
662 2751 714 2771 nos
737 2742 908 2780 conturbat,
927 2741 1028 2773 vestrae
1040 2741 1214 2773 Clementiae
1227 2753 1268 2773 re-

201 2779 274 2809 ferre
292 2785 295 2787 ’
314 2783 436 2809 oterunt:
730 2788 732 2790 ’
780 2788 783 2791 ·
896 2790 899 2791 ’
1023 2794 1025 2796 -

160 2848 163 2851 ,
240 2789 331 2854 ὃυρξτ
346 2817 504 2848 hiis-autem
515 2816 739 2855 ·&aliis⁷,2c01·di
751 2818 834 2853 nobis
846 2815 1041 2857 insidentibus,
1057 2818 1208 2857 praesertim
1220 2818 1271 2849 de'-

203 2854 317 2886 siderate
334 2856 424 2886 nobis
442 2865 502 2895 prae
523 2857 631 2886 caeteris
644 2855 831 2885 Promotione
843 2857 876 2886 &
889 2855 1018 2895 Honoris
1030 2866 1211 2896 augmento,
1220 2857 1271 2888 Se-

201 2894 313 2924 cretari'i
327 2893 417 2924 nostri
430 2893 606 2933 praedilecti,
624 2894 776 2935 Willielini
788 2893 824 2931 de
840 2892 983 2934 Kyldesby
990 2918 1002 2934 ,
1020 2894 1113 2935 Electi
1128 2895 1267 2934 Eborum,

202 2931 355 2963 Dilectum
377 2932 524 2963 Clericum
549 2932 678 2963 nostrum
693 2955 713 2970 ,⁴
735 2930 906 2969 Magistrum
922 2933 1084 2973 johannem
1107 2933 1270 2975 Wawayn,

184 2971 236 3002 .&
253 2994 262 3010 ,
289 2969 756 3014 Dilee‘tum'nobisssin«Christo,
777 2972 913 3005 ‘Fratrem
926 2970 1078 3013 *Thomam
1099 2972 1136 3002 de
1156 2971 1269 3011 Insula,

202 3007 332 3040 Priorem
354 3010 484 3040 Fratrum
508 3009 624 3040 Ordinis
644 3009 867 3040 Praedicatorum
881 3009 1068 3049 Wyntoniae,
1084 3011 1121 3041 ad
1135 3010 1271 3042 Samnita-

201 3049 242 3078 tis'
257 3047 359 3080 vestrae
381 3048 736 3083 Curiamrtra‘nsmittimus‘,
742 3048 927 3088 informatos,
946 3057 993 3086 ut,
1013 3049 1185 3093 Venerabilis
1200 3049 1270 3089 Vir,

202 3085 341 3126 Magister
363 3084 540 3117 Willielmus
559 3086 595 3117 de
608 3086 643 3117 N
646 3087 774 3125 orwico,
792 3086 928 3117 Decanus
941 3087 1146 3126 Lincolniensis
1162 3088 1269 3125 (quem

200 3133 251 3163 per
266 3125 337 3163 ipsos
354 3125 432 3163 super
447 3126 499 3155 hiis
513 3126 658 3155 informari
672 3125 886 3161 mandavimus)
905 3127 939 3157 &
953 3126 993 3156 illi
1009 3126 1155 3162 vSanetitati
1168 3126 1268 3157 vestrae

201 3162 283 3202 super
305 3163 356 3193 hiis
369 3165 491 3203 aperiant
504 3163 762 3203 pleniusffMentem
771 3163 920 3202 nostram,
936 3165 1038 3204 quibus
1049 3164 1129 3202 super
1142 3164 1269 3195 dicendis

202 3200 304 3231 inhac
318 3209 394 3240 parte
408 3203 563 3242 dignetur(
573 3202 749 3242 quaesumus)
766 3201 858 3234 vestra
870 3201 1030 3243 Benignitas
1043 3202 1110 3234 dare
1125 3203 1219 3234 fidem.

239 3239 416 3279 Conservet,
434 3243 494 3274 &a

238 3276 308 3309 Dat.
325 3278 398 3318 apud
412 3279 553 3320 Langele,
569 3280 685 3312 decimo
698 3287 799 3319 quarto
813 3278 859 3310 die
872 3278 979 3310 Martii.

56 1177 93 1196 m.
108 1148 138 1202 41

53 3390 184 3425 *V.176.
408 3383 410 3387 ι
458 3398 486 3425 ³st
499 3386 558 3434 Ad
584 3401 767 3436 Cardinales-
784 3402 821 3436 de
847 3380 1027 3437 Credentias

48 3476 130 3508 'Aml-
146 3476 187 3508 D·
206 3484 401 3545 PATER
422 3463 592 3517 Reverende
607 3487 641 3518 ὃς
656 3462 761 3519 Amice
772 3488 931 3528 cariffime,

76 3525 162 3555 1340·
261 3562 263 3565 v
311 3523 391 3555 Ctim
413 3535 480 3563 nos,
497 3525 629 3556 Dileetos
650 3527 683 3558 &
705 3526 812 3557 Fideles
825 3526 952 3565 nostros,
972 3525 1147 3564 Magistrum
1158 3526 1268 3565 Johan-

51 3558 105 3582 An·
127 3565 169 3592 ¹4·
204 3572 273 3593 nem
292 3564 451 3604 Wawayn,
469 3563 513 3594 86
524 3564 649 3595 Fratrem
665 3565 815 3596 Thomam
831 3566 867 3596 de
880 3564 990 3604 Insula,
1005 3565 1136 3596 Priorem
1151 3565 1267 3595 Ordinis

49 3596 149 3661 Elii-kl·
204 3601 428 3633 Praedicatorum
449 3602 491 3632 W
511 3603 638 3642 ntoniae,
657 3603 793 3634 Nuncios
814 3603 926 3634 nostros
946 3614 998 3643 pro
1020 3605 1100 3634 certis
1113 3603 1266 3643 Negotiis,

204 3651 268 3679 quae
290 3642 413 3672 multum
432 3641 482 3671 insi
504 3650 551 3672 ent
570 3642 651 3672 cordi
670 3641 784 3680 nostro,
803 3643 837 3674 ad
852 3642 957 3673 Sedem
969 3641 1167 3682 Apostolicam
1181 3641 1267 3673 desti-

200 3690 407 3759 nefrl‘rliiicitiam
421 3717 544 3750 vestram
559 3717 615 3763 (de
629 3717 683 3757 qua
698 3718 832 3759 fiduciam
848 3719 972 3763 gerimus
984 3718 1150 3765 specialem)
1170 3720 1265 3758 requi-

199 3758 303 3796 rimus,
323 3759 355 3789 ἃ
376 3767 509 3797 rogamus
529 3756 646 3787 Affeetu
662 3767 716 3794 pro
731 3758 878 3795 possumus
890 3757 1035 3797 ampliori,
1051 3765 1179 3797 quatinus
1189 3768 1264 3798 pne-

201 3796 263 3832 fatis
283 3795 426 3835 Nunciis,
444 3797 477 3827 &
496 3805 595 3826 eorum
613 3795 705 3835 alteri,
724 3796 840 3835 Fidem,
858 3796 877 3826 fi
898 3796 999 3834 libeat,
1018 3791 1170 3830 Credulam
1183 3797 1263 3827 adhi-

200 3832 297 3866 bentes
311 3859 321 3874 ,
343 3835 377 3866 ad
395 3834 593 3874 promovenda
614 3834 690 3864 dieta
712 3834 841 3875 Negotia
862 3835 872 3873 (
882 3834 1049 3873 praesertim,
1073 3834 1261 3872 Secretariurn

201 3871 331 3904 nostrum
347 3873 558 3912 praedilezstum,
573 3872 765 3903 Willielmum
779 3872 815 3903 de
824 3871 971 3914 Kylde'sby
985 3871 1195 3910 concernentia)
1209 3883 1260 3913 per

198 3909 315 3940 eosdem
328 3912 428 3943 vestrae
449 3911 608 3942 Paternitati
627 3910 707 3942 latius
728 3911 909 3949 exprimenda
924 3935 934 3950 ,
960 3911 1118 3949 dignemini
1136 3910 1261 3943 efficaci-

199 3956 251 3985 tei:
262 3950 441 3990 interponere
462 3959 547 3991 partes
570 3949 687 3988 vestras,
707 3950 869 3982 mandantes
886 3951 968 3991 nobis
990 3950 1154 3990 fiducialiter
1171 3950 1261 3981 vestra

201 3985 393 4028 Reii-epheta,
409 3989 444 4021 ad
464 3999 586 4030 quorum
600 3988 984 4028 Executionempromptam
995 3989 1117 4029 gerimus
1130 3989 1262 4022 volunta-

201 4033 269 4056 tem.
1122 4042 1125 4046 ⁴

1320 158 1793 213 PUssL'icA.
2320 198 2370 237 71

1329 248 1498 283 Confimiles
1511 254 1628 286 Litterae
1640 257 1798 298 diriguntur
1812 257 2006 293 Cardinalibus
2018 262 2189 305 subscriptis3
2205 267 2351 309 videlicet,
2388 262 2465 294 Assn·
2478 262 2523 294 D?

1347 322 1462 350 Domino
1481 324 1514 352 P.
1532 324 1655 363 Episcopo
1674 326 1834 366 Pemstrino.
2390 311 2500 368 hijs-‘3⁴

1350 360 1464 388 Domino
1485 364 1527 389 A.
1548 364 1669 401 Episcopo
1688 366 1827 403 Tusculan.
2191 387 2207 404 ,ι
2475 362 2500 378 γ

1350 398 1467 427 Domino
1485 401 1517 428 P.
1535 401 1658 440 Episbopo
1677 404 1802 434 Sabinou.

1332 457 1335 459 .
1350 436 1466 465 Domino
1485 440 1518 466 R.
1539 442 1646 469 Sandlae
1664 444 1768 472 Mariae
1786 446 1878 474 Novae
1893 448 2014 478 Diacono
2035 449 2186 481 cardinali.

1332 495 1337 498 .
1351 475 1466 503 Domino
1483 478 1518 505 G.
1534 480 1641 508 Sanblae
1659 482 1753 510 Luciae
1769 485 1798 511 in
1815 483 1891 513 silice
1908 487 2028 517 Diacono
2044 489 2195 520 Cardinali.

1319 614 1320 617 =
1336 594 1397 628 Ad
1412 600 1544 643 Papam,
1566 612 1620 647 pro
1639 604 1750 635 comite
1765 609 1894 650 Sarum,
1913 609 2004 655 fitper
2020 614 2163 660 Priorqtu
2171 614 2345 658 fundando.

1313 677 1479 737 PAPAE
1500 683 1580 723 Rex,
1599 687 1663 717 &e
2388 710 2464 741 Ann.
2480 711 2519 742 D.

1348 757 1353 762 ι
1400 718 1556 765 Laudabilis
1575 725 1608 754 δε
1630 725 1791 795 Βεοιέζῑεζῑει
1813 729 1958 769 Devotio‚
1978 732 2132 777 spectabilis
2147 736 2224 775 Viri,
2243 739 2368 770 Williel-
2414 759 2427 778 1
2454 759 2489 778 «0

1314 766 1354 786 mi
1374 756 1498 800 Comitis
1517 761 1638 801 Sarum,
1677 765 1717 809 E.
1730 767 1776 796 elis
1797 768 1885 798 nostri
1907 771 2081 811 praedilecti,
2114 774 2169 814 quii
2190 776 2317 808 fervescit
2339 781 2366 809 in
2387 758 2469 816 An341·
2493 773 2499 778 ⁵

1313 793 1432 826 Christo
1452 798 1483 842 ad
1505 799 1625 843 Cultum
1648 801 1748 834 Divmi
1771 805 1910 837 Nominis
1927 812 2187 852 augmentandum,
2205 815 2292 854 digno
2304 825 2369 855 pro·
2389 830 2410 853 E
2434 810 2439 815 ’
2471 800 2498 825 ψ’

1314 843 1436 878 meretur
1457 846 1576 876 intuitu,
1592 848 1621 870 ut
1643 840 1678 885 ad
1697 853 1728 872 ea
1750 845 1960 884 confirmanda,
1975 858 2038 887 quae
2050 849 2101 880 Pia
2114 851 2266 884 Liberalite
2277 854 2368 894 dispo·
2388 836 2464 892 Rem}
2479 875 2487 892 1

1312 871 1364 902 suit
1373 874 1522 919 ,svest'ram
1536 877 1724 922 Clementiam
1737 880 1877 913 humiliter
1889 885 2049 917 excitemus.
2389 907 2410 929 F.
2454 886 2460 893 ⁸
2492 875 2523 901 4⁹

1351 911 1431 942 Cum
1453 922 1534 953 igitur
1554 916 1629 947 idem
1651 916 1774 962 Oomes,
1792 921 1839 960 pie
1862 922 2036 955 considerans
2058 925 2221 959 Manerium
2235 929 2315 961 suum
2334 931 2370 963 de
2388 924 2418 969 m*
2442 912 2469 938 3-

1313 947 1501 990 Bustlesham,
1519 954 1619 998 Sarum
1634 955 1773 988 Dioecesis
1810 961 1887 999 quod
1902 960 1956 998 ipse
1968 962 2075 993 dudum
2086 987 2096 1002 ,
2113 965 2266 998 secundum
2282 969 2372 1009 Leges
2418 962 2424 968 ⁶
2444 950 2469 978 Ξ,

1313 988 1349 1032 ὃς
1369 987 1597 1037 consuetudines,
1616 994 1711 1034 Regni
1732 982 1838 1036 notin,
1865 999 1916 1029 rite
1937 1000 1971 1030 δε
1992 1000 2115 1041 legitime
2139 1005 2309 1045 adquisivit,
2333 1010 2371 1039 ab

1313 1027 1382 1056 olim
1403 1027 1484 1059 fuisse
1503 1029 1714 1074 Rfleligiosorum
1734 1036 1824 1066 uiibus
1844 1037 2026 1078 deputatum,
2062 1041 2180 1072 uendam
2196 1045 2225 1073 in
2241 1055 2275 1075 eo
2291 1046 2372 1077 Prio-

1313 1073 1406 1109 ratum
1422 1065 1639 1114 Canonicorum
1656 1071 1842 1111 Regularium
1853 1099 1861 1113 ,
1879 1076 1912 1106 ad
1928 1075 2029 1108 Divini
2074 1079 2145 1110 ultus
2160 1081 2354 1122 Augmentum

1311 1102 1347 1133 de
1365 1103 1476 1145 licentia
1490 1117 1615 1152 *erexerit
1634 1120 1738 1140 novam
1760 1111 1915 1144 Ecclesiam
1928 1137 1938 1152 ,
1965 1116 1998 1146 &
2017 1117 2067 1148 alia
2088 1118 2204 1150 aedificia
2226 1110 2374 1155 necessarii}

1312 1149 1384 1186 aptae
1406 1143 1599 1190 pulcritudinis
1618 1148 1821 1189 construxerit,
1843 1162 1875 1182 ac
1896 1153 2000 1184 Fratres
2015 1155 2071 1186 illic
2085 1156 2230 1189 servituros
2243 1169 2371 1200 aggrega-

1312 1189 1397 1219 verit,
1423 1182 1550 1226 &,·pro
1569 1185 1691 1223 ipsorum
1710 1189 1916 1220 necessitatibus
1937 1193 1970 1222 &
1990 1195 2222 1227 incumbentibus
2241 1201 2373 1230 oneribus

1311 1218 1519 1265 supportandis,
1535 1222 1572 1252 de
1583 1225 1664 1267 certis
1677 1224 1846 1257 Redditibus
1861 1238 2054 1266 competenter
2069 1233 2222 1273 dotaverit,
2243 1237 2276 1267 &
2292 1238 2372 1270 dota-

1311 1267 1341 1287 re
1364 1268 1497 1305 proponit
1514 1261 1623 1292 uberius
1634 1264 1662 1292 in
1677 1263 1818 1303 futurum,
1837 1275 1919 1305 prout
1934 1270 1964 1297 in
1978 1269 2178 1308 supplicatione
2186 1273 2251 1313 sua,
2269 1275 2372 1308 vestrae
2416 1291 2418 1294 ·

1311 1295 1481 1342 Clementiae
1487 1299 1650 1342 offerenda,
1656 1302 1763 1338 plenius
1777 1306 1938 1336 continetur
1947 1329 1956 1344 ,

1324 1372 1329 1377 ⁵
1345 1334 1493 1380 Sandtitati
1514 1338 1615 1382 vestrae
1630 1342 1734 1371 votivis
1750 1342 1912 1374 Affectibus
1925 1344 2067 1376 humiliter
2082 1347 2285 1391 supplicamus,
2303 1363 2374 1392 qua·-

1309 1380 1382 1417 tinus
1405 1374 1565 1413 hiiJiismodi
1585 1378 1828 1418 Supplicationem
1848 1382 1922 1412 suam
1944 1384 1977 1414 ad
1999 1385 2178 1417 exauditionis
2191 1392 2307 1428 gratiam
2323 1393 2371 1424 ad—

1308 1419 1438 1458 mittere,
1455 1415 1498 1444 &
1511 1425 1560 1453 ea,
1578 1427 1642 1460 quae
1662 1418 1696 1448 ad
1719 1419 1847 1450 latiorem
1870 1419 1993 1452 Cultum
2014 1422 2115 1454 Divini
2139 1425 2280 1458 Nominis
2314 1429 2379 1461 tam'

1307 1459 1370 1488 pie,
1388 1451 1509 1496 devote,
1535 1455 1568 1485 &
1590 1456 1744 1496 sinceriter,
1769 1458 1832 1489 sunt
1851 1459 1994 1500 disposita,
2018 1461 2198 1495 Auitoritate
2217 1453 2373 1505 dign'emini

1308 1488 1476 1526 Apostolica
1489 1492 1665 1525 confirmare.

1345 1528 1391 1558 Ad
1404 1530 1636 1576 'prosequendum
1655 1542 1749 1565 autem
1764 1545 1849 1573 penes
1863 1535 2045 1569 Sanetitatem
2057 1540 2178 1572 vestram
2191 1541 2276 1573 distae
2288 1543 2372 1575 Con-

1308 1565 1473 1598 firmationis
1493 1569 1670 1610 Negotium,
1690 1573 1766 1603 idem
1785 1573 1912 1613 Comes,
1929 1576 2067 1608 diletfffflm
2089 1579 2175 1610 nobis
2192 1582 2221 1610 in
2237 1580 2356 1614 Christo

1308 1603 1437 1635 Fratrem
1453 1606 1602 1652 Thomam
1616 1610 1650 1640 de
1666 1611 1774 1650 insula,
1788 1612 1915 1644 Priorem
1931 1614 2059 1647 Fratrum
2073 1616 2190 1648 Ordinis
2203 1608 2374 1654 Praedicatol

1308 1651 1374 1672 rum
1387 1644 1560 1691 Wyntomae
1570 1670 1579 1685 ,
1596 1647 1675 1679 duxit
1686 1649 1836 1687 specialiter
1851 1653 2114 1693 transmittendum;
2138 1656 2264 1697 ‚Qem,
2281 1662 2374 1693 confi-

1307 1681 1451 1725 deratione
1464 1684 1571 1728 nostri,
1584 1686 1685 1716 habere
1701 1688 1791 1719 velitis
1800 1712 1810 1727 ,
1825 1689 1843 1719 si
1857 1690 1964 1730 placet,
1981 1693 2114 1724 sincerius
2128 1698 2361 1731 commendatum

1306 1720 1340 1751 δε
1355 1720 1445 1756 ipsum
1458 1731 1601 1754 remittere
1614 1725 1731 1756 celerius
1745 1728 1778 1758 &
1791 1729 1933 1767 gratiosius
1945 1732 2115 1768 expeditum.
2362 1723 2374 1738 ²

1343 1757 1521 1800 Conferver,
1537 1763 1597 1793 &c
2119 1772 2121 1775 ’

1342 1797 1412 1828 Dat.
1425 1799 1497 1840 apud
1514 1801 1816 1844 Westrnonasterium,
1832 1805 1948 1836 decimo
1964 1807 2041 1839 sexto
2054 1809 2101 1844 die
2121 1808 2229 1842 Martii.

1306 1923 1366 1958 Ad
1390 1927 1524 1971 Papam,
1541 1927 1633 1973 fhper
1656 1928 1879 1974 Diſjvenfhtione
1895 1934 1973 1963 inter
1991 1934 2150 1979 Hugonem
2170 1935 2197 1968 le
2212 1937 2373 1985 Despenftr

1612 1978 1648 2014 (ῤ’
1663 1978 1779 2009 Filiam
1805 1980 1930 2012 Comitis
1944 1982 2072 2015 Sarum.

1365 2050 1425 2082 ΑΡ
1436 2051 1478 2083 AE
1496 2051 1561 2083 Rex
1593 2053 1654 2084 &c.

1379 2089 1558 2121 Redeunt&
1567 2076 1602 2122 {d
1617 2103 1686 2131 nos,
1704 2093 1810 2125 Clerici
1823 2094 1912 2125 nostri
1926 2096 2011 2135 quam
2027 2096 2137 2137 dileffi,
2151 2099 2300 2139 Magistri,
2315 2099 2368 2139 Jo-
2390 2090 2465 2121 Ann-
2481 2090 2524 2124 D·

1306 2128 1411 2159 hannes
1432 2129 1467 2160 de
1489 2129 1611 2169 Offord,
1629 2131 1855 2164 Archidiaconus
1874 2133 2003 2173 ElienfiS,
2021 2136 2055 2167 &
2069 2136 2213 2175 Johannes
2233 2139 2268 2170 de
2281 2140 2368 2170 Tho·
2417 2138 2504 2170 ¹340·

1306 2168 1404 2212 resby,
1422 2168 1587 2200 Canonicus
1608 2169 1741 2202 Ecclefiae
1762 2172 1883 2210 Suwell‚
1901 2173 1936 2204 ad
1959 2173 2117 2206 Sanffitatis
2136 2177 2236 2208 vestrae
2250 2178 2370 2216 praese'n-
2389 2172 2441 2196 An.
2462 2179 2506 2206 ¹4·

1307 2215 1375 2238 tiam
1396 2217 1425 2237 in
1446 2208 1543 2238 nostro
1561 2208 1684 2240 Nuncio
1705 2220 1792 2250 nuper
1814 2211 1900 2241 missis
1930 2213 2013 2243 nobis
2047 2214 2119 2245 iuter
2133 2213 2200 2254 alia,
2216 2216 2372 2248 retulerunt
2387 2211 2422 2235 E.
2443 2217 2469 2250 3?

1304 2246 1418 2290 qualiter
1437 2246 1621 2277 Sanffltatem
1644 2248 1763 2292 vestram
1801 2249 1878 2287 juxta
1899 2234 2111 2289 injunctionem
2133 2255 2275 2293 nostram,
2291 2255 2373 2294 super
2425 2244 2492 2276 lbrd.

1305 2284 1361 2314 hoc
1379 2285 1562 2329 ersfmftam,
1571 2296 1633 2329 ¹pro
1646 2272 1799 2326 optinenda
1811 2288 1932 2325 quadam
1946 2288 2158 2329 Dispensatione
2172 2292 2251 2334 super
2267 2293 2371 2325 Matri-

1305 2332 1405 2353 monio
1427 2332 1500 2354 inter
1536 2324 1684 2356 Dilectum
1704 2327 1738 2357 &
1759 2326 1884 2357 Fidelem
1902 2327 2051 2367 nostrum,
2069 2328 2228 2370 Hugonem
2249 2331 2276 2363 le
2296 2331 2374 2363 Des-

1305 2361 1419 2407 penser,
1435 2363 1468 2393 &
1481 2347 1657 2407 ¹E'lizabeth,
1674 2364 1774 2395 Filiam
1794 2365 1949 2403 spectabilis
1971 2365 2095 2399 Comitis
2108 2369 2208 2400 Sarum
2222 2371 2255 2402 &
2271 2370 2373 2402 Mare-

1305 2400 1379 2431 scalli
1401 2401 1512 2439 Angliae
1532 2403 1659 2441 praedieti
1675 2403 1765 2434 nostri
1781 2406 1790 2438 (
1799 2415 1859 2434 nori
1872 2404 2002 2436 obstante
2018 2406 2037 2425 ²*
2053 2405 2219 2448 Affinitate,
2237 2408 2294 2450 qua
2306 2419 2373 2441 mu-

1307 2447 1359 2470 tuo
1371 2439 1398 2469 se
1412 2441 1548 2478 attinent)
1569 2441 1763 2472 contrahendo
1779 2442 1921 2474 humiliter
1933 2444 2098 2476 institerunt.

1343 2477 1382 2509 Et
1406 2478 1486 2517 quod
1504 2480 1542 2510 eis
1563 2479 1653 2510 vestra
1677 2480 1814 2511 Sanctitas
1839 2482 1963 2521 benigne
1981 2483 2126 2521 respondit
2138 2507 2149 2523 ,
2163 2484 2244 2525 quod
2262 2485 2372 2518 dietam

1306 2513 1553 2554 Dispensationem
1567 2518 1658 2549 adhuc
1671 2519 1786 2550 duceret
1798 2518 1981 2551 differendam
1990 2544 2000 2559 ,
2016 2523 2079 2559 quia
2093 2533 2154 2553 non
2170 2523 2279 2555 videtur
2290 2525 2373 2556 vobis

1307 2557 1370 2587 fore
1392 2564 1502 2595 tutum,
1521 2566 1551 2587 ut
1567 2557 1656 2596 ipsum
1670 2559 1699 2588 in
1714 2557 1820 2598 Regno
1833 2558 1931 2589 nostro
1949 2561 2070 2590 nimium
2085 2561 2260 2600 attollamus,
2298 2563 2326 2594 ui
2339 2563 2374 2593 li-

1306 2595 1406 2625 benter
1424 2595 1531 2634 forsan,
1557 2596 1577 2626 fi
1595 2596 1700 2635 poffet,
1726 2605 1825 2627 contra
1845 2598 1917 2635 ipsos
1937 2598 2086 2637 insurgeret
2100 2623 2110 2638 ,
2136 2601 2185 2638 qui
2203 2601 2233 2631 in
2291 2611 2373 2632 ecem

1308 2632 1462 2665 Parentum
1486 2635 1598 2665 suorum
1621 2635 1750 2674 primitiis
1772 2635 1983 2667 consenserunt:
2001 2638 2081 2677 super
2094 2649 2153 2679 quo
2167 2640 2277 2670 bonam
2288 2639 2371 2670 Deli-

1308 2673 1481 2703 berationem
1503 2673 1593 2704 voluit
1605 2672 1695 2704 vestra
1709 2673 1870 2705 Clementia
1883 2684 1937 2705 nos
1950 2675 2062 2706 habere.
2363 2695 2367 2698 -

1346 2711 1383 2741 Et
1414 2711 1529 2749 quidem
1556 2711 1656 2748 (Pater
1676 2712 1873 2748 Sanetisfime)
1904 2712 2053 2744 Paternalis
2076 2714 2247 2745 Affeffionis
2271 2715 2372 2746 vestrae

1308 2750 1487 2780 dulcedinem
1512 2751 1540 2779 in
1563 2750 1620 2780 hoc
1639 2752 1740 2781 merito
1762 2752 2005 2791 contemplamur,
2021 2753 2055 2783 &
2069 2754 2147 2790 juxta
2166 2754 2279 2784 Sacram
2301 2753 2370 2784 Per-

1307 2788 1459 2819 suafionem
1478 2788 1596 2819 vestram
1611 2789 1688 2828 super
1702 2790 1759 2820 hoc
1776 2790 2019 2821 Deliberationem
2032 2791 2180 2822 habuimus
2193 2792 2369 2831 diligentem,

1308 2827 1341 2857 ὃς
1364 2827 1473 2857 videtui·
1497 2827 1611 2866 Nobis,
1629 2829 1663 2858 &
1684 2827 1797 2866 Peritis,
1816 2829 1898 2858 nobis
1918 2828 2118 2867 assistentibus,
2135 2829 2228 2874 quod,
2247 2831 2370 2868 inspena

1308 2865 1435 2902 qualitate
1448 2874 1610 2904 temporum
1623 2865 1847 2904 modernorum,
1863 2866 1897 2897 ad
1909 2866 2070 2898 fomentum
2085 2867 2166 2898 Pacis
2181 2869 2214 2899 &
2230 2868 2370 2899 Dileetio-

1307 2905 1349 2933 nis
1368 2905 1397 2933 in
1419 2904 1525 2942 Regno
1544 2903 1643 2935 nostro
1656 2904 1783 2944 Angliae,
1800 2906 1832 2936 δε
1845 2905 1997 2943 praesertim
2011 2907 2040 2937 in
2054 2906 2176 2945 Wallia,
2194 2907 2272 2938 dieta
2288 2905 2370 2938 Con-

1304 2942 1402 2981 jugalis
1417 2941 1530 2980 Copula
1545 2942 1612 2972 esset
1627 2943 1782 2980 plurimum
1794 2953 1944 2984 oportuna,

1345 2980 1522 3019 Quinimmo
1530 2981 1591 3019 jam
1605 2982 1696 3012 nobis*
1703 2982 1764 3019 plus
1778 2982 1918 3021 expediret
1931 2982 2035 3012 habere
2049 2982 2162 3015 Fideles·
2170 2983 2282 3014 nostros
2297 2993 2368 3014 una-

1307 3019 1413 3057 nimes,
1429 3020 1515 3059 quam
1539 3019 1594 3050 alio
1616 3028 1749 3058 ternpore
1768 3030 1871 3051 nocere
1890 3021 1981 3060 posset
2003 3030 2104 3052 eorum
2124 3022 2256 3060 Divisio,
2280 3030 2367 3062 quam

1307 3067 1356 3094 per
1369 3057 1427 3087 Dei
1444 3058 1562 3094 gratiam
1576 3068 1636 3088 non
1650 3058 1793 3090 credimus
1808 3059 1993 3090 verisimiliter
2005 3061 2125 3091 evenire.

1343 3096 1547 3134 Qamobrem
1568 3096 1665 3127 vestrae
1688 3097 1855 3128 Beatitudini
1875 3099 2063 3137 multiplicatis
2080 3098 2214 3128 Precibus
2232 3097 2369 3138 supplica-

1306 3144 1368 3164 mus
1388 3135 1530 3174 quatinus,
1546 3134 1580 3165 ad
1601 3145 1741 3173 magnum
1756 3136 1844 3166 nostri
1858 3136 2011 3173 Solatium,
2030 3137 2064 3167 ὅτ,
2079 3136 2151 3167 dieti
2166 3135 2290 3167 Comitis
2305 3135 2367 3166 Re-

1305 3174 1453 3203 creationis
1465 3181 1663 3213 augmentum,
1678 3174 1763 3205 dista:
1779 3174 1994 3213 Dispensatioiiis
2007 3174 2137 3205 Gratiam
2149 3174 2367 3209 misericorditer

1305 3212 1463 3242 concedere
1486 3212 1660 3252 dignemini,
1677 3214 1754 3251 quta
1774 3213 1900 3244 formam
1921 3213 2137 3251 Supplicationis
2154 3212 2277 3252 nostrae,
2294 3223 2365 3252 prae-

2396 2406 2412 2423 ⁴*
2423 2410 2525 2444 V-1772

1287 3261 1291 3265 ·
1304 3249 1424 3281 sentibus
1439 3251 1600 3282 interclusae.

1343 3288 1427 3319 Nota
1447 3300 1571 3328 namque
1592 3290 1770 3320 verecundiae
1791 3300 1850 3320 non
1871 3296 1976 3320 careret
1990 3289 2009 3320 fi
2024 3288 2087 3327 post
2101 3296 2145 3320 tot
2157 3289 2278 3320 Precum
2293 3299 2365 3320 con-

1304 3329 1412 3366 geriem
1429 3328 1513 3359 diecae
1533 3328 1748 3368 Supplicationis
1771 3337 1926 3366 pateremur
1949 3327 2117 3367 Repulsam3
2133 3329 2210 3367 quod
2230 3329 2363 3365 dignetur

1307 3367 1463 3405 (petimus)
1485 3367 1602 3397 Paterna
1623 3367 1829 3407 Benivolentia,
1844 3367 1863 3396 si
1883 3367 2032 3404 placuerit,
2049 3366 2222 3407 ponderare,
2239 3366 2272 3396 &
2294 3375 2365 3404 pro-

1305 3415 1367 3446 pter
1382 3406 1439 3436 hoc
1453 3406 1596 3445 gratioiius
1611 3405 1817 3436 condescendre
1832 3407 1906 3435 votis
1919 3404 2029 3435 nostris.

1344 3443 1388 3474 Ad
1410 3444 1637 3482 prosequendum
1658 3453 1751 3474 autem
1771 3443 1854 3474 dictae
1877 3443 2095 3482 Dispenffitionis
2115 3443 2265 3481 negotium
2281 3442 2362 3477 idem

1305 3482 1431 3521 Comes,
1449 3484 1582 3514 dilectum
1601 3483 1684 3512 nobis
1704 3483 1732 3511 in
1748 3480 1864 3511 Christo
1881 3481 2023 3518 Fratrem,
2041 3481 2191 3512 Thomam
2203 3481 2240 3511 de
2255 3481 2364 3520 Insula,

1304 3520 1432 3552 Priorem
1449 3523 1577 3552 Fratrum
1593 3520 1710 3551 Ordinis
1724 3520 2148 3563 Piaedicatorum'Wyntoniae,
2167 3519 2245 3550 duxit
2259 3520 2362 3564 specia-

1305 3560 1368 3590 liter
1384 3559 1648 3598 transmittendum,
1667 3569 1754 3598 quem
1768 3559 1990 3589 consideratione
2002 3557 2090 3588 nostri
2100 3558 2206 3588 'habere
2218 3558 2322 3597 vehus,
2339 3558 2360 3590 fi

1304 3598 1418 3637 placet,
1444 3599 1572 3629 sincerius
1591 3597 1843 3636 commendatum,
1865 3597 1900 3628 &
1919 3597 2010 3634 ipsum
2029 3597 2170 3628 remittere
2189 3596 2305 3628 celerius
2325 3597 2360 3629 δί

1303 3638 1446 3677 gratiosius
1459 3637 1630 3676 expeditum

1341 3675 1512 3714 Conservet,
1531 3677 1592 3707 &c.

1374 3714 1443 3745 Dat.
1457 3715 1530 3754 apud
1545 3712 1845 3749 westmonasterium,
1860 3711 2067 3744 decimosexto
2080 3711 2127 3743 die
2142 3711 2249 3743 Martii.

1300 3846 1348 3878 De
1374 3841 1531 3876 tran-‘ando
1549 3841 1641 3888 fitper
1663 3839 1849 3889 Sponfhlibus
1869 3845 1947 3874 inter
1971 3843 2207 3888 Primogenitum
2231 3844 2358 3875 Domini
2378 3823 2508 3903 {gaon

1434 3891 1470 3924 de
1487 3892 1515 3923 le
1527 3893 1633 3934 Breto,
1659 3895 1695 3930 ὠ·
1711 3891 1824 3924 Filiam
1842 3900 1935 3936 nuper
1956 3892 2080 3923 Comitis
2098 3892 2224 3926 Kantiae.
2375 3906 2428 3929 An.
2446 3912 2491 3938 ¹4-

1297 3975 1428 4045 RE}
1446 3976 1581 4024 omnibus
1591 3999 1601 4014 ,
1617 3977 1652 4008 ad
1666 3986 1752 4017 quos,
1772 3976 1833 4007 ὅτε.
1845 3975 1981 4008 Salutem.

1426 4023 1502 4059 eratis
1514 4014 1595 4052 quod
1608 4026 1660 4046 nos
1662 4039 1678 4064 3
1769 4053 1774 4059 .
1938 4053 1944 4059 ι
2089 4053 2096 4060 .
2119 4051 2130 4063 Α
2205 4052 2209 4058 Ι
2373 4019 2405 4043 Ε.
2427 4024 2455 4051 3.

1337 4053 1386 4084 De
1400 4052 1545 4084 Fidelitate
1556 4054 1676 4091 probata
1688 4053 1722 4085 &
1736 4051 2003 4093 Circumspee‘tione
2014 4052 2151 4094 provida,
2167 4050 2354 4121 Dilestorug
2371 4063 2407 4082 m.
2427 4061 2472 4089 23⁴
