2562 4279
38 184 115 218 Ann.
126 184 167 215 D.
186 184 428 224 congregationes
448 182 614 214 Hominum
635 183 670 213 ad
693 193 770 215 arma
795 182 918 222 fiebant,
935 185 970 215 &
992 185 1087 216 adhuc
1107 185 1177 217 fiunt
1189 209 1198 224 ‚
1217 187 1248 217 in

63 232 148 263 1329.
186 222 264 291 {acis
284 223 387 254 nostra:
409 222 572 261 laesionem,
589 222 623 252 δε
645 221 750 262 Populi
772 222 862 253 nostri
875 224 1115 261 perturbationem
1129 225 1249 256 manife-

34 264 100 291 Edv.
142 283 149 289 .
212 271 275 292 am:

122 271 135 299 Ξ
222 298 260 329 Et
279 298 362 336 Nos,

224 337 313 367 Utras
328 348 363 367 ue
377 335 516 367 Ecclesias
530 335 676 374 praedie‘cas
690 337 720 367 in
734 337 786 368 suis
795 337 912 376 Juribus
924 347 1122 379 manutenere,
1141 341 1175 372 &
1192 340 1250 371 Pa-

184 386 250 407 cem
265 386 304 405 no
331 385 391 405 ram
408 374 519 404 illaesam
533 374 716 412 conservare,
734 376 880 415 volentes,

223 413 415 450 Dederimus,
441 414 500 444 tam
521 413 638 451 praefato
661 414 887 454 Archiepiscopo
902 438 912 454 ,
936 417 1021 455 quam
1044 417 1186 457 praedieto
1208 416 1251 448 E-

184 453 302 491 piscopo
349 459 458 482 certum
481 451 557 482 diem
578 451 614 482 ad
635 452 784 484 effendurn
798 478 807 491 ,
833 464 932 485 coram
956 456 1040 486 nobis
1059 479 1069 495 ,
1093 457 1139 487 vel
1161 456 1250 487 Con-

182 491 250 558 ἓῌέιῖο
264 474 362 520 nolito
371 514 381 529 ,
399 489 433 520 ad
448 490 663 522 informandum
679 502 732 523 nos
745 492 826 532 fiiper
839 493 925 525 causis
939 493 1155 526 Diffensionum
1175 505 1249 534 prae-

204 539 212 558 i
243 538 339 559 arum:

215 567 262 597 Ac
286 566 437 605 praedictus
455 566 613 607 Episcopus
628 593 638 607 ,
661 570 692 599 in
711 568 854 600 veniendo
875 570 967 601 versus
990 570 1060 602 Nos
1074 596 1085 610 ,
1113 581 1147 602 ex
1166 571 1249 603 causa

180 605 317 645 praedieta
329 608 363 637 &
377 607 490 645 negotia
504 607 640 645 praedieta
653 608 868 647 prosequendo,
887 619 936 648 per
950 610 1086 649 quosdam
1109 610 1247 641 AEmulos

179 645 259 682 suos,
276 644 310 675 ad
330 645 568 676 procurationem
587 647 669 683 ipsius
688 647 919 686 Archiepiscopi,
937 649 1034 679 timeat
1054 649 1104 679 sibi
1129 650 1163 679 &
1179 648 1248 679 Ho-

180 684 303 714 minibus
323 684 374 714 suis
397 684 555 723 dampnum
577 686 611 717 &
625 686 784 723 periculum
798 686 880 725 posse
893 688 1022 725 evenire,
1040 688 1075 718 &
1088 688 1171 717 nobis
1185 687 1249 727 sup-

179 722 326 760 plicaverit
340 730 371 754 ut
384 723 521 754 securitati
536 724 622 762 ipsius
638 724 787 764 Episcopi,
805 726 838 756 &
854 724 1020 757 Hominum
1034 725 1149 756 suorum
1172 735 1249 766 prae-

178 760 344 830 &Qrum’
364 763 393 792 in
408 761 572 802 praenimis,
590 763 710 794 velimus
722 763 889 803 providere:

256 809 289 830 os

218 838 281 877 Qi
298 823 407 870 ²omnes
429 840 463 871 &
482 839 523 870 fin
545 839 621 880 ulos,
639 842 668 871 in
689 841 886 879 prosecutione
906 841 940 871 &
959 839 1122 871 desensione
1133 841 1249 879 Jurium

178 875 313 915 suorum,
330 879 360 908 in
373 877 468 909 Curiis
481 883 531 909 nol
547 880 597 917 ris,
616 889 797 910 manutenete
813 880 847 910 δε
861 878 1012 909 defendere
1027 889 1174 918 tenemur,

218 915 357 947 Volentes
369 917 460 955 ipsum
474 917 668 956 Episcopum,
686 920 715 947 in
729 918 927 956 prosecutione
940 918 974 949 ὃ(
996 917 1158 949 defensione
1175 918 1251 957 Juris

180 953 223 984 sui
245 955 275 984 in
297 955 352 986 hac
375 965 452 994 parte
472 956 623 987 defendere
636 957 734 994 (prout
747 956 842 993 decet)
857 957 983 997 cepimus
994 957 1024 986 iri
1036 957 1251 995 protcCtionem

180 994 216 1024 &
240 992 435 1025 defensionem
456 994 562 1026 nostras
582 995 711 1033 speciales
733 995 902 1034 praedietum
924 994 1028 1033 Episco
1051 1005 1119 1035 um,
1137 996 1171 1026 &
1185 995 1252 1026 Ho-

180 1032 273 1062 mines
286 1057 296 1070 ,
326 1033 360 1064 ὃς
383 1033 542 1063 Familiares
564 1033 647 1072 suos,
680 1035 709 1063 in
729 1033 873 1065 veniendo
895 1035 989 1065 versus
1050 1044 1083 1064 os
1097 1058 1108 1072 ,
1138 1033 1249 1066 ibidem

180 1071 336 1139 gnoragdo,
354 1073 468 1112 negotia
482 1071 616 1110 praedieta
627 1072 845 1114 prosequendo,
862 1082 895 1103 ac
910 1072 1012 1103 exinde
1028 1073 1062 1104 ad
1077 1074 1190 1112 propria
1204 1083 1249 1104 re-

202 1118 259 1139 eun
279 1120 308 1140 o.

218 1146 255 1178 Et
267 1147 334 1179 ideo
347 1149 432 1179 vobis
446 1148 626 1187 mandamus,
637 1149 717 1188 quod
729 1149 821 1181 eidem
829 1149 973 1190 Episcopo
985 1147 1045 1184 (ὅτ.
1053 1157 1137 1190 prout
1149 1153 1177 1181 in
1186 1161 1248 1181 con-

175 1185 308 1228 similibus
322 1189 428 1217 Literis
435 1186 533 1228 slepius
548 1191 676 1228 repetitis.

217 1223 251 1254 In
270 1226 367 1265 cujus,
381 1226 441 1258 &c.
462 1226 549 1266 usque
562 1226 597 1258 ad
615 1226 719 1258 festum
732 1226 863 1266 Paschae,
880 1227 1014 1266 proximo
1028 1226 1173 1267 futurum,
1190 1227 1245 1259 du-

179 1271 291 1294 raturas.

178 1339 303 1410 brTeste
324 1341 409 1381 Rege
428 1342 501 1381 apud
524 1341 707 1375 Kenilworth
720 1365 731 1382 ‚
763 1342 878 1374 decimo
900 1350 1002 1383 quarto
1026 1342 1073 1374 die
1102 1342 1245 1376 Novem-

214 1389 243 1410 is.

653 1460 708 1489 Per
721 1458 803 1499 ipficm
816 1461 914 1497 Regem
928 1456 966 1494 ὠ
980 1458 1136 1490 Concilium.

175 1582 234 1617 Ad
248 1582 424 1631 Epist-opum
439 1583 662 1629 Norwicensbm
673 1584 765 1631 fhper
779 1588 902 1632 nggotiis
916 1597 986 1618 cum
1004 1587 1082 1633 Rege
1096 1588 1241 1620 Francia.

175 1667 318 1730 REX,
334 1668 488 1701 venerabili
506 1670 536 1700 in
558 1668 676 1701 Christo
695 1669 788 1710 Patri,
806 1670 862 1702 W.
877 1670 978 1703 eadem
993 1671 1100 1710 gratia,
1116 1671 1241 1705 Norwi-

257 1707 333 1738 censi
347 1706 508 1746 Episcopo,
526 1707 659 1739 Salutem.

212 1745 307 1785 Qia,
324 1756 374 1785 per
393 1746 595 1778 avisamentum
618 1747 745 1778 Concilii
767 1747 881 1786 nostri,
897 1750 931 1781 &
951 1749 993 1779 ob
1015 1748 1239 1789 confidentiam,

174 1793 261 1822 qnam
275 1785 311 1815 de
323 1784 420 1817 vestris
433 1784 700 1823 circumspectione
713 1787 746 1817 &
764 1787 787 1817 F
788 1787 909 1831 idelitate
924 1788 1087 1831 optinemus
1096 1811 1105 1824 ‚
1124 1788 1239 1832 ordina-

131 1891 136 1896 ,
172 1822 1239 1930 {llffzfissssdossssiffiss‘esfgffiffin3531ffi⁰fflssessssffil¹5fflfflssffi¹lstssz¹f

192 1910 271 1931 eatis:

209 1938 247 1969 Et
258 1938 454 1979 affignavimus
483 1941 542 1971 una
553 1940 722 1979 vobiscum,
740 1940 878 1972 dileecum
892 1941 1133 1981 consanguineum
1148 1943 1183 1975 δε
1205 1943 1240 1974 fi-

170 1976 264 2008 delem
285 1977 434 2018 nostrum,
452 1962 614 2009 slenricurn
635 1978 788 2010 Comitem
812 1979 981 2010 Lancastriae
997 2004 1006 2018 ,
1025 1982 1109 2019 eique
1131 1981 1238 2020 scripsi-

170 2024 235 2046 mus
250 2026 300 2054 per
313 2016 420 2055 literas,
435 2017 486 2048 sub
502 2017 619 2048 Privato
633 2017 732 2058 Sigillo
749 2018 864 2057 nostro,
883 2018 962 2057 quod
980 2019 1013 2049 ad
1028 2019 1086 2050 hoc
1096 2043 1105 2058 ,
1124 2020 1178 2050 una
1186 2031 1239 2051 vo-

170 2054 297 2094 biscum,
311 2055 435 2086 intendat
445 2057 523 2094 juxta
537 2056 793 2094 Informationem,
813 2067 899 2096 quarn
912 2057 1004 2100 vobis*
1011 2059 1169 2097 mittimus,
1186 2059 1237 2091 sub

168 2091 283 2164 Eriggto
302 2093 401 2163 Sigiltlio
420 2093 538 2134 nostro,
556 2097 721 2135 quamcito,
737 2096 893 2127 deliberato
916 2095 1066 2136 Connlio,
1083 2096 1142 2127 fieri
1155 2106 1238 2136 pote-

167 2140 202 2163 rit
257 2142 297 2163 no
312 2143 365 2164 mo
385 2143 421 2164 o:

205 2169 243 2202 Et
263 2172 297 2202 ad
316 2170 496 2203 affistendum
517 2174 617 2212 vobis,
636 2175 669 2205 &
688 2174 804 2213 praefato
824 2173 935 2205 Comiti
990 2174 1112 2206 consiliis
1133 2176 1167 2207 &
1188 2186 1238 2207 au-

169 2209 241 2240 xiliis
255 2232 265 2249 ,
286 2210 405 2242 dilectos
431 2210 560 2242 Clericos
582 2212 694 2243 nostros
707 2236 718 2252 ‚
748 2212 920 2252 Magistrum
964 2214 1109 2244 ohannem
1133 2215 1236 2246 Wale-

167 2257 214 2317 Ere
234 2259 269 2293 n,
287 2250 320 2280 &
334 2249 505 2290 Magistrum
513 2250 679 2289 Johannern
693 2252 731 2282 de
751 2251 912 2291 Shordich,
927 2252 962 2282 ad
981 2263 1034 2284 vos
1053 2253 1237 2291 disposuimus

234 2297 321 2318 lnare'

206 2324 300 2356 Vobis
311 2311 495 2366 inandamus,
509 2328 539 2358 in
552 2328 607 2359 fide
620 2329 654 2359 δε
669 2328 841 2370 dsseffione,
859 2331 959 2368 quibus
974 2331 1059 2360 nobis
1078 2332 1235 2371 tenemini,

169 2362 289 2394 firmiter
307 2364 503 2404 injungentes,
520 2367 616 2404 quod,
631 2369 714 2398 omni
733 2370 910 2400 excusatione
930 2369 1070 2406 cessante,
1088 2369 1122 2400 ad
1147 2370 1235 2410 profi-

170 2401 334 2433 ciscendum
347 2402 382 2433 ad
396 2403 483 2433 dietas
497 2414 585 2441 partes
597 2405 724 2436 Franciae
739 2408 838 2444 (prout
851 2407 914 2437 alias
935 2407 1018 2437 vobis
1037 2407 1235 2440 mandavimus

171 2449 223 2478 per
241 2440 330 2471 literas
348 2441 399 2471 sub
422 2441 537 2472 Privato
560 2442 658 2482 Sigillo
680 2444 792 2481 nostro)
818 2455 871 2475 vos
893 2447 1009 2484 paretis,
1025 2446 1061 2476 ita
1083 2447 1162 2484 quod
1176 2447 1234 2479 esse

171 2477 280 2548 poffitsis
290 2478 418 2547 adsdliem
430 2480 578 2518 praefixum
587 2504 598 2520 2
612 2481 682 2513 sicut
696 2483 779 2513 nobis
792 2484 857 2514 alias
872 2494 922 2522 per
936 2483 1040 2515 vestras
1057 2484 1164 2516 Literas
1172 2486 1232 2524 ple-

171 2526 236 2548 mUS
262 2527 301 2548 ΕΠ
335 2530 342 2547 1
370 2528 406 2548 ls:

208 2554 245 2586 Et
259 2527 345 2586 stipis
359 2557 437 2595 quod
453 2557 546 2596 quoad
558 2557 623 2597 alia,
641 2559 671 2588 in
687 2559 790 2590 eisdem
802 2560 887 2591 literis
902 2561 1000 2592 vestris
1013 2569 1148 2594 contenta
1181 2575 1235 2603 pro

167 2593 290 2663 pleniori
303 2594 510 2628 Informatione
521 2596 589 2641 inde
604 2597 747 2637 habenda,
766 2601 923 2630 convocari
938 2600 1133 2632 mandavimus
1155 2588 1234 2633 brze-

179 2641 255 2672 atos,
273 2632 440 2674 Magnates,
456 2636 489 2666 &
509 2635 577 2665 ahos
597 2635 633 2666 de
657 2636 795 2668 Concilio
817 2637 935 2677 nostro,
953 2639 987 2669 ad
1008 2648 1118 2670 certum
1138 2640 1234 2681 diem,

166 2672 237 2702 citra
252 2671 355 2703 instans
367 2673 472 2704 festum
485 2673 596 2705 Natalis
617 2674 759 2714 Domini,
779 2677 829 2715 &‚
845 2677 944 2708 habito
965 2677 1078 2708 illorum
1102 2678 1233 2711 Consilio

166 2710 201 2742 δε
224 2710 408 2744 Avisamento
428 2712 507 2751 super
529 2714 665 2744 omnibus
686 2714 838 2753 Articulis,
856 2717 887 2746 in
908 2715 1013 2746 eisdem
1034 2716 1118 2746 literis
1133 2718 1232 2750 vestris

166 2751 309 2780 contentis
323 2773 333 2789 ,
351 2750 559 2789 Responfiones
583 2752 778 2784 ordinabimus
792 2778 802 2792 ,
820 2755 854 2785 &
875 2763 918 2784 eas
937 2754 1018 2786 vobis
1037 2756 1183 2787 mittemus
1204 2758 1234 2788 in

166 2786 287 2831 scriptis,
307 2789 387 2820 fimul
400 2800 469 2821 cum
483 2790 585 2821 Literis
598 2790 635 2822 de
648 2790 809 2832 Potestate,
827 2793 912 2824 vobis
926 2794 960 2825 &
983 2793 1102 2832 praefato
1118 2793 1233 2827 Comiti

166 2834 198 2857 m
213 2824 267 2857 hac
281 2836 356 2864 parte
373 2829 591 2861 committenda.

204 2863 244 2895 Et
260 2866 338 2904 quia,
356 2875 472 2904 propter
486 2867 654 2899 brevitatem
668 2870 824 2908 temporis,
839 2871 897 2909 jam
919 2871 1061 2909 quendam
1076 2871 1232 2904 Cursorem

163 2902 316 2942 nostrum,
330 2904 496 2943 Johannem
509 2905 545 2937 de
559 2907 601 2936 W
603 2907 724 2946 althatn,
740 2908 776 2939 ad
790 2908 956 2940 Dominum
971 2909 1090 2948 Regem
1105 2911 1128 2941 F
1130 2913 1233 2943 ranciae

165 2951 237 2973 cum
252 2941 352 2974 Literis
366 2944 467 2974 nostris
483 2944 738 2984 transmisimus,ad
754 2947 831 2978 diem
848 2948 1019 2987 praeditstum
1035 2949 1149 2981 ulterius
1163 2961 1232 2989 pro-

164 2980 327 3051 iffi&
342 2982 946 3056 ᾉιῗῗείἓὲἓέἰέἓὲἢῗὲῗῖξὲέἓῧέἓῗιὲ
959 2998 1042 3058 ’ἕῗὶ
1057 2987 1233 3059 ἶῗὲῑῧὲνὲῗι

164 3059 236 3089 riam
257 3045 333 3090 cum³
349 3059 546 3098 Responsione
565 3061 696 3100 praedieti
718 3061 805 3102 Regis
826 3050 970 3103 Franci-22³3
987 3037 1122 3097 voliti'mus
1134 3067 1231 3107 quod,

164 3107 235 3128 curn
246 3097 352 3128 ibidem
368 3100 493 3138 venerit,
511 3099 557 3130 seu
571 3100 639 3131 alibi
651 3100 732 3131 vobis
746 3103 922 3141 occurrerit,
941 3103 1048 3142 literas,
1065 3115 1131 3143 quas
1154 3105 1231 3138 dela-

162 3143 242 3166 turus
255 3135 298 3166 est
309 3137 345 3167 ab
361 3137 421 3176 ipso
437 3137 538 3177 Reae,
557 3139 593 3168 ab
608 3148 644 3169 eo
658 3140 813 3177 recipiatis,
831 3141 864 3172 &
879 3151 924 3171 eas
939 3143 1064 3180 aperiatis
1086 3145 1153 3175 vice
1175 3155 1231 3176 no-

164 3173 237 3212 stra,
255 3175 289 3206 &
303 3175 458 3219 secundum
472 3163 518 3214 id,
535 3176 617 3221 quod
631 3179 662 3208 in
678 3177 784 3221 eisdem
798 3179 920 3210 videritis
933 3182 1093 3221 contineri,
1112 3183 1169 3214 five
1197 3184 1234 3214 de

164 3211 373 3252 Prorogatione
395 3214 466 3246 dieti
487 3216 561 3255 diei,
576 3216 633 3246 five
654 3225 732 3255 non,
749 3216 897 3255 disponatis
919 3219 949 3248 in
966 3220 1101 3250 omnibus
1116 3222 1169 3252 iter
1180 3232 1231 3253 ve-

165 3250 274 3290 strum,
290 3252 401 3283 easdem
415 3253 523 3285 Literas
557 3254 614 3285 una
626 3264 697 3285 cum
709 3254 805 3286 vestro
820 3255 950 3287 Consilio
972 3258 1006 3288 δε
1029 3257 1232 3298 Avisamento,

166 3290 248 3322 nobis
269 3300 318 3328 per
339 3291 461 3323 eundem
479 3294 499 3314 ²*
520 3279 676 3324 Cursorem
697 3294 926 3332 transmittentes,
941 3296 976 3326 &
999 3297 1149 3334 praefatum
1170 3297 1234 3329 Co-

167 3330 269 3360 mitem
283 3329 351 3361 inde
361 3353 371 3369 ,
388 3339 473 3368 prout
487 3331 618 3368 expedire
631 3331 771 3371 videritis,
790 3332 982 3364 certificantes.

204 3367 240 3400 In
254 3368 317 3399 casu
331 3377 428 3400 autem
443 3379 502 3407 quo
516 3370 691 3407 Prorogatio
706 3370 760 3401 diei
774 3381 834 3401 non
849 3373 952 3409 poterit
974 3373 1113 3411 optineri,
1131 3374 1233 3405 volun-

168 3414 257 3437 tatem
271 3406 397 3438 nostram
411 3410 570 3446 aperuimus
579 3431 589 3447 ,
607 3408 713 3439 dilecto
727 3411 761 3440 &
777 3409 851 3440 fideli
863 3409 980 3449 nostro,
994 3410 1121 3448 Johanni
1134 3413 1171 3443 de
1186 3413 1236 3443 In-

169 3445 228 3476 sula
239 3446 339 3484 (quem
353 3446 388 3477 ad
403 3457 457 3478 vos
470 3448 608 3478 mittimus
622 3456 655 3478 ex
670 3448 725 3478 hac
739 3447 844 3485 Causa)
863 3449 946 3479 vobis
967 3459 1016 3487 per
1037 3452 1161 3481 eundem
1182 3461 1235 3482 ore

169 3491 249 3553 tbenus
271 3483 395 3516 seriosius
416 3485 636 3526 exponendam,
654 3487 700 3517 cui
720 3485 801 3526 super
820 3487 880 3518 hoc
897 3486 984 3518 fidem
1005 3488 1150 3520 credulam
1160 3499 1236 3528 prae-

195 3530 266 3552 eatis.

211 3560 358 3593 Caetertim
372 3563 408 3595 de
423 3562 555 3601 Expensis
568 3563 678 3601 vestris,
698 3565 732 3596 &
745 3563 867 3595 aliorum
883 3565 932 3603 qui
945 3575 999 3603 pro
1017 3565 1099 3596 diffis
1118 3568 1238 3606 negotiis

172 3598 235 3630 sunt
272 3601 423 3641 rofe&uri,
442 3602 638 3634 mandavimus
654 3603 842 3634 Thesaurario
862 3602 964 3634 nostro
983 3604 1061 3643 quod
1084 3605 1182 3643 vobis,
1200 3607 1235 3637 &

173 3638 226 3673 eis,
263 3639 338 3670 ebite
350 3640 504 3680 satisfaciat,
524 3643 562 3673 ita
577 3641 672 3682 quod,
690 3652 727 3674 eo
743 3641 980 3682 praetextu,dieta
994 3642 1125 3683 Negotia
1139 3644 1235 3676 nostra

174 3676 326 3709 nullatenus
340 3679 525 3712 retardentur.

19 3305 36 3322 ·
54 3306 106 3333 IV.

20 3343 84 3379 408.

212 3750 300 3786 Teste
313 3755 399 3796 Rege
410 3758 484 3798 apud
497 3757 682 3792 Kenilworth
690 3783 704 3800 ,
719 3760 804 3792 tertio
816 3759 866 3791 die
879 3758 1060 3791 Decembris.

850 3839 905 3870 Per
925 3836 1009 3878 ipfiam
1025 3839 1129 3876 Regem.

615 97 1424 150 CONVENTIONES,
1480 101 1874 151 LITERAE,

1289 225 2354 236 -ῂ--ῥ-Ὰ--μ
2382 217 2461 249 Ann.
2470 217 2512 249 D.

1291 273 1350 304 Pro
1365 270 1558 319 Burgerfibus
1575 272 1610 307 V
1608 272 1662 306 illae
1678 270 1715 305 de
1733 270 1822 315 Deest
1837 275 1868 304 in
1886 268 2055 304 Brabantia
2066 297 2076 314 ‚
2100 270 2137 305 de
2157 271 2364 310 Libertatibus
2378 266 2496 324 3¹3²9‘

1752 325 1757 330 .
2401 298 2448 325 dv.
2469 306 2497 333 3.

1730 333 1771 354 ets
1794 318 1933 363 conceffis.

1291 404 1413 466 REX
1425 406 1618 444 omnibus,ad
1626 417 1714 446 quos,
1734 407 1795 449 ἃς.
1814 406 1951 437 Salutem.
2377 401 2456 433 Ann-
2471 401 2513 434 D·

1394 444 1492 475 Sciatis
1506 445 1603 484 quod,
1620 446 1655 476 ad
1675 445 1903 483 Requilitionem
1924 445 2063 484 fflbcllae,
2082 443 2204 485 Reginae
2226 445 2358 486 Angliae,
2403 451 2490 482 1329.

1292 480 1396 512 Matris
1410 482 1517 514 nostrae
1531 484 1694 523 carissimae,
1712 483 1904 515 concessimus
1926 483 2135 515 Mercatoribus
2156 484 2190 515 &
2212 483 2360 525 Burgensi-
2373 482 2426 509 Λη-
2449 491 2475 518 3-

1291 519 1344 549 bus
1367 520 1450 551 Villae
1470 521 1506 552 de
1525 521 1635 562 Deest,
1652 524 1681 552 in
1697 522 1858 560 Brabantia,
1877 522 1955 560 quod
1971 522 2035 560 ipsi,
2055 522 2192 561 quamdiu
2203 523 2287 554 nobis
2301 524 2360 563 pla-
2376 524 2408 547 E.
2425 530 2452 557 3·

1292 560 1399 597 cuerit,
1418 560 1536 591 habeant
1549 561 1704 592 Libertates
1719 562 1898 599 subscriptas3
1917 561 2068 600 videlicet,
2377 562 2439 586 ΡΜ·
2459 569 2485 597 3-

1330 597 1422 636 Qod
1435 599 1485 635 ipsi
1501 609 1569 629 cum
1584 600 1683 630 Rebus
1701 601 1734 631 δε
1751 599 1936 631 Mercandisis
1953 600 2023 639 suis,
2040 599 2117 631 salvo
2133 600 2168 631 &
2180 599 2298 640 secure,
2315 602 2361 633 in·
2378 601 2409 625 Ε·
2431 608 2455 635 3-
2469 605 2497 636 P·

1291 634 1332 665 fra
1346 636 1487 673 Regnum
1500 637 1631 668 nostrum
1644 640 1739 669 venire
1748 663 1757 677 ,
1776 640 1810 670 ὃς
1824 640 1944 677 morari,
1960 639 2070 670 valeant
2083 649 2152 670 cum
2177 638 2364 671 Mercandisis
2384 646 2508 674 1.m.²5-

1291 673 1342 704 suis
1363 674 1471 705 ibidem
1493 676 1686 707 excercendis:
1706 679 1740 708 &
1759 677 1839 715 quod
1861 678 1911 715 ipli
1931 677 1981 708 sub
2004 677 2080 708 salvo
2101 678 2135 709 &
2156 676 2258 709 securo
2279 677 2365 710 Con-

1292 712 1381 742 dustu
1396 736 1405 751 ,
1424 714 1457 744 &
1481 713 1531 744 sub
1552 714 1738 746 Proteffione
1757 717 1792 746 &
1813 715 1990 747 Defensione
2008 715 2126 754 nostra,
2152 718 2267 748 veniant
2288 717 2362 750 infra

1294 750 1432 790 Regnum
1453 752 1601 791 nostrum,
1621 763 1688 784 cum
1710 754 1811 785 Rebus
1834 756 1868 786 &
1884 754 2069 786 Mercandifis
2084 755 2152 793 suis,
2170 755 2281 786 ibidem
2295 766 2363 788 mo-

1294 799 1388 820 rentur
1402 814 1411 827 ,
1436 790 1627 823 Mercandisas
1645 793 1703 823 suas
1724 802 1914 832 excerceant,
1932 795 1966 825 δε
1989 793 2090 824 exinde
2111 804 2181 824 cum
2203 794 2306 826 Rebus
2329 796 2365 827 &

1293 826 1482 859 Mercandisis
1503 829 1573 868 suis,
1591 841 1649 868 quo
1673 832 1707 861 &
1726 832 1841 869 quando
1864 833 2024 871 voluerint,
2042 832 2192 871 recedant,
2209 833 2246 864 ita
2266 842 2364 865 tamen

1292 866 1374 933 guod
1388 867 1423 897 ad
1438 867 1558 907 Terras,
1574 870 1659 899 nobis
1674 869 1847 908 Guerrinas,
1865 871 2020 902 nullatenus
2034 871 2060 902 se
2074 871 2229 909 divertant,
2247 881 2302 902 nec
2320 874 2364 902 in-

1312 905 1330 934 e
1343 914 1412 935 cum
1426 905 1555 937 Inimicis
1569 907 1672 938 nostris
1690 909 1910 939 communicent
1931 920 1988 948 quo
2011 920 2049 940 uo
2069 909 2176 948 modo3
2196 910 2363 942 dummodo

1293 942 1518 975 Consuetudines
1533 945 1567 976 δε
1583 945 1753 984 Custumas,
1771 946 1806 977 de
1818 947 1978 985 hujusmodi
2031 948 2100 979 ebus
2120 950 2154 980 ὃς
2176 948 2364 980 Mercandisis

1292 980 1350 1050 {rig
1357 982 1482 1022 debitas,
1500 984 1534 1015 &
1549 984 1655 1016 usitatas
1667 985 1698 1015 in
1713 985 1819 1025 Regno
1831 985 1944 1024 nostro,
1961 986 2070 1018 solvant
2081 988 2115 1020 &
2127 987 2247 1026 faciant,
2264 996 2296 1019 ut
2310 987 2362 1019 de-

1314 1030 1330 1050 e
1352 1029 1411 1052 unt.

1328 1058 1531 1092 Conceffimus
1546 1062 1632 1092 etiam
1647 1060 1751 1092 eisdem
1768 1060 1982 1093 Mercatoribus
1997 1063 2031 1095 &
2053 1063 2240 1104 Burgensibus
2275 1064 2356 1105 quod

1289 1098 2087 1178 izsezizzrssssgeshdmffldss‘ae‘
2093 1089 2361 1174 ...⁶³

1289 1174 1376 1214 NOS,
1395 1177 1430 1208 &
1450 1178 1535 1208 alium
1557 1188 1771 1217 quemcumque
1792 1162 1926 1219 Regem,
1943 1187 1991 1209 aut
2010 1177 2175 1210 Dominum
2188 1167 2290 1212 Terr’ae
2306 1192 2360 1213 cu-

1284 1214 1443 1254 juscunque
1466 1216 1602 1248 Nationis
1616 1241 1626 1255 ,
1645 1227 1700 1248 nec
1720 1227 1774 1255 pro
1793 1217 1887 1247 alienis
1909 1216 2206 1257 Transgreffionibus,
2224 1219 2354 1260 Debitis‚

1288 1251 1556 1294 Conventionibus,
1574 1255 1620 1286 seu
1635 1255 1854 1294 Contraetibus,
1873 1255 1944 1286 infra
1959 1255 2100 1293 Regnum
2114 1256 2248 1288 nostrum
2266 1259 2355 1290 nulla-

1286 1298 1366 1322 tenus
1377 1292 1547 1332 arestentur,
1566 1294 1617 1325 nifi
1631 1293 1773 1326 dumtaxat
1787 1305 1840 1333 pro
1861 1293 2157 1334 Transgreffionibus,
2176 1297 2209 1326 &
2229 1295 2356 1329 Contra-

1286 1329 1379 1361 &ibus
1394 1331 1445 1362 suis
1459 1333 1593 1371 propriis,
1611 1333 1645 1364 &
1659 1332 1816 1372 Plegiariis,
1833 1332 1988 1364 secundum
2004 1333 2115 1373 Legem
2131 1332 2355 1376 Mercatoriam,

1289 1368 1336 1399 vel
1345 1368 1548 1401 Communem
1556 1370 1667 1411 Legem
1675 1371 1772 1411 Regni
1785 1372 1915 1412 Angliaez,
1935 1372 2008 1402 dtim
2023 1381 2118 1403 tamen
2131 1372 2276 1404 Dominus
2289 1374 2354 1405 Vil-

1286 1406 1322 1438 1ae
1346 1408 1490 1446 praedic‘lae
1510 1419 1610 1441 contra
1632 1421 1685 1441 nos
1705 1410 1742 1442 de
1755 1410 1871 1441 Guerra
1885 1421 1943 1441 non
1958 1411 2059 1451 fuerit,
2077 1421 2132 1442 nec
2144 1411 2289 1443 adhaerens
2303 1413 2353 1444 ali—

1285 1447 1403 1486 quibus,
1423 1457 1524 1480 contra
1537 1458 1590 1480 nos
1603 1449 1640 1480 de
1655 1448 1772 1480 Guerra
1785 1449 1982 1488 existentibus,
2001 1451 2033 1480 in
2047 1460 2107 1489 quo
2119 1450 2181 1481 casu
2201 1450 2354 1491 volumus,

1284 1486 1318 1516 &
1339 1487 1526 1518 concedimus
1540 1512 1550 1528 ,
1583 1487 1665 1527 quod
1688 1488 1797 1527 praefati
1820 1487 1996 1519 Mercatores
2017 1489 2051 1520 ὃ(
2071 1488 2248 1528 Burgenses,
2279 1490 2354 1521 infra

1285 1524 1389 1564 Qiadr
1426 1527 1480 1557 'nta
1494 1526 1570 1565 dies,
1588 1538 1603 1558 a
1618 1536 1751 1565 tempore
1763 1537 1824 1567 quo
1836 1527 1996 1565 hujusmodi
2010 1526 2124 1558 Guerra
2144 1536 2224 1559 mota
2245 1528 2280 1559 &
2323 1539 2356 1561 u-

1285 1535 1504 1606 blicataafiilerit,
1522 1574 1622 1597 exeant
1637 1565 1792 1606 Regnum,
1809 1567 1843 1598 &
1857 1565 2032 1610 Potestatem
2045 1565 2192 1611 nostram,
2209 1577 2279 1598 cum
2296 1539 2354 1613 δᾳ-

1285 1610 1327 1631 nis
1341 1602 1374 1633 &
1389 1602 1490 1635 Rebus
1504 1604 1570 1643 suis,
1587 1604 1689 1644 absque
1702 1605 1928 1644 impedimento,
1946 1605 1992 1636 seu
2004 1604 2227 1645 disturbatione,
2245 1605 2355 1646 nostri,

1283 1639 1329 1671 seu
1346 1640 1550 1674 Ministrorum
1565 1643 1731 1675 nostrorum
1747 1654 2008 1682 quorumcumque.

1319 1678 1463 1711 Volumus
1487 1683 1589 1720 etiam,
1608 1683 1642 1714 ὃς
1665 1683 1866 1722 concedimus,
1886 1683 1968 1722 quod
1989 1684 2102 1721 propria
2121 1682 2201 1715 Bona
2222 1684 2255 1715 δε
2270 1682 2356 1715 Mer-

1281 1717 1402 1750 candisae
1412 1719 1556 1752 die'torum
1572 1721 1769 1752 Mercatorum
1785 1721 2011 1759 &Burgensium
2027 1721 2113 1753 dietae
2120 1721 2356 1767 VillaedeDeest,

1280 1766 1417 1794 praetextu
1431 1758 1546 1798 alicujus
1562 1760 1670 1791 Delieti
1683 1760 1730 1791 vel
1745 1760 1893 1791 ForisfaCti
1907 1761 2084 1791 Valletorum
2099 1760 2144 1792 seu
2160 1762 2356 1793 Servientium

1280 1795 1416 1835 suorum,
1433 1798 1534 1829 eadem
1552 1798 1632 1830 Bona
1652 1800 1686 1831 &
1709 1798 1901 1830 Mercandisas
1922 1801 1951 1829 in
1964 1798 2097 1830 custodia
2111 1799 2160 1831 sui
2171 1800 2356 1839 habentium,

1281 1834 1439 1866 nullatenus
1454 1837 1642 1868 confiscentur
1652 1861 1662 1877 ,
1679 1847 1734 1868 nec
1747 1848 1802 1876 pro
1817 1837 1977 1869 Forisfaffls
1997 1838 2171 1877 habeantur,
2186 1839 2354 1870 dummodo

1279 1872 1366 1903 iidem
1382 1874 1560 1906 Mercatores
1575 1877 1609 1907 &
1631 1876 1786 1914 Burgenses
1807 1876 1936 1914 legitime
1958 1877 2080 1915 probare
2098 1886 2231 1914 poterunt
2251 1877 2354 1908 eadem

1280 1911 1361 1942 Bona
1374 1913 1407 1944 &
1425 1913 1615 1945 Mercandisas
1630 1915 1675 1946 sua
1689 1916 1820 1954 propria,
1839 1916 1873 1946 &
1887 1924 1949 1947 non
1963 1915 2110 1946 dietorum
2120 1915 2352 1948 Vallettorum&

1280 1949 1462 1983 Servientum
1476 1952 1589 1984 suonam
1598 1978 1607 1991 ,
1626 1953 1752 1984 extitisse.

1318 1989 1375 2029 Et,
1394 1991 1413 2020 fi
1433 1990 1520 2023 iidem
1542 1991 1647 2023 Valetti
1667 1993 1701 2023 &
1720 1992 1897 2030 Servientes,
1916 1991 1988 2022 infra
2001 1991 2141 2031 Regnum
2155 1992 2287 2024 nostrum
2300 1992 2352 2023 de-

1279 2028 1426 2067 cesserint,
1446 2030 1504 2061 sive
1524 2030 1745 2062 Testamentum
1765 2031 1885 2061 fecerint
1901 2054 1911 2070 ,
1931 2031 1988 2061 five
2007 2040 2067 2061 non
2081 2053 2092 2069 ,
2110 2030 2190 2074 Bona
2212 2033 2246 2074 &
2269 2030 2352 2062 Mer-

1280 2067 1399 2098 candisae
1419 2068 1545 2106 ipsorum
1569 2069 1768 2101 Mercatoturn
1788 2070 1822 2100 &
1844 2068 2048 2107 Burgensium,
2066 2078 2132 2107 quae
2151 2079 2180 2099 in
2201 2068 2350 2100 (iustorum

1278 2105 1462 2137 Valettorum
1484 2109 1518 2139 &
1540 2108 1732 2140 Servientium
1754 2107 1882 2138 custodia
1896 2117 1966 2138 tunc
1980 2108 2102 2150 fuerint,
2119 2108 2275 2138 nullatenus
2289 2108 2348 2152 At-

1278 2145 1451 2185 tachientur,
1470 2146 1516 2178 seu
1531 2147 1713 2186 Arestentur,
1733 2147 1772 2178 set
1788 2146 1846 2177 sme
1867 2145 2034 2177 difficultate
2052 2147 2115 2184 iplis
2137 2145 2351 2177 Mercatoribus

1278 2183 1311 2214 &
1327 2183 1512 2224 Burgenfibus
1528 2186 1652 2223 plenarie
1669 2186 1841 2224 liberentur,
1861 2185 1998 2224 quatenus
2014 2185 2135 2229 probare
2148 2193 2282 2223 poterunt
2303 2193 2350 2216 ea-

1278 2221 1344 2252 dem
1360 2222 1439 2254 Bona
1454 2224 1487 2255 &
1505 2223 1693 2255 Mercandisas
1707 2225 1741 2254 ad
1755 2223 1829 2263 ipsos
1844 2223 1959 2262 dejure
1973 2233 2112 2262 pertinere
2124 2222 2236 2254 debere.
2296 2262 2303 2268 ⁶

1316 2260 1518 2293 Conceffimus
1539 2265 1624 2294 etiam
1647 2263 1766 2302 praefatis
1788 2262 2003 2294 Mercatoribus
2023 2261 2057 2293 &
2079 2261 2266 2302 Burgensibus
2277 2271 2350 2301 ejus-

1276 2298 1343 2330 dem
1358 2299 1442 2331 Villae
1455 2301 1491 2332 de
1508 2301 1614 2341 Deest,
1633 2301 1713 2340 quod
1728 2301 1777 2340 ipsi
1790 2301 1827 2331 de
1841 2300 2138 2339 Pontagi0‚Pavaoio
2151 2301 2184 2331 &
2201 2300 2350 2340 Muragio,

1275 2337 1312 2367 de
1331 2338 1417 2369 Bonis
1438 2341 1473 2371 δε
1496 2339 1681 2372 Mercandifis
1700 2341 1768 2378 suis,
1786 2339 1857 2370 infra
1878 2339 2015 2379 Regnum
2039 2324 2170 2370 noffrum
2190 2339 2225 2370 &
2246 2339 2350 2370 Portus

1277 2376 1368 2407 Maris
1384 2378 1437 2408 sint
1451 2379 1555 2417 quieti,
1573 2381 1611 2410 ita
1623 2389 1718 2411 tamen
1733 2378 1813 2418 quod
1829 2379 1957 2417 praedisti
1978 2378 2154 2410 Mercatores
2167 2379 2202 2409 &
2222 2377 2347 2424 Burgen-

1277 2415 1317 2445 ses
1331 2415 1366 2446 de
1380 2415 1471 2447 Deest
1483 2417 1591 2454 aliquos
1606 2418 1785 2449 Mercatores
1798 2425 1944 2448 eXtraneos
1960 2417 2022 2456 (qui
2035 2427 2096 2447 non
2119 2417 2222 2447 fuerint
2244 2415 2280 2445 de
2301 2425 2350 2446 ea-

1275 2453 1342 2484 dem
1363 2453 1440 2485 Villa
1460 2454 1497 2486 de
1515 2455 1625 2494 Deest)
1649 2467 1710 2488 non
1732 2456 1877 2488 advocent
1891 2456 1926 2487 ad
1942 2455 2090 2494 praedietas
2105 2454 2280 2492 Libertate,
2298 2453 2346 2484 vel

1275 2493 1397 2531 aliquam
1422 2495 1588 2526 earumdem
1611 2495 1846 2535 quoquomodO,
1861 2492 2091 2532 calumpniandas
2114 2492 2161 2522 vel
2183 2491 2341 2536 babendas;

1274 2532 1312 2562 ita
1327 2533 1413 2562 etiam
1426 2532 1506 2571 quod
1520 2543 1622 2565 contra
1635 2534 1858 2565 Ordinationem
1871 2532 1995 2570 Stapulae
2003 2554 2014 2570 ,
2031 2540 2081 2569 per
2100 2529 2266 2576 Dominum
2286 2530 2346 2575 Ed-

1274 2570 1404 2601 wardum
1419 2594 1428 2609 ‚
1447 2581 1537 2610 nuper
1560 2572 1677 2610 Regem
1696 2573 1716 2592 *¹
1735 2572 1848 2611 Angliae
1861 2595 1871 2608 ‚
1894 2570 2008 2600 Patrem
2030 2568 2161 2600 nostrum
2177 2592 2188 2608 ‚
2212 2579 2243 2614 in
2261 2579 2344 2601 certis
2364 2591 2380 2607 c
2399 2587 2457 2621 >nr

1273 2608 1418 2648 Personis,
1435 2610 1506 2640 infra
1530 2609 1671 2648 Regnum
1689 2610 1821 2640 nostrum
1859 2607 2029 2646 tenendam,
2047 2607 2170 2647 fanani,
2188 2617 2344 2648 quicquam
2447 2613 2457 2621 '

1273 2647 1428 2678 nullatenus
1440 2655 1638 2686 attemptetur,
1656 2648 1760 2680 eadem
1775 2633 1966 2691 Ordinatione
1979 2647 2016 2677 sic
2031 2646 2156 2677 durante.
2359 2639 2428 2668 4⁰9·

1312 2685 1348 2717 In
1362 2686 1457 2725 cujus,
1475 2687 1536 2718 &c-
1549 2686 1684 2726 quamdiu
1696 2687 1782 2718 nobis
1795 2686 1930 2725 placuerit
1943 2684 2095 2717 duraturas.

1311 2761 1402 2795 Teste
1414 2762 1502 2803 Rege
1514 2764 1588 2803 apud
1601 2764 1814 2797 Gloucestriam
1822 2787 1832 2803 ,
1849 2762 2026 2794 duodecimo
2039 2761 2086 2793 die
2099 2761 2287 2794 Decembris:

1780 2843 1835 2873 Per
1850 2843 1947 2871 Breve
1958 2840 1990 2871 de
2003 2841 2126 2871 Privato
2136 2838 2239 2878 Sigillo.

1274 2966 1325 2998 De
1349 2963 1503 3000 conduma
1521 2977 1579 3014 pro
1610 2968 1725 3001 Comite
1748 2964 1786 3000 de
1804 2969 1966 3015 Peregore,
1989 2968 2022 2998 in
2037 2965 2188 3012 Angliam
2204 2971 2343 2998 venturo.

1274 3049 1682 3130 RE}cgrt·tiisnicll>:lig?allivis,
1698 3052 1761 3085 &c.
1777 3051 1913 3084 Salutem.
2360 3063 2438 3096 Am,
2448 3064 2494 3098 D;

1312 3126 1410 3167 Cam,
1429 3129 1549 3175 Nobiiis
1570 3115 1640 3168 isis,
1654 3130 1689 3161 &
1708 3129 1794 3160 nobis
1809 3127 1944 3170 dilectus,
1959 3124 2155 3173 Archebalqus
2172 3123 2291 3173 ‚comen
2301 3123 2339 3156 de
2356 3113 2464 3181 A¹n323⁹j

1275 3165 1436 3207 Peregore,
1453 3168 1524 3199 infra
1537 3168 1675 3209 Regnum
1689 3165 1822 3198 nostrum
1835 3164 1963 3205 Angliae,
1981 3163 2017 3195 de
2028 3163 2129 3195 nostra
2142 3162 2291 3203 Licentia,
2306 3164 2339 3195 fit
2355 3185 2385 3210 13.
2417 3191 2442 3218 3.

1274 3213 1543 3280 veglndlstjsvolentes
1556 3243 1646 3281 ipsum
1662 3241 1816 3273 Comitem
1831 3241 1929 3286 favore
1943 3240 2073 3285 prosequi
2087 3240 2228 3280 gratioso,
2245 3240 2336 3272 susce-
2349 3223 2453 3296 ξαὲῗ,
2462 3267 2491 3290 ι,

1273 3282 1367 3325 pimus
1389 3281 1480 3325 ipsum
1502 3280 1673 3325 Comitem,
1691 3290 1724 3311 ac
1744 3279 1889 3310 Homines
1907 3279 1945 3310 de
1967 3279 2085 3310 Familia
2095 3279 2160 3318 sua,
2176 3279 2274 3311 secum
2287 3289 2337 3326 ve-
2354 3306 2391 3325 m·
2406 3305 2432 3332 7-
2481 3294 2489 3297 <

1273 3328 1397 3365 nienteS,
1416 3329 1449 3366 ¹¹¹.
1460 3319 1677 3366 Protecstionem
1691 3318 1939 3351 &Defenfionem
1953 3316 2164 3357 nostram‚&c.
2173 3324 2259 3358 prout
2265 3316 2338 3348 alias

1277 3369 1305 3388 m
1313 3357 1448 3435 langiis!
1455 3361 1724 3428 rezid‘tfetst’imonium
1732 3396 1783 3428 has
1795 3395 1904 3428 Literas
1917 3394 2028 3428 nostras
2039 3395 2099 3428 fieri
2112 3395 2233 3428 fecimus
2238 3393 2341 3431 Paten-j

1275 3442 1316 3466 tes
1331 3444 1381 3474 per
1394 3444 1484 3466 unum
1503 3445 1610 3467 annum
1627 3435 1781 3468 duraturas.

1310 3511 1402 3544 Teste
1416 3511 1499 3554 Rege
1511 3513 1585 3554 apud
1599 3511 1811 3552 Kenylworth,
1819 3511 1956 3545 vicesimo
1968 3511 2046 3544 sexto
2058 3511 2105 3544 die
2117 3508 2303 3541 Decembris:

1956 3591 2013 3621 Per
2029 3585 2110 3627 'psum
2128 3587 2235 3625 Regem.

1435 3666 1606 3699 Consimiles
1617 3666 1731 3698 Literas
1739 3666 1845 3700 habent
1855 3664 2014 3704 subscript&
2031 3661 2182 3701 videlieet,

1313 3744 1358 3772 Ga
1382 3753 1396 3773 0
1411 3746 1502 3775 Comes
1514 3747 1586 3774 Fuxi
1600 3742 1639 3779 ὠ
1653 3747 1787 3775 Dominus
1799 3746 1833 3776 de
1845 3747 1963 3774 Bearne.

1314 3785 1350 3811 A
1361 3786 1475 3813 muricus
1488 3786 1633 3814 Vicecomes
1645 3782 1805 3813 Delhautri.
2041 3798 2044 3804 ¹

1314 3820 1461 3859 Johanner
1476 3822 1508 3852 de
1522 3824 1613 3861 Lenys
1628 3821 1806 3861 Marefiallus
1820 3821 1853 3851 de
1867 3819 2004 3856 Mirepet's.

1313 3859 1492 3898 Amfiiauxus
1505 3861 1537 3892 de
1549 3859 1662 3891 Pim‘bus
1675 3863 1807 3891 Damam
1820 3859 1852 3889 de
1865 3861 1964 3888 Monte
1978 3851 2094 3884 &raben-

1314 3898 1492 3937 Amsdauxus
1504 3900 1537 3930 de
1549 3903 1628 3930 Cava
1642 3901 1741 3929 Monte
1755 3900 1888 3928 Dominus
1898 3896 1931 3927 de
1943 3888 2094 3925 Montved.

1314 3937 1473 3969 Bernardus
1487 3939 1622 3970 Dominus
1632 3937 1667 3969 de
1678 3935 1807 3968 Lebreto.

2283 4051 2340 4080 Pro
