2562 4279
716 205 825 247 ET
909 197 1173 242 ACTA

8 293 87 324 Arm.
96 291 137 322 D.

33 340 117 371 1329.

9 374 79 399 Ην*
97 379 123 406 3*
156 393 214 424 Pro
232 386 351 436 Jacobo
366 387 403 422 de
420 386 554 434 Douglas
570 385 698 428 Milite,
723 384 760 418 de
777 382 962 427 Restitutione
981 380 1149 413 Terrarum
1177 381 1208 409 in

10 524 62 548 Aa.
80 529 106 557 3·
250 526 282 559 X
294 527 441 564 omnibus,
458 524 493 555 ad
506 533 578 562 quos
591 521 652 553 &c.
671 521 802 553 Salutem.

564 438 662 482 Regno
679 434 803 481 Angliae.

223 526 247 559 E
608 562 612 567 ι
833 559 838 565 ι
867 557 873 563 ο
966 557 971 563 ι

10 563 38 587 Ε
63 569 88 596 3·
160 527 222 590 R
261 567 356 596 Sciatis
378 563 474 602 quod,
491 562 527 592 de
546 561 631 601 gratia
649 560 746 591 nostra
767 557 874 597 speciali
907 548 1210 601 dedimus,.conceffi-

11 601 69 625 Par.
81 607 106 633 3·
160 614 237 642 mus,
255 606 288 636 &
307 603 493 639 reddidimus,
511 599 619 631 Nobili
636 599 723 636 Viro,
736 597 849 640 Jacobo
871 581 998 639 Douglas
1016 595 1121 633 Militi,
1140 593 1208 639 Ma-

9 638 41 663 E·
61 645 85 672 3·
104 640 130 671 Ρ·
157 644 267 673 nerium
281 643 317 673 de
330 640 467 678 Faudon,
485 648 552 670 cum
564 637 759 674 Pertinentiis,
772 644 799 664 in
810 633 959 664 Comitatu
975 633 1209 669 Northumbriae,

16 681 38 701 ²·
48 684 84 702 ⁷⁷³·
96 682 140 700 20·
158 681 192 711 &
205 691 304 711 omnes
317 680 380 710 alias
392 679 512 713 Terras,
530 677 564 707 &
574 675 768 710 Tenementa,
786 673 820 702 &
835 672 989 710 Redditus,
1007 682 1071 710 quae
1084 671 1210 702 Williel-

157 727 221 749 mus
235 719 305 749 Dou
335 728 361 747 as
396 716 479 747 Pater
491 715 551 745 suus
585 713 680 742 habuit
694 713 723 741 in
738 710 844 750 Regno
864 710 988 750 Angliae,
1004 711 1038 741 &
1058 720 1138 749 quae,
1157 719 1210 740 oc-

153 757 267 788 cafione
321 742 426 794 uer’rae,
450 756 521 784 inter
538 736 702 781 Dominum
722 749 757 779 E.
780 749 925 792 quondam
944 748 1060 793 Regem
1081 748 1210 792 Angliae,

157 796 256 827 Avum
275 794 420 831 nostrum,
440 794 473 824 &
494 799 563 821 tunc
583 788 696 827 Regem
717 787 840 825 Scotiae,
857 795 962 825 motae,
980 797 1010 817 in
1027 787 1151 818 Manum
1168 797 1211 826 ip-

161 834 213 864 sius
226 833 283 865 Avi
297 832 400 870 nostri,
421 836 552 866 tanquam
573 827 624 857 fibi
641 826 799 864 forisfacita,
817 835 897 864 capta
916 826 1044 864 fuerunt,
1061 827 1094 857 ὃς
1117 825 1154 856 fic
1175 825 1210 856 ad

157 881 257 903 manus
270 871 377 902 nostras
392 869 581 908 devenerunt,
932 903 936 908 ¹
1045 904 1050 908 ι

198 909 337 940 Habenda
356 908 390 938 &
411 903 530 936 tenenda
547 902 639 933 eidem
647 902 760 941 Jacobo
774 903 807 934 ὅ(
820 901 991 932 Haetedibus
1013 902 1082 940 suis,
1101 902 1138 933 de
1156 912 1210 933 no-

156 949 218 986 bis,
234 949 267 979 δε
283 947 338 978 aliis
357 942 526 982 Capitalibus
545 941 680 971 Dominis
702 941 866 985 Feodorum
889 941 1020 980 illorum,
1039 951 1088 978 per
1110 940 1210 971 eadem

158 987 291 1023 Servitia,
317 993 367 1022 per
386 992 450 1019 quae
471 980 587 1017 eadem,
611 979 793 1017 Manerium,
816 979 934 1023 Terrae,
961 979 1156 1023 Tenemeiita,
1176 980 1209 1010 &

157 1024 311 1060 Redditus,
329 1021 509 1058 tenebantur,
527 1028 675 1057 antequam
689 1018 724 1050 ad
744 1027 840 1049 manus
854 1017 923 1049 dicti
935 1017 992 1050 Avi
1004 1018 1094 1049 nostri
1110 1018 1148 1049 sic
1162 1017 1211 1048 de-

155 1068 300 1096 venerunt·

191 1100 225 1131 In
241 1099 333 1138 cujus,
350 1096 411 1128 &c.

194 1174 285 1211 Teste
297 1177 380 1220 Rege
394 1179 467 1218 apud
481 1178 612 1218 Eltham‚
630 1179 806 1212 duodecimo
820 1177 865 1208 die
880 1174 964 1208 Maii.

201 1261 233 1292 T
253 1261 416 1292 mandatum
439 1259 481 1290 est
504 1259 676 1291 Vicecomiti
689 1257 852 1291 Corratatfis
865 1257 1011 1297 praedieci,
1029 1256 1107 1296 quod
1121 1255 1212 1289 eidem

210 1300 345 1368 lgac0b0,
360 1300 405 1330 vel
427 1300 483 1335 eius
503 1298 672 1337 Attornato,
690 1300 718 1328 in
740 1299 792 1328 hac
812 1307 906 1335 parte,
923 1297 1032 1328 dietum
1048 1296 1213 1327 Manerium

154 1334 192 1364 de
234 1339 327 1369 audon
349 1348 418 1368 cum
438 1334 630 1375 Pertinentiis,
649 1338 704 1367 una
725 1347 792 1366 cum
810 1336 866 1366 aliis
881 1336 992 1373 Terris,
1010 1334 1212 1372 Tenementis,

155 1374 191 1403 &
203 1376 390 1415 Redditibus,
408 1385 473 1414 quae
486 1375 598 1405 fuerunt
611 1375 737 1413 praediiti
750 1374 916 1412 willielmi,
935 1374 1022 1404 Patris
1035 1374 1091 1412 sui,
1109 1375 1138 1403 in
1151 1373 1213 1403 Bal-

155 1414 212 1445 livfi
226 1415 289 1453 sua,
306 1417 340 1446 ὃς
356 1424 435 1452 quse,
452 1413 600 1443 occasione
615 1413 762 1451 praedidifi,
778 1414 806 1443 in
824 1421 939 1443 manum
959 1412 1026 1442 dieti
1047 1412 1104 1443 Avi
1125 1412 1212 1451 Regis

155 1461 236 1491 capta
248 1453 383 1491 suerunt,
407 1453 516 1483 liberari
534 1450 632 1491 faciat,
656 1452 775 1484 tenenda
791 1460 877 1490 prout
897 1460 929 1482 ea
947 1452 1036 1483 tenuit
1051 1459 1115 1482 ante
1134 1450 1213 1489 Cap·

156 1492 266 1522 tionem
282 1491 475 1530 supradidtam.

195 1570 282 1603 Teste
296 1580 326 1604 ut
339 1571 425 1611 supra.

837 1653 891 1684 Per
908 1651 989 1693 ipsicm
1008 1655 1110 1691 Regem.

194 1798 253 1829 Pro
272 1793 396 1829 Roberto
409 1797 488 1841 Rege
499 1794 826 1888 ScotiaessperdDecem
843 1787 977 1829 Milibus
994 1796 1186 1828 Marcarum

617 1855 632 1874 0
645 1855 702 1875 ‘Uen
725 1854 760 1876 15·

15 1943 92 1975 Ann.
105 1942 146 1973 D.
164 1940 276 1998 REX
290 1941 451 1981 Omnibus,
468 1940 504 1973 ad
519 1952 590 1982 quos
603 1941 664 1974 &c.
684 1940 816 1973 Salutem.

35 1991 125 2023 1329.
255 1980 352 2011 Sciatis
366 1981 463 2020 quod,

8 2025 68 2050 Aa.
85 2031 111 2059 3.
203 2017 283 2050 Cum
299 2019 336 2049 M
353 2019 470 2050 onificus
482 2019 636 2058 Princeps,
654 2018 800 2050 Dominus
815 2018 958 2051 Robertus
971 2017 1036 2049 Rex
1051 2017 1222 2056 Scotorum,

17 2064 49 2088 Ε.
67 2069 93 2097 3.
165 2066 216 2095 per
236 2066 324 2088 certas
391 2058 574 2095 mentiones,
593 2059 664 2088 inter
685 2057 754 2088 Nos
774 2056 917 2095 &Ipsum
930 2067 1020 2094 nuper
1034 2057 1112 2088 initas
1127 2058 1159 2087 &
1174 2055 1222 2086 fir-

16 2101 77 2126 Pat.
89 2107 115 2135 3.
167 2103 265 2133 matas,
283 2095 399 2125 Decem
416 2094 499 2126 Milia
512 2095 676 2126 Marcarum
695 2095 919 2135 sterlingorum,
937 2096 1020 2125 nobis
1041 2096 1070 2124 in
1093 2096 1112 2115 *ἰ
1137 2094 1223 2125 Festo

16 2140 46 2164 Ε.
58 2146 83 2173 3.
89 2143 116 2174 p.
127 2145 150 2163 i.
167 2133 334 2164 Nativitatis
356 2132 453 2163 Sancti
467 2133 605 2171 Johannis
619 2133 766 2172 Baptistae,
785 2135 916 2169 proximo
925 2133 1040 2171 futuro,
1059 2133 1168 2163 solvere
1181 2141 1223 2162 te-

18 2184 58 2203 m.
73 2184 118 2202 20.
168 2181 302 2209 neamur,
321 2172 355 2203 &
368 2171 448 2208 super
469 2172 527 2202 hoc
545 2172 698 2203 submiserit
717 2172 743 2202 se
765 2171 942 2203 Cohercioni
956 2170 1087 2202 Camerae
1100 2171 1224 2201 Domini

15 2211 41 2232 ⁴*
60 2213 113 2241 IV.
168 2210 281 2241 Summi
300 2209 462 2247 Pontificis,
487 2219 573 2249 prout:
592 2212 621 2240 in
642 2210 806 2249 quibusdam
826 2211 937 2243 Litteris
959 2211 993 2242 &
1013 2209 1224 2249 Instrumenta,

19 2250 84 2288 385.
168 2247 236 2279 inde
251 2247 405 2286 confeffis,
422 2248 529 2286 plenius
544 2249 723 2288 continetur,

206 2286 291 2325 Nos,
308 2286 342 2317 ad
356 2286 568 2325 requisitionem
579 2286 701 2324 ejusdem
716 2288 825 2326 Regis,
842 2288 975 2319 volumus
987 2289 1021 2320 &
1039 2286 1224 2319 concedimus

167 2325 262 2364 quod,
281 2324 317 2355 de
329 2324 410 2355 dietis
424 2324 537 2356 Decem
553 2324 674 2356 Milibus
690 2325 870 2364 Marcarum,
886 2326 965 2357 idem
979 2326 1044 2357 Rex
1065 2326 1152 2357 solvat
1169 2335 1225 2356 no·-

167 2364 224 2401 bis,
245 2364 275 2393 in
291 2363 370 2394 disto
385 2362 471 2394 Festo
483 2363 648 2394 Nativitatis
660 2364 901 2403 SanffiJohannis
921 2364 1067 2403 Baptistae,
1086 2365 1226 2403 Quinque

167 2401 254 2432 Milia
270 2401 451 2440 Marcarum,
467 2403 502 2434 ὃς
515 2402 675 2433 Residuum
688 2401 826 2433 dictarum
838 2402 952 2434 Decem
973 2403 1091 2434 Milium
1112 2402 1227 2433 Marca-

169 2449 234 2471 rum
246 2439 280 2470 ad
294 2439 408 2470 Festum
422 2439 517 2470 Sancti
530 2441 648 2471 Martini
660 2442 688 2471 in
703 2439 810 2472 Hieme
825 2442 958 2479 proximo
971 2442 1097 2480 sequens.

207 2477 247 2508 Et
286 2478 343 2508 uod
363 2477 551 2509 Executiones
569 2479 604 2510 &
626 2478 779 2517 Censurae,
797 2479 952 2510 secundum
966 2480 1091 2511 formam
1104 2481 1138 2511 &
1156 2478 1228 2510 effe-

166 2516 250 2546 Ctum
284 2515 459 2547 ubmiffionis
473 2517 634 2556 praedietae,
651 2517 717 2548 inde
732 2517 887 2556 faciendae,
902 2519 1015 2549 interim
1030 2520 1151 2549 omnino
1167 2527 1229 2548 ces-

167 2554 243 2593 sent,
261 2554 363 2585 eadem
375 2562 469 2584 tamen
481 2555 664 2588 submissione
677 2557 707 2588 in
720 2557 827 2588 caeteris
834 2580 845 2596 ,
860 2558 1000 2589 contentis
1013 2558 1044 2588 in
1063 2556 1180 2595 eadem,
1198 2558 1230 2587 in

168 2592 218 2624 suo
231 2593 337 2624 robore
349 2602 540 2631 permanente.

206 2630 242 2661 In
257 2632 353 2671 cujus,
370 2631 430 2662 &c.

210 2710 300 2747 Teste
313 2711 398 2751 Rege
410 2712 484 2751 apud
497 2713 630 2754 Eltham‚
646 2715 763 2748 decimo
775 2718 859 2748 tertio
872 2716 918 2748 die
934 2717 1015 2747 Maii.

860 2801 915 2829 Per
928 2795 1009 2837 ipfitm
1024 2799 1130 2835 Regem.

559 2944 618 2975 Pro
641 2941 741 2977 eodem
763 2946 849 2992 Rege.

33 3031 160 3063 ΛΜΗ),
179 3024 301 3088 REX
324 3028 511 3074 Theffiurario
533 3031 566 3062 &
579 3030 735 3063 Batonibus
748 3033 801 3064 suis
815 3033 851 3065 de
866 3034 1034 3072 Scaccario,
1049 3034 1083 3066 &
1099 3033 1234 3064 Camera-

59 3080 144 3110 ¹329-
258 3075 303 3096 riis
315 3067 383 3107 suis,
400 3077 433 3098 ac
447 3068 503 3098 aliis
519 3070 727 3108 Receptoribus
737 3071 789 3102 suis
801 3074 1001 3112 cujuscumque
1009 3073 1141 3104 Pecuniae
1149 3073 1234 3103 Sum-

30 3113 84 3138 Λη,
103 3120 129 3147 3,
180 3113 254 3140 mae,
273 3106 355 3135 nobis
369 3116 419 3150 per
434 3105 548 3144 Regem
563 3109 669 3139 Scotiae
681 3109 799 3149 debitae,
817 3111 951 3142 Salutem.

32 3153 64 3176 Ε,
88 3157 114 3184 3,
221 3140 300 3173 Cum
318 3142 487 3182 Magnificus
508 3146 662 3185 Princeps,
688 3147 835 3180 Dominus
854 3149 1017 3187 Robertus,
1042 3149 1108 3179 Rex
1130 3148 1236 3179 Scoto-

32 3186 98 3215 ibid.
181 3190 263 3217 rum,
282 3190 331 3218 per
352 3190 438 3212 certas
458 3182 693 3224 Conventiones,
711 3187 784 3217 inter
805 3187 874 3218 Nos
897 3189 930 3219 &
946 3187 1042 3226 Ipsum
1055 3196 1145 3226 nuper
1158 3188 1236 3218 initas

184 3219 218 3250 &
230 3218 369 3262 firmatas,
385 3219 444 3254 &c.
453 3229 535 3259 prout
542 3222 628 3262 ficpra
643 3223 722 3264 usque
735 3224 792 3255 haec
805 3226 894 3255 verba
903 3249 912 3265 ,
929 3230 990 3256 viz.

218 3256 310 3301 Vobis
331 3257 494 3302 mandamus
514 3262 610 3300 quod,
625 3263 744 3300 receptis
761 3274 777 3294 a
794 3264 911 3302 praefato
933 3265 1017 3302 Rege
1031 3264 1136 3295 Scotiae
1157 3263 1239 3293 dietis

182 3295 321 3340 Quique
335 3295 452 3340 Mihbus
466 3296 648 3337 Marcarum,
665 3302 693 3330 in
704 3301 784 3333 dieto
800 3303 885 3333 Festo
901 3302 1064 3334 Nativitatis
1077 3302 1176 3334 San&i
1185 3301 1239 3340 Jo-

181 3334 280 3365 hanms
293 3333 438 3372 Bapt1stae‚
456 3333 625 3367 Executioni
638 3338 820 3371 Residuarum
836 3342 975 3380 Qinque
989 3341 1105 3372 Milium
1125 3339 1240 3370 Marca-

181 3382 267 3442 {1222}
283 3372 370 3410 usque
388 3372 423 3402 ad
442 3371 551 3405 dietum
572 3375 688 3407 Festum
707 3376 804 3409 Saneti
821 3378 941 3412 Martini
953 3379 1103 3419 faciendae,
1120 3379 1241 3418 superse-

222 3489 311 3523 Teste
323 3491 406 3532 Rege
420 3492 494 3532 apud
507 3492 640 3534 Eltham‚
656 3495 772 3528 decimo
787 3498 871 3530 tertio
885 3497 930 3530 die
943 3498 1023 3531 Maii.

838 3581 892 3609 Per
909 3578 991 3620 ipfiem
1007 3582 1110 3618 Regem.

227 3719 287 3751 Pro
304 3718 463 3766 Magistris
481 3725 518 3760 ᾤ’
532 3720 700 3754 Scolaribus
718 3724 929 3767 Univerfitatis
948 3727 1068 3758 Oxom'ae
1080 3751 1089 3768 ‚
1113 3734 1217 3758 contra

363 3771 539 3803 Vexationes
555 3769 708 3803 Gaillara'i
725 3770 896 3805 cardinalis
902 3773 1080 3820 stepedistas.

47 3865 124 3898 Arm.
132 3865 174 3896 D.

76 3915 158 3945 1329.

46 3947 142 3982 affn.3.

284 3864 398 3910 nerabili
416 3866 446 3896 in
468 3865 584 3898 Christo
604 3867 696 3906 Patri,
712 3867 846 3899 Domino
864 3868 896 3899 B.
920 3869 979 3901 Dei
999 3870 1083 3910 grati&
1099 3893 1109 3910 ,
1134 3870 1247 3904 sanetae

275 3899 377 3933 Mariae
391 3913 420 3933 m
432 3904 461 3935 A
482 3907 559 3943 uiro,
578 3906 712 3937 Diacono
724 3906 882 3944 Cardinali,
902 3907 1009 3939 Amico
1024 3910 1073 3939 suo
1088 3911 1229 3942 cariffimo

195 3933 365 3978 Edwardus,
383 3942 443 3985 &a
469 3944 605 3988 ⁴alutem,
620 3945 654 3976 &
670 3945 782 3976 sincerae
794 3945 953 3976 dileetionis
964 3947 1110 3978 affeetum.
1235 3934 1248 3951 ³

47 3986 77 4009 ε.
96 3991 122 4018 3.
234 3974 306 4019 Qio
319 3985 436 4010 tenerius
447 3981 586 4025 diligimus
602 3983 808 4020 Magistrorum
823 3984 856 4014 &
871 3983 1031 4015 Scolarium
1054 3985 1250 4018 Univerfitatis

47 4023 116 4048 Rom.
133 4031 158 4058 3,
196 4009 322 4055 onniae
333 4015 414 4059 Tran
435 4019 568 4051 uilitatem
583 4022 616 4052 &
632 4022 769 4060 Qietem
779 4045 788 4060 ,
807 4030 852 4059 ut,
867 4022 1020 4053 litterarum
1036 4023 1138 4054 Studiis
1154 4025 1249 4056 sedulo

49 4061 79 4085 Ε.
94 4068 118 4094 3.
138 4069 176 4088 m.
196 4050 363 4090 lflfistent&‚
377 4063 406 4083 ln
449 4057 546 4088 eclesia
560 4058 619 4089 Dei
634 4060 752 4090 Fructus
766 4058 883 4090 afferant
898 4061 996 4091 uberes
1009 4060 1044 4092 ad
1063 4061 1250 4094 illuminatio-

49 4106 78 4132 4·
197 4088 645 4162 nessonliolffiltgumstemporibus
657 4100 822 4139 oportunis,
838 4108 875 4131 eo
888 4099 1013 4132 solertius
1034 4101 1140 4140 agimus
1160 4110 1191 4133 ut
1212 4103 1249 4131 ab

1255 193 1732 238 PUBLICA.
2259 211 2310 249 25

1247 276 1286 321 eis
1301 278 1445 323 cujussibet
1461 276 1664 318 Inquietudinis
1677 292 1841 315 amoveatur
1855 283 1984 322 occasio,
2003 283 2037 316 ec
2058 285 2196 315 auferatur
2219 290 2307 314 mate-
2328 272 2453 308 snm-D*

1251 326 1290 345 ria
1301 317 1510 348 scandalorum.
2346 325 2430 356 1329.

1287 353 1369 397 Ciim
1390 357 1483 393 itaque
1502 357 1714 389 intellexerimus
1737 361 1833 399 quod,
1855 361 2018 391 venerabilis
2039 360 2136 400 Pater,
2158 359 2305 391 Dominus
2325 358 2390 383 ΕΜ-
2412 365 2438 392 3·

1249 391 1407 437 Gaillardus
1420 395 1456 424 de
1470 394 1569 433 Mota,
1589 396 1699 426 Sanctae
1716 397 1815 428 Luciae
1828 400 1856 428 in
1870 398 1966 429 Cilice
1979 399 2126 429 Diaconus
2138 397 2306 437 Cardinalis,

1250 430 1627 476 ArchidiaconusOxoniae,
1646 435 1717 471 ipsos
1732 435 1886 474 Magistros
1899 439 1931 467 &
1944 438 2085 475 Scolares,
2103 438 2182 473 super
2191 437 2306 474 Juribus

1251 469 1286 498 &
1307 468 1566 514 Coriniuetudinibus
1587 472 1653 510 suis,
1694 473 1772 502 uibus
1797 475 1928 505 haCtenus
1943 476 1981 505 usi
1995 476 2097 506 suntin
2112 475 2305 506 Univerfitate

1250 507 1446 575 gaedffitafflt
1459 508 1598 552 asseritur,
1616 520 1665 548 per
1705 511 1829 542 roceffus
1840 515 1929 543 varios
1943 514 1999 544 huc
2020 514 2104 552 usque
2122 512 2306 553 inquietavit,

1299 555 1313 574 a
1356 555 1391 575 uc
1405 555 1554 584 inquietat:

1286 582 1426 624 Nosque,
1452 585 1620 627 praemissam
1643 585 1853 618 Dissensionem
1873 587 1992 619 moleste
2012 590 2146 628 ferentes,
2170 589 2305 622 Domino

1249 620 1372 664 Summo
1388 622 1528 665 *Pontifici
1549 624 1706 654 duxerimus
1725 625 1953 664 supplicandum,
1971 638 2001 659 ut
2024 629 2140 666 praefato
2161 628 2304 660 Cardinali

1249 660 1346 696 lubere
1367 659 1512 698 dioiietur,
1530 662 1677 699 ipsumque
1697 662 1828 693 inducere
1848 664 1998 695 salubribus
2011 667 2207 705 hortamentis,
2247 668 2305 698 uod

1248 700 1369 728 omnino
1389 685 1557 738 supersedeat
1574 699 1820 737 Inquietationibus
1838 701 2015 740 supradietis,
2033 705 2078 734 vel
2096 705 2191 736 saltem
2214 715 2229 734 a
2255 716 2304 735 en-

1249 734 1309 765 sum
1330 737 1454 774 praebeat
1473 737 1551 776 quod
1571 737 1736 775 Negotium
1753 738 1820 768 illud
1836 740 1971 778 aliquibus
1992 741 2129 780 Praelatis,
2144 743 2180 774 de
2193 743 2303 781 Regno

1247 774 1346 806 nostro
1361 776 1493 814 Angliae,
1508 777 1698 806 committatur
1712 776 1899 816 audiendum,
1917 780 1949 808 ὃς
1965 778 2020 809 fine
2035 780 2130 811 debito
2149 783 2303 812 terminan-

1249 811 1335 857 dum,
1353 821 1406 857 ne,
1423 814 1501 852 quod
1513 813 1599 852 absit,
1618 823 1734 852 propter
1749 814 1916 846 Vexationes
1930 817 2044 856 nimias,
2062 818 2145 849 diCtae
2156 820 2305 852 Universi-

1248 859 1297 882 tati
1312 861 1424 883 imineat
1437 851 1580 890 Dispersio
1595 853 1640 883 vel
1654 853 1761 882 Ruina:

1286 889 1414 920 Vestram
1428 891 1510 930 igitur
1524 888 1721 921 paternitatem
1739 891 1786 929 (de
1800 890 1856 929 qua
1871 889 2051 931 confidimus)
2067 903 2196 933 rogamus
2212 898 2245 927 ὃς
2261 907 2306 928 re-

1250 928 1383 966 quirimus
1403 937 1437 960 ex
1460 929 1583 968 affectu,
1602 931 1745 968 quatinus,
1761 929 1984 960 Univetfitatem
2007 933 2169 969 praedictam
2191 945 2306 965 recom-

1250 967 1409 998 mendatam
1425 968 1573 1006 habentes,
1590 977 1674 1004 penes
1687 968 1834 1005 praefatum
1848 968 2011 999 Dominum
2031 970 2183 1001 Summum
2207 973 2308 1004 Ponti-

1250 1004 1353 1048 ficem,
1371 1016 1486 1036 necnon
1507 1007 1540 1036 &
1560 1016 1643 1043 penes
1663 1005 1752 1043 ipsum
1774 1006 1938 1038 Dominum
1961 1007 2160 1047 Cardinalem,
2186 1011 2308 1042 insistere

1250 1043 1340 1073 velitis
1354 1045 1462 1081 modis,
1481 1045 1581 1082 quibus
1593 1044 1716 1074 videritis
1729 1045 1873 1084 expedire,
1892 1054 1937 1083 ut,
1956 1056 2009 1084 pro
2027 1046 2098 1078 Pace
2112 1049 2144 1078 &
2163 1048 2269 1086 Qiiete
2280 1051 2309 1079 in

1253 1081 1328 1125 dista
1342 1082 1532 1150 Ufisslse‘fiffloe
1547 1081 1751 1120 confovendis,
1770 1083 1859 1114 velint
1871 1085 1899 1113 in
1913 1084 2060 1122 praemissis
2084 1086 2311 1118 condeicendere

1253 1129 1328 1152 votis
1342 1130 1381 1150 no
1408 1131 1451 1151 ris.

1292 1198 1359 1231 Dat.
1378 1200 1451 1240 apud
1465 1200 1596 1240 Eltham‚
1612 1203 1696 1233 tertio
1708 1201 1823 1234 decimo
1836 1202 1881 1234 die
1895 1202 1976 1234 Maii.

2335 1286 2351 1303 ³
2372 1286 2426 1314 IV&

2338 1324 2401 1362 386.

1290 1365 1405 1393 Domino
1419 1365 1451 1393 P.
1469 1363 1501 1394 de
1515 1366 1627 1394 Mortuo
1641 1365 1721 1393 Mari
1732 1362 1810 1394 tituli
1821 1365 1915 1393 Sanffl
1927 1364 2057 1403 Stephani
2069 1368 2099 1396 in
2114 1364 2194 1396 Coelio
2215 1369 2311 1398 Monte

1328 1402 1479 1431 Presbitero
1494 1401 1646 1432 Cardinali.

1290 1442 1407 1508 Delmino
1420 1443 1451 1469 Ρ.
1467 1442 1493 1507 Ili
1511 1440 1589 1487 ifiopo
1601 1440 1751 1481 Penestrin.
1770 1442 1879 1471 Sanclae
1894 1443 2022 1472 Romanae
2037 1441 2159 1482 Ecclefiae
2172 1443 2314 1474 cardinali

1358 1490 1472 1508 Isecancc’
1494 1490 1558 1508 arlo.

1290 1519 1405 1584 D⁰mil⁷3⁰
1426 1520 1461 1547 G.
1484 1517 1606 1556 Episc'opo
1626 1517 1767 1548 Albanen.
1795 1518 1903 1548 Sanctae
1924 1520 2053 1549 Romanae
2073 1518 2195 1560 Ecclefiae
2216 1521 2313 1551 Cardi-

1327 1566 1365 1585 na
1377 1567 1395 1586 ι.

1519 1283 1539 1303 *
1559 1282 1728 1314 Consimiles
1742 1283 1847 1314 Literae
1858 1283 2033 1324 diriguntur,

1301 1690 1351 1725 De
1369 1687 1548 1723 Inhibitione
1565 1702 1667 1724 contra
1677 1691 1767 1736 fabia
1782 1693 1953 1725 Armorum
1967 1694 1998 1723 in
2012 1689 2144 1737 abfi’ntia
2161 1696 2259 1741 Regis.

1315 1779 1373 1810 EX
1389 1780 1563 1812 Vicecomiti
1577 1779 1726 1818 Eborum,
1745 1776 1879 1811 Salutem.
2340 1783 2468 1817 Ann.D,

1351 1818 1430 1849 Cum
1449 1829 1522 1858 nos,
1548 1826 1601 1857 pro
1623 1818 1786 1857 quibusdam
1808 1818 1899 1849 arduis
1918 1819 1952 1850 &
1973 1818 2136 1860 urgentibus
2165 1821 2316 1862 Negotiis,
2359 1835 2444 1865 1329.

1261 1856 1330 1925 Ῐ1Νοε
1353 1858 1386 1888 &
1406 1857 1515 1927 {tatum
1535 1857 1635 1895 Regni
1650 1857 1739 1887 nostri
1762 1858 1938 1896 tangentibus
1945 1881 1955 1897 ,
1972 1859 2007 1889 ad
2022 1869 2112 1897 partes
2127 1861 2317 1892 transmarinas
2339 1868 2390 1891 An.
2410 1875 2436 1901 3.

1273 1904 1345 1926 lmus
1378 1905 1439 1926 roe
1471 1906 1528 1927 UH:
2343 1907 2373 1930 Ε-
2412 1925 2417 1931 .

1299 1905 1487 1972 νοΙὲηῑὲῑςυε
1505 1934 1611 1966 Pacem
1633 1933 1773 1972 nostram,
1790 1935 1933 1973 praecipue
1954 1935 1984 1966 in
2005 1935 2125 1967 absentia
2143 1936 2257 1977 nostra,
2273 1938 2321 1969 fir-
2344 1911 2431 1978 Clazs.
2444 1950 2472 1979 3.

1263 1980 1347 2003 miter
1358 1972 1514 2003 observari:
2345 1983 2376 2006 Ε.
2393 1989 2418 2016 3.
2433 1990 2470 2009 m,

1298 2010 1343 2042 Ac
1362 2010 1564 2042 confidet-antes
1585 2010 1691 2042 Pacem
1710 2010 1802 2050 illam,
1818 2020 1868 2049 per
1887 2010 1988 2051 Congr
2025 2014 2130 2044 ationes
2151 2013 2320 2046 Hominum
2348 2027 2394 2046 22.
2406 2018 2432 2046 d.

1262 2048 1401 2117 adlhArma
1406 2072 1434 2117 ,s
1434 2049 1510 2118 ἰηῙΞῐεέ
1514 2050 1651 2094 Regnum
1664 2049 1813 2087 nostrum,
1831 2049 1901 2080 dum
1915 2050 1953 2081 sic
1966 2051 2002 2082 ab
2014 2059 2090 2081 entes
2112 2052 2262 2092 fuerimus,
2278 2054 2320 2085 fa-

1261 2098 1288 2119 ci
1300 2095 1351 2118 iter
1383 2099 1402 2118 ο
1429 2098 1444 2118 e
1512 2098 1534 2117 i·

1299 2097 1580 2166 Tibippraecipim'us,
1597 2125 1714 2157 firmiter
1727 2127 1917 2166 injungentes,
1935 2126 2012 2166 quod
2034 2127 2145 2167 statim,
2163 2129 2225 2161 vifis
2247 2139 2320 2170 prae-

1262 2165 1401 2205 sentibus,
1421 2166 1449 2195 in
1461 2165 1550 2204 locis,
1564 2166 1593 2195 in
1607 2164 1714 2196 Bauiva
1725 2165 1793 2204 tua,
1807 2165 1866 2195 tam
1881 2164 1951 2195 infra
1973 2166 2146 2205 Libertates,
2163 2169 2250 2205 quam
2272 2179 2320 2199 eit-

1264 2212 1322 2242 tra,
1337 2204 1386 2234 ubi
1407 2203 1537 2241 expedire
1557 2203 1673 2241 videris,
1689 2203 1803 2241 publice
1823 2203 2004 2243 proclamari,
2020 2205 2053 2235 &
2072 2214 2108 2236 ex
2128 2215 2206 2243 parte
2222 2207 2322 2239 nostra.

1265 2243 1384 2273 inhiberi
1409 2242 1508 2280 facias,
1534 2251 1572 2272 ne
1594 2242 1670 2279 quis,
1692 2243 1772 2280 super
1793 2242 1966 2272 forisfaetura
1985 2243 2137 2282 omnium,
2154 2255 2218 2283 quae
2239 2247 2324 2276 nobis

1265 2281 1424 2312 forisfacere
1445 2281 1565 2318 poterit,
1590 2279 1818 2318 Turneamenta,
1840 2279 2014 2318 Burdeicias,
2039 2280 2182 2321 Tupinas,
2208 2293 2255 2314 aut
2270 2284 2324 2324 Ju-

1266 2320 1319 2388 {ias
1339 2319 1448 2359 facere,
1465 2326 1608 2352 aventuras
1629 2329 1756 2358 quaerere
1778 2317 1839 2355 &c.
1851 2326 1934 2358 prout
1955 2323 1985 2350 in
2007 2319 2130 2359 ejusmodi
2151 2321 2325 2360 Inhibitiom'2

1283 2368 1322 2388 us.

1305 2438 1395 2471 Teste
1411 2439 1494 2479 Rege
1505 2439 1580 2477 apud
1596 2438 1729 2472 Cantuar.
1746 2439 1882 2472 vicesimo
1895 2439 2021 2472 secundo
2032 2439 2078 2471 die
2094 2438 2177 2473 Maii.

1939 2521 1994 2550 Per
2012 2521 2095 2560 ipfitm
2111 2524 2217 2560 Regem.

1306 2600 1420 2632 Eodem
1433 2601 1525 2633 modo
1540 2600 1704 2633 mandatum
1716 2599 1758 2631 est
1772 2600 1880 2641 singulis
1888 2599 2116 2633 Vicecomitibus
2128 2612 2180 2641 per
2186 2601 2331 2643 Angliam,

1270 2641 1304 2672 &
1320 2638 1461 2679 Episcopo
1473 2639 1663 2672 Dunolmensi
1671 2662 1682 2680 ,
1699 2640 1810 2671 mutatis
1823 2639 1971 2670 mutandis.

1273 2777 1323 2809 De
1347 2777 1459 2808 Comite
1483 2771 1630 2808 Cornubiae
1653 2770 1775 2816 Custode
1798 2774 1891 2819 Regni
1908 2797 1919 2814 ,
1956 2769 2073 2817 absente
2095 2775 2191 2820 Rege,
2228 2771 2331 2817 consti-

1768 2829 1842 2854 tuto.

1273 2911 1387 2971 REX
1403 2911 1645 2950 Archiepiscopis,
1664 2908 1829 2954 Episcopis,
1840 2906 2012 2948 Abbatibus,
2030 2908 2189 2953 Prioribus:
2205 2909 2333 2942 Comiti-
2352 2908 2428 2941 Ann.
2440 2906 2483 2940 D«

1347 2952 1417 2989 bus,
1443 2950 1611 2988 Batonibus,
1639 2948 1795 2985 Militibus,
1811 2946 1902 2978 libere
1925 2948 2120 2979 Tenentibus:
2140 2947 2333 2980 Comuni'tati*
2380 2958 2464 2988 1329.

1274 2989 1344 3027 bus,
1362 2987 1602 3025 Vicecomitibus,
1620 2987 1654 3018 &
1670 2984 1804 3017 omnibus
1817 2984 1893 3025 aliis,
1912 2985 2071 3026 Ministris,
2089 2987 2213 3025 Ballivis,
2231 2989 2265 3019 δε
2286 2987 2333 3017 Fi·
2350 2991 2403 3015 An.
2422 2997 2448 3025 3.

1274 3027 1383 3058 delibus
1398 3027 1469 3064 suis,
1487 3027 1521 3057 ad
1538 3036 1626 3065 quos,
1641 3026 1702 3056 ὅτε.
1722 3024 1854 3056 Salutem.
2351 3030 2381 3053 Ε.
2402 3035 2429 3063 3·

1315 3066 1411 3096 Sciatis
1426 3065 1522 3104 quod,
2350 3068 2409 3091 Pat.
2423 3072 2449 3100 3.

1314 3103 1394 3134 Cum
1407 3113 1459 3142 pro
1471 3102 1635 3142 quibusdam
1649 3101 1801 3140 Negotiis,
1810 3100 1880 3146 Nos
1895 3102 1929 3133 ὃ(
1939 3101 2048 3133 Statum
2062 3102 2157 3145 Regni
2171 3100 2260 3145 nostri
2272 3108 2332 3131 tan-
2351 3106 2378 3129 Ε.
2392 3111 2418 3138 3.
2425 3107 2451 3138 p.
2478 3104 2488 3131 J

1279 3143 1424 3181 gentibus,
1444 3142 1527 3172 fimus
1539 3140 1574 3172 ad
1586 3149 1675 3179 partes
1688 3140 1912 3179 Transmarinas,
1929 3140 2041 3172 favente
2057 3139 2208 3178 Domino,
2222 3149 2250 3170 in
2265 3149 2333 3177 pro-
2352 3149 2388 3170 m.
2408 3142 2452 3167 16.

1277 3182 1357 3249 xit&
1373 3180 1546 3219 profecturi,

1315 3229 1451 3289 lese’tites
1473 3257 1540 3288 Paci
1561 3257 1595 3288 &
1613 3254 1812 3301 Tranquilitati
1831 3254 1933 3294 Populi
1952 3253 2051 3292 Regni
2070 3253 2184 3294 nostri,
2209 3255 2335 3286 maxime

1279 3294 1349 3327 dum
1364 3296 1401 3327 fic
1413 3296 1536 3327 absentes
1549 3296 1698 3334 fuerimus,
1716 3294 1865 3334 providere
1876 3303 1906 3324 ut
1920 3303 2065 3331 tenemur,
2309 3302 2320 3337 Α,

1315 3334 1464 3366 Βίἰεᾶυῐτι
1485 3336 1518 3366 &
1536 3333 1662 3364 Fidelem
1682 3334 1828 3371 nostrum,
1843 3333 2005 3371 Johannetn
2025 3331 2061 3362 de
2081 3331 2211 3370 Eltham‚
2231 3331 2335 3362 Comi-

1281 3381 1340 3404 tem
1355 3373 1530 3410 Cornubiae,
1549 3373 1673 3403 Fratrem
1686 3371 1814 3402 nostrum
1827 3369 1999 3401 carissimum
2008 3391 2018 3408 ,
2030 3369 2190 3400 Custodem
2205 3369 2335 3400 nostrum

1281 3412 1349 3443 dicti
1370 3412 1465 3451 Regni
1475 3436 1498 3455 ,-
1515 3421 1548 3442 ac
1572 3411 1689 3441 Locum
1708 3409 1838 3453 nostrum
1860 3409 1890 3437 in
1911 3407 2138 3452 eodequegno
2155 3407 2335 3450 Tenentem,

1281 3451 1432 3519 &0133ss
1435 3445 2002 3528 ΨξίὲΫὲῗὲὲῃΞΞῗέῗὲῗὼῗἛΓᾺῖὲῗῖξ
2004 3445 2337 3526 Υέἓὲῗέᾗέᾝῗὲῧῖᾆὲἓῖ

1279 3528 1324 3596 Εἰς
1346 3511 1457 3557 ιηοιάἷτι
1479 3526 1646 3564 fecerimus,
1664 3524 1710 3557 vel
1727 3524 1820 3554 donec
1844 3522 1917 3554 aliud
1939 3522 2006 3552 inde
2021 3521 2182 3551 duxerimus
2204 3519 2339 3552 ordinan-

1302 3575 1366 3596 um·

1319 3589 1442 3634 Et’ideo
1463 3602 1545 3633 vobis
1565 3600 1728 3632 mandamus
1746 3597 1824 3638 quod
1845 3597 1938 3628 eidem
1961 3596 2047 3627 Fratri
2069 3596 2185 3635 nostro,
2202 3604 2336 3641 tanquam

1281 3641 1407 3673 Custodi
1420 3640 1519 3671 nostro
1534 3639 1602 3670 diffl
1623 3639 1736 3677 Regni,
1755 3639 1788 3668 ἂ
1810 3637 1924 3666 Locum
1943 3634 2072 3665 nostrum
2093 3635 2217 3666 Tenenti
2236 3645 2264 3665 in
2286 3645 2339 3666 eo·-

1282 3681 1370 3719 dem,
1386 3682 1414 3710 in
1427 3679 1495 3718 hiis,
1513 3688 1577 3717 qua:
1591 3678 1625 3708 ad
1637 3678 1743 3707 diastam
1757 3674 1925 3718 Custodiam
1939 3674 2097 3711 pertinent,
2114 3673 2288 3706 intendent&
2303 3674 2338 3710 fi÷

1284 3720 1335 3756 tis,
1354 3717 1567 3757 respondentes,
1585 3715 1774 3751 consulentes,
1793 3713 1827 3743 &
1841 3712 2008 3742 auxiliantes.

1321 3797 1356 3829 In
1370 3798 1463 3836 cujus,
1480 3796 1541 3827 &c.
1560 3795 1694 3834 quamdiu
1706 3793 1789 3824 nobis
1803 3792 1936 3830 placuerit
1948 3788 2097 3822 duraturas.

1321 3875 1410 3910 Teste
1425 3875 1506 3915 Rege
1520 3874 1594 3913 apud
1609 3874 1804 3910 Dovorriam‚
1820 3872 1957 3905 vicesimo
1970 3872 2070 3910 quinto
2084 3871 2130 3902 die
2143 3869 2225 3903 Maii.

1970 3953 2024 3982 Per
2035 3951 2118 3992 ipfilm
2130 3954 2235 3992 Regem.
