2562 4279
769 159 881 201 ET
965 156 1232 199 ACTA

67 275 145 307 Ann.
160 272 201 303 D.

68 323 182 388 1:533032
517 335 573 365 Pro
598 330 766 381 Reymundo
792 330 960 364 Cardinali.

67 422 119 447 An.
140 427 163 454 3-
278 416 462 457 Eymundus,
480 417 590 447 Sanesae
613 415 714 446 Mariae
736 415 839 446 Novae
860 413 1006 458 Diaconus
1018 412 1190 455 Cardinalis,
1206 409 1268 442 De-

67 461 97 484 Ε-
120 466 144 492 3·
297 467 381 487 carius
393 457 509 492 Sarum,
530 454 752 484 Archidiaconus
766 451 955 491 Leycestrlae,
973 453 1006 482 &
1023 451 1145 481 Perlona
1165 451 1268 494 Eccle-

67 499 128 523 ΡΜ.
150 504 176 530 3.
217 494 261 524 siae
275 494 310 525 de
327 495 404 525 Leek
414 519 423 532 ‚
439 495 487 532 qui
502 495 531 523 in
547 492 633 523 Curia
649 492 782 523 Romana
796 498 935 526 moratur,
953 491 1038 519 habet
1053 490 1158 519 Literas
1180 488 1267 527 Regis

65 538 97 560 Ε.
119 542 143 568 3.
158 540 183 571 p.

70 581 180 607 2.t71.4.

214 609 349 640 Ecclefiae
367 609 403 639 de
420 608 554 647 Berewyk

214 649 438 685 quibuscumque
452 645 544 676 Curiis

171 685 173 687 ’
213 686 325 716 niandas
339 688 373 718 &
384 684 579 715 defendendas.

247 724 282 755 In
298 726 391 762 cujus,
409 725 470 755 &c.
483 733 533 761 per
544 720 715 752 Triennium
729 718 887 756 duraturas,
905 720 965 750 ὅτε.

249 804 448 842 Praesentibus,
464 804 524 833 &c.

247 883 337 917 Teste
348 886 429 924 Rege
443 881 515 920 apud
528 880 737 921 Wygorniam‚
754 879 830 911 sexto
844 878 890 910 die
899 878 1029 917 Januarii.

281 1016 339 1051 Ad
352 1019 493 1061 Papam,
511 1015 601 1061 saper
623 1015 739 1062 Brigofii
758 1015 903 1060 Negatio,
928 1014 964 1047 de
984 1015 1184 1063 Indagentia.

58 1112 185 1144 Anno,
206 1104 419 1169 SAnfflffimo
442 1106 469 1134 in
491 1103 608 1135 Christo
629 1103 719 1142 Patri,
740 1104 874 1134 Domino
886 1104 918 1172 ἑ
944 1103 1049 1134 Divina
1064 1103 1264 1145 Providentia,

107 1162 119 1172 ''
144 1162 170 1180 0.

264 1144 452 1175 SacrosanRae
474 1143 618 1173 Romanae
637 1152 669 1172 ac
692 1143 865 1174 Universalis
911 1143 1019 1173 cclesiae
1041 1143 1165 1173 Summo
1185 1143 1263 1174 Pon-

55 1161 150 1227 ΑΞῨΞ,
204 1183 289 1221 tifici,
307 1181 480 1220 Edwardus‚
498 1181 595 1212 eadem
608 1182 710 1221 gratia,
731 1182 792 1211 &c.
809 1181 913 1213 devota
926 1180 1038 1212 Pedum
1050 1181 1144 1212 oscula
1165 1182 1264 1213 beato-

53 1234 132 1295 {Etim}
142 1277 168 1303 3.
202 1231 378 1290 ru&raedam
396 1260 532 1290 virtutum
555 1259 669 1296 merita,
687 1268 719 1288 ac
742 1257 862 1288 scientiae
874 1259 908 1289 ὃς
921 1257 1064 1288 industriae
1079 1259 1265 1304 magnitudo,

52 1311 83 1333 E.
96 1315 121 1342 3,
135 1315 171 1333 m.
226 1299 306 1329 uibus
318 1298 434 1328 dileflus
449 1297 576 1328 Clericus
592 1296 703 1334 noster,
721 1295 856 1335 Magister
867 1295 963 1339 Hugo
979 1296 1015 1326 de
1035 1296 1173 1336 Camera,
1189 1298 1262 1336 Juris

53 1345 81 1371 6,
235 1338 304 1368 ivilis
318 1337 480 1374 Profeffor,
500 1335 724 1366 Archidiaconus
740 1334 896 1364 Lincolniae
906 1334 1094 1372 ,laudabiliter
1106 1336 1263 1375 insignitur,

202 1375 290 1415 digno
306 1377 424 1414 intuitu,
442 1382 640 1413 promerentur
655 1381 702 1410 ut,
722 1383 786 1411 quae
800 1373 856 1411 ejus
871 1371 976 1403 honori
986 1375 1265 1413 conveniunt,quie-

203 1423 263 1445 tem
279 1415 427 1452 muniunt,
445 1414 478 1444 &
494 1412 652 1450 propellunt
669 1413 813 1441 materiam
831 1411 1015 1451 jurgiorum,
1034 1422 1118 1450 penes
1142 1413 1263 1444 vestram

203 1452 413 1490 Clementiam,
433 1461 498 1489 qiiae
515 1450 665 1488 gratiosam
682 1449 707 1480 se
720 1450 831 1480 exhibet
843 1449 994 1489 Virtuofis,
1010 1450 1107 1481 sedulis
1121 1452 1264 1484 interven-

202 1492 275 1522 tibus
289 1500 484 1530 procuremus.

238 1529 318 1565 Cum
340 1530 432 1567 itaque
453 1528 534 1566 Nos,
549 1528 618 1566 Jure
637 1526 737 1557 nostro
759 1527 854 1566 Regio
872 1550 881 1565 ,
900 1526 1169 1558 Archidiaconatum
1192 1529 1263 1558 Lin-

198 1568 303 1598 colniae
317 1567 503 1605 praedidium,
520 1565 628 1596 dudum
644 1573 807 1603 vacantem,
825 1567 858 1596 ὃς
874 1564 909 1595 ad
925 1565 1049 1596 nostram
1064 1565 1263 1597 Donationem

199 1607 216 1636 s
231 1606 374 1637 edtantem
391 1629 401 1645 ,
432 1606 547 1643 praefato
572 1603 711 1643 Magistro
732 1603 851 1642 Hugoni
873 1605 1101 1642 contulerimus,
1128 1606 1263 1643 idemque

241 1644 339 1684 agister
358 1644 471 1682 Hugo‚
489 1653 523 1674 ex
542 1641 706 1673 Collatione
727 1641 836 1678 nostra,
857 1641 1125 1683 {archidiaconatum
1139 1643 1218 1674 illum
1235 1653 1265 1674 a·

199 1682 299 1721 deptus
312 1683 413 1720 fuerit,
430 1683 576 1720 ipsumque
590 1681 627 1711 sic
641 1689 733 1711 teneat
746 1682 775 1710 in
790 1681 932 1717 praelenti:

240 1721 280 1751 Et
294 1719 519 1752 Archambaldus
534 1719 571 1750 de
584 1719 754 1758 petragoris,
772 1717 996 1749 Archidiaconus
1012 1718 1211 1751 Droconensis
1233 1721 1263 1751 in

202 1759 329 1791 Ecclesia
344 1759 528 1796 Carnotensi,

243 1798 323 1837 Qi,
341 1799 444 1830 virtute
464 1796 604 1836 cujusdam
626 1795 753 1834 Gratiae,
772 1805 787 1825 a
810 1793 901 1826 vestra
923 1795 1091 1833 Sanctitate,
1109 1805 1141 1827 ut
1156 1797 1264 1837 asserit,

201 1837 253 1867 sibi
268 1838 369 1875 factae,
383 1836 434 1874 Jus
448 1835 496 1865 fibi
510 1841 671 1872 competere
686 1834 859 1872 praetendens
880 1835 909 1863 in
931 1833 1173 1866 Archidiaconatu
1194 1837 1264 1866 Lin-

201 1875 304 1906 colniae
324 1874 480 1913 praedidto,
499 1872 647 1910 praefatum
666 1872 685 1892 ³³
705 1871 853 1903 Clericum
874 1871 1005 1903 nostrum
1028 1873 1091 1903 alias
1110 1874 1189 1914 super
1205 1876 1264 1906 hoc

201 1913 313 1944 Litium
327 1911 508 1943 amfractibus
524 1911 670 1949 proposuit
683 1910 813 1950 fatigare,

239 1951 415 1982 Nostrarum
430 1948 554 1981 Precum
569 1949 712 1987 instantia,
731 1949 787 1979 Liti
804 1948 905 1980 cedere
921 1957 1028 1987 paratus
1044 1950 1074 1980 sit
1090 1951 1119 1980 in
1132 1961 1163 1981 ea
1178 1960 1265 1990 parte,

200 1989 270 2021 dum
290 1999 405 2028 tamen,
418 1989 494 2027 juxta
513 1988 693 2018 desideratam
715 1997 730 2016 a
749 1988 830 2017 nobis
851 1988 976 2018 formam
990 2013 999 2026 ,
1019 1989 1130 2019 inferius
1150 1999 1266 2021 annota-

200 2038 274 2065 tam,
289 2038 304 2058 a
316 2027 408 2059 vestra
419 2027 569 2057 Sanctitate
578 2027 626 2056 sibi
643 2026 723 2063 super
736 2026 793 2056 hoc
806 2026 948 2057 licentiam
962 2028 1162 2065 impetremus;

240 2067 310 2097 Nos
323 2090 332 2104 ,
360 2065 574 2103 tranquilitatem
599 2065 633 2094 &
662 2065 787 2101 quietem
812 2065 932 2102 ejusdem
960 2064 1067 2096 Clerici
1097 2067 1186 2096 nostri
1209 2068 1263 2098 sin-

202 2115 273 2136 cero
299 2103 480 2134 desiderantes
510 2102 615 2133 affestu
630 2126 640 2139 ,
672 2101 837 2133 Beatitudini
866 2103 965 2133 vestrae
993 2104 1098 2134 votivis
1127 2105 1264 2136 desideriis

201 2143 406 2182 supplicamus,
425 2142 551 2179 quatinus
566 2141 690 2171 eundem
706 2140 856 2172 Clericum
877 2141 1026 2180 nostrum,
1045 2142 1146 2182 Virum
1168 2145 1266 2183 utique

203 2180 350 2212 Eminenti
366 2180 536 2210 Litterarum
548 2179 671 2209 Scientia
687 2179 836 2216 praeditum
845 2179 1087 2217 ,Conversatione
1101 2181 1264 2222 Decorum,

203 2220 239 2250 &
254 2220 283 2249 in
298 2218 424 2256 Agendis
436 2217 604 2256 quibussibet
617 2216 1043 2257 Circumspe&um,habentes,
1062 2219 1081 2249 fi
1095 2221 1264 2260 placet,n0-

203 2257 254 2299 tssri
267 2257 524 2295 contemplatione,
541 2255 682 2294 specialius
696 2256 929 2287 recomendatum
938 2281 949 2295 ,

243 2295 365 2327 Praefato
378 2294 590 2326 Archidiacono
604 2294 803 2332 Droconenfi,
819 2304 864 2331 ut,

241 2334 357 2372 Absque
371 2333 543 2363 detrimento
556 2332 651 2363 Status
664 2332 720 2370 sui,
739 2333 832 2370 quoad
847 2333 986 2364 Beneficia
997 2345 1074 2366 nunc
1089 2344 1222 2376 optenta,
1231 2338 1264 2369 &

204 2374 331 2403 maxime
343 2371 437 2411 quoad
454 2370 723 2402 Archidiaconatum
739 2373 818 2402 suum
834 2371 1071 2412 Droconensem,

238 2410 301 2448 Juri
315 2411 346 2449 (fi
362 2410 440 2449 quod
453 2410 502 2440 sibi
517 2418 662 2448 competat
677 2411 707 2440 in
727 2409 808 2440 dieto
828 2409 1066 2442 Archidiaconatu
1085 2412 1265 2454 Lincolniae,

203 2450 252 2480 vel
265 2449 299 2479 ad
314 2450 393 2486 eum)
409 2448 510 2479 cedere
526 2448 611 2479 valeat
621 2448 798 2486 ,Licentiam
814 2448 1018 2488 indulgere,ac
1032 2451 1160 2490 Statum,
1178 2463 1265 2490 quem

202 2487 281 2518 idem
297 2486 348 2517 Hu
368 2498 389 2517 o
403 2487 487 2517 habet
502 2488 531 2516 in
546 2486 666 2526 eodem,
685 2496 718 2517 ex
732 2486 895 2518 Collatione
907 2488 1003 2519 nostra
1024 2489 1199 2530 hujusmodi,
1217 2502 1266 2523 au-

204 2526 336 2557 &oritate
378 2524 515 2564 postolica
528 2525 697 2556 confirmare
705 2550 714 2564 ,

244 2564 316 2602 Vel,
335 2564 534 2602 Resignatione
554 2564 675 2601 ejusdem
695 2564 829 2611 Hugonis
844 2589 853 2603 ‚
872 2564 909 2595 de
933 2564 1172 2598 Archidiaconatu
1194 2568 1265 2599 Lin-

205 2603 311 2634 colniae
324 2602 478 2640 praedicto,
494 2602 659 2633 auctoritate
674 2602 766 2633 vestra
779 2602 1187 2642 recepta‚Archidiaconatum
1196 2617 1266 2638 eun-

204 2641 275 2672 dem
287 2641 380 2672 eidem
393 2640 514 2679 Hugoni
527 2639 628 2671 eidem
641 2641 806 2672 auctoritate
819 2650 853 2671 ex
874 2642 1045 2673 habundanti
1065 2644 1173 2675 cautela
1192 2656 1264 2676 con-

207 2680 281 2710 ferre
299 2679 455 2718 dignemini
474 2679 613 2718 gratiose,
635 2678 742 2717 sibique
761 2679 863 2711 litteras
883 2680 1062 2717 Apostolicas
1081 2682 1146 2712 inde
1164 2685 1265 2722 jubere

206 2717 282 2754 fieri,
301 2718 402 2755 quibus
415 2718 442 2746 se
457 2717 545 2747 valeat
557 2726 659 2748 contra
673 2717 858 2749 Insidentium
872 2719 1060 2758 calumpnias,
1077 2722 1177 2753 futuris
1190 2731 1265 2754 tem-

207 2757 341 2794 poribus,
359 2763 505 2793 protegere
518 2756 551 2786 &
569 2757 649 2786 tueri.

245 2793 404 2826 conservet
417 2802 484 2835 v05,
502 2793 564 2824 &c.

54 1873 73 1892 0
90 1875 143 1902 tv,
160 1889 164 1894 ·

55 1921 122 1948 4¹0·

207 2872 410 2942 strlffffir‘tffu‘i
431 2872 640 2913 Leycestriam,
657 2874 765 2907 0st²V0
787 2875 833 2907 die
843 2876 982 2918 januarii,
1000 2878 1088 2911 Anno
1101 2880 1200 2920 Regni
1213 2891 1268 2913 no-

327 2922 366 2942 10·

209 3045 269 3078 Pro
283 3041 413 3089 Ifhbella
430 3045 544 3092 Regina
567 3044 685 3091 Angliae
700 3044 736 3078 de
763 3056 874 3080 10000
891 3051 1082 3082 Marcarum
1093 3060 1148 3096 per
1157 3054 1267 3100 Regem

598 3096 698 3127 Scotiae
713 3094 877 3139 solvendis.

63 3182 191 3216 AnnD.
211 3179 332 3244 REX
351 3181 510 3226 Omnibus,
528 3182 563 3214 ad
580 3190 666 3222 quos,
684 3183 744 3214 &c.
761 3183 894 3216 Salutem.

81 3232 167 3263 1330.
312 3220 410 3251 Sciatis
424 3221 523 3259 quod,

60 3265 114 3291 An.
136 3272 162 3300 3.
250 3257 286 3288 In
307 3257 618 3296 Recornpensationem
639 3259 826 3298 quarumdam
844 3260 1034 3299 Expentarum
1072 3274 1138 3304 quas
1157 3265 1269 3299 Isabella

61 3304 93 3329 E.
116 3310 129 3338 3
213 3296 324 3341 Regina
340 3296 466 3337 Angliae,
484 3297 580 3342 Mater
594 3298 689 3342 nostra
701 3299 853 3338 carissima,
871 3302 945 3332 circa
965 3287 1097 3342 quaed’am
1119 3305 1203 3337 ardua
1220 3318 1270 3338 ne—

66 3342 127 3366 Pat.
144 3348 170 3376 3.
212 3344 290 3374 gotia
304 3335 400 3366 nostra
412 3335 599 3373 expedienda,
615 3336 701 3374 fecit,

62 3380 94 3405 Ε.
115 3387 140 3414 3.
154 3384 179 3415 p.
252 3373 393 3404 Dedimus
405 3373 498 3403 eidem
514 3373 603 3404 Matri
613 3374 718 3404 nostrae
733 3375 836 3405 decem
856 3376 938 3408 Milia
960 3379 1125 3413 Marcarum
1162 3382 1199 3413 de
1218 3383 1270 3414 illis

65 3423 92 3444 a..
105 3424 179 3452 m.4.
213 3411 363 3458 Denariis,
417 3422 450 3442 os
463 3410 573 3442 Gentes
585 3411 691 3442 Scotiae
703 3413 787 3443 nobis
799 3413 906 3445 solvere
919 3418 1089 3450 tenebuntur
1103 3404 1144 3452 ad,
1152 3421 1268 3453 Festum

212 3422 484 3482 Nativitatis‘isssneti
493 3449 629 3488 johannis
643 3450 786 3491 Baptistae,
804 3453 939 3489 proximo
951 3456 1088 3489 futurum.

248 3530 284 3561 In
300 3532 395 3571 cujus,
413 3531 473 3562 &c-

248 3611 339 3644 Teste
353 3611 436 3652 Rege
451 3611 522 3651 apud
535 3611 681 3651 Oseneye‚
695 3609 813 3644 decimo
824 3613 944 3653 septimo
958 3615 1004 3648 die
1015 3616 1148 3656 Januarii.

707 3694 760 3723 Per
772 3695 867 3725 Breve
881 3697 914 3726 de
928 3698 1049 3728 Privato
1063 3697 1163 3737 Sigillo-

66 3783 145 3814 Ann.
158 3783 200 3816 D.

69 3831 175 3897 A1n3340‘
215 3836 274 3868 Pro
295 3838 505 3885 Commiffizriis
517 3866 527 3882 ‚
552 3838 597 3872 ad
609 3823 825 3880 metandum,
841 3839 935 3885 fitper
955 3839 1104 3887 Requaestis
1119 3840 1271 3875 Ambiani

117 3883 122 3888 ⁸
158 3884 165 3890 ⁵
576 3887 719 3929 traditis,
744 3885 903 3933 affignatis.

65 3903 97 3926 Ε.
119 3908 146 3937 3.

65 3940 180 4012 ζωή,
321 3969 410 4016 ivefsis
425 3995 436 4008 ,
468 3974 613 4011 praesentes
644 3973 761 4003 Litteras
786 3972 951 4011 inspecturis
965 3996 975 4013 ,
1001 3971 1178 4014 Edwardus,
1210 3975 1270 4008 Dei

70 4020 140 4044 nm.
151 4023 187 4051 50
301 4015 395 4046 grata,
412 4009 477 4041 Rex
498 4012 631 4052 Angliae,
648 4011 797 4044 Dominus
816 4011 984 4051 Hiberniae,
1001 4014 1036 4046 &
1057 4012 1129 4046 Dux
1150 4013 1270 4055 Aquita-

211 4045 282 4081 niae,
301 4043 433 4076 Salutem.

245 4084 318 4119 ΖῑῖὶηιΙΙ
340 4085 383 4113 Π.
402 4086 436 4115 Ρ.
454 4087 512 4117 ΙΙΙ,

215 532 251 562 de
274 533 443 570 Attornatu,
461 532 511 562 sub
530 531 694 561 nominibus
716 529 846 566 Magistri
864 527 1000 566 Johannis
1014 527 1050 557 de
1065 528 1193 565 Finibus,
1214 529 1268 558 Ar-

215 571 377 602 chidiaconi
396 569 560 607 vasatensis,
580 570 613 600 &
632 567 761 606 Migistri
777 566 914 605 Johannis
933 566 967 596 de
991 565 1099 596 Tarent
1114 590 1124 605 ,
1139 565 1268 596 Personae

602 607 651 636 sub
670 607 848 636 alternatione
862 627 873 642 ,
890 603 924 634 ad
944 603 1108 634 lucrandum
1124 629 1133 642 ,
1159 605 1219 634 &c.
1239 605 1268 634 in

558 630 686 681 Angliae,
703 653 756 673 nec
769 652 828 673 non
843 642 876 672 ad
893 642 1047 673 Libertates
1064 643 1121 674 suas
1142 643 1270 681 calump—

1314 151 1794 202 PUBLICA„

1343 239 1391 270 Ad
1404 244 1627 274 continuandum
1645 246 1820 277 amicabilem
1832 246 2015 286 Tractatum,

2323 173 2374 217 35

2375 243 2451 279 Ana.
2465 240 2510 276 Di·

1345 277 1421 323 Inter
1437 280 1563 324 Gentes,
1584 283 1811 315 Excellentiffirni
1826 284 1981 324 Principis,
2001 285 2121 317 Domini
2143 280 2281 324 Philippi,
2300 281 2360 316 Dei
2399 291 2484 328 133&-

1307 323 1410 353 gratia,
1430 317 1518 362 Regis
1533 320 1658 351 Franciie
1674 321 1805 362 illustris,
1821 322 2031 364 Consanguinei
2052 323 2139 355 nostri
2161 325 2309 363 carissimi,
2325 329 2362 355 ex
2380 334 2445 356 Eae.
2466 337 2491 363 3·

1308 363 1384 390 parte
1399 365 1471 394 una,
1490 358 1523 387 &
1535 368 1627 388 certos
1641 359 1675 388 N
1679 362 1776 391 uncios
1790 362 1920 401 nostros,
1939 363 1973 393 ad
1995 364 2052 394 boc
2074 363 2224 400 speciaiisser
2246 363 2362 401 deputa-

1307 399 1365 435 tos,
1385 403 1418 422 ex
1431 393 1532 432 altera,
1551 396 1630 433 super
1645 399 1807 441 quibusdam
1824 400 1989 440 Requestis,
2008 401 2105 432 Nobis
2118 412 2165 439 per
2178 402 2287 432 dietum
2297 401 2378 442 Doffi

1306 439 1417 474 minum
1438 430 1569 476 Regem,
1586 435 1619 465 &
1639 437 1695 466 aliis
1715 437 1764 466 sibi
1785 446 1834 475 per
1855 448 1922 476 nos,
1943 449 2032 477 nuper
2058 440 2189 470 Ambiani
2212 442 2280 470 hinc
2295 441 2362 471 inde

1302 468 1427 537 ἰῐηὶῗῖιῑιεῖ,
1445 469 1573 511 Parilius,
1591 474 1619 503 in
1632 473 1751 505 octabis
1764 475 1860 507 Samsti
1872 477 2022 508 Michaelis
2043 480 2178 516 promeo
2200 481 2363 519 praeteritis,

1313 516 1349 535 nc
1370 516 1404 536 oa
1419 518 1466 537 um
1477 532 1487 547 ,

1344 544 1476 590 Necnon
1505 546 1539 578 ad
1555 548 1677 592 „plenius
1699 552 1880 583 amicabiliter
1902 554 2077 585 traoandum
2103 555 2181 593 super
2208 556 2362 595 Requestis

1305 583 1462 652 ξῑπάιᾶζιῗ,
1481 587 1514 617 &
1527 587 1582 616 aliis
1595 589 1665 618 inter
1680 590 1850 627 praedidtum
1863 591 2027 622 Dominum
2042 594 2155 632 Regem
2172 596 2204 625 δε
2224 595 2293 626 Nos
2317 606 2362 628 re⁴

1317 631 1416 652 orman
1440 634 1476 662 is,

1344 659 1476 691 Dilectos
1491 663 1525 693 &
1543 663 1634 694 fideles
1648 663 1775 704 nostros,
1792 665 1972 698 venerabiles
1985 667 2096 708 Patres,
2111 670 2146 700 A.
2162 670 2362 711 Wygorniena

1304 697 1384 743 sem,⁴
1399 700 1431 730 &
1444 700 1496 729 W.
1511 700 1545 730 N
1548 703 1931 742 orwicensem,Episcopos‚
1949 706 2109 737 Henricum
2126 707 2275 741 Comitem
2286 712 2361 743 Lan·¹

1304 736 1427 776 castrt-e,
1446 737 1696 779 Conlanguineum
1710 742 1840 772 nostrum
1854 743 2024 773 carissimum
2034 768 2043 782 ‚
2064 746 2235 783 Magistrum
2251 749 2362 787 Johan=

1305 784 1375 805 nem
1391 777 1575 817 Walewayn,
1594 778 1775 810 Hei-efordiae
1789 779 1991 820 Canonicum,
2009 783 2042 813 &
2063 783 2233 823 Magistrum
2251 789 2361 826 Johan·

1305 822 1371 842 nem
1388 815 1423 844 de
1439 816 1576 854 Sordich,
1592 816 1665 854 Juris
1678 818 1779 848 Civilis
1794 817 2003 858 professorem

1344 851 1392 882 De
1404 864 1527 891 quorum
1539 855 1668 887 fidelitate
1682 856 2103 895 probata&circumspe6tione
2118 862 2235 897 provida
2247 864 2360 902 plenam

1303 887 1437 921 fiduciam
1450 902 1639 932 reportamus,

1342 929 1494 972 Qatuor,
1513 932 1546 962 &
1570 932 1644 962 Tres
1664 943 1765 964 eorum
1788 934 1926 971 (quorum
1944 933 2012 964 alter
2036 935 2180 966 dietomm
2201 938 2359 979 Episcopo-

1301 975 1367 1035 rum
1391 970 1423 999 iit
1442 970 1523 1007 unus)
1549 971 1661 1001 nostros
1682 970 1882 1002 Procuratores
1897 973 1930 1003 &
1945 972 1978 1002 N
1982 975 2080 1004 uncios
2096 975 2291 1009 constituimus
2303 982 2364 1018 spe-

1303 1015 1345 1035 cta
1357 1016 1400 1036 es:

1340 1043 1448 1087 Dantes
1468 1045 1587 1085 eisdem,
1606 1046 1770 1087 Episcopis,
1788 1047 1919 1086 Comiti,
1936 1047 1971 1080 &
1994 1048 2113 1081 Clericis
2127 1075 2136 1090 ‚
2155 1052 2286 1091 Qatuor
2299 1078 2309 1093 ,
2324 1058 2358 1088 δε

1302 1080 1409 1113 Tribus
1431 1094 1531 1114 eorum
1553 1086 1689 1123 (quorum
1708 1087 1775 1117 alter
1789 1088 1991 1124 praedidtorum
2007 1088 2216 1127 Episcoporum
2231 1093 2262 1123 lit
2277 1096 2357 1131 unus)

1301 1121 1414 1157 plenam
1437 1121 1611 1154 Potestatem
1629 1126 1726 1155 omnia
1748 1126 1782 1155 &
1800 1126 1920 1164 singula,
1939 1129 2058 1157 nomine
2068 1130 2186 1167 nostro,
2201 1130 2321 1162 faciendi
2340 1134 2359 1152 ²*
2381 1140 2397 1156 ἑ
2411 1140 2451 1168 IV
2466 1156 2475 1165 Α

1303 1158 1338 1202 ὃς
1352 1159 1497 1198 firmandi,
1516 1172 1581 1199 quae
1597 1163 1671 1193 circa
1684 1163 1845 1200 hujusmodi
1862 1164 2028 1194 Tractatum
2043 1168 2193 1198 necessaria
2214 1170 2315 1201 fuerint
2329 1172 2362 1201 δε
2378 1187 2411 1214 4¹
2422 1187 2443 1205 ι,
2468 1166 2472 1167 ⁷

1302 1207 1387 1241 etiam
1403 1208 1561 1241 oportuna,
1581 1200 1687 1231 Ratum
1708 1202 1741 1232 &
1760 1201 1885 1232 Gratum
1904 1200 2053 1241 habentes,
2071 1206 2104 1235 ὃς
2126 1206 2262 1246 habituri,
2282 1210 2363 1247 quic-

1303 1236 1370 1273 quid
1384 1247 1434 1275 per
1446 1238 1792 1278 praedictos‚Episcopos,
1811 1238 1961 1270 Comitem
1998 1241 2031 1271 &
2049 1241 2194 1283 Clericos,
2216 1246 2358 1285 Qiatuor'·

1303 1275 1348 1318 vel
1362 1275 1435 1319 Tres
1450 1287 1550 1307 eorum
1569 1279 1705 1316 (quorum
1719 1279 1785 1308 alter
1799 1279 1942 1308 dierorum
1956 1263 2165 1317 ss'piscoporum
2183 1284 2214 1313 sit
2229 1288 2310 1323 unus)
2331 1271 2361 1316 a³

1302 1313 1486 1353 micabiliter,
1503 1318 1622 1347 nomine
1638 1316 1754 1356 nostro,
1774 1316 1959 1355 Tractatum,
1977 1318 2024 1348 seu
2039 1317 2214 1359 Firmatum,
2231 1324 2312 1355 fuerit
2330 1326 2361 1355 in

1301 1352 1462 1392 praemiffm,
1479 1354 1513 1385 δε
1527 1355 1654 1392 quolibet
1667 1355 1883 1394 praemissorum

1340 1388 1375 1421 In
1389 1392 1484 1430 cujus,
1505 1394 1566 1424 &c.

1339 1467 1428 1498 Teste
1439 1468 1525 1507 Rege
1539 1469 1612 1508 apud
1627 1469 1760 1510 Ekham,
1778 1469 1916 1503 vicesimo
1929 1471 2047 1510 reprimo
2060 1470 2107 1503 die
2116 1469 2249 1512 Januarii.

1302 1593 1360 1626 Pro
1378 1589 1481 1638 iisdem
1493 1620 1503 1635 ‚
1531 1592 1575 1626 ad
1588 1594 1784 1628 mitandum
1793 1595 1884 1641 fitper
1900 1598 2124 1640 Matrimonia,
2151 1600 2228 1632 inter
2237 1596 2363 1645 Johan-

1347 1653 1414 1673 nem
1433 1644 1665 1688 Primogenitum
1686 1646 1773 1691 Regis
1790 1646 1940 1687 Francia,
1966 1648 2002 1683 (ῤ’
2025 1646 2210 1680 Alianoram
2225 1651 2361 1683 Sororem

1350 1692 1436 1735 Regis
1452 1689 1659 1724 contrahendo.

1305 1775 1522 1844 Ulffiffiffis’
1538 1776 1685 1814 praesentes
1706 1776 1826 1808 Litteras
1847 1778 2028 1818 inspecifflris,
2045 1779 2217 1820 Edwardu5‚
2234 1784 2294 1815 &c.
2313 1784 2364 1816 Sa·
2385 1775 2513 1857 ‘zzz-<P

1341 1852 1468 1883 Noverit
1481 1852 1660 1883 Univerfitas
1673 1853 1763 1884 vestra
1778 1854 1857 1892 quod
1874 1853 1960 1894 Nos,
2381 1858 2434 1882 An.
2450 1865 2479 1891 4·

1342 1890 1390 1920 De
1405 1891 1660 1928 circumspectione
1674 1892 1793 1929 provida
1808 1894 1840 1924 &
1855 1893 1985 1925 fidelitate
1997 1895 2132 1935 probata,
2148 1895 2360 1932 dilec‘fflrum&
2383 1897 2410 1920 Ε·
2435 1903 2460 1929 3·

1302 1929 1427 1960 fidelium
1442 1929 1621 1968 nostrorum,
1640 1929 1852 1962 Venerabilium
1864 1931 1997 1972 Parrum,
2017 1934 2051 1963 A.
2073 1935 2308 1976 Wygorniensis,
2327 1941 2361 1970 &
2398 1932 2462 1960 lbid⁶

1302 1968 1356 1998 W.
1376 1967 1571 1998 Norwicensis
1586 1992 1594 2006 ‚
1621 1969 1831 2007 Episcoporum
1846 1995 1856 2008 ,
1878 1970 2003 2002 Henrici
2031 1971 2154 2004 Comitis
2178 1975 2364 2016 Lancastriae,

1304 2005 1513 2043 Consanguinei
1529 2006 1618 2036 nostri
1632 2007 1779 2046 cariffimi,
1799 2008 1929 2048 Magistri
1945 2009 2082 2048 Johannis
2098 2011 2283 2053 Walewayn‚
2300 2015 2366 2045 He-

1303 2044 1433 2075 refordiae
1455 2044 1612 2082 Canonici,
1630 2046 1664 2076 &
1687 2044 1818 2083 Magistri
1831 2047 1969 2085 Johannis
1988 2048 2129 2080 Shordich
2145 2051 2243 2090 ,Juris
2265 2051 2366 2084 Civilis

1303 2083 1490 2121 proferretis,
1508 2082 1622 2120 plenam
1638 2083 1771 2114 fiduciam
1786 2094 1975 2125 reportantes,

1341 2121 1415 2160 Ipsos
1440 2121 1572 2159 Qatuor
1588 2145 1597 2159 ,
1623 2123 1656 2153 ὃς
1676 2121 1749 2152 Tres
1767 2132 1866 2154 eorum
1888 2125 2050 2156 ordinamus
2063 2150 2072 2164 ,
2091 2127 2124 2158 δε
2145 2127 2362 2169 constituimus,

1303 2159 1646 2229 Ρτῗευῐεςοτεέἑιοῆῐοε,
1663 2158 1723 2195 &c.
1733 2168 1814 2200 prout
1822 2161 1909 2202 fhpra
1922 2163 1955 2194 de
1967 2165 2041 2193 Dat.
2059 2166 2104 2195 16.
2118 2165 2193 2204 Jun.
2208 2172 2270 2198 An.
2289 2176 2315 2208 3.

1357 2209 1376 2229 n
1389 2208 1483 2236 cujus,
1533 2208 1559 2229 c.

1340 2273 1430 2306 Teste
1443 2273 1529 2313 Rege
1542 2273 1615 2314 apud
1628 2274 1743 2307 Eltham
1751 2299 1762 2315 ,
1778 2275 1916 2309 vicesimo
1930 2278 2052 2318 septimo
2061 2281 2107 2311 die
2115 2279 2244 2321 januarii.

1302 2404 1361 2435 Pro
1382 2401 1517 2448 praefatis
1544 2402 1675 2434 Nunciis
1695 2401 1787 2448 sitper
1813 2406 2016 2437 Matrimonia
2042 2408 2120 2438 inter
2136 2404 2310 2452 Johannem
2326 2405 2364 2442 de

1450 2448 1595 2492 Eltham,
1620 2454 1657 2488 ὠ·
1675 2453 1823 2484 Mariam
1843 2452 1958 2485 Filiam
1977 2455 2066 2499 Regis
2082 2456 2223 2488 Francia.

1374 2534 1518 2574 Niverfis,
1532 2531 1592 2570 &a
1612 2534 1767 2567 Edwardus
1781 2534 1841 2572 &a
1852 2544 1883 2567 ut
1888 2536 1974 2576 ficpra
1988 2533 2067 2576 uffiue
2078 2538 2124 2569 ibi.

1410 2574 1465 2604 Seu
1483 2573 1673 2605 Matrimonio
1684 2575 1755 2605 inter
1764 2574 1928 2613 Johannem
1944 2576 1980 2606 de
1994 2576 2110 2608 Eltham
2125 2576 2276 2610 Comitem
2283 2578 2362 2612 Cor·
2402 2604 2414 2624 Ι

1301 2613 1415 2651 nubiae,
1432 2612 1560 2644 Fratrem
1573 2612 1705 2643 nostrum
1721 2613 1912 2654 cariffimum,
1928 2615 1962 2646 &
1978 2614 2102 2647 Mariam
2118 2617 2216 2648 Filiam
2237 2619 2360 2658 quidem
2382 2603 2434 2660 A?

1303 2650 1408 2690 Regis,
1428 2651 1641 2690 contrahendo,
1658 2650 1719 2687 &c.
1735 2658 1767 2681 ut
1771 2651 1867 2692 ficpra.
2380 2675 2403 2701 E
2427 2656 2432 2660 ”
2449 2644 2477 2670 4*

1338 2689 1373 2721 In
1389 2690 1485 2728 cujus,
1502 2690 1564 2721 &c.
2397 2681 2463 2740 ibid

2379 2553 2455 2586 Ann.
2471 2556 2511 2589 Di

2440 2604 2487 2635 30.

1339 2764 1429 2797 Teste
1443 2774 1474 2798 ut
1487 2766 1576 2804 supra.

1491 2890 1551 2925 Ad
1566 2892 1683 2938 Papam
1694 2916 1704 2933 ,
1722 2901 1779 2938 pro
1794 2890 1998 2936 Univerfitate
2015 2891 2184 2940 Oxoniensi.

1361 2976 1463 3009 APAE
1482 2976 1548 3007 Rex
1562 2977 1664 3008 devota
1678 2976 1790 3008 Pedum
1803 2977 1897 3009 oscula
1910 2979 2068 3010 beatorum.

1390 3016 1437 3046 Ad
1450 3016 1556 3054 pietatis
1569 3016 1603 3046 &
1615 3017 1712 3055 gratiae
1728 3016 1801 3047 dona
1817 3015 1978 3048 Clementia
1990 3017 2113 3049 vestram
2127 3020 2164 3049 eo
2189 3019 2361 3057 frequentius

1302 3054 1405 3085 nostris
1427 3055 1556 3093 precibus
1580 3055 1752 3093 excitamus,
1770 3056 1831 3092 quo
1851 3065 1914 3086 eam
1936 3056 1968 3087 in
1991 3057 2093 3088 eisdem
2105 3057 2240 3088 haetenus
2255 3059 2360 3096 experti
2382 3075 2423 3098 An
2448 3081 2478 3107 4,

1303 3092 1397 3124 sumus
1412 3093 1654 3132 quamplurimum
1671 3092 1811 3124 delestari.
2379 3113 2402 3137 Ε
2426 3094 2458 3147 ’3.

1340 3131 1453 3170 Itaque,
1473 3131 1555 3161 Pater
1569 3131 1761 3170 Sanetiffime,
1778 3132 1848 3163 ci'im
1862 3141 1953 3171 nuper
1967 3131 2120 3164 Petitiones
2135 3133 2283 3173 quaedam,
2301 3135 2363 3173 pie-
2383 3132 2442 3177 Rom
2495 3155 2499 3159 -

1302 3177 1389 3200 tatem
1403 3170 1437 3200 &
1450 3172 1564 3209 gratiam
1572 3171 1854 3209 continentes,vobis
1867 3172 2087 3210 pr0,cariffimis
2095 3172 2366 3213 nostris,Magistris
2381 3189 2411 3216 Ε,
2448 3160 2497 3219 ᾗ

1304 3208 1504 3240 Universitatis
1518 3208 1623 3239 nostrae
1635 3208 1780 3248 Oxoniae,
1797 3210 1899 3240 oblatae
1912 3211 2040 3249 fuissent,
2058 3211 2092 3241 &
2105 3211 2238 3242 nondum
2252 3215 2286 3243 ad
2306 3213 2364 3250 ple-
2383 3228 2399 3253 6
2425 3199 2450 3228 3‘
2494 3224 2496 3226 ·

1302 3256 1370 3277 nam
1391 3247 1574 3278 exauditionis
1592 3249 1708 3284 gratiam
1729 3248 1888 3279 consecutae
1923 3248 2023 3278 Gradu
2044 3248 2220 3288 Regentium
2233 3251 2263 3280 in
2286 3251 2364 3282 Arti-
2404 3246 2411 3254 '

1305 3286 1439 3354 buz-Hui
1452 3287 1587 3317 continue
1602 3285 1717 3318 Pondus
1733 3286 1845 3318 Diei&
1860 3271 1962 3317 AEstfis
1979 3287 2159 3327 supportant,
2172 3289 2282 3327 penitus
2290 3300 2363 3327 prae-

1305 3332 1388 3355 terrm
1413 3334 1433 3354 o

1343 3347 1511 3394 Beatitu'dini
1524 3363 1623 3394 vestrae
1638 3362 1761 3402 affeftu,
1780 3372 1839 3401 quo
1852 3362 1999 3400 possumus
2012 3365 2113 3395 cariori
2147 3365 2277 3396 duximus
2299 3365 2362 3404 sup-

1305 3400 1484 3439 plicandum,
1503 3403 1649 3441 quatinus,
1665 3401 1700 3431 ad
1715 3401 1902 3438 Indigentiam
1917 3402 2060 3432 dustorum
2085 3388 2288 3443 M'agistrorum
2302 3406 2362 3442 pie-

1304 3441 1367 3472 tatis
1389 3439 1492 3470 viscera
1513 3448 1710 3471 convertentes
1724 3463 1734 3478 ,
1760 3439 1946 3470 Petitionibus
1967 3441 2092 3478 ipsorum
2116 3443 2205 3480 (quos
2226 3442 2285 3484 plus
2306 3450 2364 3472 cae-

1305 3480 1369 3548 terlis
1387 3478 1529 3509 credimus
1550 3478 1697 3517 indigere)
1717 3477 1941 3510 condescendere
1960 3479 2051 3511 velitis
2070 3479 2254 3513 Providentia
2267 3478 2363 3513 Pater-

1305 3527 1340 3548 na
1351 3528 1368 3548 i.

2379 2992 2456 3024 Ann.
2471 2990 2512 3023 D,

2403 3041 2487 3071 1330.

1341 3593 1516 3632 conservet,
1533 3593 1593 3624 &c.

1343 3669 1412 3702 Dat.
1425 3670 1500 3710 apud
1512 3670 1626 3702 Eitham
1633 3693 1644 3710 ‚
1662 3668 1786 3701 secundo
1798 3668 1844 3700 die
1858 3668 2007 3700 Februarii.

1306 3803 1365 3837 Ad
1383 3805 1517 3849 Papam,
1535 3803 1626 3848 saper
1644 3801 1725 3834 dina
1747 3802 1967 3845 Universltate‚
1988 3813 2042 3849 per
2068 3801 2263 3838 Gaillardam
2285 3807 2364 3839 Car·
2385 3825 2511 3859 Anna),

1339 3852 1472 3885 dinalem
1489 3850 1749 3884 Archidiaconum
1766 3851 1908 3894 anniae,
1933 3844 2142 3897 multiplic-iser
2161 3856 2338 3900 inquietata.
2405 3874 2489 3907 ¹330*

1365 3934 1467 3967 APAE
1486 3933 1552 3966 Rex
1565 3934 1669 3966 devota
1684 3933 1794 3965 Pedum
1807 3935 1901 3966 oscula
1915 3934 2075 3968 beatorum.
2382 3910 2478 3979 ξιξ

1394 3974 1474 4005 Cum
1497 3975 1529 4004 sit
1550 3974 1633 4004 sacrae
1654 3974 1732 4004 Sedis
1755 3974 1930 4011 Apostolicae
1944 3973 2129 4008 Providentia
2141 3975 2316 4010 ουηᾶοτυιτι
2331 3976 2364 4008 fi·
2384 3982 2489 4009 lbiaem⁶

1306 4014 1413 4044 delium
1427 4012 1645 4043 Neceffitatibus
1661 4014 1865 4044 convenienter
1878 4014 2000 4052 intenta,
2017 4015 2102 4054 ipsam
2117 4015 2155 4047 sic
2168 4018 2202 4048 ad
2240 4016 2363 4047 Matrem
2386 4021 2399 4034 ⁸*
2418 4020 2469 4046 Ivi

1306 4052 1493 4085 scientiarum
1505 4074 1516 4090 ,
1539 4051 1763 4085 Universimtem
1780 4051 1801 4072 ²¹³
1821 4051 2039 4122 (ἐκὲυἰεῃίεω,
2055 4054 2177 4088 Εωόὶυε
2199 4040 2369 4124 Uberesfiicrr
2384 4064 2450 4094 4¹²*
