2562 4279
173 65 229 104 90

177 185 240 206 rum
256 174 519 212 depauperationem
534 169 724 213 manifestam:
852 207 857 211 Ι
892 207 897 211 ¹
1068 207 1074 212 ι
1221 206 1227 211 .

214 212 413 244 Excellentiam
428 210 547 242 vestram
556 209 697 245 Regiam,
709 216 761 244 pro
773 205 912 245 praedichs
920 205 1128 238 Mercatoribus
1140 204 1252 244 nostris,

178 261 228 290 per
244 252 362 283 Litteras
374 250 479 281 nostras
494 247 656 285 rogavimus
669 245 814 283 speciales,
835 244 913 284 quod
930 246 1080 283 pecuniam
1096 245 1129 275 &
1149 254 1251 281 argen—

179 299 240 321 tum
256 289 389 328 praedista
413 287 531 326 praefatis
548 284 755 315 Mercatoribus
767 283 867 315 nostris
881 283 1048 328 deliberari,
1064 284 1098 315 &
1114 283 1199 314 etiam
1213 283 1252 313 eis

179 329 291 359 ulterius
305 327 370 358 inde
387 327 516 357 debitum
533 322 775 360 complementum
790 323 927 354 faceretis:

219 366 267 397 De
288 376 344 404 quo
361 366 510 404 quicquam
530 361 659 392 nondum
682 371 733 399 pro
755 362 839 392 dictis
861 361 1072 393 Mercatoribus
1093 359 1193 391 nostris
1211 358 1252 390 est

179 405 287 436 faCtum
304 404 371 435 ficut
384 404 498 440 dicunt,
521 399 559 431 set
574 400 650 431 idem
665 400 874 432 Vicedominus
890 423 896 433 ‚
922 400 958 431 ad
974 400 1114 439 quandam
1135 399 1250 437 requisi-

181 445 289 474 tionem
305 442 443 479 nostram,
464 449 549 478 quam
571 449 624 478 pro
645 439 787 478 praedic'iis
811 439 1019 471 Mercatoribus
1038 437 1137 469 nostris
1171 437 1252 475 super

181 480 343 519 praemissis,
370 480 420 510 sibi
445 477 581 517 fecimus,
603 478 735 517 quasdam
755 478 941 509 excusationes
955 501 965 516 ,
990 477 1068 515 super
1079 460 1251 520 'aresiatione

181 518 381 557 praedictorum
407 518 515 554 argenti
535 518 569 549 &
589 518 719 556 pecuniae
732 539 742 556 ,
766 516 876 548 fiffltias
892 517 926 548 &
947 526 1007 546 non
1026 515 1203 552 verisimiles,
1223 522 1252 544 ut

180 556 306 596 videtur,
324 557 406 586 nobis
426 555 593 595 rescribens,
617 557 688 587 inter
708 566 774 594 quas
796 555 964 594 significavit
986 554 1062 593 quod
1082 553 1252 596 pmdfflum

178 604 329 632 argentum
350 596 379 624 in
401 594 461 625 usus
486 594 591 626 vestros
611 595 668 626 fuit
693 594 859 626 conversum
873 618 883 633 ,
907 595 941 625 &
966 592 1132 632 quibusdam
1154 591 1252 622 vestris

177 633 330 664 i'oldiu'ariis
344 642 396 671 pro
414 632 466 664 suis
481 633 624 672 stipendiis
638 633 832 664 distributum:

215 672 270 710 Et,
287 673 350 709 quia
366 682 424 702 non
446 671 585 704 credimus
606 683 657 703 vos
679 672 750 702 velle
772 671 924 710 praedi&os
947 669 1122 701 Mercatores
1146 668 1254 713 nostros

178 711 217 742 fic
229 711 372 749 opprimi,
389 710 434 741 seu
450 712 531 742 bonis
544 711 596 742 suis
610 711 750 749 praedietis
763 711 850 741 taliter
866 709 1022 741 defraudari
1031 731 1040 747 ,
1060 707 1253 751 Magnificen-

176 750 244 780 tiam
267 748 391 780 vestram
414 751 581 788 requirimus
602 752 636 781 &
659 760 805 788 rogamus,
830 750 974 787 quatinus,
1000 746 1110 789 pensata
1131 746 1252 790 ipsorum

175 787 371 819 Mercatorum
387 787 468 819 status
482 788 656 826 depressione
671 799 704 819 ac
717 788 965 826 depauperatione‚
982 788 1131 816 occasione
1145 792 1254 822 captio-

176 827 222 857 nis
236 826 269 857 &
286 826 451 857 detentionis
464 829 570 867 argenti
586 829 619 859 ὃς
634 829 764 865 pecuniae
779 826 998 864 praedicsorum,
1016 824 1120 854 eisdem
1135 822 1254 866 Merca-

176 865 302 905 toribus,
319 875 365 896 aut
380 866 429 896 uni
451 876 570 905 eorum,
585 866 630 896 vel
652 874 729 896 certo
752 865 900 895 Attornato
921 863 1107 901 eorumdem,
1125 861 1254 905 debitum

175 905 211 936 δε
225 902 356 935 festinum
368 904 482 942 justitiae
496 905 760 943 complementum,
774 903 852 941 super
868 903 1080 946 recuperatione
1092 909 1204 945 argenti
1219 900 1253 930 &

176 943 305 982 pecuniae
319 942 547 981 praemissorum,
566 942 663 973 nostra
677 942 934 980 contemplatione,
952 941 1010 972 fieri
1025 941 1146 971 factatis:

217 980 264 1012 Ad
278 981 360 1020 haec,
379 991 431 1019 pro
445 992 481 1011 eo
496 982 575 1020 quiid
592 981 743 1020 praediCtus
761 980 918 1020 Johannes,
936 981 966 1010 in
989 977 1181 1018 prosequendo
1203 987 1254 1008 ne-

176 1020 292 1057 gotium
314 1020 484 1057 praedffium
502 1043 512 1058 ,
533 1021 606 1051 infra
627 1020 767 1057 Regnum
790 1021 823 1050 &
844 1019 1010 1058 potestatem
1031 1018 1168 1055 vestram,
1185 1016 1253 1047 aliis

178 1059 267 1089 minas
282 1067 380 1095 graves
393 1058 429 1089 de
444 1068 565 1098 corpore
578 1058 627 1090 suo
642 1058 784 1095 sustinuit,
802 1067 833 1089 ut
854 1057 1056 1095 intelleximus,
1074 1055 1181 1094 placeat
1195 1054 1253 1085 Ex-

178 1096 317 1127 cellentiae
332 1096 431 1127 vestrae
449 1097 563 1128 Litteras
577 1097 694 1136 vestras,
712 1097 749 1128 de
763 1097 838 1127 salvo
859 1096 1022 1133 condqu,
1040 1105 1093 1133 pro
1112 1093 1254 1132 praedietis

178 1134 406 1174 Mercatoribus,
433 1135 477 1166 vel
501 1146 602 1168 eorum
625 1136 791 1173 Attornato,
809 1135 986 1174 concedere,
1011 1134 1149 1165 duraturas
1170 1133 1253 1171 usque

178 1173 213 1205 ad
229 1172 341 1203 finalem
357 1174 568 1212 expeditionem
582 1175 692 1211 negotii
703 1173 861 1212 supradiffi.

216 1211 298 1251 Qid
311 1219 406 1254 autem
421 1212 499 1251 super
513 1213 658 1251 praemissis
673 1212 767 1243 facere
787 1212 980 1252 decreveritis,
1005 1212 1087 1242 nobis
1109 1220 1157 1250 per
1181 1210 1253 1242 lato-

179 1260 241 1282 rem
256 1252 451 1290 praeientium,
470 1252 489 1282 si
504 1253 612 1291 placet,
630 1251 792 1282 rescribatis.

48 182 132 213 1314.

25 214 93 243 Ἐάν.
114 222 140 240 2.

212 1326 281 1359 Dat.
301 1327 374 1366 apud
392 1327 620 1368 Donecastrum,
641 1329 687 1359 16.
699 1328 745 1359 die
758 1327 941 1359 Decembris.

341 1474 393 1507 De
416 1471 595 1505 warstan&
609 1471 701 1519 fhper
726 1472 853 1519 Stapula
876 1475 908 1504 in
929 1473 1073 1505 Francia.

27 1574 93 1608 Ann
117 1572 158 1605 D.

96 1599 102 1604 .
182 1556 312 1629 REX
329 1556 439 1588 Ballivis
448 1556 499 1588 suis
513 1557 649 1596 Salopiae,
666 1557 789 1589 salutem.

51 1624 64 1645 1
71 1623 84 1653 3
92 1622 104 1643 1
109 1621 136 1653 ς.

286 1596 366 1627 Cum
383 1595 558 1634 Magnificus
572 1597 706 1634 Princeps
741 1596 888 1627 Dominus
902 1595 988 1627 Lodo
1036 1605 1099 1634 cus,
1117 1595 1175 1627 Dei
1190 1607 1254 1634 gra-

24 1657 67 1684 An
180 1636 237 1674 tia,
256 1633 321 1666 Rex
343 1634 468 1666 Franciae
490 1636 524 1666 &
548 1635 684 1666 Navarrae
708 1619 836 1674 illustris,
855 1635 946 1665 Frater
966 1645 1006 1665 no
1032 1646 1060 1665 er
1083 1636 1258 1675 carissimus,

24 1696 48 1721 Β
68 1662 121 1718 {9-
180 1684 232 1705 nos
247 1674 414 1713 requisierit,
431 1684 501 1705 cum
516 1673 643 1705 instantia
656 1674 813 1712 oportuna,
832 1673 910 1712 quod
936 1673 972 1704 de
993 1674 1078 1711 lanis,
1095 1683 1172 1704 extra
1193 1673 1253 1704 Re-

23 1714 57 1758 Cj
74 1712 109 1768 u's
180 1723 270 1751 gnum
284 1712 412 1743 nostrum
426 1713 461 1744 ad
480 1721 568 1751 partes
582 1712 766 1744 transmarinas
782 1712 917 1743 vehendis
933 1712 1048 1743 cuidam
1056 1713 1195 1751 Stapulae,
1211 1713 1255 1742 in-

25 1740 87 1797 Eaz
107 1737 158 1797 ’,ξ’
179 1760 219 1783 ter
236 1751 341 1782 Villam
353 1751 390 1782 de
406 1751 487 1782 Cales
501 1752 534 1783 ὅ(
550 1751 665 1790 Aquam
681 1751 717 1782 de
732 1751 841 1791 Seyne‚
858 1752 887 1781 in
897 1749 1033 1788 potestate
1044 1751 1091 1782 suci.
1107 1751 1254 1791 faciendae,

28 1791 61 1836 δ’,
93 1789 99 1795 '
152 1789 158 1796 ‘
180 1790 302 1822 velimus
318 1790 488 1822 consentire:

68 1828 75 1836 ”
219 1829 301 1868 Nos,
320 1829 444 1860 volentes
457 1827 524 1859 inde
538 1838 606 1859 cum
622 1827 832 1859 Mercatoribus
847 1827 944 1866 Regni
960 1828 1049 1859 nostri
1071 1829 1172 1860 habere
1193 1829 1256 1860 col-

178 1867 308 1907 loquium
331 1868 364 1899 &
388 1867 537 1898 transsatum
551 1889 561 1905 ,
586 1868 668 1897 vobis
695 1868 890 1905 praecipimus,
915 1867 1030 1898 firmiter
1057 1869 1253 1907 injungentes,

178 1906 276 1945 quod,
292 1905 328 1937 de
343 1906 421 1937 diisa
438 1905 513 1936 Villi
525 1905 647 1944 Salopiae
657 1929 666 1944 ,
683 1906 772 1944 duos,
787 1905 833 1936 vel
849 1914 902 1936 tres
923 1905 1100 1937 Mercatores
1110 1907 1255 1938 discretio-

178 1955 237 1983 res,
255 1945 287 1976 &
301 1946 329 1974 in
343 1946 463 1981 negotio
477 1944 639 1982 hujusmodi
656 1945 748 1982 magis
761 1953 902 1982 expertOS,
920 1944 956 1975 ad
968 1944 1186 1976 parliamentum
1203 1956 1256 1976 no-

179 1982 287 2021 strum,
307 1984 386 2021 quod
405 1982 479 2021 apud
500 1983 633 2013 Lincoln.
652 1984 681 2012 in
705 1982 847 2020 quindena
867 1983 963 2013 saneti
986 1982 1097 2014 Hillarii
1120 1985 1254 2021 proximo

178 2021 313 2060 ventura,
331 2021 422 2052 sumus
429 2022 567 2059 habituri,
576 2022 671 2052 venire
679 2020 1024 2059 faciatis‚adtra6tandum
1033 2022 1051 2040 *¹¹
1065 2022 1173 2052 ibidem
1189 2032 1257 2053 cum

178 2059 297 2091 consilio
314 2060 427 2098 nostro,
445 2060 478 2091 &
493 2059 551 2090 aliis
570 2059 778 2090 Mercatoribus
796 2058 832 2089 de
855 2059 964 2096 Regno
978 2059 1093 2098 nostro,
1111 2070 1181 2099 quos
1202 2061 1258 2091 ibi-

180 2099 248 2129 dem
264 2098 397 2129 accedere
411 2098 540 2138 jussimus
554 2107 588 2129 ex
603 2099 655 2129 hac
670 2098 769 2136 causa,
787 2098 852 2136 quid
873 2097 1022 2129 consultius
1042 2098 1205 2130 faciendum
1226 2099 1258 2130 sit

178 2139 208 2169 in
220 2139 334 2177 negotio
347 2138 520 2175 supradicto:
540 2137 575 2168 Et
591 2137 711 2168 habeatis
725 2137 766 2167 ibi
785 2137 901 2167 nomina
914 2136 1119 2175 praedi'etorum
1141 2137 1259 2170 Merca-

183 2185 297 2214 torum,
313 2177 347 2208 &
360 2177 417 2208 hoc
433 2177 527 2208 breve.

24 2026 45 2048 ὓ
64 2027 119 2055 111.

41 2075 109 2104 544-

214 2251 304 2285 Teste
324 2252 408 2290 Rege
425 2252 502 2291 apud
518 2251 747 2291 Donecastrum,
769 2251 813 2282 16.
828 2251 874 2282 die
887 2251 1068 2283 Decembris.

910 2330 965 2358 Per
982 2327 1066 2368 ipfiem
1081 2331 1185 2368 Regem.

203 2455 255 2489 De
278 2453 470 2504 regratiando
492 2451 659 2498 hominibus
683 2455 769 2486 Novi
792 2452 890 2496 castri
902 2455 995 2501 fitper
1015 2455 1153 2504 Unam,
1172 2466 1228 2502 pro

388 2502 476 2546 Gesta
491 2504 552 2548 fito
565 2508 648 2536 circa
670 2503 859 2548 repulsionem
883 2508 1050 2537 scotorum.

29 2594 106 2629 Ann.
120 2594 163 2628 D.

50 2642 124 2675 1315

28 2678 82 2703 An.
102 2684 129 2710 9.

29 2718 60 2741 E.
75 2722 101 2740 2.

238 2589 303 2622 EX
331 2589 454 2628 Majori,
473 2588 581 2619 Ballivis
595 2611 604 2627 ‚
630 2589 663 2620 &
695 2588 791 2626 probis
813 2588 979 2619 hominibus
1001 2589 1084 2620 Villae
1101 2589 1156 2621 suae
1173 2590 1258 2622 Novi

255 2627 349 2660 Castri
365 2629 443 2666 super
457 2628 590 2669 Tyriam,
608 2627 731 2658 salutem.

221 2666 331 2699 Graves
346 2666 485 2703 angustias
500 2667 532 2697 &
547 2665 737 2704 oppressiones
751 2665 946 2705 multimodas,
984 2676 1030 2697 uas
1050 2677 1101 2697 vos
1116 2677 1166 2705 per
1186 2667 1258 2698 Sco-

183 2713 241 2746 tos,
259 2706 398 2737 Inimicos
412 2707 445 2736 &
463 2704 591 2735 Rebelles
613 2704 739 2743 nostros,
758 2704 947 2742 multipliciter
980 2705 1142 2744 ustinuistis,
1159 2706 1192 2737 &
1214 2708 1258 2736 in-

29 2757 96 2779 scot.
112 2760 141 2786 9.
183 2745 242 2775 dies
253 2744 399 2776 sustinetis:
421 2753 533 2774 necnon
550 2742 660 2779 gestum
675 2743 800 2774 vestrum
814 2743 1061 2783 &constantiam,
1079 2745 1153 2775 circa
1168 2745 1259 2783 repul-

31 2794 100 2819 ΕΛ..
111 2799 146 2818 m,
185 2784 293 2814 sionem
311 2782 499 2821 eorumdem,
524 2782 646 2813 corditer
664 2784 825 2819 retinentes3
841 2782 922 2818 vobis
944 2782 1089 2814 referimus
1109 2783 1176 2814 inde
1193 2794 1259 2821 gra-

55 2850 61 2856 .
185 2829 241 2853 tes:

31 2839 50 2864 4
224 2860 387 2898 Rogantes,
406 2860 532 2898 quatinus
553 2858 729 2896 diligentiam
747 2858 886 2898 vestram,
912 2861 942 2890 in
965 2860 1017 2890 hac
1041 2869 1133 2900 parte,
1150 2860 1260 2892 ulterius

183 2900 395 2938 continuantes,
414 2898 504 2929 velitis
519 2897 610 2929 adhue
625 2898 660 2928 ita
676 2898 880 2936 circumspecte
895 2898 928 2929 &
945 2899 1063 2936 provide
1082 2901 1110 2930 in
1131 2901 1257 2937 praemis-

183 2937 216 2968 sis
230 2948 282 2971 vos
296 2938 413 2975 habere,
431 2936 510 2975 qu'od
530 2946 581 2966 nos
599 2935 696 2966 vestrae
713 2936 849 2967 fidelitatis
861 2936 1049 2968 constantiam
1064 2939 1095 2968 in
1112 2937 1164 2969 hac
1179 2947 1257 2977 parte

183 2975 335 3007 debeamus
354 2977 457 3006 merito
473 2975 685 3005 commendare.

223 3015 270 3046 Ad
293 3015 375 3053 haec,
392 3015 429 3045 de
449 3024 503 3052 e0,
522 3013 601 3051 quod
629 3023 680 3043 nos
698 3013 731 3044 ad
757 3022 843 3051 partes
861 3013 978 3052 vestras,
996 3013 1030 3045 ad
1046 3015 1182 3055 praesens,
1200 3027 1259 3047 non

185 3054 349 3084 accedimus
365 3076 374 3092 ,
400 3062 450 3083 vos
475 3052 606 3082 nolumus
635 3051 780 3089 admirari,
799 3053 862 3092 quia
884 3053 1038 3084 adventum
1063 3054 1205 3094 nostrum,
1223 3065 1258 3087 ex

189 3093 272 3122 certis
291 3092 394 3129 causis,
409 3093 469 3130 jam
493 3090 650 3121 distulimus
669 3090 704 3121 ad
721 3090 838 3121 easdem.

228 3130 262 3160 In
279 3129 473 3160 parliamento
487 3137 579 3159 autem
592 3128 708 3167 nostro,
728 3129 804 3167 quod
823 3129 895 3167 apud
917 3130 1114 3169 Lincolniam‚
1133 3133 1162 3162 in
1180 3134 1262 3170 quin-

188 3167 263 3199 deni
276 3168 373 3198 Sanffi
386 3168 492 3198 Hillarii
505 3169 638 3205 proximo
660 3167 766 3205 futura,
785 3168 905 3198 habituri
924 3169 1035 3207 sumus,
1052 3170 1115 3200 talia
1138 3171 1173 3201 de
1189 3182 1262 3201 con-

188 3207 252 3239 silio
273 3205 443 3245 Comitum,
468 3206 627 3244 Bironum,
650 3206 683 3236 &
706 3205 824 3236 aliorum
844 3206 1016 3243 Magnatum
1041 3207 1137 3248 Regni
1159 3210 1262 3248 nostri,

192 3244 304 3276 favente
319 3244 471 3283 Domino,
490 3243 693 3274 Ordinabimus
704 3245 734 3274 in
748 3244 909 3283 praemissis,
927 3254 989 3283 quae
1009 3245 1044 3275 ad
1066 3246 1191 3278 nostrum
1212 3248 1265 3278 ho-

193 3293 314 3321 norem,
331 3282 512 3320 vestrumque
526 3282 728 3321 commodum,
747 3284 869 3322 quietem
879 3305 889 3322 ,
906 3283 940 3314 &
955 3285 1168 3323 tranquilitatem
1181 3287 1267 3318 cede-

194 3332 225 3356 τε
239 3322 358 3355 debeant
373 3323 403 3352 in
418 3321 553 3352 futurum.

234 3398 325 3432 Teste
340 3398 423 3438 Rege
442 3398 516 3437 apud
536 3397 759 3437 Donecastrum,
781 3399 826 3430 18.
839 3399 885 3430 die
900 3398 1079 3431 Decembris.

891 3478 945 3506 Per
962 3475 1044 3516 ipficm
1062 3479 1166 3516 Regem.

205 3598 265 3634 Ad
286 3603 392 3647 Regem
415 3605 568 3646 Francia,
592 3603 628 3637 de
651 3604 771 3636 licentia
787 3614 842 3649 pro
866 3601 946 3635 dista
970 3602 1053 3636 Villa
1071 3601 1275 3649 Burgenfibus.

57 3701 136 3734 ΑΜ,1
150 3697 193 3729 Β.
211 3682 418 3750 SErenissimo
435 3687 579 3733 Principi,
598 3688 731 3734 Domino
746 3687 830 3733 Lodq
971 3728 975 3732 ⁸

88 3745 172 3780 1315·
269 3722 301 3752 &
329 3722 480 3765 Navarrae,
498 3727 574 3764 Regi
592 3728 692 3758 illustri
708 3751 717 3766 ,
744 3728 832 3758 Fratri
867 3738 904 3757 uo
922 3726 1079 3764 cariffimo,

59 3782 152 3845 ‘3⁶29
209 3801 283 3836 niae,
299 3799 333 3829 sal
344 3809 429 3839 nem,
447 3803 480 3834 &
497 3803 632 3835 successus
646 3805 770 3843 semper,
788 3804 821 3835 ad
837 3813 920 3844 vota,
938 3804 1008 3843 pros
1023 3814 1082 3835 eros
1098 3804 1131 3835 ὅ(
1146 3804 1251 3835 felices.

62 3854 190 3892 Claus.9.
209 3878 216 3885 ,

62 3931 151 3961 sud.

646 37 1438 87 CONVENTIONES,

21 135 100 168 Ann.
117 133 158 164 D.
177 137 203 167 se
220 136 347 174 retinuit,
364 136 398 167 &
412 144 443 166 ea
457 133 519 173 ipsis
540 130 707 176 detinendo,
726 131 756 160 in
776 127 901 167 ipsorum
915 128 1113 161 Mercatorum
1133 125 1244 159 nostro-
1281 125 1386 156 tatione
1404 123 1530 157 fidelium
1554 124 1736 164 nostrorum,
1760 124 1790 155 in
1809 123 1970 155 munitione
1987 121 2109 161 ejusdem
2126 122 2324 163 existentium,
2340 122 2377 154 se·

879 3699 933 3727 co,
952 3688 1009 3719 Dei
1030 3687 1118 3725 gratia
1152 3688 1277 3719 Franciae

228 3760 235 3767 ,
386 3764 390 3768 ,
1105 3711 1277 3768 E’dwardus,
1309 3727 1433 3765 Maiori,
1450 3726 1586 3766 Juratis,
1601 3725 1640 3764 όν
1654 3730 1709 3758 toti
1723 3730 1916 3759 Communitati
1936 3723 2052 3760 Burdeg.
2073 3722 2240 3765 ceterisque,
2260 3725 2320 3762 &c.
2340 3733 2372 3757 ut

207 3761 307 3792 eadem
323 3763 426 3801 grassfi,
442 3765 507 3795 Rex
522 3766 654 3805 Angliae,
673 3766 818 3796 Dominus
832 3766 994 3804 Hiberniae,
1012 3766 1044 3796 &
1054 3765 1124 3796 Dux
1139 3765 1276 3803 Aquitan-

247 3836 326 3867 Cum
343 3839 456 3875 q-iidam
472 3841 620 3878 Bur-genses
635 3843 719 3873 Villae
734 3842 837 3873 iiostrae
854 3843 938 3874 Novi
954 3842 982 3874 C
1024 3844 1045 3873 ri
1060 3841 1275 3884 superTynam‚
1310 3843 1434 3881 Majori,

66 3897 97 3920 E.
118 3902 144 3919 Ζ.
163 3901 189 3920 m
207 3877 280 3923 infra
291 3874 434 3920 'Regnum
452 3879 574 3910 vestrum
588 3904 597 3919 ,
622 3891 674 3922 pro
693 3881 780 3911 bladis
794 3882 827 3912 &
842 3882 899 3912 aliis
918 3882 1085 3913 vidtualibus
1101 3881 1135 3912 δε
1152 3881 1276 3913 necessa·
1311 3882 1434 3922 Majori,

209 3926 273 3953 riis,
289 3914 413 3958 ibidem,
437 3926 488 3952 pro
507 3920 665 3949 munitione
681 3920 707 3950 V
711 3920 765 3950 illae
782 3919 885 3950 nostroe
905 3920 1050 3958 praedidkae
1067 3943 1077 3959 ,
1097 3920 1276 3958 providendis

209 3956 244 3989 ὃς
262 3953 406 3993 emendis,
423 3954 456 3985 ὃς
474 3955 508 3985 ad
525 3956 643 3987 eandem
662 3957 766 3990 Villam
785 3958 910 3990 nostram
927 3959 1080 3998 ducendis,
1104 3967 1157 3997 pro
1172 3958 1276 3991 susten-

1499 37 1892 90 LITERAE,

1288 164 1426 194 divertant
1436 174 1442 193 :
2405 162 2457 193 13¹
2463 161 2491 191 5·

1327 202 1456 233 Vestram
1473 203 1656 234 Serenitatem
1674 201 1799 240 Regiam
1818 201 1971 233 affedhiose
1987 200 2153 239 requirimus
2171 197 2205 231 &
2223 209 2369 239 rogamus,
2384 196 2452 220 ΕΜ·
2463 201 2493 221 2’-

1288 242 1414 283 quatinus
1429 241 1582 279 Burgenses
1592 241 1677 272 Villae
1693 241 1796 271 nostrae
1812 241 1973 279 praediistae,

1326 280 1387 319 Qi
1412 280 1526 311 Litteras
1541 279 1686 318 patentes,
1703 279 1834 310 Comuni
1853 280 1955 316 Sigillo
1977 277 2061 308 Villa:
2074 276 2197 315 ejusdem
2214 277 2366 315 consigna-

1287 326 1344 358 taS,
1363 318 1434 357 ipsos
1450 318 1601 356 Burgenses
1615 319 1650 350 ad
1665 317 1824 356 hujusmodi
1840 317 2030 356 providentias
2052 315 2193 347 faciendas
2215 315 2367 353 assignatos

1288 356 1344 388 esse
1361 356 1551 396 testificantes,
1570 358 1665 388 secum
1684 356 1850 394 detulerint,

1325 395 1487 426 Permittere
1501 397 1607 435 velitis,
1624 406 1725 426 amore
1739 395 1846 433 nostri,
1864 394 1945 425 blada
1957 394 1991 425 δε
2003 393 2053 424 alia
2071 403 2173 431 genera
2185 392 2364 432 vistualium,

1289 442 1444 473 caeteraque
1460 433 1626 472 necessaria,
1642 445 1697 472 pro
1713 434 1874 464 munitione
1888 433 1972 463 Villae
1991 432 2096 463 nostrae
2114 432 2273 471 praedictae,
2291 431 2365 463 infra

1287 472 1424 513 Regnum
1438 473 1579 511 vestrum,
1596 474 1626 503 in
1639 473 1726 511 locis,
1744 473 1843 510 quibus
1867 472 1965 502 melitis
1982 472 2110 509 expedire
2128 471 2268 509 viderint,
2285 480 2365 502 eme-

1287 521 1334 549 re,
1355 513 1389 543 &
1405 520 1480 542 extra
1494 511 1595 542 Portus
1608 511 1644 542 de
1656 512 1791 550 Summe,
1810 511 1843 541 δε
1858 509 2007 548 Cadamo,
2032 511 2066 541 &
2083 511 2119 541 de
2138 509 2243 549 Depe,
2265 508 2364 540 secum

1287 550 1444 588 adducere,
1458 560 1512 589 pro
1526 551 1685 580 munitione
1699 550 1781 580 Villae
1801 549 1903 580 nostrae
1925 549 2087 587 praedirstae,
2112 549 2146 580 &
2168 549 2366 580 sustentatione

1287 587 1413 619 fidelium
1426 588 1586 618 nostrorum
1599 588 1804 626 praemistorum
1830 611 1840 627 ,
1867 587 1970 626 absque
1986 588 2121 626 aliquibus
2137 589 2212 626 prisis
2228 588 2265 618 de
2282 587 2369 618 dictis

1290 626 1389 657 nostris
1403 626 1588 663 Burgensibus
1602 627 1763 665 capiendis,
1777 627 1853 665 aliis,
1871 627 2021 665 videlicet,
2041 626 2128 664 quarn
2141 628 2260 665 antiquis
2273 627 2366 657 &de-

1290 666 1372 704 bitis,
1392 665 1426 695 &
1444 667 1475 695 in
1495 664 1609 703 talibus,
1635 665 1706 696 infra
1724 664 1860 703 Regnum
1883 665 2030 704 vestrum,
2045 666 2239 696 communiter
2262 666 2298 697 ab
2315 676 2365 696 an·

1291 704 1312 734 ti
1334 714 1371 734 uo
1385 703 1445 733 fieri
1459 703 1609 733 consuetis:

1351 742 1541 782 raecipiendo,
1560 742 1579 772 fi
1592 741 1700 780 placet,
1725 743 1859 773 omnibus
1882 741 1992 773 Baffivis
2007 741 2040 772 &
2062 741 2176 772 subditis
2197 741 2311 781 vestris,
2328 753 2366 772 ne

1290 780 1374 811 dietis
1389 780 1573 818 Burgensibus
1589 781 1707 818 nostris,
1726 782 1755 810 in
1778 781 1914 818 personis,
1931 789 1976 811 aut
1991 782 2071 811 rebus
2088 790 2208 819 eorum,
2228 790 2275 818 per
2292 782 2322 812 T
2322 791 2366 812 er-

1290 829 1350 850 ram
1386 819 1431 850 vel
1447 829 1498 857 per
1515 818 1597 849 Mare
1607 842 1616 858 ,
1635 819 1793 857 dampnum
1807 819 1921 857 aliquod
1937 820 2057 849 inserant
2068 818 2114 850 seu
2129 829 2290 857 gravamen.

1328 843 1393 888 Issos
1407 866 1501 888 autem
1517 857 1703 888 sufficientem
1716 858 1891 888 securitatem
1909 867 1992 895 penes
2007 868 2061 888 nos
2075 859 2249 896 recepimus,
2267 859 2297 888 in
2312 858 2367 889 hac

1289 904 1382 934 parte,
1403 895 1482 934 quod
1500 895 1651 933 Burgenses
1666 895 1749 926 Villae
1762 895 1866 926 nostrae
1882 896 2047 935 praedffikae,
2060 898 2119 935 jam
2137 897 2171 927 ad
2192 897 2280 927 didtas
2299 907 2367 935 pro-

1290 934 1429 965 videntias
1443 934 1588 965 faciendas
1596 934 1742 973 assignati,
1760 934 1804 965 seu
1821 934 2028 973 imposterum,
2046 943 2077 966 ut
2092 936 2285 974 praemittitur,
2303 935 2367 966 assi-

1290 973 1414 1011 gnandi,
1432 973 1514 1004 blada
1530 973 1576 1003 seu
1593 973 1644 1003 alia
1661 973 1792 1003 vidiualia
1809 983 1860 1011 per
1877 973 1967 1012 ipsos,
1991 973 2064 1003 infra
2082 974 2222 1012 Regnum
2241 974 2366 1005 vestrum

1289 1011 1482 1052 providenda,
1499 1011 1534 1042 ad
1552 1011 1658 1042 Villam
1677 1010 1803 1042 nostram
1826 1011 2012 1049 praedidiam,
2029 1012 2064 1042 &
2082 1023 2142 1043 non
2163 1013 2198 1043 ad
2215 1014 2367 1052 inimicos,

1289 1050 1395 1082 vestros
1413 1051 1432 1070 '¹‘
1455 1050 1500 1081 seu
1517 1050 1645 1089 nostros,
1664 1049 1788 1089 ducent,
1804 1049 1851 1081 seu
1868 1049 1935 1080 duci
1954 1049 2058 1080 facient
2076 1051 2277 1089 quovismodo.
2401 1047 2420 1067 *Ρ
2441 1051 2496 1080 111.

1326 1127 1416 1159 Teste
1434 1128 1517 1167 Rege
1536 1127 1609 1167 apud
1627 1126 1855 1166 Donecastrum,
1877 1127 1922 1158 18.
1940 1126 1986 1158 die
2004 1125 2185 1158 Decembris.
2424 1097 2490 1124 545·

1328 1204 1493 1237 Consimilis
1512 1206 1632 1244 Littera,
1660 1205 1774 1236 mutatis
1794 1213 1992 1242 competenter
2010 1204 2167 1244 mutandis,
2183 1205 2290 1237 direc‘bi
2312 1205 2365 1236 fuit

1290 1243 1397 1313 Ῑὲῖᾳῑέϋ
1418 1244 1490 1275 Viro
1504 1267 1515 1283 ,
1540 1244 1679 1275 Domino
1693 1243 1723 1282 J.
1747 1243 1827 1274 Duci
1845 1243 2011 1282 Britanniae,
2031 1242 2254 1281 Confinguineo
2273 1243 2366 1283 Regis

1313 1294 1351 1314 ari
1375 1293 1446 1313 imo.

1331 1359 1421 1392 Teste
1436 1368 1466 1391 ut
1480 1360 1566 1399 supra.

1362 1488 1411 1519 De
1430 1484 1570 1532 potestate
1593 1484 1752 1533 recipiendi
1773 1484 1905 1519 homines
1926 1485 1963 1519 de
1985 1488 2087 1520 Scotia
2109 1484 2154 1519 ad
2166 1497 2285 1533 pacem.

1290 1571 1411 1628 REX
1430 1572 1582 1611 omnibus,
1601 1572 1635 1603 ad
1653 1582 1740 1610 quos,
1759 1572 1819 1603 ὅτε.
1835 1571 1958 1603 salutem.
2387 1575 2464 1606 Ann.
2476 1575 2517 1609 D,

1381 1610 1429 1642 De
1449 1611 1579 1642 fidelitate
1599 1612 1633 1642 &
1656 1610 1913 1650 circumspefflone
1935 1610 2055 1648 provida
2068 1633 2078 1648 ,
2110 1610 2206 1642 dilecti
2227 1611 2261 1642 &
2284 1609 2370 1642 fidelis
2406 1624 2493 1654 1314.

1290 1649 1393 1688 nostri,
1414 1649 1534 1680 Antonii
1549 1650 1585 1680 de
1600 1650 1700 1690 Lucy,
1717 1649 1830 1687 plenam
1853 1649 1986 1680 fiduciam
2005 1657 2194 1689 reportantes,
2211 1650 2368 1688 recipiendi
2385 1657 2436 1682 Aa.
2456 1664 2483 1689 9.

1291 1686 1325 1716 ad
1347 1698 1447 1726 pacem
1461 1690 1496 1719 δε
1517 1689 1692 1719 voluntatem
1715 1688 1841 1718 nostram
1865 1688 2023 1719 mediocres
2046 1689 2177 1719 homines
2198 1689 2235 1719 de
2253 1689 2369 1727 Scorffi,
2389 1697 2420 1720 Ε.
2439 1702 2465 1721 2.

1291 1724 1428 1758 Inimicos
1444 1727 1477 1758 &
1495 1727 1625 1758 Rebelles
1646 1727 1773 1766 nostros,
1790 1728 1823 1758 &
1839 1727 1875 1757 de
1897 1727 1972 1766 aliis,
1990 1727 2027 1757 de
2048 1726 2153 1767 Regno
2175 1727 2294 1766 nostro,
2320 1729 2369 1766 qui
2389 1735 2455 1759 scot.
2475 1741 2503 1768 9.

1290 1765 1373 1795 diesis
1394 1765 1521 1796 Inimicis
1535 1766 1569 1796 &
1586 1766 1749 1796 Rebellibus
1764 1765 1867 1796 nostris
1881 1766 2068 1805 adhaeserunt,
2087 1767 2134 1804 qui
2157 1765 2192 1796 ad
2214 1776 2316 1804 pacem
2335 1767 2369 1797 &
2390 1774 2422 1797 Ε.
2441 1779 2469 1799 2.
2482 1779 2519 1800 m.

1291 1804 1466 1835 voluntatem
1488 1803 1616 1836 nostram
1639 1806 1735 1836 venire
1752 1804 1912 1842 voluerint,
1935 1813 2035 1835 tenore
2057 1804 2237 1843 praesentium
2254 1804 2368 1843 plenam
2389 1819 2419 1844 4.
2515 1804 2519 1807 ’

1292 1842 1422 1873 dedimus
1440 1842 1629 1882 potestatem,

1329 1881 1370 1912 Ita
1396 1891 1491 1912 tamen
1513 1881 1594 1920 quod
1619 1881 1758 1921 aliquem,
1779 1882 1827 1920 qui
1844 1881 2026 1920 hominibus,
2044 1881 2078 1912 ad
2103 1891 2206 1920 pacem
2228 1881 2262 1913 δε
2282 1881 2370 1913 fidem

1292 1920 1419 1951 nostram
1434 1931 1512 1952 nunc
1525 1919 1723 1959 existentibus,
1740 1921 1861 1958 dampna
1876 1920 2016 1951 excessive
2030 1921 2135 1958 irrogat
2150 1943 2160 1959 ,
2177 1921 2211 1952 δε
2231 1922 2268 1951 de
2293 1923 2371 1960 cujus

1294 1959 1401 1989 malitis
1413 1959 1486 1990 diffl
1500 1958 1593 1990 fideles
1611 1958 1699 1990 nostri
1712 1959 1805 1990 adhuc
1821 1959 1872 1989 fibi
1888 1960 2003 1997 timent,
2020 1959 2054 1990 ad
2072 1969 2174 1997 pacem
2197 1959 2240 1990 seu
2259 1959 2295 1990 ad
2317 1969 2371 1990 vo-

1294 1997 1429 2028 luntatem
1442 1997 1566 2028 nostram
1581 2008 1641 2028 non
1655 1998 1787 2036 recipiat,
1804 1997 1860 2027 sine
1879 1997 2009 2028 Consilio
2031 1998 2065 2028 &
2087 1996 2190 2027 assensu
2213 1998 2372 2035 proborum

1295 2036 1329 2066 &
1345 2035 1469 2066 fidelium
1484 2035 1637 2067 hominum
1653 2037 1774 2074 partium
1800 2035 1966 2066 Comitatus
1987 2035 2227 2073 Northumbriae,
2244 2034 2290 2066 seu
2308 2036 2373 2067 alia-

1295 2083 1360 2104 rum
1376 2074 1497 2112 partium
1516 2074 1658 2105 Marchiae
1672 2074 1787 2105 Scotiae.

1331 2112 1365 2144 Iri
1385 2113 1482 2152 cujus,
1502 2112 1562 2144 δῖε.
1581 2113 1714 2152 quamdiu
1731 2113 1814 2144 nobis
1832 2111 1968 2150 placuerit
1983 2112 2130 2144 duraturas.

1333 2189 1422 2222 Teste
1440 2188 1524 2229 Rege
1541 2190 1615 2229 apud
1633 2189 1865 2227 Donecastrum,
1888 2198 1931 2228 19.
1950 2188 1995 2219 die
2011 2188 2196 2220 Decembris.

2064 2267 2117 2295 Per
2131 2264 2213 2306 ipfiam
2226 2269 2333 2305 Regem.

1298 2395 1346 2428 De
1369 2391 1591 2438 Conceffionibus
1617 2397 1649 2426 in
1676 2394 1841 2439 Vaschnia,
1861 2404 1917 2439 pro
1932 2405 2049 2440 guerra
2072 2397 2171 2428 Scotiae
2193 2421 2204 2438 ,
2236 2394 2282 2428 ad
2305 2409 2373 2429 con-

1598 2444 1790 2489 fi’quentiam
1813 2455 1870 2474 non
1891 2441 2054 2476 trahendis.

1360 2526 1425 2558 EX
1436 2551 1445 2566 ,
1462 2527 1573 2559 dilectis
1590 2528 1624 2559 &
1642 2527 1769 2558 fidelibus
1787 2527 1855 2565 suis,
1876 2526 1999 2565 Majori,
2014 2526 2132 2567 Juratis,
2151 2528 2185 2559 &
2198 2530 2250 2560 toti
2259 2529 2372 2561 Comu-
2390 2524 2466 2556 Arm·
2483 2525 2524 2557 D·

1380 2567 1460 2597 nitati
1476 2566 1587 2605 Vasati,
1607 2566 1768 2603 caeterisque
1784 2566 1880 2604 Villis,
1898 2566 2150 2605 Univerlitatibus,
2167 2568 2201 2598 &
2215 2570 2311 2606 probis
2318 2570 2373 2600 ho-
2412 2573 2494 2603 13¹5·

1296 2605 1419 2636 minibus
1438 2605 1596 2636 nostrarum
1616 2605 1880 2642 Praepoiiturarum,
1907 2604 2056 2635 Vasatenlis
2079 2605 2228 2644 Diocesis,
2245 2607 2374 2648 salutem,
2393 2608 2445 2632 An.
2465 2614 2493 2639 9-

1295 2643 1330 2674 &
1346 2643 1521 2691 praesentibus
1538 2644 1601 2674 dare
1621 2643 1725 2681 fidem,
1743 2643 1777 2673 ad
1793 2652 1924 2673 aeternam
1939 2644 2106 2673 memoriam
2122 2645 2161 2674 rei
2178 2645 2274 2682 gestae.
2390 2647 2420 2669 E.
2443 2652 2469 2670 2-

1334 2681 1414 2712 (nim
1430 2693 1498 2720 vos,
1516 2682 1552 2713 de
1569 2682 1677 2720 speciali
1704 2682 1811 2720 gratiis,
1836 2682 1916 2712 nobis
1938 2682 2028 2719 aliqua
2044 2681 2177 2722 subsidia,
2196 2694 2247 2722 pro
2268 2685 2371 2721 guerrii
2393 2679 2460 2719 Vafi.
2478 2689 2506 2715 9·

1296 2719 1402 2751 Scotiae
1418 2743 1427 2758 ‚
1454 2722 1635 2759 promiseritis
1658 2722 1796 2759 gratiose,
1822 2721 1955 2751 noveritis
1977 2722 2054 2759 quod
2074 2731 2140 2760 nos,
2159 2732 2213 2760 pro
2234 2725 2317 2754 nobis
2334 2724 2369 2755 &
2393 2723 2421 2746 Ε·
2442 2729 2468 2749 2·
2484 2728 2523 2749 m·

1300 2759 1515 2791 Successoribus
1529 2759 1645 2797 nostris,
1663 2759 1875 2798 promissiones,
1894 2759 2028 2798 subsidia,
2046 2769 2080 2790 ac
2095 2761 2181 2790 etiam
2197 2761 2271 2792 dona
2285 2763 2377 2801 hujus·
2395 2767 2438 2795 ¹3·

1298 2798 1396 2836 modi,
1414 2798 1482 2829 sicut
1502 2798 1578 2828 dona
1599 2799 1730 2836 gratuita,
1755 2798 1950 2837 admittentes,
1971 2797 2110 2829 Volumus
2117 2822 2128 2837 ,
2151 2799 2185 2830 &
2206 2800 2290 2830 vobis
2311 2811 2377 2840 pro-

1298 2838 1434 2867 mittimus
1453 2837 1532 2875 quod
1551 2836 1765 2877 promissiones,
1782 2837 1918 2875 subsidia,
1936 2838 1969 2868 &
1984 2836 2060 2868 dona
2079 2837 2230 2876 praediista,
2259 2840 2289 2869 in
2313 2840 2377 2871 casu

1299 2875 1477 2914 hujusmodi,
1495 2875 1540 2906 vel
1558 2876 1660 2915 iimili,
1678 2876 1759 2907 vobis
1775 2875 1884 2906 nullum
1900 2874 2015 2906 afferant
2029 2876 2229 2914 praejudicium
2251 2878 2283 2906 in
2302 2877 2379 2909 futu-

1298 2924 1361 2944 rum
1376 2926 1381 2931 ·

1338 2938 1590 2989 Re’cognoscentes
1613 2952 1694 2992 qnod
1712 2953 1863 2991 praediCta,
1892 2952 2106 2991 promissiones,
2130 2951 2172 2995 &⁵
2189 2951 2321 2992 subsidia,
2342 2954 2377 2986 &

1299 2991 1374 3022 dona
1400 2991 1503 3022 fecistis
1521 2993 1604 3022 nobis
1625 2993 1772 3023 liberaliter
1788 2992 1821 3023 &
1838 2991 1874 3022 de
1892 2991 1978 3022 vestri
1996 2990 2084 3028 gratia
2100 2989 2227 3029 speciali,
2245 2992 2280 3022 &
2298 2994 2377 3031 quod

1298 3030 1333 3061 ad
1351 3030 1412 3061 talia
1425 3054 1434 3069 ,
1451 3040 1527 3061 extra
1546 3030 1689 3062 Ducatum
1705 3030 1833 3061 nostrum
1849 3029 2039 3068 praedidmm,
2057 3027 2212 3066 praestanda
2225 3040 2286 3061 non
2302 3031 2377 3072 estis,

1299 3079 1352 3100 nec
1371 3069 1460 3100 fuistis
1478 3078 1512 3100 ex
1531 3069 1628 3100 debito
1647 3069 1784 3107 obligati:

1336 3107 1370 3138 Et
1389 3108 1536 3146 volumus,
1554 3118 1586 3138 ac
1606 3110 1687 3138 etiam
1706 3108 1884 3145 praecipimus
1903 3104 1982 3142 quod
2001 3104 2210 3144 quibuscunque
2230 3106 2378 3140 Commu-

1304 3147 1433 3177 nitatibus
1451 3146 1485 3177 ὃς
1503 3146 1567 3176 Prae
1587 3147 1694 3176 osituris
1707 3169 1716 3183 ,
1743 3147 1772 3175 in
1789 3144 1866 3175 dicta
1886 3143 2002 3174 Diocesi
2023 3143 2195 3184 constitutis,
2213 3147 2297 3176 nobis
2313 3147 2378 3178 sub·

1300 3185 1493 3222 venientibus,
1509 3156 1608 3214 simiscs
1622 3184 1738 3214 Litteras
1752 3183 1967 3226 requirentibuS,
1985 3181 2035 3212 sub
2051 3181 2150 3221 Sigillo
2164 3183 2268 3215 nostrae
2277 3184 2374 3217 Curiae

1301 3223 1453 3253 Vasconiae
1467 3223 1546 3253 detur
1560 3223 1642 3260 copia
1658 3222 1833 3259 praesentium
1849 3221 2034 3259 Litterarum,
2052 3222 2152 3258 quibus
2166 3224 2256 3260 copiis
2269 3232 2376 3255 tantam

1302 3260 1387 3291 sidem
1403 3261 1461 3291 dari
1481 3261 1611 3291 volumus
1622 3283 1632 3298 ,
1660 3270 1694 3290 ac
1709 3260 1729 3290 fi
1748 3259 1846 3290 nostro
1864 3269 1972 3296 magno
1996 3259 2093 3298 Sigillo
2110 3260 2198 3292 essent
2215 3261 2376 3300 hujusmodi

1304 3300 1399 3337 copiae
1421 3299 1572 3338 Sigillatae,
1587 3299 1630 3329 vel
1653 3308 1687 3329 ac
1705 3298 1725 3329 fi
1743 3298 1843 3329 iimiles
1862 3298 1965 3329 Literas
1983 3298 2134 3339 haberent,
2156 3299 2247 3339 sigilli
2268 3300 2375 3340 Magni

1304 3337 1394 3368 nostri
1410 3338 1540 3375 praediffi
1557 3338 1718 3368 munimine
1734 3337 1885 3369 roboratas.

1343 3375 1377 3407 In
1391 3376 1486 3414 cujus,
1504 3376 1568 3407 &c.

1343 3451 1411 3485 Dat.
1427 3452 1501 3491 apud
1521 3451 1752 3492 Dmecastrum,
1767 3462 1816 3484 20.
1835 3452 1882 3484 die
1899 3451 2082 3485 Decembris.

1427 3528 1598 3562 Consimiles
1616 3530 1731 3562 Litterae
1746 3530 1904 3568 diriguntur
1918 3530 2088 3568 subscriptis3
2105 3527 2254 3570 videlicet,

1312 3611 1434 3650 Maiori,
1452 3610 1587 3650 Juratis,
1606 3610 1644 3646 &
1658 3614 1711 3641 toti
1733 3614 1927 3642 Communitati
1948 3611 2122 3648 Agenniciae,
2140 3608 2292 3650 ceterisque
2312 3611 2371 3641 Vd-

1346 3649 1398 3689 lis,
1415 3650 1662 3690 Univerfitatibus,
1679 3649 1717 3686 ὠ·
1732 3650 1822 3689 probis
1845 3649 1992 3681 hominibus
2012 3645 2162 3686 nostrarum
2178 3649 2371 3690 Praepofitura-

1348 3699 1409 3718 rum
1423 3692 1533 3725 Age-nn.
1550 3692 1628 3719 Dioc.

1313 3765 1437 3843 Mgssxq’
1502 3808 1593 3843 ratis,
1610 3801 1649 3840 ᾤ’
1665 3809 1719 3835 toti
1734 3807 1900 3836 Comunitati
1914 3804 2054 3839 Petragor.
2072 3801 2242 3842 ceteriffiue,
2258 3801 2319 3837 &aa

1448 3803 1585 3883 ζωῆς,
1602 3842 1640 3880 &⁴
1657 3849 1707 3874 toti
1722 3846 1889 3874 Comunitati
1903 3842 2048 3879 Xanc‘i‘on,
2065 3844 2155 3870 caeteri
2167 3851 2234 3881 que,
2255 3840 2316 3876 <fo-c.

1450 3883 1585 3922 Juratis,
1601 3881 1640 3919 ό·
1652 3887 1705 3914 toti
1720 3883 1914 3915 communitati
1925 3882 2024 3911 Baion.
2037 3882 2128 3911 caeteri
2140 3890 2207 3920 que,
2224 3877 2284 3915 &a

2289 3994 2312 4016 ὃ*
2327 3994 2385 4026 Pro

2385 112 2517 151 Ann.D,
2558 135 2559 146 ³
