2562 4279
34 172 113 204 Anu.
128 171 169 203 D.

35 220 151 279 223¹}

190 103 270 148 134

189 186 218 208 ut
237 175 307 207 dicit
316 174 334 215 ‘,
359 172 554 206 rationabiliter
571 169 700 206 edocere)
721 166 794 206 apud
810 166 1035 210 Rothomagum
1046 167 1148 211 fecerat
1165 165 1264 198 aresta-

190 217 214 245 ri
250 215 284 246 &
301 225 333 244 ea
351 213 456 244 ibidem
481 210 594 240 detineri
614 209 681 238 facit
698 206 810 237 arestata
822 227 832 243 ,
858 215 888 235 m
907 205 990 242 ipsius
1007 205 1186 243 dispendium
1205 216 1264 236 nori

191 238 341 284 mfflicum
367 252 401 282 ὅ(
423 249 561 287 jasturam
577 269 586 284 ,
610 246 678 276 sicut
703 255 751 282 per
769 243 861 282 ipsum
877 243 1038 282 Joliannem
1056 245 1141 274 nobis
1157 243 1265 282 plenius

189 291 231 322 est
250 289 428 330 suggestum,
446 286 525 323 super
542 295 599 323 quo
618 284 699 313 nobis
716 292 784 313 curn
800 281 928 312 instantia
944 281 1125 321 supplicavit,
1141 291 1173 314 ut
1187 284 1212 314 ei
1227 282 1264 313 de

188 330 316 361 remedio
334 333 465 363 congruo
483 322 630 361 providere
645 321 835 359 dignaremur.

229 368 294 398 Nos
310 366 412 402 igitur,
431 361 548 400 praefato
563 360 703 398 Johanni,
721 360 790 390 sicut
807 360 840 390 &
858 359 967 389 caeteris
978 359 1014 389 de
1026 358 1134 397 Regno
1147 357 1264 398 nostro,

191 406 317 437 volentes
336 404 366 432 in
383 401 435 431 suis
449 398 673 437 oppressionibus
689 398 851 436 subvenire,
868 397 1064 428 excellentiam
1082 397 1203 428 vestram
1222 398 1264 428 af-

191 443 320 474 fectuose
341 439 505 477 requirimus
529 438 562 467 δε
586 447 735 475 rogamus,
762 438 888 474 quatinus
904 437 1050 475 negotium
1076 436 1263 474 praedidium,

191 483 213 512 si
233 481 321 518 placet
335 501 345 517 ,
371 475 535 514 diligentius
558 475 730 506 attendentes
749 474 842 505 eidem
859 474 1004 512 johanni,
1031 473 1110 512 super
1128 473 1264 505 dearesta-

192 521 270 550 tione
286 517 396 554 Navis,
417 515 582 551 Bonorum,
601 514 634 545 &
651 513 828 544 Servientum
844 512 957 542 suorum
973 512 1173 555 praedicitorum
1183 535 1193 551 ,
1209 519 1264 543 nec

191 567 252 588 non
269 555 438 587 restitutione
455 553 639 589 eorumdem,
658 562 692 583 ac
708 552 899 590 dampnorum
918 561 981 588 quae
995 550 1029 581 eii
1047 554 1195 581 occasione
1209 551 1266 581 sus-

645 77 1435 128 CONVENTIONES,

1491 75 1871 129 LITERAE,

1305 164 1437 203 Regibus
1454 164 1614 197 detulissent
1628 189 1638 203 ,
1661 166 1736 197 forte
1753 166 1826 197 aliud
1846 164 2002 197 habuissent
2024 164 2184 204 responsum
2199 176 2205 195 ε
2229 167 2327 197 omnia
2343 174 2384 198 ta·
2396 161 2471 193 Ann.
2485 163 2527 196 D.

1307 213 1374 233 men
1395 205 1529 244 praediita
1548 204 1660 235 dicebat
1678 205 1761 235 dietis
1776 205 1900 235 Nunciis
1921 205 1983 235 laetfi
2000 204 2074 235 facie
2091 206 2123 235 &
2142 205 2284 235 amicabili
2297 204 2384 244 vultu,
2416 210 2501 240 1317.

1305 242 1430 282 semper,
1449 251 1479 273 ut
1498 242 1633 283 asserunt,
1651 243 1685 276 ad
1709 243 1825 275 Patrem
1847 244 1882 274 &
1906 243 2031 274 Matrem
2055 243 2179 279 debitam
2201 245 2384 274 reverentiam
2398 241 2464 268 Eds.
2482 251 2507 268 ²-

1305 280 1491 311 ostendendo.

1344 318 1391 348 Ιτ
1401 329 1419 349 E
1429 328 1457 349 M
1467 343 1476 358 ,
1494 318 1716 357 Requirentibus
1729 319 1812 350 dietis
1827 319 1925 350 nostris
1941 320 2067 351 Nunciis
2090 327 2121 350 ut
2137 318 2251 349 cessaret
2268 320 2380 350 interim

1305 367 1322 387 a
1335 356 1465 395 dampnis
1480 358 1647 397 inferendis,
1667 358 1700 388 &
1718 358 1754 388 ab
1769 358 1827 388 aliis
1844 359 2014 389 novitatibus
2033 358 2168 388 faciendis
2185 379 2194 395 ,
2222 366 2305 395 prout
2325 360 2381 388 im-

1307 394 1484 432 posueramus
1506 396 1628 426 eisdem:
1655 395 1818 434 respondit,
1845 396 1872 426 se
1893 397 1950 427 hoc
1976 396 2051 427 nullo
2075 396 2165 426 modo
2192 394 2284 426 facere
2303 396 2382 434 poffe

1306 433 1409 472 absque
1426 433 1556 464 Consilio
1569 435 1604 465 &
1615 433 1722 465 assensu
1737 435 1880 465 distorum
1896 434 2037 465 Baronum
2049 458 2059 474 ,
2075 434 2108 466 ὃς
2123 435 2186 473 quia
2203 434 2310 465 cotidie
2320 458 2330 474 ,
2349 444 2381 466 ut

1305 471 1456 511 aflerebat,
1475 474 1506 502 in
1517 472 1600 504 dietis
1613 474 1736 510 pastibus
1752 473 1868 510 Regni,
1887 481 1985 503 contra
1998 473 2127 504 Gentem
2142 472 2238 511 suam,
2254 473 2288 504 ὃ(
2303 474 2380 505 bona

1305 509 1440 548 ipsarum,
1460 510 1563 542 fiebant
1580 521 1630 549 per
1646 511 1786 549 Anglicos
1802 512 1899 542 multae
1914 512 2007 541 noxice
2021 513 2166 543 novitates.

1342 547 1386 578 Ex
1402 549 1456 579 hiis
1721 549 1884 588 Apostolica
1903 549 2078 587 providentia
2101 549 2194 588 potest
2217 549 2379 595 advertere,

191 596 291 632 tinuit,
314 595 410 633 jubere
427 591 587 629 dignemini
606 590 735 622 debitum
754 590 813 620 fieri
839 600 879 620 aer
891 589 1026 620 festinum
1041 589 1160 628 Justitiae
1178 599 1264 620 corn-
1306 586 1496 625 quod,usque
1508 587 1542 618 ad
1557 587 1666 618 clidium
1674 587 1886 632 FestumSan&i
1897 588 2190 632 Michaelis,³¹·²nichil
2205 598 2273 619 cum
2284 588 2377 620 Scotis
2410 588 2493 620 *HL

191 633 380 672 plemenmm:
1305 625 1424 656 tradtare
1439 625 1584 665 possumus
1600 625 1636 655 de
1654 624 1805 665 Principali
1823 629 1898 665 pacis
1917 635 2053 667 negotio,
2070 636 2124 665 pro
2145 637 2202 665 quo
2216 627 2325 666 sumus,
2342 628 2376 659 &
2427 631 2492 668 ⁶63.

229 671 298 701 Nos
323 671 399 699 enim
425 667 666 709 quibuscumque,
690 667 726 698 de
744 667 854 704 Regno
873 666 906 697 &
925 665 1058 704 potestate
1083 664 1174 696 vestra
1190 689 1200 702 ,
1227 665 1262 696 de
1307 670 1375 694 tunc
1391 664 1495 702 etiam,
1510 674 1546 707 an
1561 664 1729 707 nobiscum,
1746 666 1825 696 rebus
1841 666 1878 696 sic
1891 665 1917 696 se
1930 666 2113 704 habentibus,
2129 665 2208 703 loqui
2221 666 2256 697 &
2277 666 2377 697 tradia-

191 710 295 747 injuriis
315 709 364 738 sibi
385 718 434 746 per
457 705 568 737 nostros
586 707 665 737 illatis
678 729 689 745 ,
712 716 811 737 coram
831 705 917 735 nobis
935 705 1070 744 conqueri
1087 703 1264 742 volentibus,
1307 711 1336 732 re
1350 702 1436 746 velitt,
1453 702 1576 746 totaliter
1591 710 1761 746 ignoramus.

189 749 275 786 parati
294 748 403 784 sumus,
422 747 455 777 &
472 747 576 776 erimus
593 745 703 783 plenam
737 744 859 774 ustitiam
875 743 1020 773 exhibere:
1345 739 1483 771 Dubitant
1496 750 1577 770 enim
1590 740 1662 770 dieti
1679 741 1795 772 Nuncii
1806 741 1893 772 nostri
1906 752 1954 780 per
1968 752 2016 781 ea,
2034 753 2097 780 quae
2110 742 2218 773 ibidem
2232 742 2379 774 existentes

228 785 284 823 Et,
304 785 371 824 quid
389 787 418 816 in
437 785 491 814 hac
508 792 585 823 parte
601 784 692 814 Facere
730 784 816 814 uxerit
836 781 923 812 vestra
940 780 1086 811 Celsitudo
1096 803 1107 820 ,
1123 781 1207 812 nobis
1220 790 1262 811 re-
1305 777 1463 822 senserunt,
1478 778 1557 816 quod
1580 780 1610 809 iri
1632 781 1755 810 termino
1769 780 1902 817 affignato
1923 781 2127 819 responsionem
2143 782 2310 812 habebimus
2329 793 2380 813 ne-

190 824 310 856 scribere
326 824 393 854 velit
431 834 459 853 er
476 822 653 861 praesentium
672 822 850 860 portitorem
1306 825 1451 859 garwam,
1467 827 1522 860 pro
1541 827 1576 847 eo
1610 817 1685 856 uod,
1703 818 1724 848 si
1745 818 1823 848 idem
1838 818 1985 849 Dominus
2006 818 2148 850 Robertus
2168 821 2267 857 nobis,
2283 820 2378 852 eidem

226 861 296 893 Dat.
315 863 389 900 apud
434 861 606 900 incolniam,
623 870 671 891 21.
688 860 734 890 die
753 858 881 898 Augusti.
1306 855 1385 885 aliter
1398 865 1457 885 non
1471 856 1601 885 scribenti
1624 866 1671 894 uS,
1687 857 1765 894 loqui
1780 856 1879 895 vellet,
1896 858 1941 888 vel
1956 857 2051 888 saltem
2067 858 2094 888 se
2113 858 2182 889 velle
2203 858 2379 898 ostenderet,

1306 892 1428 923 Barones
1449 894 1483 924 &
1502 892 1668 924 Concilium
1691 894 1933 934 contradicerent,
1949 905 2001 933 pro
2016 906 2051 926 eo
2074 899 2154 934 quod
2174 897 2316 927 informati
2335 899 2379 928 vi-

1305 930 1405 975 dentur
1421 933 1629 971 communiter,
1647 932 1865 963 subtradtionem
1877 934 1966 964 Tituli
1979 933 2068 971 Regii
2083 935 2139 969 eise
2154 946 2203 973 per
2223 936 2378 975 Anglicos,

1304 978 1336 999 in
1348 969 1504 1011 Scotorum
1518 971 1690 1008 vituperium
1705 980 1897 1009 procuratam,
1913 982 1977 1009 quae
1993 973 2108 1009 quidem
2121 974 2283 1006 informatio
2298 975 2378 1006 vide-

228 1009 279 1041 De
301 1007 460 1053 transac‘lis
481 1004 550 1039 hinc
574 1004 643 1038 inde
665 1004 814 1038 Trac‘batu
835 1015 904 1036 cnm
927 1001 1052 1036 Roberto
1075 1002 1110 1036 de
1134 1005 1222 1037 Brus.
1304 1015 1365 1047 tur,
1384 1017 1413 1039 ut
1434 1008 1572 1047 asserunt,
1590 1019 1606 1039 a
1621 1008 1710 1039 Curia
1731 1009 1909 1048 proceffiffie,
1926 1011 1958 1040 &
1979 1011 2047 1040 ideo
2070 1012 2225 1043 multorum
2248 1014 2379 1045 cordibus

1304 1041 1405 1077 fortius
1420 1048 1554 1087 inhaeret,
1569 1047 1634 1078 licet
1658 1047 1729 1078 dieti
1748 1047 1836 1078 nostri
1856 1047 1988 1085 Nuncii,
2006 1047 2172 1080 efficacibus
2189 1051 2299 1082 indiciis
2321 1052 2379 1083 stu-

35 1104 162 1137 'Ann¹D
249 1091 358 1124 CCE!
376 1090 668 1128 SanffiffimerPaten
687 1091 720 1122 &
738 1090 886 1128 Domine,
907 1088 1001 1127 quod,
1018 1088 1081 1126 post
1100 1087 1261 1120 confectio-
1303 1085 1415 1116 duerint
1430 1086 1542 1130 dietum
1559 1085 1727 1117 Dominum
1747 1086 1926 1125 Robertum,
1946 1087 1980 1117 &
2001 1087 2088 1125 alios,
2105 1089 2152 1125 qui
2173 1088 2270 1120 secum
2283 1100 2377 1131 erant,

88 1130 113 1176 2⁴
165 1129 172 1136 '
266 1142 333 1163 nem
351 1131 527 1170 praesentium
539 1153 549 1169 ,
569 1141 584 1160 a
604 1129 687 1160 dietis
704 1129 831 1160 Nunciis
850 1127 949 1158 nostris
990 1137 1061 1170 quos
1082 1128 1111 1157 in
1132 1127 1260 1158 Scotiam
1302 1123 1338 1154 ad
1352 1125 1512 1162 oppositum
1527 1124 1686 1170 informare.
1789 1164 1805 1170 ..
1901 1163 1907 1169 ·
2040 1165 2045 1170 .

35 1155 79 1211 A}
91 1154 152 1211 elff-
190 1168 428 1209 Pl·.ae¹.nisefflnus²
450 1170 612 1207 accepimus
626 1180 636 1206 3
659 1178 726 1199 nam
742 1191 752 1206 3
779 1165 927 1206 postquam
950 1150 1038 1196 focum
1063 1163 1174 1196 suerunt
1189 1176 1260 1197 cum
1340 1161 1494 1208 Desperant
1509 1171 1594 1208 etiam
1606 1163 1678 1208 diuiti
1692 1163 1807 1208 Nuncii
1821 1161 1999 1207 nostrsqubd
2010 1163 2126 1208 Litterae
2140 1168 2375 1203 procurationum

37 1226 60 1250 E
83 1206 103 1250 Ξ
131 1194 155 1212 ¹·
190 1210 324 1241 Domino
343 1208 474 1239 Κώεω)
491 1207 526 1238 de
544 1207 609 1238 Bms
624 1229 634 1244 ²
659 1207 740 1245 eique
758 1205 956 1244 proposuerant
979 1213 1011 1234 <a
1023 1226 1032 1241 ‚
1061 1213 1122 1242 quae
1141 1214 1190 1241 per
1209 1215 1260 1235 nos
1301 1200 1456 1245 nostrarum
1470 1212 1500 1232 in
1515 1201 1612 1233 Scotiii
1630 1202 1838 1246 mitri-possint,
1854 1201 1898 1246 vel
1911 1202 1978 1233 inde
1992 1202 2094 1246 aliquid
2114 1202 2150 1233 de
2171 1204 2253 1235 dietis
2267 1204 2375 1238 Procu-

54 1244 95 1288 ,ee
108 1245 167 1289 ἐκ,
187 1248 292 1279 eisdem
311 1247 440 1286 imposita
457 1246 564 1277 fuerant
582 1244 778 1284 proponenda,
802 1243 954 1284 prudenter
970 1241 1169 1273 ordinaverunt
1187 1243 1258 1274 inter
1302 1241 1454 1284 rationibus
1469 1240 1502 1271 ad
1518 1251 1569 1271 nos
1584 1241 1658 1271 mitti
1679 1241 1741 1279 (nisi
1754 1241 1830 1272 aliter
1847 1240 1979 1272 scribatur
1994 1241 2104 1279 eidem,
2121 1242 2206 1280 quam
2228 1243 2373 1282 Scriptum

35 1283 96 1327 Auia
188 1287 215 1318 se
249 1286 329 1325 quod
348 1296 448 1316 eorum
467 1285 548 1323 alter,
568 1285 616 1322 qui
629 1283 748 1314 securius
769 1290 895 1320 poterat,
931 1288 1024 1318 ropter
1036 1281 1145 1311 viarum
1162 1281 1259 1312 discri-
1303 1277 1384 1309 fuerit
1396 1278 1480 1322 usque
1495 1279 1596 1317 modo)
1617 1288 1730 1318 propter
1744 1280 1968 1317 indignationem
1983 1279 2156 1319 Scotorum,
2173 1291 2260 1320 quam
2280 1292 2315 1313 ex
2330 1284 2375 1314 in-

99 1319 106 1326 ’
188 1311 285 1364 mina,
302 1325 336 1356 ad
354 1334 407 1355 nos
421 1334 489 1354 cum
507 1324 601 1362 paucis
620 1322 718 1353 rediret
735 1321 887 1352 velociter:
934 1328 944 1350 t
960 1319 1040 1359 alter,
1065 1329 1135 1350 curn
1150 1319 1201 1350 alia
1215 1320 1259 1351 fa·
1303 1314 1476 1348 formauone
1492 1327 1685 1356 conceperunt
1700 1318 1841 1357 praedifitzi.

188 1364 268 1395 milia
303 1374 350 1402 per
370 1364 447 1393 viam
469 1362 653 1400 securiorem,
679 1360 747 1391 licet
764 1358 966 1398 prolixiorem,
991 1357 1026 1388 ad
1042 1367 1094 1388 nos
1109 1358 1258 1398 proseque-
1337 1354 1415 1386 Haec
1431 1365 1541 1395 autem,
1559 1356 1737 1388 Sanstiffime
1750 1356 1847 1395 Pater,
1862 1357 1896 1388 &
1910 1355 2057 1396 Domine,
2074 1357 2112 1388 sic
2125 1357 2227 1389 diffuse
2241 1359 2274 1390 δε
2289 1358 2373 1391 serio-

187 1413 261 1434 retur
275 1387 414 1433 ’maturius
437 1402 490 1432 iter
515 1400 603 1431 suum.
1301 1394 1328 1423 ίὲ
1343 1393 1498 1432 significare
1511 1396 1682 1433 curavimus,
1702 1404 1732 1426 ut
1745 1395 1876 1426 decernat
1887 1395 2044 1427 Sanctitatis
2063 1396 2163 1427 vestrae
2178 1398 2373 1437 providentia,

226 1441 347 1472 Rediens
363 1441 447 1478 igitur
472 1438 563 1469 dictus
589 1435 783 1468 Corbaniensis
807 1435 961 1474 Episcopus
986 1435 1021 1466 ad
1039 1445 1091 1466 nos
1106 1435 1258 1475 velociter,
1301 1432 1335 1476 8ss
1351 1433 1465 1464 mandet
1480 1434 1549 1472 quid
1563 1433 1641 1472 super
1654 1434 1711 1464 hoc
1729 1433 1821 1464 facere
1834 1433 2002 1474 debeamus3
2019 1436 2056 1465 ne
2077 1433 2168 1474 forte,
2186 1446 2220 1466 ex
2234 1437 2373 1473 ignoran-

186 1480 279 1511 retulit
296 1479 392 1518 quod,
406 1477 473 1508 licet
491 1487 561 1508 cum
579 1475 670 1506 multa
691 1472 855 1506 difficultate
873 1475 906 1505 &
925 1473 1033 1505 cautela
1046 1496 1057 1512 ,
1082 1473 1198 1505 finaliter
1217 1483 1257 1506 ta-
1300 1471 1575 1517 tlfi‚‚0bmittamu8,
1594 1472 1639 1517 yel
1654 1473 1738 1505 etiam
1752 1472 1886 1504 faciamus
1900 1472 2020 1512 aliquid,
2040 1474 2116 1513 quod
2129 1474 2220 1513 postet
2232 1474 2371 1508 est'ettum

186 1527 253 1549 men
273 1518 327 1557 ipse
345 1518 377 1548 &
395 1514 535 1554 Magister
558 1515 742 1554 Aymericus,
766 1523 812 1545 tan
834 1523 900 1544 uam
918 1512 1030 1544 Nuncii
1048 1511 1155 1552 nostri,
1173 1514 1258 1545 intra-
1301 1517 1370 1541 tanti
1384 1520 1420 1541 ne
1443 1518 1495 1542 otii
1508 1511 1640 1549 inpedire.

48 1563 69 1585 (τ
87 1565 131 1594 Ῑῐῑ
185 1565 285 1589 verunt
308 1557 327 1576 ³¹<
350 1556 477 1586 Scotiam
496 1564 564 1585 cum
583 1554 664 1592 ipsius
680 1552 803 1583 Domini
854 1552 946 1582 oberti
963 1551 1077 1582 licentia
1094 1551 1127 1583 &
1146 1551 1260 1583 condu-
1337 1547 1407 1581 Dat.
1459 1550 1613 1590 unolmiae,
1630 1559 1657 1590 7.
1671 1550 1718 1582 die
1732 1549 1914 1590 Septembris.

68 1589 141 1635 662.
186 1596 254 1635 Ciu,
273 1594 384 1634 ejusque
400 1593 577 1632 praesentiam
594 1592 739 1623 adierunt:
756 1592 803 1630 qui
822 1601 870 1622 eos
888 1590 1006 1620 libenter
1020 1590 1053 1620 &
1072 1591 1192 1634 gratiose
1210 1592 1257 1622 vi-
2148 1630 2162 1632 ἠ
2329 1631 2362 1636 Α

125 1627 136 1638 '
185 1631 243 1673 dit,
261 1635 293 1665 ὃς
306 1633 453 1670 diligenter
470 1631 575 1662 audivit
592 1630 693 1661 omnia
710 1630 754 1660 illa
770 1653 780 1669 ,
806 1639 868 1668 quae
886 1639 939 1668 pro
957 1636 1033 1667 parte
1051 1627 1144 1660 nostri
1162 1629 1257 1663 eidem

187 1673 298 1716 ejusque
316 1671 453 1720 CQHCfflO
471 1679 629 1714 Ps0P0s¹ffle
647 1669 814 1700 habuerunt.
1191 1709 1197 1715 ,
1353 1674 1414 1710 Ad
1432 1679 1568 1723 Papam,
1593 1675 1630 1710 de
1651 1676 1865 1711 Cardinalibus
1879 1689 1936 1726 per
1959 1676 2137 1712 Robbatores
2158 1678 2306 1725 spoliatis.

221 1712 283 1749 Ipie
299 1722 369 1742 vero
388 1709 534 1740 Dominus
551 1707 710 1746 Robertus,
735 1716 868 1746 tanquam
887 1706 1007 1746 prudens
1020 1731 1030 1747 ,
1056 1707 1255 1741 consultatione

183 1750 279 1781 habita
295 1750 375 1788 super
392 1748 553 1787 propositis,
580 1747 685 1777 eisdem
706 1745 830 1777 Nunciis
852 1745 1013 1777 Summari'e
1035 1746 1074 1777 fic
1098 1747 1256 1788 respondit,
2386 1770 2453 1803 Am
2479 1771 2511 1804 D

183 1789 265 1828 quod
285 1799 388 1827 pacem
405 1787 510 1817 bomm
522 1809 532 1825 ,
554 1784 666 1816 firmam
681 1807 691 1822 ,
718 1785 751 1815 &
770 1793 933 1822 perpetuam
951 1784 1119 1816 deiiderabat
1138 1787 1256 1827 habere,

184 1829 218 1859 &
237 1828 312 1867 quod
331 1827 403 1857 lianc
421 1823 574 1857 affectuose
591 1824 748 1863 requirebat
765 1833 814 1862 per
831 1833 901 1862 nOS,
920 1823 953 1855 &
969 1834 1018 1862 per
1033 1824 1213 1864 quoscunque
1226 1837 1256 1858 a-

182 1866 237 1897 lios
275 1866 410 1897 rocurari:

220 1877 292 1936 11?ss
302 1914 347 1943 M,
366 1903 460 1943 Qiod
477 1914 536 1934 non
554 1911 660 1942 poterat
678 1902 862 1934 determinate
878 1899 1059 1940 respondere,
1084 1912 1120 1933 ari
1138 1903 1255 1935 deberet

180 1944 330 1974 nobiscum
348 1944 449 1974 habere
467 1943 659 1981 colloquium,
677 1942 721 1972 vel
740 1952 797 1972 non
812 1966 822 1978 ,
846 1940 987 1980 quousque
1007 1942 1121 1972 haberet
1141 1942 1254 1972 Conci-

146 1997 148 2000 *
181 1981 250 2012 lium
268 1982 348 2012 suurn
366 1990 456 2012 toturn
479 1980 717 2018 Congregatum,
733 1981 766 2010 &
783 1980 851 2010 alios
868 1978 986 2009 Baiones
1002 1979 1038 2009 de
1054 1979 1178 2018 Regno,
1198 1981 1254 2011 sine

179 2030 301 2058 quorum
320 2019 450 2050 Consilio
467 2019 500 2050 &
517 2018 621 2049 assensu
639 2028 697 2048 rion
714 2018 927 2052 determinaret,
947 2027 1000 2047 nec
1020 2016 1142 2047 firmaret
1159 2019 1254 2049 nobis-

1296 1761 1395 1819 PAP
1405 1762 1447 1793 AE
1466 1763 1529 1794 Rex
1545 1763 1650 1795 devota
1667 1765 1774 1804 pedum
1790 1764 1886 1797 oscula
1902 1765 2058 1796 beatorum.

1373 1801 1514 1834 Dolenter
1531 1803 1703 1842 audivimus,
1722 1805 1772 1842 ὃς,
1792 1804 1920 1834 inmensi
1938 1804 2032 1836 cordis
2048 1802 2249 1842 amaritudine,
2266 1802 2364 1834 vestrae
2404 1820 2490 1851 1317·

1298 1836 1467 1871 Clementiae
1487 1842 1622 1880 cogimur
1643 1843 1795 1880 nunciare,
1821 1843 1950 1882 qualiter,
1968 1842 2144 1873 Venerabiles
2166 1841 2260 1873 Patres
2267 1865 2277 1881 ,
2297 1841 2365 1872 Do·
2383 1854 2437 1880 Aa.
2456 1860 2499 1880 ῃ,

1296 1879 1388 1909 minus
1405 1878 1585 1920 Gauselinus,
1608 1881 1680 1911 tituli
1698 1881 1870 1912 San&orum
1889 1880 2050 1912 Marcellini
2068 1881 2102 1912 &
2117 1880 2191 1910 Petri
2212 1879 2366 1920 Presbiter,
2383 1893 2415 1916 E.
2433 1899 2460 1917 2,

1296 1916 1330 1947 &
1346 1917 1491 1949 Dominus
1506 1919 1612 1958 Lucas,
1630 1919 1744 1950 Sanctae
1766 1919 1870 1950 Mariae
1883 1921 1913 1950 in
1926 1919 1982 1950 Via
1999 1918 2068 1950 Lata
2082 1919 2246 1957 Diaconus,
2264 1918 2366 1950 Cardi-
2384 1931 2456 1954 Rom,
2469 1925 2504 1960 (3.

1296 1955 1387 1995 nales,
1405 1967 1493 1995 nuper
1508 1958 1524 1987 a
1539 1957 1664 1989 Civitate
1679 1958 1808 1989 Eborum
1831 1958 1922 1989 versus
1942 1958 2098 1989 Civitatem
2120 1957 2368 1997 Dunolmensem,
2384 1969 2425 1993 Fr.
2449 1975 2458 1991 ι
2469 1975 2494 1992 1.

1297 2001 1327 2024 ut
1340 1993 1505 2026 Commissa
1520 1997 1559 2026 eis
1578 1997 1592 2026 a
1607 1996 1697 2027 vestra
1713 1997 1866 2028 SanCtitate
1886 1997 2026 2037 explerent
2039 1997 2173 2033 negotia,
2192 1996 2366 2034 secedentes,
2384 2006 2416 2031 E.
2429 2012 2454 2030 2,
2468 2012 2507 2032 ω,

1333 2032 1379 2063 Ac
1395 2032 1519 2064 volentes
1531 2034 1690 2072 solempniis
1707 2034 1948 2074 consecrationis,
1968 2035 2130 2065 venerabilis
2145 2033 2232 2064 Patris
2242 2057 2251 2072 ,
2271 2033 2368 2064 Lodo-
2391 2051 2433 2078 ¹4·
2499 2036 2507 2040 “

180 2069 248 2090 cum
268 2059 363 2097 loqui,
381 2058 515 2096 quamdiu
532 2058 600 2096 sibi,
619 2057 739 2087 tacendo
757 2056 888 2086 Titulum
906 2054 1054 2093 Regium,
1072 2055 1122 2086 sub
1136 2055 1254 2087 Guber-

179 2098 280 2128 natoris
298 2098 378 2128 titulo
395 2096 592 2127 scriberemus:
620 2094 658 2125 Et
676 2096 738 2135 quia
757 2094 924 2124 Concilium
941 2094 1019 2124 suum
1036 2117 1045 2132 ,
1071 2102 1101 2124 ut
1122 2094 1253 2134 asseruit,

178 2137 213 2168 &
233 2136 352 2167 Barones
368 2135 407 2166 sui
425 2143 500 2166 erant
519 2135 627 2172 disperii
645 2135 675 2164 in
692 2133 803 2164 diversis
822 2133 941 2170 partibus
959 2133 992 2163 &
1011 2133 1145 2172 remotis,
1164 2144 1252 2174 prop-

179 2183 221 2206 ter
248 2175 324 2214 quod
343 2174 413 2205 dixit
432 2174 459 2203 se
477 2184 524 2204 cos
542 2174 575 2204 ad
593 2173 705 2203 dictum
724 2171 892 2202 Concilium
913 2170 1075 2201 habendum
1094 2182 1154 2202 nori
1173 2172 1253 2210 posse

179 2214 259 2244 brevi
277 2223 404 2250 tempore
422 2212 610 2249 Congregare
625 2234 634 2249 ,
660 2212 773 2248 accepit
792 2211 943 2240 terminum
965 2210 1000 2240 ad
1025 2209 1252 2247 respondendum

179 2252 262 2283 dietis
281 2252 407 2282 Nunciis
421 2249 537 2289 nostris,
555 2258 647 2279 utrum
666 2249 757 2284 nobis,
768 2247 820 2286 fich
839 2247 893 2277 tali
910 2248 991 2277 titulo
1008 2251 1034 2277 S.
1056 2248 1252 2279 Gubernatoris

172 2291 227 2332 fibi
245 2289 440 2328 scribentibus,
457 2287 528 2329 loqui
546 2287 672 2326 deberet,
697 2287 812 2318 Festum
832 2286 928 2317 Sanffl
949 2285 1100 2317 Michaelis
1121 2290 1253 2326 proximo

178 2329 342 2361 affuturum.

215 2368 342 2405 ITEM,
361 2366 518 2406 Respondit
535 2366 632 2406 quod,
653 2366 716 2404 quia
730 2375 790 2395 non
803 2364 976 2395 scribebatur
993 2364 1062 2402 sibi,
1079 2372 1110 2394 ut
1123 2365 1253 2405 decebat,

177 2406 207 2437 S.
227 2407 276 2437 sub
293 2406 373 2437 titulo
394 2405 509 2444 Regio,
526 2415 584 2435 non
603 2405 724 2434 habebat
744 2404 854 2433 Litteris
870 2402 982 2440 nostris,
1008 2413 1073 2440 quas
1090 2403 1184 2434 eidem
1202 2414 1253 2442 per

177 2445 271 2476 dictos
285 2444 443 2475 miseramus
462 2444 610 2481 Nuncios,
629 2442 730 2481 aliquid
746 2441 925 2480 respondere,
950 2451 1016 2471 nam
1036 2441 1142 2479 plures,
1159 2452 1188 2474 ut
1208 2444 1252 2473 di—

178 2485 279 2523 cebat,
294 2492 371 2514 erant
387 2482 509 2513 Roberti
528 2482 563 2512 de
584 2481 669 2519 Erus,
687 2482 753 2520 qui,
771 2481 826 2510 una
844 2489 913 2510 cum
931 2479 990 2510 aliis
1006 2479 1175 2523 Batonibus,
1193 2481 1251 2512 Re-

177 2528 270 2560 gnum
292 2522 398 2553 Scotiae
416 2521 630 2558 gubernabant:
650 2529 763 2558 propter
781 2528 866 2557 quam
886 2517 1095 2555 causam,11cet
1113 2518 1252 2551 Sanffira-

178 2563 220 2593 tis
237 2560 335 2592 vestrae
362 2560 490 2591 Parentes
511 2559 615 2590 Literas
630 2583 640 2596 ,
667 2558 865 2589 exhortatorias
890 2557 925 2587 ad
944 2566 1044 2594 pacem
1059 2579 1069 2594 ,
1094 2557 1127 2587 &
1146 2558 1253 2589 nostras

177 2609 300 2639 apertas,
320 2609 387 2638 quas
404 2598 500 2629 eidem
516 2608 565 2635 per
582 2597 675 2628 distes
694 2595 802 2626 nostros
820 2595 955 2626 Nuncios
975 2594 1151 2633 miseramus,
1171 2607 1251 2627 reve-

179 2648 272 2669 renter
293 2639 406 2675 viderit,
428 2638 461 2668 &
481 2637 539 2674 legi
558 2635 657 2666 fecerit
680 2645 780 2666 coram
799 2633 848 2672 se,
872 2633 961 2664 nichil
980 2641 1076 2663 tamen
1088 2635 1189 2676 'voluit
1207 2646 1252 2665 re-

175 2678 328 2716 spondere,
344 2687 396 2706 nec
405 2675 510 2706 nostras
525 2674 626 2706 clausas
636 2674 767 2712 Litteras,
784 2681 898 2710 propter
912 2671 1058 2702 defectum
1073 2671 1145 2703 tituli
1152 2672 1251 2712 Regii,

174 2718 318 2754 apperire,
335 2725 371 2745 eo
391 2714 466 2752 quod
481 2714 613 2745 afferebat
631 2713 682 2742 sibi
699 2722 755 2742 non
773 2709 828 2742 effe
845 2711 972 2741 dimetas.

215 2753 372 2784 Consiliarii
390 2763 457 2783 vero
474 2753 554 2790 iplius
575 2751 698 2781 Domini
719 2750 859 2788 Roberti,
878 2759 948 2788 quos
966 2758 1034 2791 tunc
1051 2748 1147 2779 secum
1162 2749 1248 2780 habe-

175 2794 241 2831 bat,
258 2792 342 2822 dietis
362 2790 461 2822 nostris
478 2791 604 2821 Nunciis
623 2790 698 2820 clare
715 2789 860 2825 dixerunt,
887 2787 981 2826 quod,
1000 2790 1019 2817 li
1038 2787 1086 2817 sibi
1104 2787 1251 2826 scripsisse-

175 2841 240 2862 mus
257 2840 288 2861 ut
302 2830 396 2869 Regi,
420 2839 472 2859 nos
491 2829 611 2859 libenter
628 2830 661 2858 &
680 2827 806 2857 celeriter
825 2826 956 2865 vidislet,
982 2826 1016 2857 &
1036 2826 1180 2858 tracitaffet
1197 2838 1250 2858 no-

175 2869 288 2901 biscum
303 2869 340 2899 de
357 2867 422 2898 veri
441 2868 474 2898 &
493 2866 570 2898 bon&
587 2877 656 2905 pace
671 2866 811 2896 habenda.
885 2904 901 2909 ..
1094 2904 1099 2909 .

215 2908 336 2945 Propter
355 2907 493 2937 silentium
610 2904 686 2935 istius
703 2904 793 2934 Tituli
812 2903 903 2940 Regii
922 2902 1043 2933 exclusus
1060 2903 1112 2934 fuit
1129 2914 1198 2935 unus
1214 2904 1251 2936 de

177 2946 346 2979 Cursoribus
365 2944 520 2976 Sandiitatis
537 2942 652 2980 vestrae,
667 2943 825 2982 Jucobinus
843 2943 962 2972 nomine
981 2943 1040 2980 (qui
1055 2942 1171 2973 Litteras
1185 2942 1249 2974 Co-

177 2985 332 3017 ronationis
349 2983 449 3015 vestrae
466 2983 593 3020 portabat
610 2981 741 3018 Praei-atis)
772 2982 807 3011 ab
828 2979 949 3017 ingressu
968 2981 997 3010 in
1013 2980 1138 3011 Scotiam
1157 2982 1248 3012 modo

175 3035 225 3062 per
241 3032 294 3055 tres
311 3022 432 3060 menses,
451 3020 497 3051 vel
515 3021 608 3057 circa,
626 3020 727 3058 quibus
741 3020 914 3056 expediavit,
935 3028 988 3049 nec
1003 3029 1140 3057 umquam
1155 3021 1246 3057 potuit

175 3064 278 3094 habere
295 3061 463 3101 ingressum,
481 3069 533 3089 nec
552 3058 643 3089 adhuc
662 3057 769 3096 potest,
788 3067 871 3095 nam,
888 3056 960 3086 dum
980 3058 1054 3094 prius
1073 3057 1144 3087 dieti
1160 3058 1248 3088 Nun-

176 3103 216 3131 cii
233 3100 320 3130 nostri
338 3099 427 3138 ipsum
446 3099 540 3129 secum
554 3096 691 3127 duxissent
709 3098 739 3126 in
757 3096 902 3133 Scotiam,
917 3094 966 3125 sub
984 3095 1059 3126 certa
1075 3094 1178 3126 fiducia
1192 3098 1247 3127 ob-

176 3139 299 3170 tinendae
317 3138 455 3176 licentiae,
473 3146 559 3175 quam
571 3136 656 3166 etiam
673 3135 709 3165 ab
728 3134 832 3164 eodem
849 3133 981 3164 Domino
996 3133 1141 3172 Roberto,
1159 3135 1188 3164 in
1202 3136 1247 3174 ip-

177 3178 229 3208 sius
248 3176 375 3206 Cursoris
395 3174 556 3213 praesentia,
582 3183 651 3204 curn
669 3172 797 3203 instantia
816 3173 972 3210 petiverunt
985 3194 995 3209 ,
1021 3172 1110 3202 nichil
1133 3173 1248 3211 respon-

176 3216 236 3255 dit,
261 3215 300 3245 set
320 3225 389 3245 curn
426 3215 525 3244 uadam
553 3213 708 3243 mutatione
731 3211 815 3241 faciei
838 3220 901 3240 eam
929 3209 1033 3252 silendo
1051 3212 1186 3247 negavit:
1214 3213 1247 3242 ὃς

177 3255 249 3285 dum
266 3261 391 3292 peterent
429 3253 478 3282 iffi
499 3251 533 3282 N
537 3251 617 3281 uticii
640 3261 655 3280 a
672 3248 835 3288 quibusdam
850 3248 1008 3278 Secretariis
1025 3248 1105 3284 ipsius
1124 3248 1247 3280 Domini

177 3293 322 3330 Roberti,
340 3301 424 3329 quare
442 3291 499 3320 hoc
517 3289 604 3320 esset?
622 3288 795 3326 Responsum
811 3286 850 3317 est
868 3287 922 3324 eis,
941 3285 1018 3324 quod
1037 3286 1093 3316 hoc
1114 3296 1169 3317 erat
1183 3289 1247 3326 quia

179 3332 265 3362 dietae
281 3329 483 3360 Coronationis
492 3327 607 3357 Litterae
621 3327 716 3357 eidem
732 3326 846 3356 direetce
865 3335 923 3355 non
939 3325 1065 3363 fuerant,
1082 3334 1115 3355 ex
1125 3325 1178 3356 hac
1190 3326 1248 3358 solii.

1296 2070 1365 2101 wici
1384 2069 1583 2102 Dunolmensis
1602 2072 1695 2103 Eleeti
1715 2073 1790 2111 (quae
1809 2073 1853 2104 die
1880 2073 2040 2104 Dominica
2063 2074 2092 2102 in
2113 2071 2194 2103 Festo
2217 2073 2372 2103 transsatio-

1296 2108 1340 2138 nis
1356 2109 1455 2141 Sancti
1475 2109 1644 2150 Cuthberti,
1661 2111 1812 2151 videlicet,
1843 2120 1942 2151 quarto
1965 2111 2012 2141 die
2036 2110 2160 2141 instantis
2177 2109 2284 2141 Mensis
2302 2110 2372 2150 Sep-

1295 2148 1427 2187 tembris,
1443 2148 1569 2187 disposita
1590 2149 1698 2181 fuerant
1715 2150 1857 2188 celebrari)
1877 2150 1912 2181 ad
1928 2150 2081 2180 instantem
2099 2149 2308 2188 requisitionem
2327 2151 2374 2190 ip'-

1296 2185 1347 2217 sius
1366 2186 1477 2226 Electi,
1495 2188 1528 2219 ὅτ.
1547 2188 1677 2227 suorum,
1695 2188 1840 2228 intercise,

1334 2224 1533 2264 Habentesque
1558 2228 1587 2257 in
1615 2226 1764 2257 Comitivx'i
1780 2227 1826 2257 sus.
1851 2226 1974 2257 eundem
1992 2225 2126 2257 Eiectum
2143 2249 2152 2264 ‚
2174 2227 2208 2257 &
2228 2226 2372 2258 Nobilem

1296 2262 1414 2302 Virum,
1435 2264 1599 2295 Dominum
1617 2265 1777 2296 Henricum
1796 2265 1832 2296 de
1850 2264 1926 2295 Bello
1944 2264 2066 2302 Monte,
2084 2264 2207 2296 Fratrem
2224 2265 2320 2305 suum,
2337 2276 2372 2298 ac

1296 2301 1387 2340 plures
1403 2302 1471 2333 alios
1486 2303 1611 2334 Nobiles
1626 2304 1659 2334 &
1677 2303 1845 2342 magnates,

1334 2340 1394 2371 Die
1408 2341 1490 2410 f{ovis
1508 2342 1703 2380 praecedente,
1720 2343 1867 2380 videlicet,
1893 2343 1988 2380 primo
2009 2341 2055 2372 die
2072 2341 2144 2373 dieti
2163 2341 2269 2372 Mensis
2281 2366 2291 2381 ,
2316 2343 2371 2374 ob-

1295 2380 1358 2410 vios
1372 2380 1407 2411 ha
1429 2390 1525 2411 uerunt
1540 2380 1675 2418 quosdam
1695 2380 1874 2411 Robbatores
1883 2403 1894 2419 ,
1913 2382 1959 2419 qui
1972 2379 2118 2419 aqu-idam
2130 2380 2212 2418 silva,
2230 2381 2302 2419 quasi
2317 2382 2371 2411 ho-

1294 2417 1326 2448 ra
1343 2419 1437 2457 prima
1452 2419 1521 2450 illius
1539 2420 1612 2457 diei,
1629 2418 1748 2450 distante
1764 2430 1779 2450 a
1798 2419 1824 2450 V
1827 2419 1873 2450 illa
1891 2419 1925 2449 de
1940 2419 2115 2456 Derlington
2132 2428 2180 2457 per
2193 2419 2237 2450 sex
2252 2420 2295 2450 vei
2311 2419 2371 2458 sep-

1294 2465 1351 2487 tem
1369 2457 1493 2496 Leucas,
1511 2458 1684 2496 egredientes
1703 2459 1730 2488 in
1749 2457 1855 2495 magni
1874 2457 2070 2496 multitudine,
2089 2467 2169 2488 more
2191 2459 2324 2495 guerrino
2338 2460 2370 2489 in

1294 2495 1388 2526 dictos
1406 2496 1516 2535 Patres,
1541 2498 1574 2528 &
1593 2505 1710 2528 caeteros
1729 2496 1873 2527 existentes
1893 2498 1923 2526 in
1942 2506 2042 2527 eorum
2067 2494 2231 2534 Comitivai,
2250 2507 2369 2534 gravem

1295 2533 1330 2564 &
1355 2544 1501 2565 enormem
1527 2535 1652 2566 fecerunt
1677 2535 1806 2567 insultum
1819 2558 1828 2573 ,
1862 2534 1986 2573 ipsosque
2005 2534 2118 2565 tandem
2137 2534 2273 2574 hostiliter·
2288 2545 2372 2573 cepe-

1295 2580 1373 2611 runt,
1390 2573 1424 2604 &
1445 2573 1529 2605 bonis
1546 2573 1598 2605 suis
1615 2574 1748 2605 omnibus
1758 2596 1768 2612 ,
1795 2583 1858 2612 quae
1875 2572 2084 2613 apprehendere
2102 2581 2245 2612 poterant,
2269 2574 2370 2612 spolia-

1296 2619 1377 2640 runt:

1328 2648 1381 2686 Et,
1399 2649 1463 2687 post
1479 2650 1561 2690 haec,
1576 2649 1690 2682 eosdem
1709 2650 1886 2689 Cardinales,
1905 2660 1975 2681 cum
1993 2649 2105 2680 familiis
2119 2649 2188 2688 suis,
2201 2634 2245 2681 'sic
2268 2649 2368 2689 spolia-

1294 2694 1338 2717 tos
1364 2688 1398 2718 ὃ(
1423 2688 1530 2728 nudos,
1554 2689 1656 2727 absque
1680 2699 1836 2727 corporum
1855 2689 1969 2719 laesione
1984 2711 1994 2727 ,
2023 2688 2122 2719 divin&
2140 2699 2187 2719 eos
2206 2687 2368 2720 Clementia

1293 2732 1476 2765 protegente,
1495 2727 1678 2765 permiserunt
1700 2729 1793 2765 abire,
1819 2728 1866 2766 qui
1893 2727 1918 2758 se
1942 2727 1977 2758 ad
2001 2727 2109 2759 dictam
2126 2726 2281 2758 Civitatem
2299 2727 2366 2759 Du-

1293 2763 1468 2795 nolmensem
1494 2765 1707 2797 transt-ulerunt:
1740 2767 1819 2797 disto
1838 2776 1949 2805 quoque
1968 2765 2069 2796 Ele&o
2084 2789 2094 2804 ,
2127 2766 2160 2796 &
2176 2766 2269 2797 Fratre
2293 2766 2361 2806 suo,

1293 2812 1362 2834 cum
1380 2803 1447 2841 suis,
1464 2805 1495 2834 in
1513 2804 1636 2842 ipsorum
1655 2804 1856 2836 Robbatorum
1876 2805 2034 2842 captivitate
2055 2805 2173 2835 retentis.

1330 2840 1411 2872 Cium
1430 2850 1522 2872 autem
1539 2853 1655 2882 rumor,
1679 2843 1715 2873 de
1733 2844 1934 2882 perpetratione
1952 2850 2011 2874 tam
2029 2843 2168 2873 horribilis
2190 2843 2223 2874 ὃ(
2246 2843 2364 2874 inauditi

1290 2879 1414 2919 sceleris,
1430 2880 1463 2911 ad
1478 2890 1528 2912 nos
1550 2883 1610 2920 (qui
1625 2889 1693 2912 tunc
1708 2883 1740 2912 in
1755 2882 1823 2913 loco
1838 2891 1947 2913 eramus
1962 2880 2092 2920 distanti,
2119 2891 2172 2919 pro
2185 2881 2364 2919 disponendis

1290 2919 1410 2956 negotiis
1423 2942 1433 2958 ,
1460 2918 1601 2951 Guerram
1620 2920 1745 2951 nostram
1768 2921 1873 2951 Scotiae
1893 2920 2082 2958 tangentibus)
2105 2918 2287 2958 pervenisset,
2306 2929 2360 2949 no-

1289 2957 1378 2988 strum
1393 2959 1514 2995 graviter
1535 2958 1687 2996 percellens
1700 2959 1842 2997 auditum,
1859 2959 1950 2989 acrius
1964 2958 2067 2990 viscera
2077 2958 2215 2995 saucians,
2232 2958 2266 2988 &
2279 2956 2362 2987 dolo·

1289 3007 1318 3027 re
1333 2995 1485 3033 praecordia
1497 2997 1558 3028 dire
1574 3007 1720 3037 pungens,
1739 2999 1847 3029 caeteris
1862 2996 2063 3035 praetermissis,
2078 2994 2245 3026 accessimus
2257 2995 2291 3026 ad
2307 2995 2360 3026 Ci-

1289 3036 1404 3066 vitatem
1416 3034 1563 3074 Ebomm,
1583 3037 1617 3067 &
1633 3036 1743 3067 ibidem
1757 3036 1791 3067 ad
1807 3047 1858 3067 nos
1868 3035 1991 3066 diversos
2006 3034 2149 3077 Proceres
2160 3033 2194 3064 ὃς
2212 3033 2364 3071 Magnates

1290 3075 1446 3105 convocari
1459 3073 1642 3112 disposuimus
1656 3085 1690 3106 ex
1708 3076 1761 3106 hac
1782 3077 1873 3105 causa·
1901 3082 2022 3111 quorum
2044 3071 2171 3102 Confilio
2186 3094 2197 3110 ,
2218 3072 2251 3102 ad
2269 3073 2363 3104 vindi-

1289 3111 1412 3143 candum
1428 3120 1531 3151 tantas,
1548 3113 1582 3144 &
1596 3121 1656 3144 tam
1671 3123 1801 3144 enormes
1815 3135 1825 3150 ,
1850 3097 1919 3141 Deo
1933 3111 1967 3142 &
1988 3109 2101 3140 Sandiae
2123 3109 2256 3141 Ecclesiae
2277 3111 2362 3142 illatas

1289 3152 1418 3188 injurias,
1436 3151 1473 3181 fic
1488 3151 1684 3182 festinabimus
1698 3151 1800 3182 debitae
1815 3150 1926 3180 ultionis
1939 3158 2086 3179 excercere
2100 3149 2223 3186 rigorem
2233 3172 2242 3188 ,
2260 3150 2361 3189 quod,

1288 3199 1385 3226 poenae
1399 3189 1566 3227 formidine,
1584 3189 1792 3220 cohibebuntur
1806 3188 1938 3224 deinceps
1953 3197 2050 3217 manus
2066 3188 2224 3230 ‘temerariae
2245 3199 2260 3218 a
2275 3198 2358 3218 com-

1288 3226 1420 3257 miffione
1433 3235 1574 3257 tantorum
1590 3227 1768 3265 facinorum,
1787 3236 1855 3264 quos
1868 3225 1924 3256 Dei
1937 3234 2089 3256 reverentia
2103 3236 2161 3256 non
2173 3226 2317 3257 cohercet.

1325 3265 1362 3296 Et
1373 3265 1592 3304 nichilominus,
1610 3275 1662 3302 pro
1677 3265 1879 3304 indempnitate
1895 3264 2040 3294 dictorum
2053 3263 2168 3295 Parrum
2183 3265 2216 3296 &
2230 3264 2359 3304 suorum,

1289 3311 1319 3334 ut
1340 3304 1379 3334 eis
1394 3303 1481 3333 ablata
1499 3302 1688 3341 restituantur,
1705 3303 1838 3334 faciemus
1859 3302 1995 3342 quicquid
2017 3304 2187 3342 poterimus3
2204 3304 2241 3334 ita
2262 3303 2340 3342 quod
2347 3326 2360 3342 ,

1289 3341 1464 3373 concedente
1476 3340 1611 3372 Domino
1619 3365 1629 3380 ,
1647 3341 1881 3372 conservabuntur
1895 3341 2069 3379 indempnes.

178 3369 276 3407 0²³⁵&
293 3368 440 3406 videlicet,
454 3377 490 3397 ne
502 3364 811 3422 Tiffqlusffibbsseguss
826 3364 1026 3418 sqnbefeturm
1045 3401 1051 3406 .
1225 3402 1231 3409 .
1323 3380 1371 3411 De
1384 3380 1549 3410 nominibus
1563 3381 1648 3410 etiam
1668 3380 1811 3411 dicitorum
1826 3379 2046 3418 Robbatorum,
2064 3379 2204 3411 *suorum
2220 3378 2357 3417 Compli-
2398 3384 2418 3404 ²*
2436 3385 2492 3417 111:

202 3407 260 3452 ‚IT
270 3416 288 3436 E
299 3416 341 3446 Μ)
359 3407 429 3450 dum.
445 3404 576 3450 .Ps?²d¹ffi
593 3403 705 3446 iumen
720 3402 824 3441 ¹³0str¹2
843 3412 872 3446 υ)
888 3400 1029 3440 Pfaesenm
1042 3411 1052 3430 ¹
1074 3401 1122 3432 5⁰⁵
1138 3401 1169 3432 D
1171 3412 1248 3432 ⁰³¹¹*
1287 3428 1370 3456 cum,
1389 3419 1423 3448 &
1439 3417 1592 3448 Fautorum
1607 3419 1707 3457 inquiri
1721 3428 1788 3449 cum
1804 3417 1901 3448 exaera
1916 3418 2062 3455 diligentia
2082 3418 2237 3454 faciemus,
2255 3418 2288 3448 &
2302 3427 2357 3447 vo-
2394 3426 2461 3459 ⁶64·

179 3456 210 3476 ω
228 3445 268 3475 R‘
284 3445 317 3488 .&
335 3443 462 3488 COPCflU
481 3443 579 3482 ¹Pfius²
593 3450 669 3479 ”¹⁸²³
685 3450 811 3485 [3¹³9me
832 3440 999 3471 L¹tter³mm
1019 3449 1054 3469 ve
1079 3450 1191 3484 ‘asum'
1212 3441 1246 3471 &
1287 3458 1331 3488 bis
1343 3456 1440 3488 eadem
1454 3457 1576 3487 nomina
1599 3466 1658 3487 non
1677 3457 1845 3488 tardabimus
1860 3455 2012 3495 destinare,
2032 3465 2174 3488 utcontra
2194 3465 2260 3493 eos,
2279 3455 2298 3485 si
2323 3456 2357 3486 li-

180 3484 253 3526 Ῑῖἒῑῐῖ,
267 3484 367 3526 endem
384 3482 615 3520 imposueramUS‚
637 3479 824 3524 Sanstffsssoem
841 3478 963 3509 vestram
980 3478 1057 3522 supef
1071 3479 1243 3522 Obmffione
1288 3497 1370 3534 beat,
1392 3494 1567 3525 severitatem
1590 3494 1762 3534 Canonum,
1789 3503 1887 3524 contra
1908 3494 2067 3533 hujusmodi
2087 3493 2242 3529 Sacrilegos
2263 3493 2357 3526 edito-

184 3521 256 3551 dieti
271 3521 363 3550 Tituli
381 3521 528 3558 prudenter
546 3519 581 3550 ὃς
595 3517 794 3549 rationabiliter
812 3516 987 3560 excusarent,
1012 3516 1150 3555 dicentes,
1161 3526 1246 3560 *inter
1289 3544 1351 3565 mm
1388 3534 1530 3563 excercen·
1563 3532 1597 3564 ad
1612 3534 1737 3571 ipsorum
1754 3532 1951 3564 confusionem
1966 3542 2124 3572 perpetuam
2156 3531 2283 3569 jubeatis.

181 3559 251 3597 alia,
268 3559 342 3597 quod
359 3569 417 3589 nori
434 3559 613 3589 consueverat
627 3556 720 3587 Mater
734 3555 794 3593 sua,
812 3555 996 3594 pendentibus
1014 3555 1246 3597 eamn—aliquod
1323 3556 1478 3602 anservet
1494 3555 1548 3601 vos'
1580 3572 1632 3602 &c
2131 3554 2142 3571 ²

182 3597 293 3635 dicere,
309 3596 353 3626 vel
366 3596 500 3634 scribere,
518 3607 566 3635 per
587 3595 662 3634 quod
681 3594 769 3633 posset
787 3593 888 3633 aliquid
905 3603 971 3623 cum
986 3593 1152 3637 praejudicio
1166 3594 1248 3637 partis
1361 3610 1428 3640 Dat.
1448 3609 1521 3647 apud
1533 3593 1662 3641 E’bomin
1698 3618 1745 3640 10.
1763 3609 1808 3640 dic
1827 3609 1997 3648 Septembris

181 3634 333 3665 alterutrius
356 3636 518 3673 immutari,
542 3634 578 3664 Et
594 3656 603 3671 ,
628 3633 706 3671 super
728 3634 786 3663 hoc
801 3655 812 3671 ,
839 3631 938 3663 vestrae
960 3631 1116 3661 Sanctitatis
1139 3631 1246 3662 Literas
1668 3633 1678 3650 ²
1999 3635 2006 3641 ·

181 3672 372 3710 ostendendo,
390 3673 528 3710 respondit
547 3671 625 3711 quod
638 3695 647 3710 ,
670 3672 689 3701 si
706 3670 786 3702 Pater
801 3671 861 3701 suus
878 3670 912 3701 &
931 3668 1027 3700 Mater
1048 3669 1093 3700 sua
1112 3669 1247 3700 nolebant

204 3720 314 3740 encrate
329 3711 524 3751 praejudicium
543 3711 617 3740 alteri
638 3710 724 3751 parti,
742 3719 809 3740 eum
831 3709 941 3753 Regem
956 3707 1104 3753 vocando,
1127 3717 1186 3738 non
1203 3709 1248 3738 vi-
1988 3731 2005 3766 b
2371 3719 2447 3749 Anu·
2461 3717 2506 3750 D·

222 3749 302 3778 batur
322 3748 371 3776 libi
393 3749 468 3785 quod
493 3749 626 3779 deberent
651 3748 701 3777 libi
722 3756 850 3786 generare
868 3746 1062 3784 praejudicmm
1077 3769 1088 3785 ,
1109 3747 1249 3784 pendente
1518 3733 1578 3768 Ad
1601 3737 1737 3782 Papam,
1757 3745 1812 3782 Pro
1836 3735 1936 3768 Εἶθῖἶθ
1957 3737 1986 3768 E
2007 3744 2104 3767 orum·
2400 3765 2485 3796 1317,

184 3787 277 3818 adhuc
294 3785 390 3822 causa,
408 3786 501 3816 eidem
521 3786 647 3823 Regium
665 3786 778 3816 titulum
795 3785 965 3822 auferendo,
981 3784 1131 3823 praei‘ertim
1151 3785 1247 3822 qui&
2372 3799 2426 3825 An.
2454 3804 2496 3822 η,

185 3825 286 3861 Regni
301 3822 496 3860 posseffioriem
517 3827 625 3854 obtinet
663 3825 696 3854 &
712 3823 841 3861 Regium
860 3824 989 3854 Titulum
1007 3824 1037 3853 in
1057 3831 1120 3853 toto
1136 3824 1248 3853 obtinet

186 3863 311 3899 Regno,
329 3862 361 3891 &
377 3861 425 3890 sub
441 3860 537 3898 Regio
556 3847 656 3893 Titufo
675 3862 788 3899 Reges,
809 3862 842 3892 &
862 3862 906 3891 alii
923 3861 1028 3892 Mundi
1047 3860 1199 3899 Principes
1213 3861 1249 3891 fi-
1314 3897 1319 3903 ⁴
1479 3898 1484 3903 .
1628 3898 1636 3904 ἢ
1837 3897 1842 3902 .

186 3903 218 3931 bi
235 3900 374 3936 scribunt3
398 3899 499 3928 addens
518 3901 594 3936 quod
610 3902 639 3929 iii
661 3901 716 3932 lioc
737 3900 787 3930 sibi
809 3899 953 3930 videbatur
966 3923 975 3938 ,
1000 3900 1076 3938 quod
1104 3899 1187 3930 Pater
1213 3899 1248 3930 &
1291 3897 1395 3928 Viscera
1414 3897 1565 3928 sauciantur
1602 3897 1688 3936 dum,
1713 3896 1902 3928 venerabilem
1923 3934 1928 3938 Ι
1959 3933 1963 3937 .
1989 3933 1992 3937 ι
2010 3933 2014 3937 .
2149 3933 2153 3937 .

185 3939 281 3970 Mater
300 3937 337 3967 sui
358 3944 462 3974 partem
477 3936 598 3974 aliquam
616 3939 686 3967 inter
704 3939 787 3968 Filios
804 3937 1018 3975 asiumpsissent:
1037 3937 1144 3968 addidit
1161 3938 1248 3968 etiarn
1293 3935 1543 3973 Metropolitanam
1577 3946 1657 3974 quae,
1676 3936 1758 3966 asuae
1773 3935 1942 3967 fundationis
1955 3940 2053 3969 initio,
2069 3932 2167 3969 amplis
2189 3931 2364 3969 possessioni-
2372 3953 2400 3976 E.
2422 3957 2447 3974 2,

185 3977 283 4018 quod,
299 3976 318 4007 fi
333 3975 403 4007 die‘ti
415 3974 526 4007 Nuncii
541 3974 629 4005 nostri
649 3976 714 4006 iales
728 3976 863 4014 Litteras,
880 3976 914 4007 &
935 3975 983 4007 sub
1003 3976 1049 4009 tali
1067 3975 1170 4007 Titulo
1191 3975 1252 4006 aliis
1292 3974 1343 4006 bus
1356 3973 1390 4005 &
1405 3974 1567 4005 divitiarum
1585 3974 1675 4012 copiis
1690 3971 1882 4007 habundabat)
1902 3977 1980 4002 tanto
1994 3977 2123 4007 tempore
2136 3970 2278 4003 viduatam
2286 3982 2367 4049 ὥῖἑιίἶ
2372 3996 2397 4013 m
2418 3994 2460 4020 ¹4-
2474 3982 2501 4012 J,

1291 3819 1394 3890 PAP
1404 3819 1446 3851 AE
1463 3819 1529 3851 Rex
1544 3819 1647 3852 devota
1661 3820 1766 3858 pedum
1780 3820 1871 3852 oscula
1885 3821 2041 3851 beatorum.
2376 3839 2407 3862 E.
2426 3843 2453 3862 2·

1391 3859 1544 3890 Anxietatis
1563 3859 1651 3890 aculei
1671 3859 1733 3889 dire
1754 3858 1848 3889 nostra
1866 3854 2240 3924 punfiiggtnpglaecffcrcdlissdarffic
2259 3855 2362 3926 {³313ss
2372 3877 2442 3938 §ML
2465 3868 2505 3903 ά,

2235 3916 2244 3931 ’
2344 3935 2348 3939 .
2391 3921 2412 3938 ν.
2435 3917 2476 3936 Η.
