2562 4279
218 92 271 143 36

71 172 148 204 Αηῃ.
157 171 198 203 D.
213 181 411 212 crementum,
440 173 501 204 tam
523 169 723 202 Mercatorum
748 166 944 206 indigenarum
975 166 1011 198 δὲ
1037 164 1258 203 alienigenarum
1272 186 1282 202 ,

92 220 174 252 1313.
217 212 303 251 quam
317 212 440 243 aliorum
456 211 622 242 Proborum
639 208 673 239 ὃ(
688 206 822 250 legalium
838 205 992 236 hominum
1005 203 1041 235 de
1055 204 1182 236 libertate
1203 204 1287 242 quin-

68 253 137 279 Ην.
156 261 182 279 2.
237 260 271 281 ue
284 251 426 282 Portuum
440 248 625 285 nostrorum,
642 247 676 277 &
690 253 775 275 etiam
793 243 970 276 diversorum
992 242 1194 274 Comitatuum
1212 242 1284 272 diCti

250 291 331 328 egni,
349 291 383 320 ὃς
404 289 524 327 partium
546 284 751 324 adjacentium,
770 292 821 321 per
844 292 917 321 quos
937 283 977 313 rei
997 283 1097 313 veritas
1110 281 1211 312 melius
1225 280 1287 312 sciri

219 327 329 367 posset,
348 336 463 358 necnon
476 335 526 364 per
541 325 661 355 Litteras
675 323 708 354 &
724 321 932 360 Instrumenta,
950 331 984 352 ac
998 321 1055 352 aliis
1069 321 1121 351 viis
1134 321 1168 351 δε
1182 319 1286 358 modis,

219 368 320 404 quibus
340 366 439 396 melius
459 363 589 402 expedire
609 360 753 400 viderent,
777 361 858 400 super
878 360 1014 404 querelis,
1032 359 1233 399 petitionibus,
1251 359 1285 389 δε

219 405 426 444 quaestionibus
437 402 594 442 praediftss,
611 401 645 432 &
659 409 756 431 earum
777 400 918 439 qualibet,
937 399 1046 438 plenius
1069 399 1232 430 veritatem:
1251 398 1286 428 &

219 444 255 474 ad
273 453 375 474 omnes
395 442 518 482 querelas
552 440 720 479 petitiones,
743 440 777 471 &
798 438 967 478 quaestiones
988 436 1151 468 hu'usmodi
1171 435 1288 467 audien-

220 482 292 512 dum
317 483 351 514 &
370 463 582 513 terminandum
603 478 761 510 secundum
783 478 879 515 legem
899 478 933 509 &
953 486 1013 508 con
1025 475 1189 507 uetud'tnem
1217 474 1288 504 diffi

219 520 317 560 Regni
353 521 386 552 &
399 519 522 550 similiter
534 517 631 556 legem
646 517 872 555 Mercatoriam,
890 524 976 554 prout
987 516 1066 554 quta
1077 515 1139 544 vim
1160 514 1193 546 &
1215 512 1287 543 effe-

220 559 303 591 etum
318 545 478 606 I’ndenturae
488 556 634 596 praediaetae
646 557 710 588 fore
723 555 846 588 vidimus
860 554 1022 586 faciendum
1032 577 1042 593 ,
1059 553 1163 592 absque
1176 551 1287 583 dilatio-

220 608 257 628 ne
274 608 387 628 morosa

258 621 405 667 Duximus'
429 633 604 676 assignandos
619 657 630 675 ,
660 635 723 673 ipsis
753 632 872 664 firmiter
895 629 1070 671 injungendo
1092 629 1171 669 quod
1195 629 1288 659 statim

219 674 293 712 apud
314 673 480 705 Londonias
499 673 703 714 procederent,
717 674 796 712 juxta
820 670 1086 708 Commiffionem,
1104 669 1143 699 eis
1166 668 1287 706 faciam,

217 713 299 751 super
312 713 430 752 negotiis
444 714 622 744 memoratis:

255 750 366 782 Coram
382 752 483 790 quibus
497 752 612 783 Nuncii
627 753 660 782 ὃς
676 750 806 781 homines
819 747 906 780 vestri
918 746 1066 787 praedieti,
1083 745 1130 776 die
1144 745 1178 776 δε
1201 744 1286 783 loco,

216 790 252 821 ad
271 791 329 821 hoc
351 791 380 821 in
392 790 517 822 Civitate
531 790 750 822 Londoniarum
763 788 914 826 deputatis,
931 792 1145 823 comparentes,
1164 783 1289 814 asseren-

215 828 262 859 tes
277 839 313 860 ue
326 829 354 860 se
369 829 447 861 nolle
461 829 489 860 su
511 839 541 860 er
552 829 696 868 dampnis,
715 826 867 857 Flandricis
880 824 953 863 apud
973 823 1128 855 Crasdenn.
1148 823 1182 853 &
1205 823 1289 860 alibi,

216 877 257 905 po
297 876 407 906 tempus
420 878 479 909 prae
501 869 606 907 ustum,
624 878 674 906 per
697 865 836 903 Anglicos
855 865 950 902 illatis,
968 871 1068 894 contra
1089 861 1288 901 quoscumque

217 906 322 938 sestam
342 908 464 946 aliquam
482 907 591 947 facere,
609 916 664 938 nec
688 906 774 936 etiam
797 903 1027 942 inquisitionem,
1048 900 1094 932 seu
1116 898 1289 931 Proceffum

217 945 251 975 ali
274 956 339 976 uem
351 948 498 987 expedmre
510 970 519 985 ,

280 985 401 1015 etierunt
416 986 532 1023 praecise
546 983 625 1022 quod
638 982 759 1020 dampna
773 981 834 1020 illa,
848 990 912 1019 quae
926 978 962 1010 ad
977 979 1132 1010 maximam
1146 977 1288 1008 summam

217 1024 348 1061 pecuniae
362 1023 532 1061 assidebant,
550 1023 654 1062 absque
669 1021 795 1053 ulteriori
807 1019 940 1060 processu
955 1017 1022 1049 inde
1035 1016 1183 1056 faciendo,
1194 1015 1289 1047 statim

218 1061 403 1093 redderentur
415 1062 533 1093 eisdem:

254 1099 309 1140 Et,
329 1102 393 1139 quia
400 1100 545 1139 justiciarii
559 1097 647 1130 nostri
669 1098 799 1138 praediffl
816 1095 978 1135 hujusmodi
1002 1096 1134 1134 petitioni
1154 1093 1291 1124 Nuncio-

218 1148 283 1170 rum
298 1139 458 1170 vestrorum
473 1139 680 1180 praedidlorum
697 1138 772 1176 (tum
789 1147 843 1175 pro
856 1145 893 1166 eo
908 1134 987 1174 quod
1001 1143 1058 1165 erat
1077 1141 1176 1165 contra
1196 1132 1289 1172 legem

219 1179 254 1209 ὃς
269 1177 506 1209 consuetudinem
519 1178 619 1216 Regni
630 1175 737 1215 nostri,
756 1185 823 1214 quas
837 1176 867 1205 in
882 1173 1081 1205 Coronatione
1101 1170 1199 1203 nostra
1216 1173 1291 1210 jura-

218 1218 314 1247 vimus
333 1215 498 1256 observare,
516 1218 581 1248 tum
601 1217 686 1246 etiam
706 1225 759 1256 pro
784 1224 820 1245 eo
835 1212 916 1252 quod
932 1213 1024 1242 tenori
1038 1210 1201 1243 Indenturae
1217 1220 1292 1248 prae-

217 1255 304 1285 dietae
325 1256 549 1287 contrariebatur
569 1255 647 1286 dieta
671 1253 782 1292 petitio)
809 1250 957 1283 manifeste
979 1260 1102 1281 annuere
1117 1249 1289 1287 renuebant,

217 1292 308 1324 iidem
329 1292 443 1325 Nuncii
460 1294 565 1332 vestri,
583 1304 644 1324 non
666 1292 779 1323 rationis
799 1292 833 1322 ὃς
851 1290 964 1329 justitiae
985 1290 1144 1327 tramitem,
1162 1287 1201 1318 set
1220 1297 1292 1326 pro·

219 1333 290 1370 priae
302 1333 455 1364 voluntatis
470 1332 673 1371 praesumptive
685 1331 830 1370 sequentes
844 1329 1010 1367 arbitrium,
1028 1336 1058 1359 ut
1073 1327 1153 1364 elati,
1172 1326 1228 1365 sic,
1246 1327 1290 1356 in-

219 1369 299 1402 ἱεέὶο
312 1373 435 1409 negotio
446 1382 500 1412 pro
515 1381 573 1410 quo
587 1379 738 1408 venerant,
754 1369 790 1399 de
805 1367 965 1410 Londoniis
980 1365 1231 1404 contemptibiliter
1244 1375 1289 1395 re-

219 1409 380 1448 cesserunt,
396 1410 478 1448 super
494 1420 552 1449 quo
565 1419 636 1448 nos,
655 1409 689 1440 &
704 1417 807 1439 omnes
819 1407 855 1438 de
868 1405 999 1437 Consilio
1013 1405 1114 1436 nostro
1127 1405 1222 1435 mirari
1238 1413 1290 1435 co-

219 1449 316 1487 gimur
330 1449 523 1480 vehementer.

256 1485 295 1519 Et
308 1497 386 1519 nunc
398 1487 533 1526 demum,
550 1485 585 1517 ad
599 1484 732 1517 nostrum
742 1485 872 1526 pervenit
883 1483 1028 1522 auditum,
1047 1481 1129 1521 quod
1166 1481 1292 1512 ohannes

219 1524 338 1557 Crabbe
375 1528 409 1559 &
431 1526 548 1565 quidam
571 1526 634 1564 alii,
650 1524 688 1555 de
708 1524 847 1562 potestate
860 1522 971 1560 vestra,
987 1521 1101 1552 diversis
1158 1521 1290 1551 ercatori-

221 1564 274 1596 bus
289 1564 326 1595 de
339 1549 445 1606 Regno
469 1565 587 1604 nostro,
604 1563 670 1633 gost
686 1562 846 1602 hujusmodi
866 1561 1008 1593 recessum
1027 1559 1226 1590 Nunciorum'
1239 1569 1291 1590 ve-

220 1602 346 1635 strorum
367 1603 573 1642 praediCtorum
589 1614 604 1634 a
647 1602 752 1633 eodem
775 1601 901 1641 Regno,
918 1598 1161 1638 depraedationes,
1186 1599 1221 1630 &
1240 1598 1291 1628 alia

218 1641 342 1681 dampna
359 1642 520 1682 gravissima
540 1643 670 1680 nequiter
692 1640 865 1678 intulerunt,
888 1640 970 1677 super
990 1638 1092 1676 quibus
1115 1638 1145 1667 in
1166 1637 1292 1676 intimis,

218 1691 280 1713 non
299 1682 455 1722 inmerito,
472 1682 686 1714 conturbamur.

256 1719 327 1751 Nos
346 1729 460 1760 autem,
483 1730 584 1760 pacem
605 1720 640 1751 &
659 1718 849 1750 concordiam
870 1717 942 1747 inter
964 1724 1017 1746 nos
1038 1715 1072 1746 &
1091 1724 1162 1752 νοε,
1180 1714 1214 1745 &
1236 1723 1291 1745 no-

219 1757 348 1798 strosque
366 1760 402 1791 &
422 1758 531 1791 vestros
552 1757 676 1789 subditos
690 1780 700 1796 ,
725 1757 867 1788 observari
885 1753 1083 1786 inviolabiliter
1101 1753 1266 1783 affe&antes
1281 1776 1292 1791 ,

218 1797 341 1829 vestram
354 1800 509 1831 amicitiam
522 1797 680 1829 affectuose
693 1797 862 1834 requirimus
878 1795 911 1825 ὃς
931 1802 1081 1831 rogamuS,
1100 1792 1229 1830 quatinus
1248 1792 1293 1823 su—

218 1846 270 1906 ger
286 1836 539 1878 depraedationibus
553 1837 586 1868 ὃς
601 1835 729 1873 dampnis
743 1833 903 1873 praedicitis,
921 1832 960 1863 sic
973 1832 1086 1862 noviter
1099 1831 1289 1868 attemptatis,

241 1876 282 1907 eri
301 1876 407 1907 faciatis
425 1876 522 1907 celeris
539 1873 652 1912 justitiae
675 1873 946 1912 complementum,
980 1871 1059 1908 injun
1079 1869 1156 1899 endo
1177 1869 1229 1899 illis
1250 1869 1288 1899 de

218 1914 359 1953 potestate
377 1914 489 1953 vestra,
507 1915 557 1953 qui
572 1913 608 1943 de
627 1912 763 1951 aliquibus
786 1910 901 1942 subditis
922 1909 1039 1947 nostris,
1078 1918 1094 1938 e
1116 1908 1221 1946 injuriis
1240 1908 1288 1939 seu

239 1953 427 1984 ravaminibus
448 1955 488 1984 eis
507 1964 523 1984 a
544 1962 674 1989 tempore
694 1950 834 1989 praedicto
852 1949 950 1986 illatis,
969 1947 1110 1986 conqueri
1129 1946 1290 1985 voluerint,

246 1992 386 2022 ondonias
406 1994 538 2028 veniant,
553 1991 677 2029 querelas
694 1989 752 2020 suas
773 1987 958 2026 proposituri,
980 1987 1014 2017 &
1032 1985 1204 2023 prosecuturi
1219 1994 1289 2016 cum

217 2029 325 2060 effectu
341 2054 351 2068 ,
385 2030 457 2061 ‘uxta
483 2030 610 2060 formam
628 2026 807 2059 Concordiae
827 2027 861 2057 &
879 2023 1042 2055 Indenturae
1061 2023 1263 2092 graedidkarum
1278 2046 1289 2062 ,

215 2078 317 2101 coram
326 2040 504 2107 judiciariis,
522 2077 595 2106 quos
607 2066 642 2098 ad
655 2066 712 2096 hoc
727 2064 942 2105 assignavimus,
961 2071 992 2093 ut
1006 2061 1047 2092 est
1083 2062 1191 2098 ritum,

256 2106 326 2138 Nos
337 2108 415 2138 enim
430 2108 515 2146 parati
526 2107 620 2138 sumus
656 2113 793 2144 quantum
808 2102 843 2133 ad
863 2112 916 2133 nos
933 2102 1050 2140 attinet,
1067 2101 1232 2131 hominibus
1252 2100 1287 2131 &

216 2146 332 2177 subditis
344 2146 459 2184 vestris,
476 2145 513 2176 de
529 2128 756 2184 quibustumque
769 2141 881 2173 subditis
895 2139 1016 2178 nostris,
1031 2139 1173 2176 conqueri
1186 2139 1288 2170 volen-

215 2185 307 2223 tibus,
321 2186 400 2223 juxta
417 2185 540 2215 formam
554 2183 717 2214 Indenturae
737 2182 771 2213 &
794 2178 974 2212 Concordiae
994 2178 1211 2218 praedictarum,
1228 2178 1289 2218 ple-

214 2232 282 2254 nam
296 2223 330 2253 &
345 2224 470 2254 celerem
478 2222 618 2262 justitiam
633 2221 775 2252 exhibere.

253 2260 292 2292 Et
314 2261 381 2292 licet
399 2271 507 2298 nuper,
531 2269 565 2291 ex
586 2268 664 2297 parte
683 2258 800 2297 nostra,
823 2257 930 2288 fueritis
953 2255 1094 2294 requisiti,
1116 2255 1214 2293 quod,
1234 2265 1289 2293 pro

219 2300 324 2332 mutuis
337 2300 409 2330 inter
424 2308 476 2329 nos
490 2300 524 2330 &
537 2307 590 2329 vos
604 2306 704 2328 amore
717 2297 752 2327 &
772 2295 929 2326 concordia
951 2293 1124 2332 nutriendis,
1142 2303 1203 2323 non
1225 2303 1290 2331 per-

216 2338 364 2370 mitteretis
385 2347 438 2376 per
458 2336 570 2368 Gentes
589 2334 694 2366 vestras
714 2334 824 2372 Scotis,
843 2332 966 2363 inimicis
991 2330 1110 2375 nostris,
1128 2331 1188 2362 fieri
1203 2331 1288 2362 subsi-

215 2375 297 2408 dium
318 2376 487 2408 victualium
505 2374 553 2407 vel
571 2383 736 2412 armorum,
753 2372 912 2403 audivimus
932 2378 1026 2402 tamen
1046 2379 1106 2408 Jam
1130 2369 1166 2400 de
1189 2380 1288 2409 novo,

216 2414 300 2455 quod
322 2415 342 2435 ²*
365 2414 518 2447 tresdecim
538 2423 624 2445 naves
644 2412 680 2443 de
695 2410 834 2451 potestate
846 2408 957 2448 vestra,
974 2409 1058 2439 armis
1073 2408 1107 2439 &
1121 2408 1289 2439 vidtualibus

218 2461 362 2492 oneratae,
379 2463 396 2484 a
417 2452 509 2485 Portu
527 2452 624 2484 vestro
645 2450 692 2482 del
704 2451 793 2492 Swyn
808 2448 843 2480 ad
857 2457 946 2487 panes
960 2447 1084 2485 Scotiae,
1101 2446 1136 2477 ad
1152 2446 1288 2478 Inimicos

217 2491 348 2532 nostros,
363 2501 418 2531 pro
428 2491 492 2530 ipsis
506 2489 700 2523 confortandis
715 2490 750 2521 ὅ(
765 2487 1098 2526 muniendis,nuperime
1110 2486 1287 2526 transierung

218 2532 248 2566 su
270 2541 299 2562 er
310 2541 370 2570 quo
383 2530 542 2570 plurimum
555 2529 736 2560 admiramur.

283 2571 371 2602 laceat
390 2571 473 2610 igitur
493 2569 592 2608 vobis,
609 2576 641 2599 ut
662 2567 742 2606 talia,
759 2576 811 2604 per
830 2564 955 2596 subditos
976 2563 1102 2603 vestros,
1120 2563 1156 2594 de
1179 2572 1286 2595 caetero

217 2618 281 2642 non
295 2607 382 2645 fiant,
399 2617 545 2647 apponere
557 2605 714 2638 remedium
734 2613 930 2644 oportunum,
945 2604 979 2635 &
999 2603 1098 2641 nobis,
1117 2602 1186 2641 quid
1206 2602 1287 2641 super

215 2647 271 2681 hiis
291 2648 325 2680 &
344 2647 417 2686 aliis,
443 2647 586 2678 contentis
603 2645 727 2684 superius
745 2646 779 2676 &
801 2641 932 2681 expressis
945 2666 956 2680 ,
979 2640 1162 2672 decreveritis
1183 2641 1289 2673 facien-

214 2686 304 2726 dum,
328 2686 492 2718 litteratorie
516 2686 650 2716 nunciare
667 2694 718 2722 per
738 2682 920 2723 praesentium
939 2682 1113 2719 portitores,
1138 2690 1210 2718 quos
1233 2690 1287 2718 pro

214 2725 336 2771 negotiis
358 2723 498 2764 praedietis
518 2723 555 2756 ad
579 2722 700 2755 vestram
720 2722 896 2760 praesentiam
917 2718 1103 2763 destinamus:
1136 2719 1237 2757 quibus
1257 2721 1287 2750 in

217 2764 288 2800 hiis,
305 2772 371 2802 quae
392 2762 462 2801 ipsi,
479 2764 526 2794 vel
546 2772 648 2793 eorum
670 2761 736 2791 alter
760 2760 863 2797 vobis,
880 2758 960 2796 super
971 2756 1136 2795 praemrffis,
1154 2766 1188 2787 ex
1208 2766 1286 2796 parte

217 2800 331 2839 nostrii,
345 2801 420 2831 vivae
435 2802 516 2832 vocis
528 2800 647 2831 oraculo
658 2799 808 2838 duxerint,
821 2798 869 2830 vel
882 2797 992 2829 duxerit
1008 2794 1181 2834 intimanda,
1196 2797 1286 2829 velitis

217 2839 306 2872 fidem
318 2839 466 2870 indubiam
480 2838 622 2870 adhibere.

65 2422 82 2442 ⁰
98 2423 156 2453 111.

65 2469 133 2498 404·

251 2916 321 2949 Dat.
336 2916 410 2956 apud
424 2915 717 2948 Westmonasterium
726 2937 736 2954 ,
752 2916 847 2953 primo
862 2913 908 2945 die
922 2912 1005 2944 Maii.

280 3044 332 3078 De
350 3045 508 3077 Maneriis
523 3042 788 3088 ‘R’mplariornm;
811 3038 864 3073 ubi
883 3039 919 3073 de
939 3043 1051 3073 comite
1068 3039 1215 3083 Atholiae‚

514 3089 642 3125 Roberto
662 3090 699 3123 de
718 3092 795 3123 Brus
808 3087 982 3124 adhaerente.

67 3182 143 3216 Ann.
159 3180 200 3213 D.

89 3230 173 3263 1313.

68 3265 119 3289 An.
138 3265 165 3288 ό.

67 3303 144 3327 E.2.

67 3339 162 3366 mn.ffi

219 3176 360 3241 REX,
374 3177 484 3209 dileffls
505 3177 539 3208 &
563 3176 690 3208 fidelibus
709 3175 781 3213 suis,
801 3174 962 3207 Alexandro
982 3173 1019 3205 de
1042 3175 1141 3213 Cave,
1167 3175 1201 3206 &
1221 3174 1287 3207 Ro-

301 3218 383 3247 berto
405 3216 442 3247 de
465 3216 604 3247 Amcotes
620 3239 630 3255 ,
657 3214 834 3246 Custodibus
852 3213 1009 3244 Terrarum
1029 3213 1063 3244 &
1087 3213 1286 3245 Tenemento-

218 3265 284 3286 rum
297 3278 307 3296 ,
332 3265 397 3295 quae
418 3255 530 3287 fuerunt
550 3254 787 3293 Templariorurn
807 3254 838 3283 in
856 3250 1007 3283 Comitatu
1025 3250 1159 3283 Eborum
1181 3276 1191 3291 ,
1217 3253 1283 3283 salu-

217 3303 286 3327 tem.

256 3334 334 3374 Qia
356 3330 472 3372 David,
490 3331 600 3363 Comes
618 3330 746 3362 Atholiae
765 3329 823 3367 (cui
845 3328 973 3360 Maneria
994 3327 1031 3358 de
1053 3328 1124 3360 Suth
1145 3327 1227 3361 Cave
1250 3330 1287 3361 &

179 3398 187 3406 .
217 3371 308 3403 Etton
321 3395 331 3411 ,
357 3381 426 3402 cum
450 3371 647 3409 pertinentiis,
670 3370 699 3399 in
722 3367 872 3399 Comitatu
894 3366 1054 3406 praedicto,
1088 3377 1153 3406 quae
1172 3367 1285 3399 fuerunt

69 3422 98 3448 4.
217 3410 451 3450 Templariorum
461 3408 686 3478 5praedirftorurn,
702 3406 900 3450 commisimus
921 3415 970 3443 per
991 3406 1079 3436 breve
1101 3405 1232 3437 nostrum
1250 3406 1284 3437 ad

217 3450 397 3480 voluntatem
419 3458 459 3478 no
488 3458 547 3478 ram
570 3445 701 3482 tenenda)
720 3455 779 3483 Jam
797 3444 911 3475 adhaesit
923 3443 1058 3475 Roberto
1072 3444 1108 3475 de
1121 3444 1207 3485 Brus,
1226 3444 1286 3476 Ini-

218 3489 297 3518 mico
311 3489 343 3518 &
358 3487 472 3518 Rebelli
485 3486 604 3525 nostro,
621 3493 651 3516 ut
664 3484 866 3515 intelleximus:

255 3525 348 3556 Vobis
371 3525 536 3556 mandamus
555 3523 634 3563 quod
646 3522 777 3553 Manena
790 3520 944 3560 praedidta,
960 3530 1030 3552 cum
1044 3522 1237 3560 pertinentiis,
1254 3522 1285 3552 in

217 3572 337 3593 manum
351 3564 476 3594 nostram
488 3564 599 3594 reseisiri
612 3562 736 3600 faciatis,
755 3562 791 3590 ita
807 3559 886 3598 quod
900 3559 937 3590 de
949 3559 1085 3597 exitibus,
1103 3560 1168 3590 inde
1182 3570 1287 3598 prove-

217 3601 374 3639 nientibus,
392 3603 476 3633 nobis
486 3602 521 3633 ad
532 3602 714 3634 Scaccarium
728 3598 859 3630 nostrum
875 3597 1070 3636 respondeatis.

253 3676 343 3708 Teste
356 3675 440 3716 Rege
452 3677 527 3717 apud
538 3677 831 3710 Westmonasterium
839 3699 850 3716 ,
865 3676 948 3706 tertio
963 3673 1010 3705 die
1023 3673 1108 3705 Maii.

493 3806 552 3836 Pro
572 3801 753 3835 Alexandro
769 3801 806 3835 de
826 3799 1010 3852 Abernythy.

68 3842 147 3875 Ann.
161 3841 203 3873 D.

97 3891 185 3921 13¹3·
283 3886 341 3918 EX
357 3887 507 3925 omnibus,
521 3888 556 3918 ad
570 3897 659 3926 quos,
677 3887 739 3919 &c.
756 3886 878 3918 salutem.

70 3924 123 3949 An.
137 3922 165 3948 ⁶·
320 3926 416 3956 Sciatis
428 3928 506 3964 quod
521 3926 719 3956 commisimus
735 3925 842 3956 dileeto
856 3926 889 3957 &
902 3925 977 3956 fideli
992 3923 1111 3962 nostro,
1124 3922 1288 3955 Alexandro

70 3963 109 4002 Εχ
123 3969 149 3986 ²·
221 3964 258 3995 de
279 3965 462 4004 Abernythy,
481 3964 645 3995 Manerium
668 3964 813 4001 quondam
831 3964 1065 4002 Templariorum
1086 3962 1123 3993 de
1142 3961 1290 4001 Wylugh-

71 3996 177 4025 mmm·
222 4013 293 4043 ton,
311 4013 381 4035 cuin
393 4003 583 4042 pertinentiis,
600 4001 818 4034 custodiendum
831 4002 969 4042 quamdiu
983 4003 1067 4034 nobis
1081 4001 1232 4040 placuerit;
1252 4002 1290 4032 ioe

682 74 1496 124 CONVENTIONES,
1550 75 1940 131 LITERAE,

1319 162 1400 208 quod
1416 162 1454 194 de
1465 163 1582 195 exitibus
1590 187 1600 204 ,
1617 164 1685 195 inde
1696 164 1946 204 provenientibus,
1964 163 2048 196 nobis
2060 162 2244 205 respondeat,
2259 165 2295 198 ad
2306 166 2392 200 Scae·
2410 163 2489 196 Ann.
2502 165 2546 196 D.

1320 212 1432 233 carium
1447 201 1597 246 nostrum,
1610 203 1646 234 ad
1660 204 1838 236 voluntatem
1850 203 1988 236 nostram.
2434 213 2520 245 1313.

1359 240 1395 272 In
1410 250 1508 281 cujus,
1526 243 1587 273 &c.
2411 245 2479 273 Edv.
2500 253 2526 271 2.

1359 316 1451 349 Teste
1463 315 1548 356 Rege
1559 319 1634 357 apud
1649 319 1943 352 westmonasterium
1954 345 1965 359 ,
1981 320 2066 351 tertio
2077 319 2123 351 die
2138 319 2220 351 Maii.

1793 398 1847 426 Per
1865 396 1950 437 ipJam
1967 399 2064 435 Regem
2081 395 2121 432 ό
2140 394 2289 436 confilium.

1324 469 1414 532 ET
1435 471 1602 504 mandatum
1622 473 1664 505 est
1684 473 1850 505 Willielmo
1869 473 1907 505 de
1927 473 2095 514 Spanneby,
2114 473 2194 513 quod
2218 473 2311 504 eidem
2325 472 2394 504 Alea

1401 510 1509 542 xandro
1522 511 1689 544 Manerium
1724 513 1890 551 raedidtum,
1908 521 1980 543 cum
1996 515 2169 550 pertinentiis
2183 512 2240 543 una
2260 522 2330 543 cum
2350 513 2394 543 in-

1324 546 1436 586 stauro,
1454 549 1488 579 &
1506 550 1609 594 bonis,
1627 553 1661 583 ὃς
1714 551 1799 583 atallis
1821 550 1912 591 Regis
1928 552 1958 582 in
1979 550 2085 582 eodem
2104 550 2239 583 Manerio
2253 550 2396 582 existenti-

1325 586 1396 625 bus,
1414 585 1476 622 &c.
1492 588 1593 621 liberet
1612 591 1787 629 tenendum,
1804 587 1865 625 &a

1325 715 1375 746 De
1396 713 1549 747 Conduflu
1560 726 1615 762 pro
1639 718 1753 749 Comite
1778 716 1956 762 Lancastriae
1980 720 2017 757 ᾤ’
2047 717 2117 750 aliis
2130 710 2327 762 fitbscriptis‚
2352 713 2399 749 ad

1369 762 1566 844 Zzisandum
1581 775 1684 798 coram
1700 764 1932 811 Cardinalibus,
1950 765 2106 801 Ludovico
2125 765 2162 798 de
2177 762 2335 808 Bourbaem,
2356 767 2394 803 ώ-

1325 893 1761 968 ΒΕὶξέοςῃηίϋμὲΒαΗίνίε,
1778 899 1840 931 &c.
1857 897 1893 930 ad
1908 906 2000 939 quos,
2016 900 2079 931 &c.
2097 898 2224 931 salutern.
2412 905 2489 939 Αῃῃ,
2502 906 2546 941 D,-

1436 973 1441 977 .
1466 944 1526 965 iatis
1542 946 1602 975 quo
1630 961 1640 975 ,

1362 970 1410 1002 Ad
1432 973 1593 1006 instantiam
1611 976 1815 1007 venerabilium
1834 975 1953 1007 Parrum
1971 974 2172 1007 Dominorum
2191 976 2229 1006 A.
2259 972 2393 1014 Episcopi
2411 954 2519 1015 Alf?

1323 1007 1506 1056 Albanen'fis,
1525 1014 1560 1045 &
1575 1013 1612 1045 A.
1632 1014 1727 1046 Tituli
1738 1015 1852 1045 SanCtae
1865 1012 1968 1045 Priscae
1993 1014 2146 1045 Presbiteri
2181 1014 2391 1046 Cardinalium:
2412 1027 2443 1050 13.
2465 1034 2480 1052 2

1324 1048 1571 1096 &Nonus-viri
1586 1051 1714 1099 nomini
1729 1052 1835 1098 Lpdov
1851 1053 1903 1097 Dei,
1919 1052 2109 1092 primogeniti
2123 1039 2243 1083 N'obiiis
2256 1051 2393 1084 vinco-
2411 1065 2471 1090 pas,
2483 1047 2512 1094 ξς,

1324 1095 1401 1131 mitis
1425 1088 1504 1134 Clari
1524 1090 1652 1122 Montis:
1671 1093 1705 1124 &
1725 1100 1812 1123 etiam
1850 1091 2001 1123 ssectorum
2025 1092 2059 1123 &
2081 1089 2209 1122 fidelium
2227 1090 2392 1123 nostrorum
2410 1105 2441 1129 E.
2460 1111 2486 1129 2.
2498 1108 2526 1140 p.

1323 1125 1452 1158 Gilberti
1472 1128 1509 1173 de
1525 1129 1611 1161 Clare
1631 1129 1755 1161 Comitis
1774 1129 1969 1162 Gloucestriae
1988 1129 2023 1161 &
2034 1128 2234 1168 Herefordiae,
2252 1129 2392 1171 Nepotis,
2413 1148 2428 1168 2
2451 1149 2479 1170 m
2498 1146 2543 1169 uA

1324 1164 1358 1195 δε
1375 1165 1514 1204 johannis
1534 1168 1571 1200 de
1590 1168 1734 1200 Britannia
1755 1167 1883 1201 Comitis
1893 1167 2138 1207 Richemondiae‚
2152 1167 2393 1208 Consanguineo-
2434 1161 2440 1169 ”
2481 1162 2489 1170 ’
2539 1174 2542 1177 ”

1325 1212 1390 1234 rum
1404 1205 1569 1238 nostrorum
1582 1207 1794 1239 karissimorum
1803 1233 1813 1246 ‚

1362 1242 1543 1287 {Suscepimus
1558 1247 1590 1276 in
1603 1246 1712 1279 salvum
1728 1247 1762 1278 &
1776 1246 1907 1278 securum
1920 1243 2100 1277 conductum
2113 1243 2248 1276 nostrum
2262 1243 2394 1278 Consan-

1323 1289 1461 1324 guineum
1476 1283 1510 1314 &
1525 1284 1650 1316 Fidelem
1667 1284 1798 1317 nostrum
1815 1285 1968 1316 Thornam
1979 1284 2132 1316 Comitem
2151 1283 2323 1318 Lancastriae
2359 1285 2395 1316 δε

1323 1321 1580 1400 Ξειιέἔαὲηὲὶέεῑεε,
1597 1324 1631 1356 &
1650 1323 1702 1355 sibi
1721 1323 1894 1355 adhaerentae
1912 1324 1944 1355 in
1964 1323 2126 1362 veniendo,
2143 1320 2204 1358 &ia
2218 1329 2300 1361 prout
2308 1309 2396 1363 stapra

1415 1383 1420 1389 .
1459 1371 1472 1389 θ
1506 1385 1512 1391 .

1361 1397 1395 1447 κΙη
1408 1400 1504 1438 cujus,
1521 1400 1582 1432 &c.
1600 1401 1688 1440 usque
1697 1401 1733 1432 ad
1748 1400 1866 1433 Festum
1880 1400 1977 1433 Sanffl
1987 1400 2127 1440 Johannis
2140 1399 2274 1440 Baptistae
2295 1400 2393 1439 proxi-

1325 1446 1378 1468 mo
1392 1437 1519 1470 futurum
1532 1439 1685 1472 duraturas.

1361 1514 1453 1546 Teste
1467 1515 1551 1557 Rege
1560 1517 1635 1558 apud
1646 1516 1774 1549 Westm.
1794 1525 1821 1557 3.
1838 1515 1886 1548 die
1900 1515 1983 1548 Maii.

1363 1591 1383 1611 '¹‘
1402 1591 1574 1627 Consimiles
1581 1594 1731 1627 Literasde
1743 1594 1904 1627 conductu
1915 1594 2020 1625 habent
2031 1591 2194 1633 subscripti,
2208 1591 2363 1633 videlicet,
2415 1599 2501 1628 *1114

2412 1645 2480 1675 405«

1363 1669 1530 1714 Hugnfredus
1543 1672 1576 1703 de
1590 1672 1690 1703 Bohun
1703 1676 1794 1703 Comes
1805 1670 1948 1712 Hereford
1956 1669 1996 1706 ῤ’
2010 1669 2112 1711 Efflx,
2120 1669 2216 1713 fidelis
2238 1673 2337 1711 Regis,
2352 1668 2394 1711 ὀὴ

1398 1720 1455 1748 esus
1468 1710 1647 1750 Familiares,
1665 1710 1703 1747 ὠ
1713 1711 1768 1752 fibi
1783 1711 1965 1742 adhaerentes.

1360 1787 1448 1816 Guido
1466 1788 1499 1818 de
1513 1787 1591 1820 Bello
1605 1792 1702 1828 campo
1715 1792 1805 1819 Comes
1819 1790 1915 1820 Warr.
1922 1785 2017 1831 fidelis
2028 1788 2122 1826 Regis,
2136 1785 2177 1823 ὠ·
2192 1787 2250 1827 ejus
2263 1787 2397 1825 Familia5

1401 1835 1459 1865 res,
1477 1825 1576 1869 &fibi
1589 1827 1766 1859 adhaerentes.

1360 1903 1496 1934 Hem-icus
1505 1905 1537 1935 de
1551 1906 1651 1947 Percy,
1667 1903 1766 1936 Fidelis
1778 1907 1874 1944 Regix,
1891 1902 1931 1941 ὠ·
1946 1904 2003 1944 ejus
2015 1902 2190 1935 Familiarer.

1361 1978 1494 2010 Robertus
1508 1981 1541 2011 de
1555 1981 1691 2023 Clyffbrd,
1700 1981 1795 2024 fidelis
1808 1984 1886 2021 Regis
1894 2004 1905 2022 ,
1923 1979 1962 2017 ᾤ’
1976 1981 2033 2022 qius
2046 1979 2219 2013 Familiares.

1359 2054 1506 2094 Johannes¹
1518 2059 1681 2098 Botecurte,
1690 2057 1784 2101 fidelis
1800 2062 1896 2099 Regis,
1913 2056 1953 2095 ὠ·
1967 2058 2024 2098 ejus
2036 2057 2208 2088 Familiares.

1319 2181 1370 2213 De
1385 2183 1484 2229 Rege,
1496 2183 1658 2229 sblenm'is‚
1675 2195 1730 2232 pro
1746 2185 1930 2231 fhfieptione
1940 2187 2113 2217 Armorum
2132 2186 2222 2230 Regis
2238 2183 2397 2216 Navarra

1655 2233 1808 2278 faciendis
1817 2260 1828 2276 ‚
1845 2230 2042 2278 intereffimdo.

1318 2313 1464 2369 REX,
1486 2316 1638 2362 dileeto&
1656 2317 1730 2348 fideli
1747 2318 1812 2357 suo,
1828 2317 1958 2348 Roberto
1977 2316 2013 2347 de
2036 2313 2164 2347 Kendale
2207 2314 2396 2348 Constabula-
2412 2333 2480 2366 Am
2544 2343 2547 2345 .

1351 2402 1381 2423 m
1393 2354 1545 2423 riglCtIastri
1561 2355 1601 2387 sui
1620 2355 1765 2388 Dovorrae
1779 2380 1790 2396 ,
1820 2357 1854 2388 &
1880 2355 2003 2386 Custodi
2021 2354 2158 2394 Qinque
2176 2338 2315 2386 i'ortuum
2331 2355 2396 2386 suo-
2434 2335 2547 2415 13i3D‘

1319 2403 1350 2424 ru
1389 2414 1399 2430 ‚
1450 2403 1466 2423 u
1479 2404 1537 2424 em.
2513 2398 2520 2404 '

1359 2432 1436 2475 Quia
1452 2432 1485 2462 ad
1502 2441 1591 2471 partes
1609 2434 1798 2465 transmarinas
1813 2456 1823 2472 ,
1849 2433 1884 2464 ad
1913 2431 2129 2463 interessendum
2157 2430 2319 2471 solempniis
2343 2439 2396 2471 pro
2412 2417 2455 2479 5⁰
2481 2418 2509 2442 ⁶·

1319 2470 1490 2513 susceptione
1503 2482 1645 2503 armorum
1662 2472 1787 2503 Domini
1803 2472 1895 2510 Regis
1908 2470 2045 2502 Navarrae
2059 2470 2214 2510 faciendis,
2233 2471 2264 2501 in
2283 2470 2396 2501 instanti
2413 2473 2445 2518 C}
2461 2462 2487 2481 ²·
2517 2492 2547 2517 5.

1320 2508 1480 2540 Dominica
1496 2512 1716 2550 proxima,ante
1729 2511 1842 2542 Festum
1859 2510 2034 2542 Ascensionis
2047 2509 2172 2540 Domini
2188 2509 2261 2548 apud
2275 2508 2395 2541 Dovor-
2413 2534 2435 2556 Ε
2445 2492 2503 2528 aus.
2537 2509 2546 2518 ‘

1317 2558 1376 2578 ram
1386 2571 1395 2586 ,
1409 2548 1547 2586 proficisci
1563 2552 1747 2588 proponimus
1756 2573 1765 2588 ,
1775 2550 1906 2580 Domino
1920 2548 2118 2587 concedente;
2413 2552 2446 2595 6·
2460 2539 2487 2559 ²·
2498 2538 2545 2567 '⁷⁵⁸-

1358 2586 1450 2618 Vobis
1470 2588 1653 2628 mandamus,
1671 2588 1786 2619 firmiter
1804 2589 1978 2626 injungentes
1995 2610 2004 2625 ,
2031 2587 2107 2626 quod
2133 2586 2186 2618 tale
2212 2586 2395 2626 Naviuiurn,
2435 2589 2442 2597 '

1320 2625 1400 2662 quale
1418 2637 1471 2670 pro
1486 2626 1618 2665 Paffagio
1636 2627 1751 2666 nostro,
1767 2628 1800 2658 &
1817 2628 1935 2657 aliorum
1952 2623 2078 2656 fidelium
2097 2625 2393 2665 nostrorum,ibidem

1321 2671 1389 2695 tunc
1404 2665 1552 2696 nobiscum
1575 2665 1813 2704 proficiscentium
1830 2689 1840 2704 ,
1862 2665 2047 2696 necessarium
2065 2664 2128 2695 fore
2146 2665 2270 2695 videritis
2286 2688 2295 2703 ,
2323 2665 2395 2696 infra

1320 2704 1510 2740 praecinCfflm
1533 2706 1657 2743 quinque
1672 2704 1811 2735 Portuum
1828 2704 2028 2742 praedictorum
2053 2703 2197 2741 providere
2219 2703 2337 2734 faciatis:

1351 2742 1401 2787 Ἰζᾶ
1419 2743 1497 2781 quod
1516 2743 1680 2781 Navigium
1705 2743 1770 2773 illud
1787 2743 1926 2780 habeatis,
1942 2742 1987 2772 die
2011 2742 2044 2772 &
2063 2743 2130 2773 loco
2148 2742 2308 2781 praediffis,
2325 2751 2396 2773 cum

1320 2781 1423 2820 atillio,
1438 2782 1471 2812 &
1489 2782 1620 2813 omnibus
1637 2782 1810 2820 appendiciis
1830 2782 1899 2820 fiiis,
1913 2782 1986 2812 bene
2004 2782 2037 2812 &
2051 2780 2218 2812 sufficienter
2234 2782 2397 2820 munitum,

1320 2818 1355 2850 ad
1394 2820 1608 2852 roficiscendum
1630 2822 1738 2851 ibidem
1759 2820 2010 2859 nobiscum,ficut
2026 2820 2195 2858 praedidtum
2212 2819 2263 2851 est.

1385 2868 1395 2890 t
1414 2859 1502 2890 taliter
1520 2870 1570 2890 vos
1588 2861 1708 2890 habeatis
1725 2861 1754 2889 in
1773 2860 1825 2890 hac
1851 2868 1927 2898 parte
1941 2881 1951 2897 ,
1984 2858 2060 2898 quod
2088 2858 2242 2898 paffagium
2267 2857 2396 2889 nostrum

1320 2898 1508 2938 praedictum,
1528 2909 1577 2937 per
1595 2898 1678 2930 vestri
1695 2898 1857 2938 defectum,
1874 2898 2026 2929 nullatenus
2042 2897 2204 2929 retardetur.

1355 2975 1443 3007 Teste
1457 2975 1542 3015 Rege
1553 2976 1627 3016 apud
1643 2975 1952 3014 westmonasterium,
1968 2976 2054 3006 tertio
2070 2974 2117 3006 die
2130 2972 2214 3003 Maii.

1319 3103 1369 3135 De
1382 3100 1525 3135 Pontibus
1546 3105 1583 3142 ά
1608 3102 1705 3153 Clayis
1724 3112 1780 3150 pro
1806 3102 1937 3149 Paffizgio
1968 3101 2057 3146 Regis
2088 3098 2133 3133 ad
2155 3108 2259 3146 partes
2287 3097 2389 3143 transl

1786 3161 1935 3184 mannas.

1320 3234 1449 3291 REX
1475 3236 1652 3267 Vicecomiti
1675 3235 1805 3274 Kantiae,
1820 3235 1944 3266 salutem.
2406 3248 2474 3279 Ann
2498 3247 2543 3278 D.

1413 3274 1599 3313 Praecipimus
1610 3274 1800 3312 tibi,firmiter
1814 3275 1989 3312 injungentes
1997 3272 2092 3312 ,'qu0d
2110 3279 2153 3303 tot
2172 3271 2205 3303 ὃς
2224 3271 2288 3303 tales
2304 3271 2383 3302 Pon-
2434 3297 2447 3317 Ι
2474 3297 2487 3317 1
2532 3272 2542 3280 ’

1320 3322 1359 3345 tec
1376 3313 1409 3344 &
1427 3312 1526 3354 Clayas
1539 3337 1550 3352 ,
1564 3323 1617 3352 pro
1634 3313 1747 3344 instanti
1762 3312 1888 3350 passagio
1905 3312 2001 3343 nostro
2019 3311 2055 3341 ad
2075 3320 2162 3349 partes
2186 3310 2389 3348 transmarinas,
2407 3296 2520 3354 An363·

1342 3361 1390 3383 uot
1409 3352 1443 3383 &
1463 3352 1569 3391 quales,
1586 3351 1703 3382 dileohis
1719 3352 1752 3382 ὃς
1769 3351 1856 3381 fidelis
1872 3350 1966 3382 noster
1981 3373 1990 3389 ,
2020 3350 2162 3380 Robertus
2186 3348 2223 3379 de
2241 3347 2388 3387 Kendale,
2407 3370 2429 3393 E
2453 3349 2472 3392 '2
2494 3347 2502 3355 ”

1372 3390 1552 3422 nsbabularius
1571 3390 1665 3422 Castri
1683 3390 1772 3420 nostri
1790 3389 1952 3428 Dovorrae,
1967 3388 2012 3420 vcl
2029 3389 2085 3427 ejus
2102 3389 2199 3419 locum
2217 3386 2386 3426 tenens,seu
2407 3385 2502 3433 lb'ideb,

1320 3430 1438 3461 dileerus
1459 3429 1586 3460 Clericus
1605 3429 1697 3460 noster
1719 3428 1880 3466 Ranulphus
1895 3428 1931 3459 de
1947 3427 2074 3467 Benton,
2088 3428 2142 3459 tibi
2155 3434 2188 3456 ex
2202 3433 2278 3462 parte
2290 3425 2390 3457 nostra
2505 3425 2512 3432 '

1319 3468 1390 3499 scire
1406 3466 1529 3507 facient,
1544 3469 1574 3499 in
1588 3468 1690 3499 Bauiva
1702 3467 1750 3498 tua
1758 3490 1769 3506 ,
1779 3468 1840 3498 tam
1854 3466 1927 3497 infra
1940 3466 2093 3505 libertates,
2112 3465 2198 3504 quam
2212 3471 2287 3494 extra
2301 3486 2312 3503 ,
2332 3463 2389 3495 sine

1320 3507 1452 3538 dilatione
1464 3506 1542 3546 fieri,
1560 3507 1593 3538 ὃς
1608 3517 1657 3537 eos
1676 3515 1743 3538 cum
1765 3507 1848 3536 omni
1867 3504 2043 3536 festinatione
2059 3528 2068 3543 ,
2088 3503 2142 3542 qui
2163 3503 2281 3541 poteris,
2303 3502 2388 3541 usque

1320 3545 1447 3577 Dovorr.
1466 3546 1563 3577 cariati
1581 3545 1682 3584 facias,
1700 3543 1916 3576 Constabulario
1930 3544 2030 3574 nostro
2039 3540 2195 3584 praedi&0,
2213 3540 2258 3571 vel
2272 3541 2329 3579 ejus
2343 3542 2389 3572 lo-

1320 3594 1390 3615 cum
1403 3586 1524 3623 tenenti,
1537 3584 1582 3615 seu
1595 3583 1712 3622 praefato
1734 3582 1852 3614 Clerico
1867 3582 1963 3614 nostro
1980 3582 2087 3613 ibidem
2107 3579 2283 3618 liberandos,

1359 3622 1395 3667 Et
1410 3623 1484 3663 hoc,
1497 3624 1565 3655 sicut
1581 3633 1665 3661 grave
1680 3621 1837 3660 dampnum
1852 3630 1933 3653 tuum
1949 3622 2034 3653 vitare
2049 3617 2186 3658 volueris,
2205 3618 2283 3649 nullo
2296 3618 2388 3649 modo

1321 3670 1448 3692 omittas:

1360 3699 1396 3730 Et
1412 3698 1504 3731 custus
1512 3710 1598 3739 ,quos
1610 3700 1686 3731 circa
1700 3698 1840 3738 praemiffii
1852 3699 1970 3738 posueris
1977 3706 2064 3737 ,cum
2076 3695 2138 3726 illos
2152 3694 2313 3728 sciverimus
2318 3694 2390 3734 ,tibi

1322 3737 1447 3809 {anom
1487 3747 1519 3784 to
1538 3747 1603 3779 tu0,
1617 3739 1654 3772 ad
1669 3739 1850 3772 Scaccarium
1866 3738 1995 3771 nostrum
2008 3758 2020 3776 ,
2042 3735 2170 3767 debitam
2188 3733 2387 3765 allocationem

1343 3788 1358 3809 a
1379 3787 1425 3808 ere
1452 3787 1582 3809 aclemuS.

1359 3855 1448 3889 Teste
1463 3864 1494 3889 ut
1510 3855 1596 3896 supra.

2330 4027 2391 4063 Νθῑ
