<?xml version="1.0" encoding="UTF-8"?>
<!DOCTYPE html PUBLIC "-//W3C//DTD XHTML 1.0 Transitional//EN"
    "http://www.w3.org/TR/xhtml1/DTD/xhtml1-transitional.dtd">
<html xmlns="http://www.w3.org/1999/xhtml" xml:lang="en" lang="en">
 <head>
  <title>
</title>
<meta http-equiv="Content-Type" content="text/html;charset=utf-8" />
  <meta name='ocr-system' content='tesseract 3.04.00' />
  <meta name='ocr-capabilities' content='ocr_page ocr_carea ocr_par ocr_line ocrx_word'/>
</head>
<body>
  <div class='ocr_page' id='page_1' title='image "./fderaconventione02ryme_0316.png"; bbox 0 0 2562 4279; ppageno 0'>
   <div class='ocr_carea' id='block_1_1' title="bbox 0 222 112 332">
    <p class='ocr_par' dir='ltr' id='par_1_1' title="bbox 0 222 112 332">
     <span class='ocr_line' id='line_1_1' title="bbox 0 222 112 255; baseline -0.009 -1"><span class='ocrx_word' id='word_1_1' title='bbox 0 226 63 255; x_wconf 67' lang='lat' dir='ltr'>hin.</span> <span class='ocrx_word' id='word_1_2' title='bbox 71 222 112 254; x_wconf 94' lang='lat' dir='ltr'>D.</span> 
     </span>
     <span class='ocr_line' id='line_1_2' title="bbox 0 270 95 332; baseline 0.011 -2"><span class='ocrx_word' id='word_1_3' title='bbox 0 270 95 332; x_wconf 57' lang='lat'>:22232</span> 
     </span>
    </p>
   </div>
   <div class='ocr_carea' id='block_1_2' title="bbox 0 1171 121 1356">
    <p class='ocr_par' dir='ltr' id='par_1_2' title="bbox 0 1171 121 1356">
     <span class='ocr_line' id='line_1_3' title="bbox 0 1171 121 1205; baseline -0.017 0"><span class='ocrx_word' id='word_1_4' title='bbox 0 1174 64 1205; x_wconf 53' lang='lat' dir='ltr'>irin.</span> <span class='ocrx_word' id='word_1_5' title='bbox 80 1171 121 1203; x_wconf 91' lang='lat' dir='ltr'>D.</span> 
     </span>
     <span class='ocr_line' id='line_1_4' title="bbox 0 1220 101 1279; baseline -0.01 0"><span class='ocrx_word' id='word_1_6' title='bbox 0 1220 101 1279; x_wconf 59' lang='grc' dir='ltr'>ἰηῗῖἓ.</span> 
     </span>
     <span class='ocr_line' id='line_1_5' title="bbox 0 1311 117 1356; baseline 0.009 -1"><span class='ocrx_word' id='word_1_7' title='bbox 0 1311 57 1355; x_wconf 58' lang='lat' dir='ltr'>lim.</span> <span class='ocrx_word' id='word_1_8' title='bbox 71 1329 117 1356; x_wconf 76' lang='lat'>16.</span> 
     </span>
    </p>
   </div>
   <div class='ocr_carea' id='block_1_3' title="bbox 0 1376 101 1433">
    <p class='ocr_par' dir='ltr' id='par_1_3' title="bbox 0 1376 101 1433">
     <span class='ocr_line' id='line_1_6' title="bbox 0 1376 65 1395; baseline 0.031 -2"><span class='ocrx_word' id='word_1_9' title='bbox 0 1379 17 1394; x_wconf 64' lang='grc' dir='ltr'>Ζ.</span> <span class='ocrx_word' id='word_1_10' title='bbox 38 1376 65 1395; x_wconf 81' lang='lat'>2·</span> 
     </span>
     <span class='ocr_line' id='line_1_7' title="bbox 0 1404 101 1433; baseline -0.01 -1"><span class='ocrx_word' id='word_1_11' title='bbox 0 1414 23 1432; x_wconf 69' lang='lat' dir='ltr'>v.</span> <span class='ocrx_word' id='word_1_12' title='bbox 40 1404 101 1433; x_wconf 85' lang='lat' dir='ltr'><strong>6.d.</strong></span> 
     </span>
    </p>
   </div>
   <div class='ocr_carea' id='block_1_4' title="bbox 0 1625 73 1700">
    <p class='ocr_par' dir='ltr' id='par_1_4' title="bbox 0 1625 73 1700">
     <span class='ocr_line' id='line_1_8' title="bbox 0 1625 71 1653; baseline -0.014 0"><span class='ocrx_word' id='word_1_13' title='bbox 0 1625 71 1653; x_wconf 70' lang='lat' dir='ltr'>*HL</span> 
     </span>
     <span class='ocr_line' id='line_1_9' title="bbox 0 1673 73 1700; baseline -0.014 -9"><span class='ocrx_word' id='word_1_14' title='bbox 0 1673 73 1700; x_wconf 67' lang='lat' dir='ltr'>ior9.</span> 
     </span>
    </p>
   </div>
   <div class='ocr_carea' id='block_1_5' title="bbox 19 3795 144 3830">
    <p class='ocr_par' dir='ltr' id='par_1_5' title="bbox 19 3795 144 3830">
     <span class='ocr_line' id='line_1_10' title="bbox 19 3795 144 3830; baseline -0.032 0"><span class='ocrx_word' id='word_1_15' title='bbox 19 3799 97 3830; x_wconf 81' lang='lat' dir='ltr'>Ann.</span> <span class='ocrx_word' id='word_1_16' title='bbox 112 3795 144 3827; x_wconf 94' lang='lat' dir='ltr'>D</span> 
     </span>
    </p>
   </div>
   <div class='ocr_carea' id='block_1_6' title="bbox 21 3821 154 3905">
    <p class='ocr_par' dir='ltr' id='par_1_6' title="bbox 21 3821 154 3905">
     <span class='ocr_line' id='line_1_11' title="bbox 43 3821 154 3876; baseline -0.018 -9"><span class='ocrx_word' id='word_1_17' title='bbox 43 3845 128 3876; x_wconf 78' lang='lat'><strong>1323.</strong></span> <span class='ocrx_word' id='word_1_18' title='bbox 147 3821 154 3827; x_wconf 52' lang='lat'>¹</span> 
     </span>
     <span class='ocr_line' id='line_1_12' title="bbox 21 3876 134 3905; baseline -0.027 0"><span class='ocrx_word' id='word_1_19' title='bbox 21 3881 73 3905; x_wconf 81' lang='lat' dir='ltr'>An.</span> <span class='ocrx_word' id='word_1_20' title='bbox 93 3876 134 3903; x_wconf 88' lang='lat'>16.</span> 
     </span>
    </p>
   </div>
   <div class='ocr_carea' id='block_1_7' title="bbox 20 3920 146 4058">
    <p class='ocr_par' dir='ltr' id='par_1_7' title="bbox 20 3920 146 4058">
     <span class='ocr_line' id='line_1_13' title="bbox 20 3920 98 3942; baseline -0.026 0"><span class='ocrx_word' id='word_1_21' title='bbox 20 3920 50 3942; x_wconf 74' lang='lat' dir='ltr'>F..</span> <span class='ocrx_word' id='word_1_22' title='bbox 73 3923 98 3941; x_wconf 91' lang='lat'>2.</span> 
     </span>
     <span class='ocr_line' id='line_1_14' title="bbox 22 3951 146 3981; baseline -0.032 0"><span class='ocrx_word' id='word_1_23' title='bbox 22 3957 92 3981; x_wconf 76' lang='lat' dir='ltr'>Rom.</span> <span class='ocrx_word' id='word_1_24' title='bbox 115 3951 146 3978; x_wconf 83' lang='lat'>16</span> 
     </span>
     <span class='ocr_line' id='line_1_15' title="bbox 23 3995 101 4018; baseline -0.013 0"><span class='ocrx_word' id='word_1_25' title='bbox 23 3995 52 4018; x_wconf 83' lang='lat' dir='ltr'>E.</span> <span class='ocrx_word' id='word_1_26' title='bbox 74 3999 101 4017; x_wconf 92' lang='lat'>2.</span> 
     </span>
     <span class='ocr_line' id='line_1_16' title="bbox 24 4028 143 4058; baseline -0.017 0"><span class='ocrx_word' id='word_1_27' title='bbox 24 4039 62 4058; x_wconf 77' lang='lat' dir='ltr'>m.</span> <span class='ocrx_word' id='word_1_28' title='bbox 82 4028 143 4057; x_wconf 56' lang='lat' dir='ltr'>SA.</span> 
     </span>
    </p>
   </div>
   <div class='ocr_carea' id='block_1_8' title="bbox 132 155 183 194">
    <p class='ocr_par' dir='ltr' id='par_1_8' title="bbox 132 155 183 194">
     <span class='ocr_line' id='line_1_17' title="bbox 132 155 183 194; baseline 0 -13"><span class='ocrx_word' id='word_1_29' title='bbox 132 155 183 194; x_wconf 83' lang='lat'>72</span> 
     </span>
    </p>
   </div>
   <div class='ocr_carea' id='block_1_9' title="bbox 131 215 1203 916">
    <p class='ocr_par' dir='ltr' id='par_1_9' title="bbox 131 215 1197 410">
     <span class='ocr_line' id='line_1_18' title="bbox 131 215 1196 258; baseline -0.009 -2"><span class='ocrx_word' id='word_1_30' title='bbox 131 226 189 256; x_wconf 87' lang='lat' dir='ltr'>aliis</span> <span class='ocrx_word' id='word_1_31' title='bbox 208 224 243 256; x_wconf 91' lang='lat' dir='ltr'>de</span> <span class='ocrx_word' id='word_1_32' title='bbox 265 224 401 255; x_wconf 83' lang='lat' dir='ltr'>Concilio</span> <span class='ocrx_word' id='word_1_33' title='bbox 420 220 534 258; x_wconf 86' lang='lat' dir='ltr'>nostrO,</span> <span class='ocrx_word' id='word_1_34' title='bbox 553 229 624 256; x_wconf 87' lang='lat' dir='ltr'>quos</span> <span class='ocrx_word' id='word_1_35' title='bbox 637 219 671 249; x_wconf 86' lang='lat' dir='ltr'>ad</span> <span class='ocrx_word' id='word_1_36' title='bbox 684 219 742 250; x_wconf 87' lang='lat' dir='ltr'>hoc</span> <span class='ocrx_word' id='word_1_37' title='bbox 755 218 818 249; x_wconf 89' lang='lat' dir='ltr'>fore</span> <span class='ocrx_word' id='word_1_38' title='bbox 833 218 956 250; x_wconf 85' lang='lat' dir='ltr'>videritis</span> <span class='ocrx_word' id='word_1_39' title='bbox 976 215 1196 253; x_wconf 84' lang='lat' dir='ltr'>convocandOS‚</span> 
     </span>
     <span class='ocr_line' id='line_1_19' title="bbox 134 254 1196 302; baseline -0.011 -7"><span class='ocrx_word' id='word_1_40' title='bbox 134 264 214 302; x_wconf 89' lang='lat' dir='ltr'>super</span> <span class='ocrx_word' id='word_1_41' title='bbox 235 263 373 294; x_wconf 85' lang='lat' dir='ltr'>contentis</span> <span class='ocrx_word' id='word_1_42' title='bbox 392 262 420 290; x_wconf 87' lang='lat' dir='ltr'>in</span> <span class='ocrx_word' id='word_1_43' title='bbox 440 260 521 290; x_wconf 58' lang='lat' dir='ltr'>dietis</span> <span class='ocrx_word' id='word_1_44' title='bbox 544 256 677 288; x_wconf 75' lang='lat' dir='ltr'>Articulis</span> <span class='ocrx_word' id='word_1_45' title='bbox 699 258 851 296; x_wconf 88' lang='lat' dir='ltr'>ordinetis,</span> <span class='ocrx_word' id='word_1_46' title='bbox 868 266 952 295; x_wconf 88' lang='lat' dir='ltr'>prout</span> <span class='ocrx_word' id='word_1_47' title='bbox 969 266 1021 296; x_wconf 90' lang='lat' dir='ltr'>pro</span> <span class='ocrx_word' id='word_1_48' title='bbox 1035 254 1196 286; x_wconf 91' lang='lat' dir='ltr'>commodo</span> 
     </span>
     <span class='ocr_line' id='line_1_20' title="bbox 133 294 1196 340; baseline -0.009 -7"><span class='ocrx_word' id='word_1_49' title='bbox 133 302 251 340; x_wconf 90' lang='lat' dir='ltr'>nostr0,</span> <span class='ocrx_word' id='word_1_50' title='bbox 268 302 301 331; x_wconf 92' lang='lat'>&amp;</span> <span class='ocrx_word' id='word_1_51' title='bbox 319 299 428 329; x_wconf 87' lang='lat' dir='ltr'>meliori</span> <span class='ocrx_word' id='word_1_52' title='bbox 441 298 592 337; x_wconf 85' lang='lat' dir='ltr'>Regimine</span> <span class='ocrx_word' id='word_1_53' title='bbox 606 297 726 334; x_wconf 89' lang='lat' dir='ltr'>partium</span> <span class='ocrx_word' id='word_1_54' title='bbox 739 297 865 334; x_wconf 88' lang='lat' dir='ltr'>illarum,</span> <span class='ocrx_word' id='word_1_55' title='bbox 881 297 914 327; x_wconf 89' lang='lat'>&amp;</span> <span class='ocrx_word' id='word_1_56' title='bbox 927 304 1027 336; x_wconf 89' lang='lat' dir='ltr'>prout,</span> <span class='ocrx_word' id='word_1_57' title='bbox 1042 294 1196 325; x_wconf 89' lang='lat' dir='ltr'>secundum</span> 
     </span>
     <span class='ocr_line' id='line_1_21' title="bbox 133 333 1197 375; baseline -0.009 -4"><span class='ocrx_word' id='word_1_58' title='bbox 133 342 253 372; x_wconf 86' lang='lat' dir='ltr'>formam</span> <span class='ocrx_word' id='word_1_59' title='bbox 275 337 497 369; x_wconf 86' lang='lat' dir='ltr'>Ordinationum</span> <span class='ocrx_word' id='word_1_60' title='bbox 519 335 736 375; x_wconf 64' lang='lat' dir='ltr'>praedictarum,</span> <span class='ocrx_word' id='word_1_61' title='bbox 757 335 858 365; x_wconf 80' lang='lat' dir='ltr'>melius</span> <span class='ocrx_word' id='word_1_62' title='bbox 882 335 943 365; x_wconf 91' lang='lat' dir='ltr'>fore</span> <span class='ocrx_word' id='word_1_63' title='bbox 955 333 1078 365; x_wconf 90' lang='lat' dir='ltr'>videritis</span> <span class='ocrx_word' id='word_1_64' title='bbox 1091 334 1197 364; x_wconf 87' lang='lat' dir='ltr'>facien-</span> 
     </span>
     <span class='ocr_line' id='line_1_22' title="bbox 131 379 208 410; baseline -0.039 0"><span class='ocrx_word' id='word_1_65' title='bbox 131 379 208 410; x_wconf 89' lang='lat' dir='ltr'>dum.</span> 
     </span>
    </p>

    <p class='ocr_par' dir='ltr' id='par_1_10' title="bbox 133 407 1200 609">
     <span class='ocr_line' id='line_1_23' title="bbox 169 407 1199 453; baseline -0.007 -8"><span class='ocrx_word' id='word_1_66' title='bbox 169 416 223 453; x_wconf 90' lang='lat' dir='ltr'>Et,</span> <span class='ocrx_word' id='word_1_67' title='bbox 242 415 260 445; x_wconf 82' lang='lat' dir='ltr'>si</span> <span class='ocrx_word' id='word_1_68' title='bbox 284 414 373 453; x_wconf 79' lang='lat' dir='ltr'>forte,</span> <span class='ocrx_word' id='word_1_69' title='bbox 391 421 504 453; x_wconf 87' lang='lat' dir='ltr'>propter</span> <span class='ocrx_word' id='word_1_70' title='bbox 526 413 629 451; x_wconf 85' lang='lat' dir='ltr'>aliquas</span> <span class='ocrx_word' id='word_1_71' title='bbox 655 411 862 451; x_wconf 80' lang='lat' dir='ltr'>Difficultates,</span> <span class='ocrx_word' id='word_1_72' title='bbox 882 422 947 451; x_wconf 81' lang='lat' dir='ltr'>quae</span> <span class='ocrx_word' id='word_1_73' title='bbox 960 410 1137 446; x_wconf 84' lang='lat' dir='ltr'><strong>emerserint,</strong></span> <span class='ocrx_word' id='word_1_74' title='bbox 1156 407 1199 437; x_wconf 90' lang='lat' dir='ltr'>su-</span> 
     </span>
     <span class='ocr_line' id='line_1_24' title="bbox 133 446 1200 493; baseline -0.008 -9"><span class='ocrx_word' id='word_1_75' title='bbox 133 465 183 493; x_wconf 85' lang='lat' dir='ltr'>per</span> <span class='ocrx_word' id='word_1_76' title='bbox 201 453 237 484; x_wconf 83' lang='lat' dir='ltr'>ali</span> <span class='ocrx_word' id='word_1_77' title='bbox 258 454 339 483; x_wconf 90' lang='lat' dir='ltr'>uibus</span> <span class='ocrx_word' id='word_1_78' title='bbox 359 451 570 493; x_wconf 77' lang='lat' dir='ltr'>praemissorum</span> <span class='ocrx_word' id='word_1_79' title='bbox 591 451 736 489; x_wconf 85' lang='lat' dir='ltr'>disponere</span> <span class='ocrx_word' id='word_1_80' title='bbox 757 461 816 482; x_wconf 91' lang='lat' dir='ltr'>non</span> <span class='ocrx_word' id='word_1_81' title='bbox 839 452 962 489; x_wconf 81' lang='lat' dir='ltr'>posiitis,</span> <span class='ocrx_word' id='word_1_82' title='bbox 980 458 1050 480; x_wconf 93' lang='lat' dir='ltr'>tunc</span> <span class='ocrx_word' id='word_1_83' title='bbox 1067 458 1119 478; x_wconf 91' lang='lat' dir='ltr'>nos</span> <span class='ocrx_word' id='word_1_84' title='bbox 1132 446 1200 490; x_wconf 81' lang='lat' dir='ltr'>inde</span> 
     </span>
     <span class='ocr_line' id='line_1_25' title="bbox 133 485 1199 532; baseline -0.008 -10"><span class='ocrx_word' id='word_1_85' title='bbox 133 503 182 532; x_wconf 90' lang='lat' dir='ltr'>per</span> <span class='ocrx_word' id='word_1_86' title='bbox 203 502 238 522; x_wconf 88' lang='lat' dir='ltr'>ve</span> <span class='ocrx_word' id='word_1_87' title='bbox 267 502 305 521; x_wconf 85' lang='lat' dir='ltr'>ras</span> <span class='ocrx_word' id='word_1_88' title='bbox 326 491 441 528; x_wconf 82' lang='lat' dir='ltr'>litteras,</span> <span class='ocrx_word' id='word_1_89' title='bbox 460 491 514 520; x_wconf 74' lang='lat' dir='ltr'>una</span> <span class='ocrx_word' id='word_1_90' title='bbox 536 501 604 520; x_wconf 89' lang='lat' dir='ltr'>cum</span> <span class='ocrx_word' id='word_1_91' title='bbox 627 489 722 520; x_wconf 90' lang='lat' dir='ltr'>vestro</span> <span class='ocrx_word' id='word_1_92' title='bbox 743 490 881 520; x_wconf 86' lang='lat' dir='ltr'>Concilio</span> <span class='ocrx_word' id='word_1_93' title='bbox 901 490 935 520; x_wconf 87' lang='lat'>&amp;</span> <span class='ocrx_word' id='word_1_94' title='bbox 949 488 1137 524; x_wconf 88' lang='lat' dir='ltr'>avisamento,</span> <span class='ocrx_word' id='word_1_95' title='bbox 1156 485 1199 515; x_wconf 91' lang='lat' dir='ltr'>di-</span> 
     </span>
     <span class='ocr_line' id='line_1_26' title="bbox 135 526 1199 568; baseline -0.008 -7"><span class='ocrx_word' id='word_1_96' title='bbox 135 530 237 561; x_wconf 64' lang='lat' dir='ltr'>stinffi:</span> <span class='ocrx_word' id='word_1_97' title='bbox 259 531 292 561; x_wconf 67' lang='grc' dir='ltr'>ὃ(</span> <span class='ocrx_word' id='word_1_98' title='bbox 312 531 407 568; x_wconf 83' lang='lat' dir='ltr'>aperte</span> <span class='ocrx_word' id='word_1_99' title='bbox 432 528 589 559; x_wconf 82' lang='lat' dir='ltr'>certificetis</span> <span class='ocrx_word' id='word_1_100' title='bbox 608 551 617 566; x_wconf 94' lang='lat'>,</span> <span class='ocrx_word' id='word_1_101' title='bbox 651 537 681 558; x_wconf 92' lang='lat' dir='ltr'>ut</span> <span class='ocrx_word' id='word_1_102' title='bbox 703 537 807 558; x_wconf 81' lang='lat' dir='ltr'>extunc</span> <span class='ocrx_word' id='word_1_103' title='bbox 827 538 879 559; x_wconf 90' lang='lat' dir='ltr'>nos</span> <span class='ocrx_word' id='word_1_104' title='bbox 898 528 964 558; x_wconf 89' lang='lat' dir='ltr'>inde</span> <span class='ocrx_word' id='word_1_105' title='bbox 984 526 1043 557; x_wconf 86' lang='lat' dir='ltr'>fieri</span> <span class='ocrx_word' id='word_1_106' title='bbox 1066 526 1199 556; x_wconf 86' lang='lat' dir='ltr'>faciamus</span> 
     </span>
     <span class='ocr_line' id='line_1_27' title="bbox 133 567 808 609; baseline -0.004 -9"><span class='ocrx_word' id='word_1_107' title='bbox 133 569 213 609; x_wconf 85' lang='lat' dir='ltr'>quod</span> <span class='ocrx_word' id='word_1_108' title='bbox 230 567 382 599; x_wconf 89' lang='lat' dir='ltr'>consultius</span> <span class='ocrx_word' id='word_1_109' title='bbox 398 568 460 598; x_wconf 91' lang='lat' dir='ltr'>fore</span> <span class='ocrx_word' id='word_1_110' title='bbox 473 567 624 598; x_wconf 85' lang='lat' dir='ltr'>viderimus</span> <span class='ocrx_word' id='word_1_111' title='bbox 638 567 808 598; x_wconf 82' lang='lat' dir='ltr'>faciendum.</span> 
     </span>
    </p>

    <p class='ocr_par' dir='ltr' id='par_1_11' title="bbox 132 603 1203 870">
     <span class='ocr_line' id='line_1_28' title="bbox 172 603 1198 646; baseline -0.006 -9"><span class='ocrx_word' id='word_1_112' title='bbox 172 607 320 638; x_wconf 77' lang='lat' dir='ltr'>Caeterum</span> <span class='ocrx_word' id='word_1_113' title='bbox 338 608 402 646; x_wconf 90' lang='lat' dir='ltr'>quia</span> <span class='ocrx_word' id='word_1_114' title='bbox 422 607 458 636; x_wconf 92' lang='lat' dir='ltr'>de</span> <span class='ocrx_word' id='word_1_115' title='bbox 480 606 626 644; x_wconf 87' lang='lat' dir='ltr'>Subsidio,</span> <span class='ocrx_word' id='word_1_116' title='bbox 646 606 727 635; x_wconf 89' lang='lat' dir='ltr'>nobis</span> <span class='ocrx_word' id='word_1_117' title='bbox 749 614 837 644; x_wconf 87' lang='lat' dir='ltr'>nuper</span> <span class='ocrx_word' id='word_1_118' title='bbox 851 604 881 633; x_wconf 92' lang='lat' dir='ltr'>in</span> <span class='ocrx_word' id='word_1_119' title='bbox 895 603 975 634; x_wconf 68' lang='lat' dir='ltr'>dietis</span> <span class='ocrx_word' id='word_1_120' title='bbox 992 603 1112 641; x_wconf 87' lang='lat' dir='ltr'>partibus</span> <span class='ocrx_word' id='word_1_121' title='bbox 1125 610 1198 632; x_wconf 86' lang='lat' dir='ltr'>con-</span> 
     </span>
     <span class='ocr_line' id='line_1_29' title="bbox 133 640 1200 685; baseline -0.007 -9"><span class='ocrx_word' id='word_1_122' title='bbox 133 646 228 684; x_wconf 83' lang='lat' dir='ltr'>cesso,</span> <span class='ocrx_word' id='word_1_123' title='bbox 246 645 338 676; x_wconf 90' lang='lat' dir='ltr'>adhuc</span> <span class='ocrx_word' id='word_1_124' title='bbox 354 654 456 684; x_wconf 84' lang='lat' dir='ltr'>magna</span> <span class='ocrx_word' id='word_1_125' title='bbox 469 655 528 685; x_wconf 87' lang='lat' dir='ltr'>pars</span> <span class='ocrx_word' id='word_1_126' title='bbox 542 644 622 675; x_wconf 76' lang='lat' dir='ltr'>restat</span> <span class='ocrx_word' id='word_1_127' title='bbox 636 644 768 682; x_wconf 83' lang='lat' dir='ltr'>levanda,</span> <span class='ocrx_word' id='word_1_128' title='bbox 787 644 855 674; x_wconf 90' lang='lat' dir='ltr'>sicut</span> <span class='ocrx_word' id='word_1_129' title='bbox 870 643 998 681; x_wconf 79' lang='lat' dir='ltr'>praefams</span> <span class='ocrx_word' id='word_1_130' title='bbox 1012 640 1200 671; x_wconf 86' lang='lat' dir='ltr'>Constabula-</span> 
     </span>
     <span class='ocr_line' id='line_1_30' title="bbox 133 679 1199 723; baseline -0.005 -9"><span class='ocrx_word' id='word_1_131' title='bbox 133 686 188 715; x_wconf 84' lang='lat' dir='ltr'>rius</span> <span class='ocrx_word' id='word_1_132' title='bbox 211 683 306 714; x_wconf 88' lang='lat' dir='ltr'>noster</span> <span class='ocrx_word' id='word_1_133' title='bbox 323 694 376 714; x_wconf 87' lang='lat' dir='ltr'>vos</span> <span class='ocrx_word' id='word_1_134' title='bbox 393 685 472 721; x_wconf 84' lang='lat' dir='ltr'>super</span> <span class='ocrx_word' id='word_1_135' title='bbox 492 683 549 714; x_wconf 88' lang='lat' dir='ltr'>hoc</span> <span class='ocrx_word' id='word_1_136' title='bbox 570 683 679 721; x_wconf 78' lang='lat' dir='ltr'>plenius</span> <span class='ocrx_word' id='word_1_137' title='bbox 693 683 795 722; x_wconf 89' lang='lat' dir='ltr'>poterit</span> <span class='ocrx_word' id='word_1_138' title='bbox 809 683 979 718; x_wconf 87' lang='lat' dir='ltr'>informare,</span> <span class='ocrx_word' id='word_1_139' title='bbox 998 680 1145 723; x_wconf 81' lang='lat' dir='ltr'>volumus,</span> <span class='ocrx_word' id='word_1_140' title='bbox 1164 679 1199 709; x_wconf 90' lang='lat'>&amp;</span> 
     </span>
     <span class='ocr_line' id='line_1_31' title="bbox 132 719 1199 758; baseline -0.007 -5"><span class='ocrx_word' id='word_1_141' title='bbox 132 724 215 753; x_wconf 89' lang='lat' dir='ltr'>vobis</span> <span class='ocrx_word' id='word_1_142' title='bbox 236 724 444 753; x_wconf 83' lang='lat' dir='ltr'>committimus</span> <span class='ocrx_word' id='word_1_143' title='bbox 463 723 496 753; x_wconf 86' lang='lat'>&amp;</span> <span class='ocrx_word' id='word_1_144' title='bbox 520 722 684 753; x_wconf 86' lang='lat' dir='ltr'>mandamus</span> <span class='ocrx_word' id='word_1_145' title='bbox 705 721 852 758; x_wconf 76' lang='lat' dir='ltr'>quatinus,</span> <span class='ocrx_word' id='word_1_146' title='bbox 874 721 946 755; x_wconf 88' lang='lat' dir='ltr'>juxta</span> <span class='ocrx_word' id='word_1_147' title='bbox 966 719 1199 748; x_wconf 76' lang='lat' dir='ltr'>informationem</span> 
     </span>
     <span class='ocr_line' id='line_1_32' title="bbox 134 757 1201 800; baseline -0.006 -9"><span class='ocrx_word' id='word_1_148' title='bbox 134 761 263 800; x_wconf 69' lang='lat' dir='ltr'>praedi‘eti</span> <span class='ocrx_word' id='word_1_149' title='bbox 286 760 508 798; x_wconf 76' lang='lat' dir='ltr'>Constabularii,</span> <span class='ocrx_word' id='word_1_150' title='bbox 528 770 580 800; x_wconf 90' lang='lat' dir='ltr'>pro</span> <span class='ocrx_word' id='word_1_151' title='bbox 592 761 731 790; x_wconf 86' lang='lat' dir='ltr'>levatione</span> <span class='ocrx_word' id='word_1_152' title='bbox 741 758 960 795; x_wconf 72' lang='lat' dir='ltr'>Subsidiiillius,</span> <span class='ocrx_word' id='word_1_153' title='bbox 977 757 1070 786; x_wconf 90' lang='lat' dir='ltr'>modis</span> <span class='ocrx_word' id='word_1_154' title='bbox 1085 757 1118 787; x_wconf 87' lang='lat'>&amp;</span> <span class='ocrx_word' id='word_1_155' title='bbox 1134 757 1201 793; x_wconf 88' lang='lat' dir='ltr'>viis,</span> 
     </span>
     <span class='ocr_line' id='line_1_33' title="bbox 133 794 1203 837; baseline -0.006 -7"><span class='ocrx_word' id='word_1_156' title='bbox 133 800 236 837; x_wconf 78' lang='lat' dir='ltr'>quil-&gt;us</span> <span class='ocrx_word' id='word_1_157' title='bbox 256 799 357 831; x_wconf 79' lang='lat' dir='ltr'>decere</span> <span class='ocrx_word' id='word_1_158' title='bbox 376 801 409 831; x_wconf 71' lang='grc' dir='ltr'>ὅ(</span> <span class='ocrx_word' id='word_1_159' title='bbox 423 800 551 837; x_wconf 84' lang='lat' dir='ltr'>expedire</span> <span class='ocrx_word' id='word_1_160' title='bbox 565 799 703 836; x_wconf 86' lang='lat' dir='ltr'>videritis,</span> <span class='ocrx_word' id='word_1_161' title='bbox 721 797 900 836; x_wconf 80' lang='lat' dir='ltr'>interponatis</span> <span class='ocrx_word' id='word_1_162' title='bbox 915 805 984 826; x_wconf 91' lang='lat' dir='ltr'>cum</span> <span class='ocrx_word' id='word_1_163' title='bbox 997 794 1125 825; x_wconf 71' lang='lat' dir='ltr'>efficacia</span> <span class='ocrx_word' id='word_1_164' title='bbox 1139 804 1203 832; x_wconf 86' lang='lat' dir='ltr'>par-</span> 
     </span>
     <span class='ocr_line' id='line_1_34' title="bbox 135 838 302 870; baseline -0.012 0"><span class='ocrx_word' id='word_1_165' title='bbox 135 848 177 870; x_wconf 85' lang='lat' dir='ltr'>tes</span> <span class='ocrx_word' id='word_1_166' title='bbox 193 838 302 868; x_wconf 85' lang='lat' dir='ltr'>vestras.</span> 
     </span>
    </p>

    <p class='ocr_par' dir='ltr' id='par_1_12' title="bbox 172 874 804 916">
     <span class='ocr_line' id='line_1_35' title="bbox 172 874 804 916; baseline -0.008 -8"><span class='ocrx_word' id='word_1_167' title='bbox 172 876 243 908; x_wconf 88' lang='lat' dir='ltr'>Dat.</span> <span class='ocrx_word' id='word_1_168' title='bbox 261 877 336 915; x_wconf 85' lang='lat' dir='ltr'>apud</span> <span class='ocrx_word' id='word_1_169' title='bbox 354 876 488 916; x_wconf 86' lang='lat' dir='ltr'>Cowyk,</span> <span class='ocrx_word' id='word_1_170' title='bbox 507 876 642 908; x_wconf 84' lang='lat' dir='ltr'>vicesimo</span> <span class='ocrx_word' id='word_1_171' title='bbox 660 875 705 905; x_wconf 90' lang='lat' dir='ltr'>die</span> <span class='ocrx_word' id='word_1_172' title='bbox 725 874 804 904; x_wconf 81' lang='lat' dir='ltr'>Maii.</span> 
     </span>
    </p>
   </div>
   <div class='ocr_carea' id='block_1_10' title="bbox 590 947 1069 993">
    <p class='ocr_par' dir='ltr' id='par_1_13' title="bbox 590 947 1069 993">
     <span class='ocr_line' id='line_1_36' title="bbox 590 947 1069 993; baseline -0.01 -10"><span class='ocrx_word' id='word_1_173' title='bbox 590 955 643 983; x_wconf 84' lang='lat' dir='ltr'>Per</span> <span class='ocrx_word' id='word_1_174' title='bbox 658 951 742 993; x_wconf 69' lang='lat' dir='ltr'>1⁴inth</span> <span class='ocrx_word' id='word_1_175' title='bbox 758 954 851 989; x_wconf 74' lang='lat' dir='ltr'>Regem</span> <span class='ocrx_word' id='word_1_176' title='bbox 865 948 903 985; x_wconf 80' lang='lat'><em>&amp;</em></span> <span class='ocrx_word' id='word_1_177' title='bbox 918 947 1069 979; x_wconf 85' lang='lat' dir='ltr'>Concilium.</span> 
     </span>
    </p>
   </div>
   <div class='ocr_carea' id='block_1_11' title="bbox 370 1022 1194 1037">
    <p class='ocr_par' dir='ltr' id='par_1_14' title="bbox 370 1022 1194 1037">
     <span class='ocr_line' id='line_1_37' title="bbox 370 1022 1194 1037; baseline 0 3242"><span class='ocrx_word' id='word_1_178' title='bbox 370 1022 1194 1037; x_wconf 95' lang='lat' dir='ltr'> </span> 
     </span>
    </p>
   </div>
   <div class='ocr_carea' id='block_1_12' title="bbox 270 1074 1070 1123">
    <p class='ocr_par' dir='ltr' id='par_1_15' title="bbox 270 1074 1070 1123">
     <span class='ocr_line' id='line_1_38' title="bbox 270 1074 1070 1123; baseline -0.005 -12"><span class='ocrx_word' id='word_1_179' title='bbox 270 1077 329 1111; x_wconf 85' lang='lat' dir='ltr'>Ad</span> <span class='ocrx_word' id='word_1_180' title='bbox 355 1077 532 1111; x_wconf 77' lang='lat' dir='ltr'>cardinales</span> <span class='ocrx_word' id='word_1_181' title='bbox 545 1105 555 1121; x_wconf 87' lang='lat'>‚</span> <span class='ocrx_word' id='word_1_182' title='bbox 581 1088 684 1111; x_wconf 73' lang='lat' dir='ltr'>contra</span> <span class='ocrx_word' id='word_1_183' title='bbox 708 1076 883 1123; x_wconf 79' lang='lat' dir='ltr'>Epiftopum</span> <span class='ocrx_word' id='word_1_184' title='bbox 899 1074 1070 1108; x_wconf 84' lang='lat' dir='ltr'>Condomiae.</span> 
     </span>
    </p>
   </div>
   <div class='ocr_carea' id='block_1_13' title="bbox 137 1159 1218 2981">
    <p class='ocr_par' dir='ltr' id='par_1_16' title="bbox 139 1159 1205 1311">
     <span class='ocr_line' id='line_1_39' title="bbox 141 1159 1205 1220; baseline -0.004 -25"><span class='ocrx_word' id='word_1_185' title='bbox 141 1163 270 1220; x_wconf 78' lang='lat' dir='ltr'>REX</span> <span class='ocrx_word' id='word_1_186' title='bbox 286 1187 294 1200; x_wconf 84' lang='lat'>,</span> <span class='ocrx_word' id='word_1_187' title='bbox 319 1164 469 1195; x_wconf 73' lang='lat' dir='ltr'>venerabili</span> <span class='ocrx_word' id='word_1_188' title='bbox 491 1165 520 1194; x_wconf 91' lang='lat' dir='ltr'>in</span> <span class='ocrx_word' id='word_1_189' title='bbox 542 1163 660 1194; x_wconf 85' lang='lat' dir='ltr'>Christo</span> <span class='ocrx_word' id='word_1_190' title='bbox 682 1162 780 1198; x_wconf 85' lang='lat' dir='ltr'>Patri,</span> <span class='ocrx_word' id='word_1_191' title='bbox 805 1161 939 1191; x_wconf 88' lang='lat' dir='ltr'>Domino</span> <span class='ocrx_word' id='word_1_192' title='bbox 956 1160 998 1191; x_wconf 92' lang='lat' dir='ltr'>G.</span> <span class='ocrx_word' id='word_1_193' title='bbox 1021 1159 1079 1191; x_wconf 95' lang='lat' dir='ltr'>Dei</span> <span class='ocrx_word' id='word_1_194' title='bbox 1099 1161 1205 1200; x_wconf 72' lang='lat' dir='ltr'>gratia,</span> 
     </span>
     <span class='ocr_line' id='line_1_40' title="bbox 213 1198 1204 1238; baseline -0.004 -5"><span class='ocrx_word' id='word_1_195' title='bbox 213 1203 303 1233; x_wconf 89' lang='lat' dir='ltr'>Tituli</span> <span class='ocrx_word' id='word_1_196' title='bbox 325 1202 497 1233; x_wconf 64' lang='lat' dir='ltr'>Sanctorum</span> <span class='ocrx_word' id='word_1_197' title='bbox 523 1202 682 1233; x_wconf 87' lang='lat' dir='ltr'>Marcellini</span> <span class='ocrx_word' id='word_1_198' title='bbox 706 1201 739 1232; x_wconf 67' lang='grc' dir='ltr'>ὅ(</span> <span class='ocrx_word' id='word_1_199' title='bbox 763 1199 840 1230; x_wconf 88' lang='lat' dir='ltr'>Petri</span> <span class='ocrx_word' id='word_1_200' title='bbox 862 1199 1022 1229; x_wconf 74' lang='lat' dir='ltr'>Presbitero</span> <span class='ocrx_word' id='word_1_201' title='bbox 1042 1198 1204 1238; x_wconf 85' lang='lat' dir='ltr'>Cardinali,</span> 
     </span>
     <span class='ocr_line' id='line_1_41' title="bbox 140 1237 1203 1278; baseline -0.001 -7"><span class='ocrx_word' id='word_1_202' title='bbox 140 1239 250 1272; x_wconf 90' lang='lat' dir='ltr'>Amico</span> <span class='ocrx_word' id='word_1_203' title='bbox 263 1242 312 1272; x_wconf 86' lang='lat' dir='ltr'>suo</span> <span class='ocrx_word' id='word_1_204' title='bbox 327 1241 469 1272; x_wconf 84' lang='lat' dir='ltr'>cariffimo</span> <span class='ocrx_word' id='word_1_205' title='bbox 506 1241 678 1278; x_wconf 81' lang='lat' dir='ltr'>Edwardus,</span> <span class='ocrx_word' id='word_1_206' title='bbox 693 1239 815 1277; x_wconf 89' lang='lat' dir='ltr'>ejusdem</span> <span class='ocrx_word' id='word_1_207' title='bbox 829 1238 930 1277; x_wconf 75' lang='lat' dir='ltr'>gratia,</span> <span class='ocrx_word' id='word_1_208' title='bbox 947 1238 1008 1268; x_wconf 93' lang='lat' dir='ltr'>&amp;c.</span> <span class='ocrx_word' id='word_1_209' title='bbox 1020 1237 1153 1277; x_wconf 86' lang='lat' dir='ltr'>salutem,</span> <span class='ocrx_word' id='word_1_210' title='bbox 1169 1240 1203 1270; x_wconf 91' lang='lat'>&amp;</span> 
     </span>
     <span class='ocr_line' id='line_1_42' title="bbox 139 1265 585 1311; baseline -0.002 -1"><span class='ocrx_word' id='word_1_211' title='bbox 139 1279 254 1310; x_wconf 67' lang='lat' dir='ltr'>sincerae</span> <span class='ocrx_word' id='word_1_212' title='bbox 269 1280 426 1311; x_wconf 70' lang='lat' dir='ltr'>dileffionis</span> <span class='ocrx_word' id='word_1_213' title='bbox 440 1265 585 1310; x_wconf 52' lang='lat' dir='ltr'>asseritum.</span> 
     </span>
    </p>

    <p class='ocr_par' dir='ltr' id='par_1_17' title="bbox 138 1313 1206 1511">
     <span class='ocr_line' id='line_1_43' title="bbox 176 1313 1204 1357; baseline -0.003 -8"><span class='ocrx_word' id='word_1_214' title='bbox 176 1318 284 1356; x_wconf 84' lang='lat' dir='ltr'>Pungit</span> <span class='ocrx_word' id='word_1_215' title='bbox 306 1320 407 1349; x_wconf 63' lang='lat' dir='ltr'>acerbe¹</span> <span class='ocrx_word' id='word_1_216' title='bbox 428 1318 520 1348; x_wconf 90' lang='lat' dir='ltr'>nostra</span> <span class='ocrx_word' id='word_1_217' title='bbox 544 1317 698 1357; x_wconf 74' lang='lat' dir='ltr'>praecordia</span> <span class='ocrx_word' id='word_1_218' title='bbox 721 1316 810 1356; x_wconf 83' lang='lat' dir='ltr'>gravis</span> <span class='ocrx_word' id='word_1_219' title='bbox 831 1313 977 1345; x_wconf 84' lang='lat' dir='ltr'>Dissensio</span> <span class='ocrx_word' id='word_1_220' title='bbox 991 1338 1000 1352; x_wconf 93' lang='lat'>,</span> <span class='ocrx_word' id='word_1_221' title='bbox 1026 1325 1107 1354; x_wconf 85' lang='lat' dir='ltr'>quae,</span> <span class='ocrx_word' id='word_1_222' title='bbox 1131 1316 1204 1346; x_wconf 90' lang='lat' dir='ltr'>inter</span> 
     </span>
     <span class='ocr_line' id='line_1_44' title="bbox 140 1353 1205 1396; baseline -0.002 -8"><span class='ocrx_word' id='word_1_223' title='bbox 140 1356 349 1396; x_wconf 89' lang='lat' dir='ltr'>Reymundum</span> <span class='ocrx_word' id='word_1_224' title='bbox 373 1357 546 1395; x_wconf 80' lang='lat' dir='ltr'>Episcopum</span> <span class='ocrx_word' id='word_1_225' title='bbox 571 1355 746 1386; x_wconf 84' lang='lat' dir='ltr'>Condomiae</span> <span class='ocrx_word' id='word_1_226' title='bbox 782 1355 834 1392; x_wconf 77' lang='lat'>&amp;²</span> <span class='ocrx_word' id='word_1_227' title='bbox 853 1353 972 1384; x_wconf 69' lang='lat' dir='ltr'>dilectos</span> <span class='ocrx_word' id='word_1_228' title='bbox 992 1354 1026 1385; x_wconf 89' lang='lat'>&amp;</span> <span class='ocrx_word' id='word_1_229' title='bbox 1042 1354 1137 1385; x_wconf 70' lang='lat' dir='ltr'>fideles</span> <span class='ocrx_word' id='word_1_230' title='bbox 1151 1365 1205 1386; x_wconf 88' lang='lat' dir='ltr'>no-</span> 
     </span>
     <span class='ocr_line' id='line_1_45' title="bbox 139 1378 1205 1436; baseline -0.003 -9"><span class='ocrx_word' id='word_1_231' title='bbox 139 1395 211 1427; x_wconf 86' lang='lat' dir='ltr'>stros</span> <span class='ocrx_word' id='word_1_232' title='bbox 226 1419 236 1436; x_wconf 89' lang='lat'>,</span> <span class='ocrx_word' id='word_1_233' title='bbox 265 1395 401 1426; x_wconf 79' lang='lat' dir='ltr'>Consules</span> <span class='ocrx_word' id='word_1_234' title='bbox 429 1396 462 1426; x_wconf 76' lang='grc' dir='ltr'>ὅε</span> <span class='ocrx_word' id='word_1_235' title='bbox 490 1395 714 1425; x_wconf 86' lang='lat' dir='ltr'>Universitatem</span> <span class='ocrx_word' id='word_1_236' title='bbox 733 1378 862 1424; x_wconf 69' lang='lat' dir='ltr'>divitatis</span> <span class='ocrx_word' id='word_1_237' title='bbox 883 1392 988 1423; x_wconf 85' lang='lat' dir='ltr'>nostrae</span> <span class='ocrx_word' id='word_1_238' title='bbox 1010 1392 1205 1433; x_wconf 72' lang='lat' dir='ltr'>Cmdomiae,</span> 
     </span>
     <span class='ocr_line' id='line_1_46' title="bbox 139 1430 1206 1474; baseline -0.001 -9"><span class='ocrx_word' id='word_1_239' title='bbox 139 1435 228 1474; x_wconf 87' lang='lat' dir='ltr'>olim,</span> <span class='ocrx_word' id='word_1_240' title='bbox 247 1445 295 1473; x_wconf 86' lang='lat' dir='ltr'>per</span> <span class='ocrx_word' id='word_1_241' title='bbox 317 1435 397 1472; x_wconf 84' lang='lat' dir='ltr'>ipsius</span> <span class='ocrx_word' id='word_1_242' title='bbox 411 1434 619 1469; x_wconf 69' lang='lat' dir='ltr'>improbitatem</span> <span class='ocrx_word' id='word_1_243' title='bbox 632 1432 782 1472; x_wconf 85' lang='lat' dir='ltr'>Episcopi,</span> <span class='ocrx_word' id='word_1_244' title='bbox 799 1431 938 1470; x_wconf 87' lang='lat' dir='ltr'>suscitata,</span> <span class='ocrx_word' id='word_1_245' title='bbox 957 1430 1066 1470; x_wconf 86' lang='lat' dir='ltr'>adhuc,</span> <span class='ocrx_word' id='word_1_246' title='bbox 1085 1433 1206 1471; x_wconf 71' lang='lat' dir='ltr'>accensis</span> 
     </span>
     <span class='ocr_line' id='line_1_47' title="bbox 138 1473 697 1511; baseline -0.005 -7"><span class='ocrx_word' id='word_1_247' title='bbox 138 1473 224 1504; x_wconf 88' lang='lat' dir='ltr'>Odiis</span> <span class='ocrx_word' id='word_1_248' title='bbox 232 1496 241 1511; x_wconf 89' lang='lat'>,</span> <span class='ocrx_word' id='word_1_249' title='bbox 260 1474 349 1503; x_wconf 84' lang='lat' dir='ltr'>indies</span> <span class='ocrx_word' id='word_1_250' title='bbox 359 1473 482 1504; x_wconf 80' lang='lat' dir='ltr'>deterius</span> <span class='ocrx_word' id='word_1_251' title='bbox 493 1481 697 1511; x_wconf 84' lang='lat' dir='ltr'>augmentatur.</span> 
     </span>
    </p>

    <p class='ocr_par' dir='ltr' id='par_1_18' title="bbox 137 1508 1208 1776">
     <span class='ocr_line' id='line_1_48' title="bbox 178 1508 1205 1555; baseline -0.001 -13"><span class='ocrx_word' id='word_1_252' title='bbox 178 1511 215 1542; x_wconf 88' lang='lat' dir='ltr'>Et</span> <span class='ocrx_word' id='word_1_253' title='bbox 236 1522 423 1555; x_wconf 85' lang='lat' dir='ltr'>quamquam,</span> <span class='ocrx_word' id='word_1_254' title='bbox 443 1521 495 1549; x_wconf 91' lang='lat' dir='ltr'>pro</span> <span class='ocrx_word' id='word_1_255' title='bbox 509 1511 643 1541; x_wconf 82' lang='lat' dir='ltr'>evitandis</span> <span class='ocrx_word' id='word_1_256' title='bbox 658 1509 805 1548; x_wconf 70' lang='lat' dir='ltr'>periculis,</span> <span class='ocrx_word' id='word_1_257' title='bbox 821 1519 885 1549; x_wconf 78' lang='lat' dir='ltr'>quae</span> <span class='ocrx_word' id='word_1_258' title='bbox 901 1508 1044 1547; x_wconf 69' lang='lat' dir='ltr'>piaemissa</span> <span class='ocrx_word' id='word_1_259' title='bbox 1056 1510 1205 1541; x_wconf 78' lang='lat' dir='ltr'>occasione</span> 
     </span>
     <span class='ocr_line' id='line_1_49' title="bbox 139 1549 1204 1587; baseline -0.002 -5"><span class='ocrx_word' id='word_1_260' title='bbox 139 1552 251 1582; x_wconf 89' lang='lat' dir='ltr'>evenire</span> <span class='ocrx_word' id='word_1_261' title='bbox 264 1550 447 1582; x_wconf 75' lang='lat' dir='ltr'>verisimiliter</span> <span class='ocrx_word' id='word_1_262' title='bbox 462 1549 648 1587; x_wconf 86' lang='lat' dir='ltr'>timebantur,</span> <span class='ocrx_word' id='word_1_263' title='bbox 667 1558 731 1579; x_wconf 89' lang='lat' dir='ltr'>ante</span> <span class='ocrx_word' id='word_1_264' title='bbox 745 1549 808 1579; x_wconf 79' lang='lat' dir='ltr'>haec</span> <span class='ocrx_word' id='word_1_265' title='bbox 824 1556 968 1587; x_wconf 88' lang='lat' dir='ltr'>tempora,</span> <span class='ocrx_word' id='word_1_266' title='bbox 984 1550 1040 1579; x_wconf 87' lang='lat' dir='ltr'>vias</span> <span class='ocrx_word' id='word_1_267' title='bbox 1052 1549 1086 1579; x_wconf 91' lang='lat'>&amp;</span> <span class='ocrx_word' id='word_1_268' title='bbox 1101 1550 1204 1580; x_wconf 88' lang='lat' dir='ltr'>modos</span> 
     </span>
     <span class='ocr_line' id='line_1_50' title="bbox 140 1586 1208 1629; baseline -0.001 -9"><span class='ocrx_word' id='word_1_269' title='bbox 140 1589 365 1629; x_wconf 82' lang='lat' dir='ltr'>exquisiverimus</span> <span class='ocrx_word' id='word_1_270' title='bbox 379 1612 389 1627; x_wconf 95' lang='lat'>,</span> <span class='ocrx_word' id='word_1_271' title='bbox 417 1589 518 1629; x_wconf 89' lang='lat' dir='ltr'>quibus</span> <span class='ocrx_word' id='word_1_272' title='bbox 551 1587 644 1618; x_wconf 86' lang='lat' dir='ltr'>Errata</span> <span class='ocrx_word' id='word_1_273' title='bbox 664 1588 768 1626; x_wconf 83' lang='lat' dir='ltr'>corrigi</span> <span class='ocrx_word' id='word_1_274' title='bbox 787 1609 796 1625; x_wconf 89' lang='lat'>,</span> <span class='ocrx_word' id='word_1_275' title='bbox 826 1587 860 1617; x_wconf 73' lang='grc' dir='ltr'>δε</span> <span class='ocrx_word' id='word_1_276' title='bbox 883 1589 954 1617; x_wconf 86' lang='lat' dir='ltr'>inter</span> <span class='ocrx_word' id='word_1_277' title='bbox 977 1587 1050 1625; x_wconf 88' lang='lat' dir='ltr'>ipsos</span> <span class='ocrx_word' id='word_1_278' title='bbox 1072 1586 1208 1619; x_wconf 91' lang='lat' dir='ltr'>Concor-</span> 
     </span>
     <span class='ocr_line' id='line_1_51' title="bbox 140 1625 1205 1667; baseline -0.002 -8"><span class='ocrx_word' id='word_1_279' title='bbox 140 1628 190 1659; x_wconf 88' lang='lat' dir='ltr'>dia</span> <span class='ocrx_word' id='word_1_280' title='bbox 208 1629 227 1647; x_wconf 64' lang='lat'>*</span> <span class='ocrx_word' id='word_1_281' title='bbox 244 1629 414 1666; x_wconf 89' lang='lat' dir='ltr'>reformari,</span> <span class='ocrx_word' id='word_1_282' title='bbox 437 1626 609 1667; x_wconf 80' lang='lat' dir='ltr'>potuiisent‚</span> <span class='ocrx_word' id='word_1_283' title='bbox 632 1625 753 1656; x_wconf 88' lang='lat' dir='ltr'>eundern</span> <span class='ocrx_word' id='word_1_284' title='bbox 774 1634 809 1655; x_wconf 89' lang='lat' dir='ltr'>ue</span> <span class='ocrx_word' id='word_1_285' title='bbox 831 1625 1023 1664; x_wconf 84' lang='lat' dir='ltr'>Episcopum,</span> <span class='ocrx_word' id='word_1_286' title='bbox 1048 1636 1114 1666; x_wconf 90' lang='lat' dir='ltr'>per,</span> <span class='ocrx_word' id='word_1_287' title='bbox 1134 1627 1205 1658; x_wconf 91' lang='lat' dir='ltr'>dilc-</span> 
     </span>
     <span class='ocr_line' id='line_1_52' title="bbox 139 1662 1207 1702; baseline -0.001 -4"><span class='ocrx_word' id='word_1_288' title='bbox 139 1667 222 1698; x_wconf 66' lang='lat' dir='ltr'>&amp;um</span> <span class='ocrx_word' id='word_1_289' title='bbox 238 1667 272 1698; x_wconf 93' lang='lat'>&amp;</span> <span class='ocrx_word' id='word_1_290' title='bbox 287 1666 401 1697; x_wconf 89' lang='lat' dir='ltr'>fidelem</span> <span class='ocrx_word' id='word_1_291' title='bbox 413 1665 544 1696; x_wconf 90' lang='lat' dir='ltr'>nostrum</span> <span class='ocrx_word' id='word_1_292' title='bbox 561 1665 740 1696; x_wconf 85' lang='lat' dir='ltr'>Almaricum</span> <span class='ocrx_word' id='word_1_293' title='bbox 774 1674 790 1694; x_wconf 92' lang='lat' dir='ltr'>c</span> <span class='ocrx_word' id='word_1_294' title='bbox 804 1662 969 1702; x_wconf 88' lang='lat' dir='ltr'>Credonio,</span> <span class='ocrx_word' id='word_1_295' title='bbox 982 1672 1052 1695; x_wconf 86' lang='lat' dir='ltr'>tunc</span> <span class='ocrx_word' id='word_1_296' title='bbox 1067 1665 1207 1697; x_wconf 87' lang='lat' dir='ltr'>Senescal-</span> 
     </span>
     <span class='ocr_line' id='line_1_53' title="bbox 137 1702 1208 1776; baseline 0 -40"><span class='ocrx_word' id='word_1_297' title='bbox 137 1706 201 1776; x_wconf 59' lang='lat' dir='ltr'>lgcm</span> <span class='ocrx_word' id='word_1_298' title='bbox 221 1705 351 1751; x_wconf 75' lang='lat' dir='ltr'>nostrum</span> <span class='ocrx_word' id='word_1_299' title='bbox 370 1704 536 1743; x_wconf 81' lang='lat' dir='ltr'>Vasconiae,</span> <span class='ocrx_word' id='word_1_300' title='bbox 554 1703 633 1743; x_wconf 85' lang='lat' dir='ltr'>super</span> <span class='ocrx_word' id='word_1_301' title='bbox 650 1704 707 1736; x_wconf 89' lang='lat' dir='ltr'>hoc</span> <span class='ocrx_word' id='word_1_302' title='bbox 722 1702 906 1735; x_wconf 77' lang='lat' dir='ltr'>amicabiliter</span> <span class='ocrx_word' id='word_1_303' title='bbox 920 1703 1026 1743; x_wconf 89' lang='lat' dir='ltr'>alloqui</span> <span class='ocrx_word' id='word_1_304' title='bbox 1040 1703 1208 1745; x_wconf 80' lang='lat' dir='ltr'>fecerimus,</span> 
     </span>
    </p>

    <p class='ocr_par' dir='ltr' id='par_1_19' title="bbox 191 1754 291 1775">
     <span class='ocr_line' id='line_1_54' title="bbox 191 1754 291 1775; baseline 0.01 -1"><span class='ocrx_word' id='word_1_305' title='bbox 191 1754 203 1774; x_wconf 93' lang='lat' dir='ltr'>r</span> <span class='ocrx_word' id='word_1_306' title='bbox 240 1755 291 1775; x_wconf 91' lang='lat' dir='ltr'>uiri</span> 
     </span>
    </p>

    <p class='ocr_par' dir='ltr' id='par_1_20' title="bbox 141 1754 1213 2169">
     <span class='ocr_line' id='line_1_55' title="bbox 178 1754 1209 1823; baseline 0 -10"><span class='ocrx_word' id='word_1_307' title='bbox 178 1754 259 1814; x_wconf 54' lang='lat' dir='ltr'>Ideglm</span> <span class='ocrx_word' id='word_1_308' title='bbox 273 1767 368 1814; x_wconf 62' lang='lat' dir='ltr'>tainen</span> <span class='ocrx_word' id='word_1_309' title='bbox 387 1782 559 1823; x_wconf 85' lang='lat' dir='ltr'>Episcopus,</span> <span class='ocrx_word' id='word_1_310' title='bbox 577 1781 735 1820; x_wconf 78' lang='lat' dir='ltr'>hujusmodi</span> <span class='ocrx_word' id='word_1_311' title='bbox 751 1779 961 1820; x_wconf 79' lang='lat' dir='ltr'>Requisitiones</span> <span class='ocrx_word' id='word_1_312' title='bbox 976 1782 1054 1821; x_wconf 89' lang='lat' dir='ltr'>parvi</span> <span class='ocrx_word' id='word_1_313' title='bbox 1066 1782 1209 1822; x_wconf 88' lang='lat' dir='ltr'>pendens,</span> 
     </span>
     <span class='ocr_line' id='line_1_56' title="bbox 142 1818 1209 1861; baseline -0.002 -8"><span class='ocrx_word' id='word_1_314' title='bbox 142 1822 176 1854; x_wconf 88' lang='lat'>&amp;</span> <span class='ocrx_word' id='word_1_315' title='bbox 197 1822 223 1853; x_wconf 88' lang='lat' dir='ltr'>se</span> <span class='ocrx_word' id='word_1_316' title='bbox 243 1823 342 1853; x_wconf 87' lang='lat' dir='ltr'>exinde</span> <span class='ocrx_word' id='word_1_317' title='bbox 357 1823 442 1861; x_wconf 86' lang='lat' dir='ltr'>magis</span> <span class='ocrx_word' id='word_1_318' title='bbox 454 1821 572 1852; x_wconf 82' lang='lat' dir='ltr'>efferens</span> <span class='ocrx_word' id='word_1_319' title='bbox 587 1823 615 1851; x_wconf 91' lang='lat' dir='ltr'>in</span> <span class='ocrx_word' id='word_1_320' title='bbox 630 1821 812 1858; x_wconf 88' lang='lat' dir='ltr'>Tumorem,</span> <span class='ocrx_word' id='word_1_321' title='bbox 828 1820 910 1850; x_wconf 62' lang='lat' dir='ltr'>dietis</span> <span class='ocrx_word' id='word_1_322' title='bbox 926 1818 1096 1851; x_wconf 83' lang='lat' dir='ltr'>Consulibus</span> <span class='ocrx_word' id='word_1_323' title='bbox 1112 1822 1144 1852; x_wconf 93' lang='lat'>&amp;</span> <span class='ocrx_word' id='word_1_324' title='bbox 1161 1821 1209 1851; x_wconf 93' lang='lat' dir='ltr'>U-</span> 
     </span>
     <span class='ocr_line' id='line_1_57' title="bbox 141 1859 1210 1899; baseline 0 -8"><span class='ocrx_word' id='word_1_325' title='bbox 141 1861 290 1891; x_wconf 89' lang='lat' dir='ltr'>niversitati</span> <span class='ocrx_word' id='word_1_326' title='bbox 312 1862 415 1899; x_wconf 86' lang='lat' dir='ltr'>majora</span> <span class='ocrx_word' id='word_1_327' title='bbox 436 1861 574 1899; x_wconf 83' lang='lat' dir='ltr'>prioribus</span> <span class='ocrx_word' id='word_1_328' title='bbox 596 1859 773 1890; x_wconf 86' lang='lat' dir='ltr'>Gravamina</span> <span class='ocrx_word' id='word_1_329' title='bbox 792 1859 908 1896; x_wconf 90' lang='lat' dir='ltr'>intulit,</span> <span class='ocrx_word' id='word_1_330' title='bbox 936 1859 969 1889; x_wconf 90' lang='lat'>&amp;</span> <span class='ocrx_word' id='word_1_331' title='bbox 989 1859 1081 1890; x_wconf 88' lang='lat' dir='ltr'>adhuc</span> <span class='ocrx_word' id='word_1_332' title='bbox 1102 1862 1210 1891; x_wconf 89' lang='lat' dir='ltr'>cotidie</span> 
     </span>
     <span class='ocr_line' id='line_1_58' title="bbox 143 1896 1208 1938; baseline 0.001 -9"><span class='ocrx_word' id='word_1_333' title='bbox 143 1910 204 1930; x_wconf 88' lang='lat' dir='ltr'>non</span> <span class='ocrx_word' id='word_1_334' title='bbox 223 1899 321 1931; x_wconf 88' lang='lat' dir='ltr'>desinit</span> <span class='ocrx_word' id='word_1_335' title='bbox 341 1900 502 1936; x_wconf 74' lang='lat' dir='ltr'>cumulare,</span> <span class='ocrx_word' id='word_1_336' title='bbox 521 1897 678 1929; x_wconf 81' lang='lat' dir='ltr'>Civitatem</span> <span class='ocrx_word' id='word_1_337' title='bbox 693 1896 819 1928; x_wconf 89' lang='lat' dir='ltr'>nostram</span> <span class='ocrx_word' id='word_1_338' title='bbox 842 1897 1007 1936; x_wconf 67' lang='lat' dir='ltr'>praedi&amp;am</span> <span class='ocrx_word' id='word_1_339' title='bbox 1023 1898 1208 1938; x_wconf 84' lang='lat' dir='ltr'>supponendo</span> 
     </span>
     <span class='ocr_line' id='line_1_59' title="bbox 145 1936 1212 1976; baseline 0.001 -8"><span class='ocrx_word' id='word_1_340' title='bbox 145 1937 341 1969; x_wconf 78' lang='lat' dir='ltr'>Eccieiiastico</span> <span class='ocrx_word' id='word_1_341' title='bbox 362 1938 533 1976; x_wconf 69' lang='lat' dir='ltr'>interdicto,</span> <span class='ocrx_word' id='word_1_342' title='bbox 555 1946 590 1968; x_wconf 84' lang='lat' dir='ltr'>ex</span> <span class='ocrx_word' id='word_1_343' title='bbox 606 1938 683 1975; x_wconf 82' lang='lat' dir='ltr'>cujus</span> <span class='ocrx_word' id='word_1_344' title='bbox 706 1936 918 1967; x_wconf 87' lang='lat' dir='ltr'>conservatione</span> <span class='ocrx_word' id='word_1_345' title='bbox 940 1937 1051 1967; x_wconf 88' lang='lat' dir='ltr'>lucrum</span> <span class='ocrx_word' id='word_1_346' title='bbox 1075 1939 1174 1976; x_wconf 81' lang='lat' dir='ltr'>quaerit</span> <span class='ocrx_word' id='word_1_347' title='bbox 1197 1949 1212 1969; x_wconf 94' lang='lat' dir='ltr'>a</span> 
     </span>
     <span class='ocr_line' id='line_1_60' title="bbox 143 1975 1213 2015; baseline 0.001 -8"><span class='ocrx_word' id='word_1_348' title='bbox 143 1976 268 2007; x_wconf 88' lang='lat' dir='ltr'>Subditis</span> <span class='ocrx_word' id='word_1_349' title='bbox 290 1976 483 2015; x_wconf 82' lang='lat' dir='ltr'>Temporale,</span> <span class='ocrx_word' id='word_1_350' title='bbox 502 1986 563 2006; x_wconf 89' lang='lat' dir='ltr'>non</span> <span class='ocrx_word' id='word_1_351' title='bbox 581 1975 680 2013; x_wconf 85' lang='lat' dir='ltr'>absque</span> <span class='ocrx_word' id='word_1_352' title='bbox 696 1975 868 2005; x_wconf 89' lang='lat' dir='ltr'>Animarum</span> <span class='ocrx_word' id='word_1_353' title='bbox 883 1975 1011 2013; x_wconf 87' lang='lat' dir='ltr'>periculo</span> <span class='ocrx_word' id='word_1_354' title='bbox 1048 1986 1101 2013; x_wconf 90' lang='lat' dir='ltr'>pro</span> <span class='ocrx_word' id='word_1_355' title='bbox 1115 1977 1213 2008; x_wconf 87' lang='lat' dir='ltr'>Sacra-</span> 
     </span>
     <span class='ocr_line' id='line_1_61' title="bbox 141 2012 1212 2053; baseline 0.001 -8"><span class='ocrx_word' id='word_1_356' title='bbox 141 2015 262 2053; x_wconf 85' lang='lat' dir='ltr'>mentis,</span> <span class='ocrx_word' id='word_1_357' title='bbox 287 2016 321 2047; x_wconf 90' lang='lat'>&amp;</span> <span class='ocrx_word' id='word_1_358' title='bbox 345 2014 597 2046; x_wconf 86' lang='lat' dir='ltr'>Sacramentalibus</span> <span class='ocrx_word' id='word_1_359' title='bbox 620 2012 825 2051; x_wconf 69' lang='lat' dir='ltr'>ministrandis,</span> <span class='ocrx_word' id='word_1_360' title='bbox 853 2012 979 2051; x_wconf 84' lang='lat' dir='ltr'>ipsosque</span> <span class='ocrx_word' id='word_1_361' title='bbox 1001 2015 1083 2052; x_wconf 87' lang='lat' dir='ltr'>aias,</span> <span class='ocrx_word' id='word_1_362' title='bbox 1100 2015 1160 2045; x_wconf 72' lang='lat' dir='ltr'>tam</span> <span class='ocrx_word' id='word_1_363' title='bbox 1181 2018 1212 2047; x_wconf 89' lang='lat' dir='ltr'>in</span> 
     </span>
     <span class='ocr_line' id='line_1_62' title="bbox 143 2051 1212 2094; baseline 0.001 -10"><span class='ocrx_word' id='word_1_364' title='bbox 143 2052 234 2084; x_wconf 73' lang='lat' dir='ltr'>Curia</span> <span class='ocrx_word' id='word_1_365' title='bbox 256 2054 279 2084; x_wconf 90' lang='lat' dir='ltr'>F</span> <span class='ocrx_word' id='word_1_366' title='bbox 281 2055 401 2092; x_wconf 87' lang='lat' dir='ltr'>ranciae,</span> <span class='ocrx_word' id='word_1_367' title='bbox 416 2062 502 2094; x_wconf 87' lang='lat' dir='ltr'>quam</span> <span class='ocrx_word' id='word_1_368' title='bbox 519 2053 602 2091; x_wconf 88' lang='lat' dir='ltr'>alibi,</span> <span class='ocrx_word' id='word_1_369' title='bbox 623 2052 746 2093; x_wconf 78' lang='lat' dir='ltr'>expensis</span> <span class='ocrx_word' id='word_1_370' title='bbox 759 2051 792 2082; x_wconf 72' lang='grc' dir='ltr'>δε</span> <span class='ocrx_word' id='word_1_371' title='bbox 809 2051 964 2091; x_wconf 79' lang='lat' dir='ltr'>laboribus,</span> <span class='ocrx_word' id='word_1_372' title='bbox 982 2061 1031 2089; x_wconf 87' lang='lat' dir='ltr'>per</span> <span class='ocrx_word' id='word_1_373' title='bbox 1048 2052 1074 2082; x_wconf 90' lang='lat' dir='ltr'>se</span> <span class='ocrx_word' id='word_1_374' title='bbox 1087 2054 1119 2084; x_wconf 76' lang='grc' dir='ltr'>δε</span> <span class='ocrx_word' id='word_1_375' title='bbox 1134 2054 1212 2092; x_wconf 83' lang='lat' dir='ltr'>suos,</span> 
     </span>
     <span class='ocr_line' id='line_1_63' title="bbox 143 2089 1211 2136; baseline 0.003 -14"><span class='ocrx_word' id='word_1_376' title='bbox 143 2092 241 2129; x_wconf 72' lang='lat' dir='ltr'>fiitagit</span> <span class='ocrx_word' id='word_1_377' title='bbox 258 2093 449 2131; x_wconf 89' lang='lat' dir='ltr'>multipliciter</span> <span class='ocrx_word' id='word_1_378' title='bbox 470 2092 600 2136; x_wconf 84' lang='lat' dir='ltr'>fatigare,</span> <span class='ocrx_word' id='word_1_379' title='bbox 618 2099 703 2130; x_wconf 87' lang='lat' dir='ltr'>prout</span> <span class='ocrx_word' id='word_1_380' title='bbox 726 2090 835 2130; x_wconf 79' lang='lat' dir='ltr'>plenius</span> <span class='ocrx_word' id='word_1_381' title='bbox 854 2089 954 2122; x_wconf 86' lang='lat' dir='ltr'>vestrae</span> <span class='ocrx_word' id='word_1_382' title='bbox 973 2090 1134 2124; x_wconf 88' lang='lat' dir='ltr'>Paternitati</span> <span class='ocrx_word' id='word_1_383' title='bbox 1148 2094 1211 2125; x_wconf 78' lang='lat' dir='ltr'>alias</span> 
     </span>
     <span class='ocr_line' id='line_1_64' title="bbox 143 2131 547 2169; baseline 0 -8"><span class='ocrx_word' id='word_1_384' title='bbox 143 2133 329 2163; x_wconf 90' lang='lat' dir='ltr'>meminimus</span> <span class='ocrx_word' id='word_1_385' title='bbox 342 2141 394 2163; x_wconf 91' lang='lat' dir='ltr'>nos</span> <span class='ocrx_word' id='word_1_386' title='bbox 409 2131 547 2169; x_wconf 87' lang='lat' dir='ltr'>scripsisse.</span> 
     </span>
    </p>

    <p class='ocr_par' dir='ltr' id='par_1_21' title="bbox 141 2169 1215 2431">
     <span class='ocr_line' id='line_1_65' title="bbox 183 2169 1213 2210; baseline 0.003 -10"><span class='ocrx_word' id='word_1_387' title='bbox 183 2169 294 2201; x_wconf 80' lang='lat' dir='ltr'>Verum</span> <span class='ocrx_word' id='word_1_388' title='bbox 316 2172 381 2210; x_wconf 91' lang='lat' dir='ltr'>quia</span> <span class='ocrx_word' id='word_1_389' title='bbox 400 2170 524 2209; x_wconf 86' lang='lat' dir='ltr'>ejusdem</span> <span class='ocrx_word' id='word_1_390' title='bbox 545 2170 679 2208; x_wconf 86' lang='lat' dir='ltr'>Episcopi</span> <span class='ocrx_word' id='word_1_391' title='bbox 696 2169 785 2200; x_wconf 69' lang='grc' dir='ltr'>Αᾶυς</span> <span class='ocrx_word' id='word_1_392' title='bbox 796 2169 944 2210; x_wconf 88' lang='lat' dir='ltr'>nepharios</span> <span class='ocrx_word' id='word_1_393' title='bbox 962 2170 1029 2210; x_wconf 88' lang='lat' dir='ltr'>(qui</span> <span class='ocrx_word' id='word_1_394' title='bbox 1045 2169 1146 2201; x_wconf 91' lang='lat' dir='ltr'>nostris</span> <span class='ocrx_word' id='word_1_395' title='bbox 1161 2182 1213 2203; x_wconf 93' lang='lat' dir='ltr'>co-</span> 
     </span>
     <span class='ocr_line' id='line_1_66' title="bbox 143 2208 1214 2248; baseline 0.003 -9"><span class='ocrx_word' id='word_1_396' title='bbox 143 2209 212 2239; x_wconf 89' lang='lat' dir='ltr'>tidie</span> <span class='ocrx_word' id='word_1_397' title='bbox 232 2210 342 2240; x_wconf 88' lang='lat' dir='ltr'>auribus</span> <span class='ocrx_word' id='word_1_398' title='bbox 364 2210 558 2244; x_wconf 80' lang='lat' dir='ltr'>inculcantur)</span> <span class='ocrx_word' id='word_1_399' title='bbox 578 2209 680 2247; x_wconf 86' lang='lat' dir='ltr'>absque</span> <span class='ocrx_word' id='word_1_400' title='bbox 702 2208 795 2239; x_wconf 90' lang='lat' dir='ltr'>cordis</span> <span class='ocrx_word' id='word_1_401' title='bbox 821 2209 971 2247; x_wconf 81' lang='lat' dir='ltr'>anxietate,</span> <span class='ocrx_word' id='word_1_402' title='bbox 994 2219 1054 2240; x_wconf 91' lang='lat' dir='ltr'>non</span> <span class='ocrx_word' id='word_1_403' title='bbox 1078 2209 1214 2248; x_wconf 76' lang='lat' dir='ltr'>possimus</span> 
     </span>
     <span class='ocr_line' id='line_1_67' title="bbox 141 2247 1214 2287; baseline 0.001 -9"><span class='ocrx_word' id='word_1_404' title='bbox 141 2249 338 2287; x_wconf 85' lang='lat' dir='ltr'>aequanimiter</span> <span class='ocrx_word' id='word_1_405' title='bbox 356 2248 497 2284; x_wconf 88' lang='lat' dir='ltr'>tollerare,</span> <span class='ocrx_word' id='word_1_406' title='bbox 513 2247 669 2278; x_wconf 86' lang='lat' dir='ltr'>Sinceritati</span> <span class='ocrx_word' id='word_1_407' title='bbox 684 2247 782 2277; x_wconf 58' lang='lat' dir='ltr'>vestrae</span> <span class='ocrx_word' id='word_1_408' title='bbox 803 2247 858 2284; x_wconf 91' lang='lat' dir='ltr'>(de</span> <span class='ocrx_word' id='word_1_409' title='bbox 872 2257 925 2287; x_wconf 89' lang='lat' dir='ltr'>qua</span> <span class='ocrx_word' id='word_1_410' title='bbox 937 2248 1049 2286; x_wconf 87' lang='lat' dir='ltr'>plenam</span> <span class='ocrx_word' id='word_1_411' title='bbox 1065 2248 1214 2279; x_wconf 82' lang='lat' dir='ltr'>fiduciam-</span> 
     </span>
     <span class='ocr_line' id='line_1_68' title="bbox 143 2286 1215 2325; baseline 0.001 -9"><span class='ocrx_word' id='word_1_412' title='bbox 143 2287 334 2325; x_wconf 86' lang='lat' dir='ltr'>reportamus)</span> <span class='ocrx_word' id='word_1_413' title='bbox 353 2287 455 2317; x_wconf 92' lang='lat' dir='ltr'>votivo</span> <span class='ocrx_word' id='word_1_414' title='bbox 476 2286 611 2316; x_wconf 88' lang='lat' dir='ltr'>desiderio</span> <span class='ocrx_word' id='word_1_415' title='bbox 630 2286 830 2325; x_wconf 80' lang='lat' dir='ltr'>supplicamus,</span> <span class='ocrx_word' id='word_1_416' title='bbox 852 2287 979 2325; x_wconf 77' lang='lat' dir='ltr'>quatinus</span> <span class='ocrx_word' id='word_1_417' title='bbox 1000 2296 1085 2324; x_wconf 86' lang='lat' dir='ltr'>penes</span> <span class='ocrx_word' id='word_1_418' title='bbox 1105 2286 1215 2318; x_wconf 91' lang='lat' dir='ltr'>Domi-</span> 
     </span>
     <span class='ocr_line' id='line_1_69' title="bbox 144 2324 1215 2365; baseline 0.001 -10"><span class='ocrx_word' id='word_1_419' title='bbox 144 2334 218 2355; x_wconf 89' lang='lat' dir='ltr'>num</span> <span class='ocrx_word' id='word_1_420' title='bbox 233 2325 388 2355; x_wconf 86' lang='lat' dir='ltr'>Summum</span> <span class='ocrx_word' id='word_1_421' title='bbox 400 2324 574 2355; x_wconf 83' lang='lat' dir='ltr'>Pontificem</span> <span class='ocrx_word' id='word_1_422' title='bbox 591 2325 672 2362; x_wconf 84' lang='lat' dir='ltr'>(cui,</span> <span class='ocrx_word' id='word_1_423' title='bbox 692 2334 744 2362; x_wconf 87' lang='lat' dir='ltr'>pro</span> <span class='ocrx_word' id='word_1_424' title='bbox 758 2324 957 2355; x_wconf 85' lang='lat' dir='ltr'>Transsatione</span> <span class='ocrx_word' id='word_1_425' title='bbox 972 2325 1079 2365; x_wconf 80' lang='lat' dir='ltr'>praefati</span> <span class='ocrx_word' id='word_1_426' title='bbox 1096 2325 1215 2365; x_wconf 72' lang='lat' dir='ltr'>Episco-</span> 
     </span>
     <span class='ocr_line' id='line_1_70' title="bbox 144 2361 1215 2431; baseline 0.002 -38"><span class='ocrx_word' id='word_1_427' title='bbox 144 2364 192 2431; x_wconf 44' lang='lat' dir='ltr'>pti?</span> <span class='ocrx_word' id='word_1_428' title='bbox 211 2363 245 2393; x_wconf 91' lang='lat' dir='ltr'>ad</span> <span class='ocrx_word' id='word_1_429' title='bbox 265 2363 352 2393; x_wconf 84' lang='lat' dir='ltr'>alium</span> <span class='ocrx_word' id='word_1_430' title='bbox 380 2363 496 2399; x_wconf 88' lang='lat' dir='ltr'>locum,</span> <span class='ocrx_word' id='word_1_431' title='bbox 514 2363 547 2393; x_wconf 91' lang='lat'>&amp;</span> <span class='ocrx_word' id='word_1_432' title='bbox 575 2363 744 2393; x_wconf 80' lang='lat' dir='ltr'>relaxatione</span> <span class='ocrx_word' id='word_1_433' title='bbox 763 2361 908 2392; x_wconf 67' lang='lat' dir='ltr'>Interdiffi</span> <span class='ocrx_word' id='word_1_434' title='bbox 926 2364 1073 2402; x_wconf 70' lang='lat' dir='ltr'>praediffl,</span> <span class='ocrx_word' id='word_1_435' title='bbox 1091 2374 1140 2403; x_wconf 88' lang='lat' dir='ltr'>per</span> <span class='ocrx_word' id='word_1_436' title='bbox 1161 2375 1215 2395; x_wconf 85' lang='lat' dir='ltr'>no—</span> 
     </span>
    </p>

    <p class='ocr_par' dir='ltr' id='par_1_22' title="bbox 144 2400 1216 2748">
     <span class='ocr_line' id='line_1_71' title="bbox 187 2400 1213 2441; baseline 0.004 -11"><span class='ocrx_word' id='word_1_437' title='bbox 187 2412 214 2431; x_wconf 82' lang='lat' dir='ltr'>as</span> <span class='ocrx_word' id='word_1_438' title='bbox 234 2401 339 2440; x_wconf 76' lang='lat' dir='ltr'>literas,</span> <span class='ocrx_word' id='word_1_439' title='bbox 364 2411 461 2441; x_wconf 86' lang='lat' dir='ltr'>preces</span> <span class='ocrx_word' id='word_1_440' title='bbox 484 2400 657 2431; x_wconf 84' lang='lat' dir='ltr'>effundimus</span> <span class='ocrx_word' id='word_1_441' title='bbox 679 2400 831 2437; x_wconf 83' lang='lat' dir='ltr'>cordiales)</span> <span class='ocrx_word' id='word_1_442' title='bbox 852 2400 973 2432; x_wconf 86' lang='lat' dir='ltr'>insistere</span> <span class='ocrx_word' id='word_1_443' title='bbox 992 2402 1082 2433; x_wconf 88' lang='lat' dir='ltr'>velitis</span> <span class='ocrx_word' id='word_1_444' title='bbox 1103 2402 1195 2434; x_wconf 87' lang='lat' dir='ltr'>modis</span> <span class='ocrx_word' id='word_1_445' title='bbox 1202 2414 1213 2441; x_wconf 82' lang='grc'>,·</span> 
     </span>
     <span class='ocr_line' id='line_1_72' title="bbox 144 2438 1214 2479; baseline 0.004 -10"><span class='ocrx_word' id='word_1_446' title='bbox 144 2440 248 2479; x_wconf 87' lang='lat' dir='ltr'>quibus</span> <span class='ocrx_word' id='word_1_447' title='bbox 268 2440 394 2470; x_wconf 88' lang='lat' dir='ltr'>videritis</span> <span class='ocrx_word' id='word_1_448' title='bbox 413 2439 545 2477; x_wconf 80' lang='lat' dir='ltr'>expedire</span> <span class='ocrx_word' id='word_1_449' title='bbox 559 2462 568 2478; x_wconf 88' lang='lat'>,</span> <span class='ocrx_word' id='word_1_450' title='bbox 594 2447 643 2478; x_wconf 90' lang='lat' dir='ltr'>ut,</span> <span class='ocrx_word' id='word_1_451' title='bbox 668 2449 721 2476; x_wconf 89' lang='lat' dir='ltr'>pro</span> <span class='ocrx_word' id='word_1_452' title='bbox 740 2438 945 2478; x_wconf 84' lang='lat' dir='ltr'>Tranquilitate</span> <span class='ocrx_word' id='word_1_453' title='bbox 968 2439 1061 2471; x_wconf 73' lang='lat' dir='ltr'>Statsis</span> <span class='ocrx_word' id='word_1_454' title='bbox 1082 2440 1214 2474; x_wconf 76' lang='lat' dir='ltr'>Ducatfis</span> 
     </span>
     <span class='ocr_line' id='line_1_73' title="bbox 147 2477 1212 2520; baseline 0.002 -11"><span class='ocrx_word' id='word_1_455' title='bbox 147 2477 239 2509; x_wconf 84' lang='lat' dir='ltr'>nostri</span> <span class='ocrx_word' id='word_1_456' title='bbox 260 2478 404 2518; x_wconf 67' lang='lat' dir='ltr'>praedicti,</span> <span class='ocrx_word' id='word_1_457' title='bbox 420 2480 453 2509; x_wconf 63' lang='grc' dir='ltr'>ὃς</span> <span class='ocrx_word' id='word_1_458' title='bbox 475 2486 554 2509; x_wconf 81' lang='lat' dir='ltr'>tanto</span> <span class='ocrx_word' id='word_1_459' title='bbox 567 2477 706 2508; x_wconf 85' lang='lat' dir='ltr'>Scandalo</span> <span class='ocrx_word' id='word_1_460' title='bbox 717 2487 732 2507; x_wconf 91' lang='lat' dir='ltr'>a</span> <span class='ocrx_word' id='word_1_461' title='bbox 747 2477 880 2515; x_wconf 62' lang='lat' dir='ltr'>praedicta</span> <span class='ocrx_word' id='word_1_462' title='bbox 893 2477 1019 2509; x_wconf 87' lang='lat' dir='ltr'>Civitate</span> <span class='ocrx_word' id='word_1_463' title='bbox 1031 2481 1212 2520; x_wconf 89' lang='lat' dir='ltr'>amovendo,</span> 
     </span>
     <span class='ocr_line' id='line_1_74' title="bbox 147 2515 1214 2556; baseline 0.003 -9"><span class='ocrx_word' id='word_1_464' title='bbox 147 2516 280 2556; x_wconf 84' lang='lat' dir='ltr'>dignetur</span> <span class='ocrx_word' id='word_1_465' title='bbox 300 2518 454 2547; x_wconf 87' lang='lat' dir='ltr'>clementer</span> <span class='ocrx_word' id='word_1_466' title='bbox 465 2527 587 2547; x_wconf 87' lang='lat' dir='ltr'>annuere</span> <span class='ocrx_word' id='word_1_467' title='bbox 600 2517 675 2546; x_wconf 88' lang='lat' dir='ltr'>votis</span> <span class='ocrx_word' id='word_1_468' title='bbox 689 2515 806 2554; x_wconf 71' lang='lat' dir='ltr'>nostris3</span> <span class='ocrx_word' id='word_1_469' title='bbox 825 2516 976 2554; x_wconf 81' lang='lat' dir='ltr'>praesertim</span> <span class='ocrx_word' id='word_1_470' title='bbox 992 2527 1060 2548; x_wconf 91' lang='lat' dir='ltr'>cum</span> <span class='ocrx_word' id='word_1_471' title='bbox 1075 2519 1214 2550; x_wconf 89' lang='lat' dir='ltr'>verisimi-</span> 
     </span>
     <span class='ocr_line' id='line_1_75' title="bbox 148 2554 1215 2596; baseline 0.003 -10"><span class='ocrx_word' id='word_1_472' title='bbox 148 2555 214 2586; x_wconf 89' lang='lat' dir='ltr'>liter</span> <span class='ocrx_word' id='word_1_473' title='bbox 235 2554 362 2586; x_wconf 89' lang='lat' dir='ltr'>credatur</span> <span class='ocrx_word' id='word_1_474' title='bbox 375 2555 474 2594; x_wconf 70' lang='lat' dir='ltr'>quoti,</span> <span class='ocrx_word' id='word_1_475' title='bbox 493 2555 627 2593; x_wconf 90' lang='lat' dir='ltr'>quamdiu</span> <span class='ocrx_word' id='word_1_476' title='bbox 641 2556 671 2584; x_wconf 90' lang='lat' dir='ltr'>in</span> <span class='ocrx_word' id='word_1_477' title='bbox 684 2554 768 2591; x_wconf 90' lang='lat' dir='ltr'>loco,</span> <span class='ocrx_word' id='word_1_478' title='bbox 787 2564 846 2592; x_wconf 90' lang='lat' dir='ltr'>quo</span> <span class='ocrx_word' id='word_1_479' title='bbox 862 2565 938 2586; x_wconf 91' lang='lat' dir='ltr'>nunc</span> <span class='ocrx_word' id='word_1_480' title='bbox 955 2556 1098 2596; x_wconf 82' lang='lat' dir='ltr'>praefidet,</span> <span class='ocrx_word' id='word_1_481' title='bbox 1117 2557 1215 2589; x_wconf 85' lang='lat' dir='ltr'>Pasto-</span> 
     </span>
     <span class='ocr_line' id='line_1_76' title="bbox 148 2593 1216 2632; baseline 0.002 -7"><span class='ocrx_word' id='word_1_482' title='bbox 148 2594 199 2625; x_wconf 80' lang='lat' dir='ltr'>rali</span> <span class='ocrx_word' id='word_1_483' title='bbox 221 2593 334 2624; x_wconf 87' lang='lat' dir='ltr'>Officio</span> <span class='ocrx_word' id='word_1_484' title='bbox 353 2595 474 2632; x_wconf 87' lang='lat' dir='ltr'>potiatur</span> <span class='ocrx_word' id='word_1_485' title='bbox 491 2617 502 2632; x_wconf 90' lang='lat'>,</span> <span class='ocrx_word' id='word_1_486' title='bbox 534 2593 721 2624; x_wconf 86' lang='lat' dir='ltr'>Subditorurn</span> <span class='ocrx_word' id='word_1_487' title='bbox 749 2593 862 2623; x_wconf 89' lang='lat' dir='ltr'>suorum</span> <span class='ocrx_word' id='word_1_488' title='bbox 886 2594 1004 2632; x_wconf 87' lang='lat' dir='ltr'>(quibus</span> <span class='ocrx_word' id='word_1_489' title='bbox 1023 2594 1156 2626; x_wconf 75' lang='lat' dir='ltr'>Excessus</span> <span class='ocrx_word' id='word_1_490' title='bbox 1176 2597 1216 2628; x_wconf 90' lang='lat' dir='ltr'>sui</span> 
     </span>
     <span class='ocr_line' id='line_1_77' title="bbox 147 2632 1213 2672; baseline 0.002 -8"><span class='ocrx_word' id='word_1_491' title='bbox 147 2632 317 2670; x_wconf 70' lang='lat' dir='ltr'>multiplices</span> <span class='ocrx_word' id='word_1_492' title='bbox 340 2633 435 2672; x_wconf 86' lang='lat' dir='ltr'>(quod</span> <span class='ocrx_word' id='word_1_493' title='bbox 458 2632 615 2663; x_wconf 91' lang='lat' dir='ltr'>dolendum</span> <span class='ocrx_word' id='word_1_494' title='bbox 629 2632 670 2662; x_wconf 87' lang='lat' dir='ltr'>est</span> <span class='ocrx_word' id='word_1_495' title='bbox 684 2655 693 2670; x_wconf 93' lang='lat'>,</span> <span class='ocrx_word' id='word_1_496' title='bbox 718 2632 780 2662; x_wconf 88' lang='lat' dir='ltr'>sunt</span> <span class='ocrx_word' id='word_1_497' title='bbox 799 2632 902 2670; x_wconf 85' lang='lat' dir='ltr'>aperti)</span> <span class='ocrx_word' id='word_1_498' title='bbox 923 2633 1027 2663; x_wconf 87' lang='lat' dir='ltr'>crescet</span> <span class='ocrx_word' id='word_1_499' title='bbox 1045 2634 1213 2666; x_wconf 87' lang='lat' dir='ltr'>indevotio:</span> 
     </span>
     <span class='ocr_line' id='line_1_78' title="bbox 147 2670 1216 2713; baseline 0.002 -12"><span class='ocrx_word' id='word_1_500' title='bbox 147 2672 203 2710; x_wconf 88' lang='lat'>&amp;,</span> <span class='ocrx_word' id='word_1_501' title='bbox 223 2673 272 2710; x_wconf 86' lang='lat' dir='ltr'>qui</span> <span class='ocrx_word' id='word_1_502' title='bbox 295 2670 328 2701; x_wconf 92' lang='lat' dir='ltr'>ad</span> <span class='ocrx_word' id='word_1_503' title='bbox 349 2674 425 2702; x_wconf 91' lang='lat' dir='ltr'>viam</span> <span class='ocrx_word' id='word_1_504' title='bbox 447 2671 547 2702; x_wconf 88' lang='lat' dir='ltr'>Salutis</span> <span class='ocrx_word' id='word_1_505' title='bbox 566 2670 684 2701; x_wconf 84' lang='lat' dir='ltr'>Pastoris</span> <span class='ocrx_word' id='word_1_506' title='bbox 702 2670 878 2701; x_wconf 88' lang='lat' dir='ltr'>solicitudine</span> <span class='ocrx_word' id='word_1_507' title='bbox 899 2671 1031 2702; x_wconf 90' lang='lat' dir='ltr'>debererit</span> <span class='ocrx_word' id='word_1_508' title='bbox 1049 2673 1149 2713; x_wconf 85' lang='lat' dir='ltr'>dirigi,</span> <span class='ocrx_word' id='word_1_509' title='bbox 1167 2684 1216 2712; x_wconf 88' lang='lat' dir='ltr'>pei·</span> 
     </span>
     <span class='ocr_line' id='line_1_79' title="bbox 150 2709 1162 2748; baseline 0.001 -7"><span class='ocrx_word' id='word_1_510' title='bbox 150 2709 282 2747; x_wconf 80' lang='lat' dir='ltr'>Exempli</span> <span class='ocrx_word' id='word_1_511' title='bbox 297 2711 450 2748; x_wconf 87' lang='lat' dir='ltr'>perniciem</span> <span class='ocrx_word' id='word_1_512' title='bbox 467 2711 498 2741; x_wconf 89' lang='lat' dir='ltr'>in</span> <span class='ocrx_word' id='word_1_513' title='bbox 513 2711 611 2740; x_wconf 90' lang='lat' dir='ltr'>erroris</span> <span class='ocrx_word' id='word_1_514' title='bbox 625 2709 740 2739; x_wconf 82' lang='lat' dir='ltr'>devium</span> <span class='ocrx_word' id='word_1_515' title='bbox 756 2709 936 2748; x_wconf 78' lang='lat' dir='ltr'>periculosius</span> <span class='ocrx_word' id='word_1_516' title='bbox 950 2711 1141 2748; x_wconf 90' lang='lat' dir='ltr'>pertrahentur</span> <span class='ocrx_word' id='word_1_517' title='bbox 1156 2722 1162 2742; x_wconf 70' lang='grc' dir='ltr'>ε</span> 
     </span>
    </p>

    <p class='ocr_par' dir='ltr' id='par_1_23' title="bbox 149 2746 1218 2940">
     <span class='ocr_line' id='line_1_80' title="bbox 186 2746 1216 2788; baseline 0.004 -10"><span class='ocrx_word' id='word_1_518' title='bbox 186 2747 307 2787; x_wconf 86' lang='lat' dir='ltr'>Talem,</span> <span class='ocrx_word' id='word_1_519' title='bbox 326 2749 345 2778; x_wconf 88' lang='lat' dir='ltr'>fi</span> <span class='ocrx_word' id='word_1_520' title='bbox 368 2749 476 2787; x_wconf 88' lang='lat' dir='ltr'>placet,</span> <span class='ocrx_word' id='word_1_521' title='bbox 495 2749 528 2779; x_wconf 91' lang='lat'>&amp;</span> <span class='ocrx_word' id='word_1_522' title='bbox 552 2756 674 2786; x_wconf 88' lang='lat' dir='ltr'>tantam,</span> <span class='ocrx_word' id='word_1_523' title='bbox 692 2746 781 2778; x_wconf 88' lang='lat' dir='ltr'>nostri</span> <span class='ocrx_word' id='word_1_524' title='bbox 795 2749 915 2785; x_wconf 86' lang='lat' dir='ltr'>intuitu,</span> <span class='ocrx_word' id='word_1_525' title='bbox 933 2748 1106 2788; x_wconf 85' lang='lat' dir='ltr'>diligentiam</span> <span class='ocrx_word' id='word_1_526' title='bbox 1121 2752 1149 2781; x_wconf 92' lang='lat' dir='ltr'>in</span> <span class='ocrx_word' id='word_1_527' title='bbox 1164 2750 1216 2782; x_wconf 88' lang='lat' dir='ltr'>hac</span> 
     </span>
     <span class='ocr_line' id='line_1_81' title="bbox 149 2786 1217 2826; baseline 0.003 -10"><span class='ocrx_word' id='word_1_528' title='bbox 149 2795 228 2824; x_wconf 82' lang='lat' dir='ltr'>parte</span> <span class='ocrx_word' id='word_1_529' title='bbox 249 2796 436 2826; x_wconf 84' lang='lat' dir='ltr'>apponentes,</span> <span class='ocrx_word' id='word_1_530' title='bbox 455 2787 550 2825; x_wconf 79' lang='lat' dir='ltr'>quod,</span> <span class='ocrx_word' id='word_1_531' title='bbox 569 2786 664 2816; x_wconf 89' lang='lat' dir='ltr'>vestro</span> <span class='ocrx_word' id='word_1_532' title='bbox 678 2786 819 2816; x_wconf 88' lang='lat' dir='ltr'>mediante</span> <span class='ocrx_word' id='word_1_533' title='bbox 836 2786 970 2817; x_wconf 79' lang='lat' dir='ltr'>Praesidio</span> <span class='ocrx_word' id='word_1_534' title='bbox 1007 2787 1092 2819; x_wconf 57' lang='lat' dir='ltr'>dietae</span> <span class='ocrx_word' id='word_1_535' title='bbox 1107 2788 1217 2820; x_wconf 88' lang='lat' dir='ltr'>Civita-</span> 
     </span>
     <span class='ocr_line' id='line_1_82' title="bbox 151 2811 1218 2868; baseline 0.003 -13"><span class='ocrx_word' id='word_1_536' title='bbox 151 2826 186 2855; x_wconf 85' lang='lat' dir='ltr'>tis</span> <span class='ocrx_word' id='word_1_537' title='bbox 197 2824 310 2868; x_wconf 66' lang='lat' dir='ltr'>nostrae</span> <span class='ocrx_word' id='word_1_538' title='bbox 330 2827 410 2855; x_wconf 85' lang='lat' dir='ltr'>tantis</span> <span class='ocrx_word' id='word_1_539' title='bbox 429 2825 576 2864; x_wconf 86' lang='lat' dir='ltr'>dispendiis</span> <span class='ocrx_word' id='word_1_540' title='bbox 590 2834 770 2862; x_wconf 85' lang='lat' dir='ltr'>occurratur,</span> <span class='ocrx_word' id='word_1_541' title='bbox 787 2836 802 2855; x_wconf 91' lang='lat' dir='ltr'>a</span> <span class='ocrx_word' id='word_1_542' title='bbox 823 2825 960 2864; x_wconf 87' lang='lat' dir='ltr'>positione</span> <span class='ocrx_word' id='word_1_543' title='bbox 976 2811 1108 2857; x_wconf 55' lang='lat' dir='ltr'>ilemeffii</span> <span class='ocrx_word' id='word_1_544' title='bbox 1120 2827 1218 2859; x_wconf 89' lang='lat' dir='ltr'>saluta-</span> 
     </span>
     <span class='ocr_line' id='line_1_83' title="bbox 152 2863 1214 2906; baseline 0.005 -13"><span class='ocrx_word' id='word_1_545' title='bbox 152 2871 231 2901; x_wconf 80' lang='lat' dir='ltr'>taris,</span> <span class='ocrx_word' id='word_1_546' title='bbox 250 2864 283 2893; x_wconf 66' lang='grc' dir='ltr'>ὃς</span> <span class='ocrx_word' id='word_1_547' title='bbox 304 2864 383 2902; x_wconf 79' lang='lat' dir='ltr'>quod</span> <span class='ocrx_word' id='word_1_548' title='bbox 401 2865 484 2894; x_wconf 89' lang='lat' dir='ltr'>vobis</span> <span class='ocrx_word' id='word_1_549' title='bbox 501 2863 618 2900; x_wconf 80' lang='lat' dir='ltr'>exinde,</span> <span class='ocrx_word' id='word_1_550' title='bbox 638 2863 671 2893; x_wconf 94' lang='lat' dir='ltr'>ad</span> <span class='ocrx_word' id='word_1_551' title='bbox 687 2864 807 2902; x_wconf 85' lang='lat' dir='ltr'>Spiritua</span> <span class='ocrx_word' id='word_1_552' title='bbox 819 2865 842 2894; x_wconf 92' lang='lat' dir='ltr'>ia</span> <span class='ocrx_word' id='word_1_553' title='bbox 854 2865 1003 2902; x_wconf 83' lang='lat' dir='ltr'>gratiarum</span> <span class='ocrx_word' id='word_1_554' title='bbox 1018 2875 1155 2906; x_wconf 88' lang='lat' dir='ltr'>munera,</span> <span class='ocrx_word' id='word_1_555' title='bbox 1174 2875 1214 2898; x_wconf 90' lang='lat' dir='ltr'>te-</span> 
     </span>
     <span class='ocr_line' id='line_1_84' title="bbox 153 2901 948 2940; baseline 0.001 -8"><span class='ocrx_word' id='word_1_556' title='bbox 153 2903 215 2933; x_wconf 85' lang='lat' dir='ltr'>neri</span> <span class='ocrx_word' id='word_1_557' title='bbox 228 2901 396 2939; x_wconf 84' lang='lat' dir='ltr'>debeamus,</span> <span class='ocrx_word' id='word_1_558' title='bbox 415 2911 448 2932; x_wconf 85' lang='lat' dir='ltr'>ex</span> <span class='ocrx_word' id='word_1_559' title='bbox 469 2903 590 2940; x_wconf 81' lang='lat' dir='ltr'>merito,</span> <span class='ocrx_word' id='word_1_560' title='bbox 606 2903 781 2940; x_wconf 86' lang='lat' dir='ltr'>temporibus</span> <span class='ocrx_word' id='word_1_561' title='bbox 795 2904 948 2940; x_wconf 87' lang='lat' dir='ltr'>oportunis.</span> 
     </span>
    </p>

    <p class='ocr_par' dir='ltr' id='par_1_24' title="bbox 189 2939 1087 2981">
     <span class='ocr_line' id='line_1_85' title="bbox 189 2939 1087 2981; baseline 0.002 -11"><span class='ocrx_word' id='word_1_562' title='bbox 189 2940 257 2971; x_wconf 93' lang='lat' dir='ltr'>Dat.</span> <span class='ocrx_word' id='word_1_563' title='bbox 272 2941 344 2978; x_wconf 85' lang='lat' dir='ltr'>apud</span> <span class='ocrx_word' id='word_1_564' title='bbox 360 2939 651 2971; x_wconf 80' lang='lat' dir='ltr'>Westmonasteiium</span> <span class='ocrx_word' id='word_1_565' title='bbox 660 2963 669 2978; x_wconf 89' lang='lat'>,</span> <span class='ocrx_word' id='word_1_566' title='bbox 689 2941 826 2971; x_wconf 88' lang='lat' dir='ltr'>vicesimo</span> <span class='ocrx_word' id='word_1_567' title='bbox 840 2942 934 2981; x_wconf 89' lang='lat' dir='ltr'>primo</span> <span class='ocrx_word' id='word_1_568' title='bbox 946 2941 992 2972; x_wconf 93' lang='lat' dir='ltr'>die</span> <span class='ocrx_word' id='word_1_569' title='bbox 1006 2941 1087 2973; x_wconf 86' lang='lat' dir='ltr'>Maii.</span> 
     </span>
    </p>
   </div>
   <div class='ocr_carea' id='block_1_14' title="bbox 332 3016 1040 3059">
    <p class='ocr_par' dir='ltr' id='par_1_25' title="bbox 332 3016 1040 3059">
     <span class='ocr_line' id='line_1_86' title="bbox 332 3016 1040 3059; baseline 0.004 -12"><span class='ocrx_word' id='word_1_570' title='bbox 332 3016 446 3048; x_wconf 88' lang='lat' dir='ltr'>Eodem</span> <span class='ocrx_word' id='word_1_571' title='bbox 461 3017 550 3047; x_wconf 85' lang='lat' dir='ltr'>modo</span> <span class='ocrx_word' id='word_1_572' title='bbox 562 3017 686 3048; x_wconf 87' lang='lat' dir='ltr'>scribitur</span> <span class='ocrx_word' id='word_1_573' title='bbox 701 3017 873 3057; x_wconf 73' lang='lat' dir='ltr'>subscriptis,</span> <span class='ocrx_word' id='word_1_574' title='bbox 892 3018 1040 3059; x_wconf 89' lang='lat' dir='ltr'>videlicet,</span> 
     </span>
    </p>
   </div>
   <div class='ocr_carea' id='block_1_15' title="bbox 171 3080 1225 3665">
    <p class='ocr_par' dir='ltr' id='par_1_26' title="bbox 171 3080 1221 3205">
     <span class='ocr_line' id='line_1_87' title="bbox 171 3080 1219 3130; baseline 0.004 -13"><span class='ocrx_word' id='word_1_575' title='bbox 171 3080 181 3093; x_wconf 73' lang='grc'><strong>’</strong></span> <span class='ocrx_word' id='word_1_576' title='bbox 192 3091 309 3118; x_wconf 84' lang='lat' dir='ltr'>Domino</span> <span class='ocrx_word' id='word_1_577' title='bbox 330 3089 373 3117; x_wconf 88' lang='lat' dir='ltr'><em>W</em></span> <span class='ocrx_word' id='word_1_578' title='bbox 393 3086 485 3116; x_wconf 84' lang='lat' dir='ltr'>Tituli</span> <span class='ocrx_word' id='word_1_579' title='bbox 503 3088 597 3116; x_wconf 73' lang='lat' dir='ltr'>Sanffl</span> <span class='ocrx_word' id='word_1_580' title='bbox 620 3090 718 3116; x_wconf 58' lang='lat' dir='ltr'>Cim&#39;aaci</span> <span class='ocrx_word' id='word_1_581' title='bbox 733 3091 762 3115; x_wconf 85' lang='lat' dir='ltr'>in</span> <span class='ocrx_word' id='word_1_582' title='bbox 775 3089 875 3116; x_wconf 74' lang='lat' dir='ltr'>Termis</span> <span class='ocrx_word' id='word_1_583' title='bbox 890 3088 1043 3119; x_wconf 80' lang='lat' dir='ltr'>Presbitero</span> <span class='ocrx_word' id='word_1_584' title='bbox 1057 3089 1201 3121; x_wconf 79' lang='lat' dir='ltr'>cardinali</span> <span class='ocrx_word' id='word_1_585' title='bbox 1209 3114 1219 3130; x_wconf 92' lang='lat'>,</span> 
     </span>
     <span class='ocr_line' id='line_1_88' title="bbox 192 3127 1120 3166; baseline 0.002 -10"><span class='ocrx_word' id='word_1_586' title='bbox 192 3129 310 3156; x_wconf 71' lang='lat' dir='ltr'>Domino</span> <span class='ocrx_word' id='word_1_587' title='bbox 328 3129 370 3156; x_wconf 91' lang='lat' dir='ltr'>A.</span> <span class='ocrx_word' id='word_1_588' title='bbox 389 3127 498 3155; x_wconf 69' lang='lat' dir='ltr'>SanHae</span> <span class='ocrx_word' id='word_1_589' title='bbox 518 3128 622 3155; x_wconf 76' lang='lat' dir='ltr'>Mariae</span> <span class='ocrx_word' id='word_1_590' title='bbox 640 3130 669 3154; x_wconf 86' lang='lat' dir='ltr'>in</span> <span class='ocrx_word' id='word_1_591' title='bbox 692 3127 798 3154; x_wconf 73' lang='lat' dir='ltr'>Portica</span> <span class='ocrx_word' id='word_1_592' title='bbox 818 3129 939 3156; x_wconf 76' lang='lat' dir='ltr'>Diacono</span> <span class='ocrx_word' id='word_1_593' title='bbox 959 3128 1120 3166; x_wconf 83' lang='lat' dir='ltr'>Cardinali,</span> 
     </span>
     <span class='ocr_line' id='line_1_89' title="bbox 191 3166 1221 3205; baseline 0.005 -12"><span class='ocrx_word' id='word_1_594' title='bbox 191 3169 306 3196; x_wconf 70' lang='lat' dir='ltr'>Domino</span> <span class='ocrx_word' id='word_1_595' title='bbox 324 3167 357 3194; x_wconf 93' lang='lat' dir='ltr'>R.</span> <span class='ocrx_word' id='word_1_596' title='bbox 379 3166 486 3194; x_wconf 66' lang='lat' dir='ltr'>Sanelae</span> <span class='ocrx_word' id='word_1_597' title='bbox 505 3167 608 3194; x_wconf 83' lang='lat' dir='ltr'>Mariae</span> <span class='ocrx_word' id='word_1_598' title='bbox 628 3166 722 3194; x_wconf 79' lang='lat' dir='ltr'>Novae</span> <span class='ocrx_word' id='word_1_599' title='bbox 741 3166 862 3193; x_wconf 74' lang='lat' dir='ltr'>Diacono</span> <span class='ocrx_word' id='word_1_600' title='bbox 882 3166 1041 3205; x_wconf 78' lang='lat' dir='ltr'>Cardinali,</span> <span class='ocrx_word' id='word_1_601' title='bbox 1058 3178 1089 3196; x_wconf 90' lang='lat' dir='ltr'>ac</span> <span class='ocrx_word' id='word_1_602' title='bbox 1108 3170 1221 3198; x_wconf 77' lang='lat' dir='ltr'>Domini</span> 
     </span>
    </p>

    <p class='ocr_par' dir='ltr' id='par_1_27' title="bbox 193 3205 1225 3665">
     <span class='ocr_line' id='line_1_90' title="bbox 229 3205 556 3241; baseline -0.003 -9"><span class='ocrx_word' id='word_1_603' title='bbox 229 3206 311 3241; x_wconf 78' lang='lat' dir='ltr'>Papae</span> <span class='ocrx_word' id='word_1_604' title='bbox 331 3205 556 3241; x_wconf 49' lang='lat' dir='ltr'>Paenitentiam),</span> 
     </span>
     <span class='ocr_line' id='line_1_91' title="bbox 193 3240 942 3279; baseline 0.001 -10"><span class='ocrx_word' id='word_1_605' title='bbox 193 3245 309 3272; x_wconf 77' lang='lat' dir='ltr'>Domino</span> <span class='ocrx_word' id='word_1_606' title='bbox 329 3244 363 3270; x_wconf 89' lang='lat' dir='ltr'>B.</span> <span class='ocrx_word' id='word_1_607' title='bbox 383 3242 490 3270; x_wconf 61' lang='lat' dir='ltr'>Saveh</span> <span class='ocrx_word' id='word_1_608' title='bbox 508 3240 632 3278; x_wconf 75' lang='lat' dir='ltr'>Agathae</span> <span class='ocrx_word' id='word_1_609' title='bbox 649 3243 769 3269; x_wconf 76' lang='lat' dir='ltr'>Diacono</span> <span class='ocrx_word' id='word_1_610' title='bbox 784 3241 942 3279; x_wconf 77' lang='lat' dir='ltr'>cardinali,</span> 
     </span>
     <span class='ocr_line' id='line_1_92' title="bbox 193 3278 1222 3317; baseline 0.003 -9"><span class='ocrx_word' id='word_1_611' title='bbox 193 3284 306 3310; x_wconf 76' lang='lat' dir='ltr'>Domino</span> <span class='ocrx_word' id='word_1_612' title='bbox 334 3282 366 3308; x_wconf 90' lang='lat' dir='ltr'>P.</span> <span class='ocrx_word' id='word_1_613' title='bbox 394 3279 485 3308; x_wconf 82' lang='lat' dir='ltr'>Tituli</span> <span class='ocrx_word' id='word_1_614' title='bbox 513 3281 607 3309; x_wconf 59' lang='lat' dir='ltr'>Sanni</span> <span class='ocrx_word' id='word_1_615' title='bbox 631 3278 759 3317; x_wconf 80' lang='lat' dir='ltr'>Stephani</span> <span class='ocrx_word' id='word_1_616' title='bbox 784 3281 814 3307; x_wconf 85' lang='lat' dir='ltr'>in</span> <span class='ocrx_word' id='word_1_617' title='bbox 841 3280 920 3308; x_wconf 79' lang='lat' dir='ltr'>Coelio</span> <span class='ocrx_word' id='word_1_618' title='bbox 945 3283 1044 3309; x_wconf 82' lang='lat' dir='ltr'>Monte</span> <span class='ocrx_word' id='word_1_619' title='bbox 1069 3281 1222 3312; x_wconf 75' lang='lat' dir='ltr'>presbitero</span> 
     </span>
     <span class='ocr_line' id='line_1_93' title="bbox 225 3316 1109 3357; baseline 0.001 -10"><span class='ocrx_word' id='word_1_620' title='bbox 225 3316 384 3354; x_wconf 79' lang='lat' dir='ltr'>cardinali,</span> <span class='ocrx_word' id='word_1_621' title='bbox 403 3316 440 3351; x_wconf 61' lang='grc' dir='ltr'>(ἐν</span> <span class='ocrx_word' id='word_1_622' title='bbox 457 3320 562 3346; x_wconf 67' lang='lat' dir='ltr'>Sanetae</span> <span class='ocrx_word' id='word_1_623' title='bbox 581 3322 711 3348; x_wconf 79' lang='lat' dir='ltr'>Romanae</span> <span class='ocrx_word' id='word_1_624' title='bbox 728 3316 849 3356; x_wconf 83' lang='lat' dir='ltr'>Ecclefiae</span> <span class='ocrx_word' id='word_1_625' title='bbox 868 3321 896 3348; x_wconf 92' lang='lat' dir='ltr'><em>V</em></span> <span class='ocrx_word' id='word_1_626' title='bbox 897 3318 1109 3357; x_wconf 77' lang='lat' dir='ltr'>icecancellario,</span> 
     </span>
     <span class='ocr_line' id='line_1_94' title="bbox 196 3356 1121 3404; baseline -0.002 -17"><span class='ocrx_word' id='word_1_627' title='bbox 196 3359 312 3387; x_wconf 82' lang='lat' dir='ltr'>Domino</span> <span class='ocrx_word' id='word_1_628' title='bbox 328 3359 364 3386; x_wconf 91' lang='grc' dir='ltr'>Β.</span> <span class='ocrx_word' id='word_1_629' title='bbox 385 3356 493 3385; x_wconf 68' lang='lat' dir='ltr'>Sanllae</span> <span class='ocrx_word' id='word_1_630' title='bbox 511 3359 615 3385; x_wconf 79' lang='lat' dir='ltr'>Mariae</span> <span class='ocrx_word' id='word_1_631' title='bbox 633 3360 663 3385; x_wconf 81' lang='lat' dir='ltr'>in</span> <span class='ocrx_word' id='word_1_632' title='bbox 681 3358 809 3396; x_wconf 81' lang='lat' dir='ltr'>Aquiro,</span> <span class='ocrx_word' id='word_1_633' title='bbox 996 3374 1035 3404; x_wconf 85' lang='lat' dir='ltr'>D·</span> <span class='ocrx_word' id='word_1_634' title='bbox 1116 3376 1121 3381; x_wconf 86' lang='lat'><em>-</em></span> 
     </span>
     <span class='ocr_line' id='line_1_95' title="bbox 198 3377 1223 3445; baseline 0.001 -22"><span class='ocrx_word' id='word_1_635' title='bbox 198 3397 315 3425; x_wconf 84' lang='lat' dir='ltr'>Domino</span> <span class='ocrx_word' id='word_1_636' title='bbox 329 3398 373 3425; x_wconf 84' lang='lat' dir='ltr'>A.</span> <span class='ocrx_word' id='word_1_637' title='bbox 387 3395 480 3424; x_wconf 68' lang='lat' dir='ltr'>Sanffl</span> <span class='ocrx_word' id='word_1_638' title='bbox 493 3393 653 3433; x_wconf 84' lang='lat' dir='ltr'>Eustachii,</span> <span class='ocrx_word' id='word_1_639' title='bbox 995 3386 1135 3445; x_wconf 46' lang='lat' dir='ltr'><strong>&amp;mel-(gns</strong></span> <span class='ocrx_word' id='word_1_640' title='bbox 1150 3377 1223 3407; x_wconf 67' lang='lat' dir='ltr'>Gar*</span> 
     </span>
     <span class='ocr_line' id='line_1_96' title="bbox 198 3424 1141 3469; baseline 0 -7"><span class='ocrx_word' id='word_1_641' title='bbox 198 3436 314 3463; x_wconf 84' lang='lat' dir='ltr'>Domino</span> <span class='ocrx_word' id='word_1_642' title='bbox 333 3436 368 3462; x_wconf 88' lang='lat' dir='ltr'>G.</span> <span class='ocrx_word' id='word_1_643' title='bbox 384 3433 493 3463; x_wconf 65' lang='lat' dir='ltr'>Sanllae</span> <span class='ocrx_word' id='word_1_644' title='bbox 507 3435 601 3462; x_wconf 72' lang='lat' dir='ltr'>Luciae</span> <span class='ocrx_word' id='word_1_645' title='bbox 617 3436 646 3461; x_wconf 81' lang='lat' dir='ltr'>in</span> <span class='ocrx_word' id='word_1_646' title='bbox 661 3431 756 3469; x_wconf 83' lang='lat' dir='ltr'>Silice,</span> <span class='ocrx_word' id='word_1_647' title='bbox 962 3456 973 3460; x_wconf 20' lang='grc' dir='ltr'>,ν</span> <span class='ocrx_word' id='word_1_648' title='bbox 1016 3424 1078 3444; x_wconf 70' lang='lat'>¹⁰²¹</span> <span class='ocrx_word' id='word_1_649' title='bbox 1101 3424 1141 3445; x_wconf 71' lang='lat' dir='ltr'>us·</span> 
     </span>
     <span class='ocr_line' id='line_1_97' title="bbox 199 3468 1224 3538; baseline 0.002 -38"><span class='ocrx_word' id='word_1_650' title='bbox 199 3473 314 3538; x_wconf 64' lang='lat' dir='ltr'>Docrnino</span> <span class='ocrx_word' id='word_1_651' title='bbox 341 3474 423 3502; x_wconf 83' lang='lat' dir='ltr'>Petro</span> <span class='ocrx_word' id='word_1_652' title='bbox 442 3472 473 3501; x_wconf 74' lang='lat' dir='ltr'>de</span> <span class='ocrx_word' id='word_1_653' title='bbox 493 3473 521 3500; x_wconf 89' lang='lat' dir='ltr'><em>V</em></span> <span class='ocrx_word' id='word_1_654' title='bbox 523 3470 552 3501; x_wconf 70' lang='lat' dir='ltr'>id</span> <span class='ocrx_word' id='word_1_655' title='bbox 578 3470 694 3510; x_wconf 83' lang='lat' dir='ltr'>Militi,</span> <span class='ocrx_word' id='word_1_656' title='bbox 729 3473 844 3500; x_wconf 78' lang='lat' dir='ltr'>Domino</span> <span class='ocrx_word' id='word_1_657' title='bbox 861 3470 894 3500; x_wconf 86' lang='lat' dir='ltr'>de</span> <span class='ocrx_word' id='word_1_658' title='bbox 913 3468 990 3500; x_wconf 71' lang='lat' dir='ltr'>Villa*</span> <span class='ocrx_word' id='word_1_659' title='bbox 1010 3474 1104 3501; x_wconf 78' lang='lat' dir='ltr'>Murio</span> <span class='ocrx_word' id='word_1_660' title='bbox 1130 3470 1168 3506; x_wconf 67' lang='grc' dir='ltr'>ό·</span> <span class='ocrx_word' id='word_1_661' title='bbox 1193 3472 1224 3502; x_wconf 87' lang='lat' dir='ltr'>de</span> 
     </span>
     <span class='ocr_line' id='line_1_98' title="bbox 261 3518 367 3539; baseline 0.009 -1"><span class='ocrx_word' id='word_1_662' title='bbox 261 3518 367 3539; x_wconf 84' lang='lat' dir='ltr'>amneto</span> 
     </span>
     <span class='ocr_line' id='line_1_99' title="bbox 194 3533 1225 3616; baseline 0.002 -40"><span class='ocrx_word' id='word_1_663' title='bbox 194 3533 409 3615; x_wconf 66' lang='lat' dir='ltr'>DolniinoFPet’ro</span> <span class='ocrx_word' id='word_1_664' title='bbox 423 3549 460 3616; x_wconf 53' lang='lat' dir='ltr'>ge</span> <span class='ocrx_word' id='word_1_665' title='bbox 477 3546 534 3587; x_wconf 88' lang='lat' dir='ltr'>Osa</span> <span class='ocrx_word' id='word_1_666' title='bbox 553 3547 646 3578; x_wconf 75' lang='lat' dir='ltr'>Militi</span> <span class='ocrx_word' id='word_1_667' title='bbox 664 3549 692 3576; x_wconf 91' lang='lat' dir='ltr'><em>V</em></span> <span class='ocrx_word' id='word_1_668' title='bbox 693 3551 723 3577; x_wconf 84' lang='lat' dir='ltr'>ic.</span> <span class='ocrx_word' id='word_1_669' title='bbox 742 3547 774 3576; x_wconf 82' lang='lat' dir='ltr'>de</span> <span class='ocrx_word' id='word_1_670' title='bbox 793 3546 947 3576; x_wconf 82' lang='lat' dir='ltr'>Caramuch</span> <span class='ocrx_word' id='word_1_671' title='bbox 967 3546 1005 3583; x_wconf 74' lang='lat'>&amp;¹</span> <span class='ocrx_word' id='word_1_672' title='bbox 1018 3547 1050 3577; x_wconf 84' lang='lat' dir='ltr'>de</span> <span class='ocrx_word' id='word_1_673' title='bbox 1065 3550 1164 3578; x_wconf 75' lang='lat' dir='ltr'>Sant&#39;t&#39;o</span> <span class='ocrx_word' id='word_1_674' title='bbox 1174 3551 1225 3578; x_wconf 79' lang='lat' dir='ltr'>Fe-</span> 
     </span>
     <span class='ocr_line' id='line_1_100' title="bbox 244 3591 513 3616; baseline 0.004 -2"><span class='ocrx_word' id='word_1_675' title='bbox 244 3598 279 3615; x_wconf 73' lang='lat' dir='ltr'>ne</span> <span class='ocrx_word' id='word_1_676' title='bbox 337 3591 407 3615; x_wconf 78' lang='lat' dir='ltr'>ratri</span> <span class='ocrx_word' id='word_1_677' title='bbox 447 3598 464 3615; x_wconf 82' lang='lat' dir='ltr'><em>a</em></span> <span class='ocrx_word' id='word_1_678' title='bbox 481 3598 513 3616; x_wconf 83' lang='lat' dir='ltr'>ae.</span> 
     </span>
     <span class='ocr_line' id='line_1_101' title="bbox 197 3595 944 3665; baseline -0.001 -12"><span class='ocrx_word' id='word_1_679' title='bbox 197 3609 314 3653; x_wconf 55' lang='lat' dir='ltr'>Domino</span> <span class='ocrx_word' id='word_1_680' title='bbox 332 3595 511 3656; x_wconf 67' lang='lat' dir='ltr'>Arnaldopde</span> <span class='ocrx_word' id='word_1_681' title='bbox 530 3623 587 3665; x_wconf 79' lang='lat' dir='ltr'>Ofiz</span> <span class='ocrx_word' id='word_1_682' title='bbox 607 3623 698 3654; x_wconf 82' lang='lat' dir='ltr'>Militi</span> <span class='ocrx_word' id='word_1_683' title='bbox 718 3626 796 3662; x_wconf 70' lang='lat' dir='ltr'>Regis</span> <span class='ocrx_word' id='word_1_684' title='bbox 815 3627 944 3653; x_wconf 80' lang='lat' dir='ltr'>Franciae.</span> 
     </span>
    </p>
   </div>
   <div class='ocr_carea' id='block_1_16' title="bbox 389 3699 907 3709">
    <p class='ocr_par' dir='ltr' id='par_1_28' title="bbox 389 3699 907 3709">
     <span class='ocr_line' id='line_1_102' title="bbox 389 3699 907 3709; baseline 0 0"><span class='ocrx_word' id='word_1_685' title='bbox 389 3699 907 3709; x_wconf 95' lang='lat' dir='ltr'> </span> 
     </span>
    </p>
   </div>
   <div class='ocr_carea' id='block_1_17' title="bbox 379 3747 1015 3790">
    <p class='ocr_par' dir='ltr' id='par_1_29' title="bbox 379 3747 1015 3790">
     <span class='ocr_line' id='line_1_103' title="bbox 379 3747 1015 3790; baseline 0.002 -9"><span class='ocrx_word' id='word_1_686' title='bbox 379 3751 438 3782; x_wconf 84' lang='lat' dir='ltr'>Pro</span> <span class='ocrx_word' id='word_1_687' title='bbox 464 3748 587 3783; x_wconf 81' lang='lat' dir='ltr'>Roberto</span> <span class='ocrx_word' id='word_1_688' title='bbox 614 3748 738 3790; x_wconf 52' lang='lat' dir='ltr'>Baldok,</span> <span class='ocrx_word' id='word_1_689' title='bbox 751 3747 1015 3782; x_wconf 77' lang='lat' dir='ltr'>commendatoria.</span> 
     </span>
    </p>
   </div>
   <div class='ocr_carea' id='block_1_18' title="bbox 168 3829 934 3907">
    <p class='ocr_par' dir='ltr' id='par_1_30' title="bbox 168 3829 934 3907">
     <span class='ocr_line' id='line_1_104' title="bbox 168 3829 934 3907; baseline 0.007 -48"><span class='ocrx_word' id='word_1_690' title='bbox 168 3829 216 3889; x_wconf 84' lang='lat' dir='ltr'>P</span> <span class='ocrx_word' id='word_1_691' title='bbox 227 3829 413 3907; x_wconf 42' lang='grc' dir='ltr'>Αξῑὲξὲτίῗεκ</span> <span class='ocrx_word' id='word_1_692' title='bbox 427 3834 529 3866; x_wconf 78' lang='lat' dir='ltr'>devota</span> <span class='ocrx_word' id='word_1_693' title='bbox 545 3834 650 3873; x_wconf 86' lang='lat' dir='ltr'>pedum</span> <span class='ocrx_word' id='word_1_694' title='bbox 665 3834 759 3865; x_wconf 86' lang='lat' dir='ltr'>oscula</span> <span class='ocrx_word' id='word_1_695' title='bbox 773 3834 934 3865; x_wconf 84' lang='lat' dir='ltr'>beatorum.</span> 
     </span>
    </p>
   </div>
   <div class='ocr_carea' id='block_1_19' title="bbox 205 3905 1229 3951">
    <p class='ocr_par' dir='ltr' id='par_1_31' title="bbox 205 3905 1229 3951">
     <span class='ocr_line' id='line_1_105' title="bbox 205 3905 1229 3951; baseline 0.001 -16"><span class='ocrx_word' id='word_1_696' title='bbox 205 3905 329 3936; x_wconf 67' lang='lat' dir='ltr'>Ecclesia</span> <span class='ocrx_word' id='word_1_697' title='bbox 350 3908 547 3947; x_wconf 86' lang='lat' dir='ltr'>Wyntoniensi</span> <span class='ocrx_word' id='word_1_698' title='bbox 567 3921 615 3951; x_wconf 87' lang='lat' dir='ltr'>per</span> <span class='ocrx_word' id='word_1_699' title='bbox 633 3918 778 3949; x_wconf 87' lang='lat' dir='ltr'>mortem,</span> <span class='ocrx_word' id='word_1_700' title='bbox 801 3911 887 3941; x_wconf 80' lang='lat' dir='ltr'>bonae</span> <span class='ocrx_word' id='word_1_701' title='bbox 907 3909 1071 3948; x_wconf 87' lang='lat' dir='ltr'>memoriae,</span> <span class='ocrx_word' id='word_1_702' title='bbox 1087 3906 1229 3947; x_wconf 88' lang='lat' dir='ltr'>Rigandi,</span> 
     </span>
    </p>
   </div>
   <div class='ocr_carea' id='block_1_20' title="bbox 151 3944 1229 3987">
    <p class='ocr_par' dir='ltr' id='par_1_32' title="bbox 151 3944 1229 3987">
     <span class='ocr_line' id='line_1_106' title="bbox 151 3944 1229 3987; baseline -0.002 -10"><span class='ocrx_word' id='word_1_703' title='bbox 151 3970 158 3977; x_wconf 91' lang='lat'><strong>.</strong></span> <span class='ocrx_word' id='word_1_704' title='bbox 170 3945 240 3975; x_wconf 91' lang='lat' dir='ltr'>olim</span> <span class='ocrx_word' id='word_1_705' title='bbox 264 3944 393 3984; x_wconf 86' lang='lat' dir='ltr'>Episcopi</span> <span class='ocrx_word' id='word_1_706' title='bbox 416 3948 472 3976; x_wconf 88' lang='lat' dir='ltr'>loci</span> <span class='ocrx_word' id='word_1_707' title='bbox 496 3948 582 3987; x_wconf 82' lang='lat' dir='ltr'>illius,</span> <span class='ocrx_word' id='word_1_708' title='bbox 601 3947 712 3979; x_wconf 72' lang='lat' dir='ltr'>viduata</span> <span class='ocrx_word' id='word_1_709' title='bbox 736 3948 869 3987; x_wconf 88' lang='lat' dir='ltr'>Pastore,</span> <span class='ocrx_word' id='word_1_710' title='bbox 887 3948 969 3986; x_wconf 82' lang='lat' dir='ltr'>Nos,</span> <span class='ocrx_word' id='word_1_711' title='bbox 1006 3956 1088 3978; x_wconf 89' lang='lat' dir='ltr'>uanta</span> <span class='ocrx_word' id='word_1_712' title='bbox 1100 3947 1183 3976; x_wconf 89' lang='lat' dir='ltr'>nobis</span> <span class='ocrx_word' id='word_1_713' title='bbox 1195 3945 1229 3975; x_wconf 90' lang='lat'>&amp;</span> 
     </span>
    </p>
   </div>
   <div class='ocr_carea' id='block_1_21' title="bbox 170 3982 1231 4064">
    <p class='ocr_par' dir='ltr' id='par_1_33' title="bbox 170 3982 1231 4064">
     <span class='ocr_line' id='line_1_107' title="bbox 170 3982 1230 4027; baseline 0.002 -16"><span class='ocrx_word' id='word_1_714' title='bbox 170 3983 285 4027; x_wconf 73' lang='lat' dir='ltr'>Regno</span> <span class='ocrx_word' id='word_1_715' title='bbox 298 3982 397 4012; x_wconf 87' lang='lat' dir='ltr'>nostro</span> <span class='ocrx_word' id='word_1_716' title='bbox 416 3994 603 4020; x_wconf 85' lang='lat' dir='ltr'>provenerant</span> <span class='ocrx_word' id='word_1_717' title='bbox 624 3986 766 4024; x_wconf 82' lang='lat' dir='ltr'>dispendia</span> <span class='ocrx_word' id='word_1_718' title='bbox 781 4009 790 4024; x_wconf 80' lang='grc'>,</span> <span class='ocrx_word' id='word_1_719' title='bbox 816 3996 850 4017; x_wconf 87' lang='lat' dir='ltr'>ex</span> <span class='ocrx_word' id='word_1_720' title='bbox 871 3995 992 4026; x_wconf 86' lang='lat' dir='ltr'>quorum</span> <span class='ocrx_word' id='word_1_721' title='bbox 1012 3995 1058 4016; x_wconf 90' lang='lat' dir='ltr'>am</span> <span class='ocrx_word' id='word_1_722' title='bbox 1080 3983 1230 4015; x_wconf 87' lang='lat' dir='ltr'>indiscreto</span> 
     </span>
     <span class='ocr_line' id='line_1_108' title="bbox 170 4020 1231 4064; baseline -0.003 -9"><span class='ocrx_word' id='word_1_723' title='bbox 170 4021 326 4062; x_wconf 70' lang='lat' dir='ltr'>Regimine</span> <span class='ocrx_word' id='word_1_724' title='bbox 346 4020 530 4053; x_wconf 79' lang='lat' dir='ltr'>Praelatorum</span> <span class='ocrx_word' id='word_1_725' title='bbox 545 4046 555 4060; x_wconf 77' lang='lat'>,</span> <span class='ocrx_word' id='word_1_726' title='bbox 577 4025 612 4055; x_wconf 91' lang='lat' dir='ltr'>ad</span> <span class='ocrx_word' id='word_1_727' title='bbox 633 4027 803 4055; x_wconf 86' lang='lat' dir='ltr'>memoriam</span> <span class='ocrx_word' id='word_1_728' title='bbox 824 4025 989 4057; x_wconf 65' lang='lat' dir='ltr'>reducentes</span> <span class='ocrx_word' id='word_1_729' title='bbox 1001 4047 1012 4064; x_wconf 85' lang='lat'>,</span> <span class='ocrx_word' id='word_1_730' title='bbox 1037 4032 1071 4054; x_wconf 84' lang='lat' dir='ltr'>ac</span> <span class='ocrx_word' id='word_1_731' title='bbox 1088 4023 1231 4062; x_wconf 84' lang='lat' dir='ltr'>cupientes</span> 
     </span>
    </p>
   </div>
   <div class='ocr_carea' id='block_1_22' title="bbox 569 100 1825 178">
    <p class='ocr_par' dir='ltr' id='par_1_34' title="bbox 569 100 1825 178">
     <span class='ocr_line' id='line_1_109' title="bbox 569 100 1825 178; baseline -0.01 -3"><span class='ocrx_word' id='word_1_732' title='bbox 569 100 1825 178; x_wconf 80' lang='lat' dir='ltr'>CONVENTIONES‚L1TERAE‚</span> 
     </span>
    </p>
   </div>
   <div class='ocr_carea' id='block_1_23' title="bbox 1232 206 2448 253">
    <p class='ocr_par' dir='ltr' id='par_1_35' title="bbox 1232 206 2448 253">
     <span class='ocr_line' id='line_1_110' title="bbox 1232 206 2448 253; baseline -0.004 -10"><span class='ocrx_word' id='word_1_733' title='bbox 1232 213 1382 250; x_wconf 87' lang='lat' dir='ltr'>Regimini</span> <span class='ocrx_word' id='word_1_734' title='bbox 1400 211 1487 242; x_wconf 56' lang='lat' dir='ltr'>disice</span> <span class='ocrx_word' id='word_1_735' title='bbox 1507 211 1644 242; x_wconf 76' lang='lat' dir='ltr'>Ecclesiae</span> <span class='ocrx_word' id='word_1_736' title='bbox 1665 212 1745 250; x_wconf 89' lang='lat' dir='ltr'>(quae</span> <span class='ocrx_word' id='word_1_737' title='bbox 1759 209 1800 240; x_wconf 88' lang='lat' dir='ltr'>est</span> <span class='ocrx_word' id='word_1_738' title='bbox 1815 217 1870 240; x_wconf 91' lang='lat' dir='ltr'>una</span> <span class='ocrx_word' id='word_1_739' title='bbox 1877 207 1919 253; x_wconf 40' lang='lat' dir='ltr'>&#39;de</span> <span class='ocrx_word' id='word_1_740' title='bbox 1933 206 2138 238; x_wconf 89' lang='lat' dir='ltr'>Nobilioribus</span> <span class='ocrx_word' id='word_1_741' title='bbox 2150 206 2220 238; x_wconf 70' lang='lat' dir='ltr'>dieti</span> <span class='ocrx_word' id='word_1_742' title='bbox 2234 207 2296 238; x_wconf 88' lang='lat' dir='ltr'>Re·</span> <span class='ocrx_word' id='word_1_743' title='bbox 2314 209 2390 240; x_wconf 85' lang='lat' dir='ltr'>Ann.</span> <span class='ocrx_word' id='word_1_744' title='bbox 2409 209 2448 240; x_wconf 90' lang='lat' dir='ltr'>D.</span> 
     </span>
    </p>
   </div>
   <div class='ocr_carea' id='block_1_24' title="bbox 1232 245 2308 1371">
    <p class='ocr_par' dir='ltr' id='par_1_36' title="bbox 1232 245 2297 331">
     <span class='ocr_line' id='line_1_111' title="bbox 1232 245 2297 292; baseline -0.005 -10"><span class='ocrx_word' id='word_1_745' title='bbox 1232 253 1299 292; x_wconf 82' lang='lat' dir='ltr'>gni)</span> <span class='ocrx_word' id='word_1_746' title='bbox 1321 252 1405 282; x_wconf 91' lang='lat' dir='ltr'>talem</span> <span class='ocrx_word' id='word_1_747' title='bbox 1425 250 1533 291; x_wconf 76' lang='lat' dir='ltr'>praefici</span> <span class='ocrx_word' id='word_1_748' title='bbox 1554 251 1701 289; x_wconf 86' lang='lat' dir='ltr'>personam</span> <span class='ocrx_word' id='word_1_749' title='bbox 1714 273 1724 287; x_wconf 79' lang='lat'>,</span> <span class='ocrx_word' id='word_1_750' title='bbox 1754 258 1833 289; x_wconf 82' lang='lat' dir='ltr'>quae,</span> <span class='ocrx_word' id='word_1_751' title='bbox 1855 255 1993 279; x_wconf 72' lang='lat' dir='ltr'>Virtutum</span> <span class='ocrx_word' id='word_1_752' title='bbox 2013 245 2096 276; x_wconf 88' lang='lat' dir='ltr'>donis</span> <span class='ocrx_word' id='word_1_753' title='bbox 2114 248 2297 287; x_wconf 75' lang='lat' dir='ltr'>praemunita,</span> 
     </span>
     <span class='ocr_line' id='line_1_112' title="bbox 1233 287 2227 331; baseline -0.005 -11"><span class='ocrx_word' id='word_1_754' title='bbox 1233 290 1349 331; x_wconf 83' lang='lat' dir='ltr'>praeeffe</span> <span class='ocrx_word' id='word_1_755' title='bbox 1359 290 1437 320; x_wconf 86' lang='lat' dir='ltr'>sciret</span> <span class='ocrx_word' id='word_1_756' title='bbox 1450 290 1551 330; x_wconf 90' lang='lat' dir='ltr'>pariter</span> <span class='ocrx_word' id='word_1_757' title='bbox 1565 291 1598 320; x_wconf 62' lang='grc' dir='ltr'>ὃς</span> <span class='ocrx_word' id='word_1_758' title='bbox 1611 287 1740 327; x_wconf 84' lang='lat' dir='ltr'>prodesse</span> <span class='ocrx_word' id='word_1_759' title='bbox 1748 310 1758 325; x_wconf 93' lang='lat'>,</span> <span class='ocrx_word' id='word_1_760' title='bbox 1948 322 1956 331; x_wconf 38' lang='grc' dir='ltr'>Α</span> <span class='ocrx_word' id='word_1_761' title='bbox 2103 322 2109 328; x_wconf 45' lang='grc'>,</span> <span class='ocrx_word' id='word_1_762' title='bbox 2222 323 2227 328; x_wconf 36' lang='lat'><strong>⁴</strong></span> 
     </span>
    </p>

    <p class='ocr_par' dir='ltr' id='par_1_37' title="bbox 1234 322 2304 522">
     <span class='ocr_line' id='line_1_113' title="bbox 1271 322 2300 363; baseline -0.005 -4"><span class='ocrx_word' id='word_1_763' title='bbox 1271 329 1419 359; x_wconf 71' lang='lat' dir='ltr'>Sanffitati</span> <span class='ocrx_word' id='word_1_764' title='bbox 1437 328 1535 359; x_wconf 86' lang='lat' dir='ltr'>vestrae</span> <span class='ocrx_word' id='word_1_765' title='bbox 1558 338 1609 358; x_wconf 91' lang='lat' dir='ltr'>nos</span> <span class='ocrx_word' id='word_1_766' title='bbox 1632 327 1814 357; x_wconf 86' lang='lat' dir='ltr'>meminimus</span> <span class='ocrx_word' id='word_1_767' title='bbox 1837 323 2018 363; x_wconf 81' lang='lat' dir='ltr'>supplicasse,</span> <span class='ocrx_word' id='word_1_768' title='bbox 2034 330 2181 360; x_wconf 84' lang='lat' dir='ltr'>quatinus,</span> <span class='ocrx_word' id='word_1_769' title='bbox 2199 322 2300 354; x_wconf 88' lang='lat' dir='ltr'>discre-</span> 
     </span>
     <span class='ocr_line' id='line_1_114' title="bbox 1234 360 2300 405; baseline -0.005 -8"><span class='ocrx_word' id='word_1_770' title='bbox 1234 375 1296 397; x_wconf 90' lang='lat' dir='ltr'>tum</span> <span class='ocrx_word' id='word_1_771' title='bbox 1312 366 1434 405; x_wconf 84' lang='lat' dir='ltr'>Virum,</span> <span class='ocrx_word' id='word_1_772' title='bbox 1451 368 1485 397; x_wconf 86' lang='lat'>&amp;</span> <span class='ocrx_word' id='word_1_773' title='bbox 1495 366 1624 397; x_wconf 87' lang='lat' dir='ltr'>nostrum</span> <span class='ocrx_word' id='word_1_774' title='bbox 1639 365 1786 396; x_wconf 90' lang='lat' dir='ltr'>Clericum</span> <span class='ocrx_word' id='word_1_775' title='bbox 1802 364 1997 399; x_wconf 87' lang='lat' dir='ltr'>Familiarem,</span> <span class='ocrx_word' id='word_1_776' title='bbox 2017 361 2070 391; x_wconf 86' lang='lat' dir='ltr'>Ma</span> <span class='ocrx_word' id='word_1_777' title='bbox 2091 360 2187 391; x_wconf 89' lang='lat' dir='ltr'>istrum</span> <span class='ocrx_word' id='word_1_778' title='bbox 2200 361 2220 379; x_wconf 68' lang='lat'>³*</span> <span class='ocrx_word' id='word_1_779' title='bbox 2234 361 2300 392; x_wconf 93' lang='lat' dir='ltr'>Ro-</span> 
     </span>
     <span class='ocr_line' id='line_1_115' title="bbox 1234 400 2298 444; baseline -0.006 -8"><span class='ocrx_word' id='word_1_780' title='bbox 1234 406 1348 436; x_wconf 89' lang='lat' dir='ltr'>bertum</span> <span class='ocrx_word' id='word_1_781' title='bbox 1367 405 1404 436; x_wconf 92' lang='lat' dir='ltr'>de</span> <span class='ocrx_word' id='word_1_782' title='bbox 1424 405 1550 444; x_wconf 85' lang='lat' dir='ltr'>Baldok,</span> <span class='ocrx_word' id='word_1_783' title='bbox 1574 404 1818 436; x_wconf 83' lang='lat' dir='ltr'>Archidiaconum</span> <span class='ocrx_word' id='word_1_784' title='bbox 1842 400 2036 432; x_wconf 79' lang='lat' dir='ltr'>Middiesexiae</span> <span class='ocrx_word' id='word_1_785' title='bbox 2057 402 2067 435; x_wconf 94' lang='lat'>(</span> <span class='ocrx_word' id='word_1_786' title='bbox 2104 400 2298 442; x_wconf 37' lang='lat' dir='ltr'>irum-utique</span> 
     </span>
     <span class='ocr_line' id='line_1_116' title="bbox 1235 437 2299 483; baseline -0.005 -9"><span class='ocrx_word' id='word_1_787' title='bbox 1235 443 1370 474; x_wconf 90' lang='lat' dir='ltr'>Moribus</span> <span class='ocrx_word' id='word_1_788' title='bbox 1385 445 1418 475; x_wconf 88' lang='lat'>&amp;</span> <span class='ocrx_word' id='word_1_789' title='bbox 1434 443 1560 475; x_wconf 67' lang='lat' dir='ltr'>scientia</span> <span class='ocrx_word' id='word_1_790' title='bbox 1575 444 1766 483; x_wconf 89' lang='lat' dir='ltr'>multipliciter</span> <span class='ocrx_word' id='word_1_791' title='bbox 1781 439 2033 476; x_wconf 83' lang='lat' dir='ltr'>commendatum,</span> <span class='ocrx_word' id='word_1_792' title='bbox 2051 438 2085 468; x_wconf 88' lang='lat'>&amp;</span> <span class='ocrx_word' id='word_1_793' title='bbox 2099 437 2135 468; x_wconf 90' lang='lat' dir='ltr'>de</span> <span class='ocrx_word' id='word_1_794' title='bbox 2151 447 2228 482; x_wconf 65' lang='lat' dir='ltr'>cuius</span> <span class='ocrx_word' id='word_1_795' title='bbox 2243 440 2299 469; x_wconf 86' lang='lat' dir='ltr'>cir-</span> 
     </span>
     <span class='ocr_line' id='line_1_117' title="bbox 1235 475 2304 522; baseline -0.008 -9"><span class='ocrx_word' id='word_1_796' title='bbox 1235 482 1445 522; x_wconf 68' lang='lat' dir='ltr'>cumspectione</span> <span class='ocrx_word' id='word_1_797' title='bbox 1467 481 1586 520; x_wconf 69' lang='lat' dir='ltr'>provida</span> <span class='ocrx_word' id='word_1_798' title='bbox 1607 483 1640 513; x_wconf 91' lang='lat'>&amp;</span> <span class='ocrx_word' id='word_1_799' title='bbox 1661 483 1817 512; x_wconf 90' lang='lat' dir='ltr'>maturitate</span> <span class='ocrx_word' id='word_1_800' title='bbox 1835 479 1954 509; x_wconf 74' lang='lat' dir='ltr'>Consilii</span> <span class='ocrx_word' id='word_1_801' title='bbox 1976 477 2091 521; x_wconf 77' lang='lat' dir='ltr'>plenam</span> <span class='ocrx_word' id='word_1_802' title='bbox 2112 475 2244 521; x_wconf 80' lang='lat' dir='ltr'>fiduciam</span> <span class='ocrx_word' id='word_1_803' title='bbox 2255 488 2304 508; x_wconf 84' lang='lat' dir='ltr'>re..</span> 
     </span>
    </p>

    <p class='ocr_par' dir='ltr' id='par_1_38' title="bbox 1275 515 2301 590">
     <span class='ocr_line' id='line_1_118' title="bbox 1275 515 2301 590; baseline -0.004 -39"><span class='ocrx_word' id='word_1_804' title='bbox 1275 523 1398 590; x_wconf 52' lang='lat' dir='ltr'>Eamus&gt;</span> <span class='ocrx_word' id='word_1_805' title='bbox 1413 521 1500 552; x_wconf 67' lang='lat' dir='ltr'>distae</span> <span class='ocrx_word' id='word_1_806' title='bbox 1517 521 1653 552; x_wconf 84' lang='lat' dir='ltr'>Ecclesiae</span> <span class='ocrx_word' id='word_1_807' title='bbox 1669 520 1812 559; x_wconf 82' lang='lat' dir='ltr'>praeficere</span> <span class='ocrx_word' id='word_1_808' title='bbox 1831 518 2018 558; x_wconf 83' lang='lat' dir='ltr'>dignaremini</span> <span class='ocrx_word' id='word_1_809' title='bbox 2032 526 2061 545; x_wconf 92' lang='lat' dir='ltr'>in</span> <span class='ocrx_word' id='word_1_810' title='bbox 2077 515 2253 554; x_wconf 85' lang='lat' dir='ltr'>Episcopum</span> <span class='ocrx_word' id='word_1_811' title='bbox 2267 516 2301 547; x_wconf 91' lang='lat'>&amp;</span> 
     </span>
    </p>

    <p class='ocr_par' dir='ltr' id='par_1_39' title="bbox 1260 569 1390 590">
     <span class='ocr_line' id='line_1_119' title="bbox 1260 569 1390 590; baseline -0.015 0"><span class='ocrx_word' id='word_1_812' title='bbox 1260 570 1273 590; x_wconf 91' lang='lat' dir='ltr'>a</span> <span class='ocrx_word' id='word_1_813' title='bbox 1300 569 1390 590; x_wconf 90' lang='lat' dir='ltr'>orem.</span> 
     </span>
    </p>

    <p class='ocr_par' dir='ltr' id='par_1_40' title="bbox 1236 592 2305 830">
     <span class='ocr_line' id='line_1_120' title="bbox 1272 592 2302 636; baseline -0.007 -6"><span class='ocrx_word' id='word_1_814' title='bbox 1272 598 1471 636; x_wconf 77' lang='lat' dir='ltr'>Verum,quia</span> <span class='ocrx_word' id='word_1_815' title='bbox 1485 597 1522 628; x_wconf 91' lang='lat' dir='ltr'>de</span> <span class='ocrx_word' id='word_1_816' title='bbox 1537 597 1716 629; x_wconf 84' lang='lat' dir='ltr'>exauditione</span> <span class='ocrx_word' id='word_1_817' title='bbox 1730 597 1798 628; x_wconf 57' lang='lat' dir='ltr'>dieii</span> <span class='ocrx_word' id='word_1_818' title='bbox 1812 595 1901 628; x_wconf 88' lang='lat' dir='ltr'>nostri</span> <span class='ocrx_word' id='word_1_819' title='bbox 1915 593 2087 634; x_wconf 85' lang='lat' dir='ltr'>Rogaminis</span> <span class='ocrx_word' id='word_1_820' title='bbox 2100 592 2234 624; x_wconf 88' lang='lat' dir='ltr'>nondum</span> <span class='ocrx_word' id='word_1_821' title='bbox 2248 602 2302 624; x_wconf 92' lang='lat' dir='ltr'>no-</span> 
     </span>
     <span class='ocr_line' id='line_1_121' title="bbox 1236 632 2303 674; baseline -0.005 -7"><span class='ocrx_word' id='word_1_822' title='bbox 1236 637 1279 667; x_wconf 87' lang='lat' dir='ltr'>bis</span> <span class='ocrx_word' id='word_1_823' title='bbox 1301 637 1401 667; x_wconf 80' lang='lat' dir='ltr'>relatus</span> <span class='ocrx_word' id='word_1_824' title='bbox 1422 637 1511 667; x_wconf 85' lang='lat' dir='ltr'>extitit</span> <span class='ocrx_word' id='word_1_825' title='bbox 1532 637 1631 674; x_wconf 84' lang='lat' dir='ltr'>(quod</span> <span class='ocrx_word' id='word_1_826' title='bbox 1653 638 1736 668; x_wconf 82' lang='lat' dir='ltr'>anxie</span> <span class='ocrx_word' id='word_1_827' title='bbox 1745 638 1875 671; x_wconf 89' lang='lat' dir='ltr'>ferimus)</span> <span class='ocrx_word' id='word_1_828' title='bbox 1896 643 1990 665; x_wconf 86' lang='lat' dir='ltr'>certus</span> <span class='ocrx_word' id='word_1_829' title='bbox 2004 632 2136 672; x_wconf 84' lang='lat' dir='ltr'>Rumor,</span> <span class='ocrx_word' id='word_1_830' title='bbox 2154 633 2234 672; x_wconf 84' lang='lat' dir='ltr'>cogit</span> <span class='ocrx_word' id='word_1_831' title='bbox 2249 642 2303 663; x_wconf 90' lang='lat' dir='ltr'>nos</span> 
     </span>
     <span class='ocr_line' id='line_1_122' title="bbox 1236 671 2305 715; baseline -0.006 -9"><span class='ocrx_word' id='word_1_832' title='bbox 1236 676 1341 706; x_wconf 89' lang='lat' dir='ltr'>sincera</span> <span class='ocrx_word' id='word_1_833' title='bbox 1361 674 1495 713; x_wconf 66' lang='lat' dir='ltr'>affectio,</span> <span class='ocrx_word' id='word_1_834' title='bbox 1510 674 1567 714; x_wconf 70' lang='lat' dir='ltr'>qua</span> <span class='ocrx_word' id='word_1_835' title='bbox 1587 675 1668 715; x_wconf 86' lang='lat' dir='ltr'>ipfius</span> <span class='ocrx_word' id='word_1_836' title='bbox 1689 675 1795 706; x_wconf 86' lang='lat' dir='ltr'>Clerici</span> <span class='ocrx_word' id='word_1_837' title='bbox 1815 673 1905 705; x_wconf 88' lang='lat' dir='ltr'>nostri</span> <span class='ocrx_word' id='word_1_838' title='bbox 1920 672 2157 710; x_wconf 84' lang='lat' dir='ltr'>Promotionem,</span> <span class='ocrx_word' id='word_1_839' title='bbox 2175 671 2226 701; x_wconf 90' lang='lat' dir='ltr'>suis</span> <span class='ocrx_word' id='word_1_840' title='bbox 2240 672 2305 701; x_wconf 88' lang='lat' dir='ltr'>exi-</span> 
     </span>
     <span class='ocr_line' id='line_1_123' title="bbox 1236 709 2301 754; baseline -0.005 -10"><span class='ocrx_word' id='word_1_841' title='bbox 1236 715 1366 754; x_wconf 87' lang='lat' dir='ltr'>gentibus</span> <span class='ocrx_word' id='word_1_842' title='bbox 1385 714 1508 750; x_wconf 85' lang='lat' dir='ltr'>meritis,</span> <span class='ocrx_word' id='word_1_843' title='bbox 1531 715 1683 744; x_wconf 90' lang='lat' dir='ltr'>communi</span> <span class='ocrx_word' id='word_1_844' title='bbox 1705 715 1823 745; x_wconf 80' lang='lat' dir='ltr'>utilitate</span> <span class='ocrx_word' id='word_1_845' title='bbox 1843 714 1928 743; x_wconf 85' lang='lat' dir='ltr'>totius</span> <span class='ocrx_word' id='word_1_846' title='bbox 1948 711 2043 750; x_wconf 85' lang='lat' dir='ltr'>Regni</span> <span class='ocrx_word' id='word_1_847' title='bbox 2064 710 2152 740; x_wconf 83' lang='lat' dir='ltr'>nostn&#39;</span> <span class='ocrx_word' id='word_1_848' title='bbox 2171 709 2301 748; x_wconf 72' lang='lat' dir='ltr'>pensata,</span> 
     </span>
     <span class='ocr_line' id='line_1_124' title="bbox 1236 748 2301 793; baseline -0.005 -10"><span class='ocrx_word' id='word_1_849' title='bbox 1236 753 1403 783; x_wconf 87' lang='lat' dir='ltr'>visceraliter</span> <span class='ocrx_word' id='word_1_850' title='bbox 1424 759 1604 789; x_wconf 84' lang='lat' dir='ltr'>peroptamus</span> <span class='ocrx_word' id='word_1_851' title='bbox 1618 776 1628 790; x_wconf 85' lang='lat'>,</span> <span class='ocrx_word' id='word_1_852' title='bbox 1651 761 1682 783; x_wconf 89' lang='lat' dir='ltr'>ut</span> <span class='ocrx_word' id='word_1_853' title='bbox 1694 775 1704 791; x_wconf 91' lang='lat'>,</span> <span class='ocrx_word' id='word_1_854' title='bbox 1728 753 1807 793; x_wconf 89' lang='lat' dir='ltr'>super</span> <span class='ocrx_word' id='word_1_855' title='bbox 1830 751 1888 782; x_wconf 93' lang='lat' dir='ltr'>hoc</span> <span class='ocrx_word' id='word_1_856' title='bbox 1902 774 1912 790; x_wconf 86' lang='lat'>,</span> <span class='ocrx_word' id='word_1_857' title='bbox 1939 750 2128 788; x_wconf 79' lang='lat' dir='ltr'>multiplicatis</span> <span class='ocrx_word' id='word_1_858' title='bbox 2147 748 2301 787; x_wconf 81' lang='lat' dir='ltr'>Precibus,</span> 
     </span>
     <span class='ocr_line' id='line_1_125' title="bbox 1236 787 2228 830; baseline -0.004 -8"><span class='ocrx_word' id='word_1_859' title='bbox 1236 791 1406 830; x_wconf 83' lang='lat' dir='ltr'>Benignitati</span> <span class='ocrx_word' id='word_1_860' title='bbox 1426 789 1527 819; x_wconf 84' lang='lat' dir='ltr'>vestrae</span> <span class='ocrx_word' id='word_1_861' title='bbox 1546 790 1663 821; x_wconf 75' lang='lat' dir='ltr'>lucidius</span> <span class='ocrx_word' id='word_1_862' title='bbox 1675 793 1830 830; x_wconf 89' lang='lat' dir='ltr'>aperiamus</span> <span class='ocrx_word' id='word_1_863' title='bbox 1844 790 2010 821; x_wconf 80' lang='lat' dir='ltr'>desiderium</span> <span class='ocrx_word' id='word_1_864' title='bbox 2027 788 2120 819; x_wconf 90' lang='lat' dir='ltr'>cordis</span> <span class='ocrx_word' id='word_1_865' title='bbox 2133 787 2228 818; x_wconf 88' lang='lat' dir='ltr'>nostri.</span> 
     </span>
    </p>

    <p class='ocr_par' dir='ltr' id='par_1_41' title="bbox 1237 826 2305 1025">
     <span class='ocr_line' id='line_1_126' title="bbox 1277 826 2303 868; baseline -0.004 -8"><span class='ocrx_word' id='word_1_866' title='bbox 1277 828 1403 860; x_wconf 88' lang='lat' dir='ltr'>Proinde</span> <span class='ocrx_word' id='word_1_867' title='bbox 1418 828 1623 859; x_wconf 87' lang='lat' dir='ltr'>Beatitudinem</span> <span class='ocrx_word' id='word_1_868' title='bbox 1636 829 1775 868; x_wconf 88' lang='lat' dir='ltr'>vestram,</span> <span class='ocrx_word' id='word_1_869' title='bbox 1794 831 1901 868; x_wconf 83' lang='lat' dir='ltr'>quanto</span> <span class='ocrx_word' id='word_1_870' title='bbox 1915 828 2060 859; x_wconf 86' lang='lat' dir='ltr'>decentius</span> <span class='ocrx_word' id='word_1_871' title='bbox 2072 826 2234 865; x_wconf 75' lang='lat' dir='ltr'>possumus,</span> <span class='ocrx_word' id='word_1_872' title='bbox 2252 827 2303 856; x_wconf 86' lang='lat' dir='ltr'>ite-</span> 
     </span>
     <span class='ocr_line' id='line_1_127' title="bbox 1237 867 2302 906; baseline -0.004 -8"><span class='ocrx_word' id='word_1_873' title='bbox 1237 870 1300 898; x_wconf 83' lang='lat' dir='ltr'>rato</span> <span class='ocrx_word' id='word_1_874' title='bbox 1316 868 1445 897; x_wconf 87' lang='lat' dir='ltr'>duximus</span> <span class='ocrx_word' id='word_1_875' title='bbox 1457 868 1652 905; x_wconf 82' lang='lat' dir='ltr'>excitandam,</span> <span class='ocrx_word' id='word_1_876' title='bbox 1671 869 1798 906; x_wconf 88' lang='lat' dir='ltr'>quatinus</span> <span class='ocrx_word' id='word_1_877' title='bbox 1812 868 1846 898; x_wconf 89' lang='lat' dir='ltr'>ad</span> <span class='ocrx_word' id='word_1_878' title='bbox 1859 876 1984 906; x_wconf 88' lang='lat' dir='ltr'>exortas,</span> <span class='ocrx_word' id='word_1_879' title='bbox 2001 876 2065 897; x_wconf 90' lang='lat' dir='ltr'>ante</span> <span class='ocrx_word' id='word_1_880' title='bbox 2077 867 2140 897; x_wconf 84' lang='lat' dir='ltr'>liaec</span> <span class='ocrx_word' id='word_1_881' title='bbox 2155 874 2302 905; x_wconf 72' lang='lat' dir='ltr'>tempora,</span> 
     </span>
     <span class='ocr_line' id='line_1_128' title="bbox 1239 905 2301 950; baseline -0.001 -14"><span class='ocrx_word' id='word_1_882' title='bbox 1239 907 1268 937; x_wconf 87' lang='lat' dir='ltr'>in</span> <span class='ocrx_word' id='word_1_883' title='bbox 1284 906 1367 950; x_wconf 62' lang='lat' dir='ltr'>dicio</span> <span class='ocrx_word' id='word_1_884' title='bbox 1380 905 1487 949; x_wconf 78' lang='lat' dir='ltr'>Regno</span> <span class='ocrx_word' id='word_1_885' title='bbox 1500 905 1691 936; x_wconf 84' lang='lat' dir='ltr'>Diffenfiones</span> <span class='ocrx_word' id='word_1_886' title='bbox 1703 907 1736 937; x_wconf 92' lang='lat'>&amp;</span> <span class='ocrx_word' id='word_1_887' title='bbox 1749 906 1945 937; x_wconf 88' lang='lat' dir='ltr'>Contumelias</span> <span class='ocrx_word' id='word_1_888' title='bbox 1955 930 1965 945; x_wconf 89' lang='lat'>,</span> <span class='ocrx_word' id='word_1_889' title='bbox 1982 917 2063 946; x_wconf 57' lang='lat' dir='ltr'>quie,</span> <span class='ocrx_word' id='word_1_890' title='bbox 2083 916 2114 938; x_wconf 87' lang='lat' dir='ltr'>ut</span> <span class='ocrx_word' id='word_1_891' title='bbox 2127 907 2281 946; x_wconf 86' lang='lat' dir='ltr'>plurimum</span> <span class='ocrx_word' id='word_1_892' title='bbox 2293 926 2301 941; x_wconf 88' lang='lat'>‚</span> 
     </span>
     <span class='ocr_line' id='line_1_129' title="bbox 1237 943 2305 984; baseline -0.001 -8"><span class='ocrx_word' id='word_1_893' title='bbox 1237 955 1272 976; x_wconf 90' lang='lat' dir='ltr'>ex</span> <span class='ocrx_word' id='word_1_894' title='bbox 1292 944 1453 982; x_wconf 90' lang='lat' dir='ltr'>Tepiditate</span> <span class='ocrx_word' id='word_1_895' title='bbox 1472 943 1517 974; x_wconf 91' lang='lat' dir='ltr'>seu</span> <span class='ocrx_word' id='word_1_896' title='bbox 1536 943 1730 975; x_wconf 70' lang='lat' dir='ltr'>conniventia</span> <span class='ocrx_word' id='word_1_897' title='bbox 1750 945 1941 984; x_wconf 85' lang='lat' dir='ltr'>quorumdam</span> <span class='ocrx_word' id='word_1_898' title='bbox 1956 945 2168 977; x_wconf 78' lang='lat' dir='ltr'>Praeiidentiurn</span> <span class='ocrx_word' id='word_1_899' title='bbox 2183 946 2305 976; x_wconf 90' lang='lat' dir='ltr'>noscun-</span> 
     </span>
     <span class='ocr_line' id='line_1_130' title="bbox 1239 982 2124 1025; baseline 0 -9"><span class='ocrx_word' id='word_1_900' title='bbox 1239 993 1284 1016; x_wconf 93' lang='lat' dir='ltr'>tur</span> <span class='ocrx_word' id='word_1_901' title='bbox 1298 982 1476 1021; x_wconf 81' lang='lat' dir='ltr'>provenisse,</span> <span class='ocrx_word' id='word_1_902' title='bbox 1493 983 1548 1020; x_wconf 87' lang='lat' dir='ltr'>piae</span> <span class='ocrx_word' id='word_1_903' title='bbox 1560 983 1788 1013; x_wconf 80' lang='lat' dir='ltr'>considerationis</span> <span class='ocrx_word' id='word_1_904' title='bbox 1803 982 1961 1020; x_wconf 71' lang='lat' dir='ltr'>respectum</span> <span class='ocrx_word' id='word_1_905' title='bbox 1975 984 2106 1016; x_wconf 88' lang='lat' dir='ltr'>habentes</span> <span class='ocrx_word' id='word_1_906' title='bbox 2115 1009 2124 1025; x_wconf 82' lang='grc'>,</span> 
     </span>
    </p>

    <p class='ocr_par' dir='ltr' id='par_1_42' title="bbox 1238 1019 2307 1140">
     <span class='ocr_line' id='line_1_131' title="bbox 1279 1019 2306 1065; baseline 0.003 -13"><span class='ocrx_word' id='word_1_907' title='bbox 1279 1022 1431 1054; x_wconf 87' lang='lat' dir='ltr'>Personam</span> <span class='ocrx_word' id='word_1_908' title='bbox 1444 1021 1565 1060; x_wconf 89' lang='lat' dir='ltr'>ejusdem</span> <span class='ocrx_word' id='word_1_909' title='bbox 1576 1020 1683 1051; x_wconf 88' lang='lat' dir='ltr'>Clerici</span> <span class='ocrx_word' id='word_1_910' title='bbox 1690 1019 1796 1057; x_wconf 87' lang='lat' dir='ltr'>nostri(</span> <span class='ocrx_word' id='word_1_911' title='bbox 1803 1031 1889 1061; x_wconf 86' lang='lat' dir='ltr'>quem</span> <span class='ocrx_word' id='word_1_912' title='bbox 1897 1022 2042 1053; x_wconf 88' lang='lat' dir='ltr'>Virtutum</span> <span class='ocrx_word' id='word_1_913' title='bbox 2050 1024 2166 1056; x_wconf 88' lang='lat' dir='ltr'>donaria</span> <span class='ocrx_word' id='word_1_914' title='bbox 2172 1024 2306 1065; x_wconf 88' lang='lat' dir='ltr'>multipli-</span> 
     </span>
     <span class='ocr_line' id='line_1_132' title="bbox 1240 1059 2303 1099; baseline 0 -5"><span class='ocrx_word' id='word_1_915' title='bbox 1240 1064 1312 1094; x_wconf 91' lang='lat' dir='ltr'>citer</span> <span class='ocrx_word' id='word_1_916' title='bbox 1326 1061 1538 1098; x_wconf 77' lang='lat' dir='ltr'>condecorant,</span> <span class='ocrx_word' id='word_1_917' title='bbox 1557 1060 1676 1098; x_wconf 89' lang='lat' dir='ltr'>&amp;cujus</span> <span class='ocrx_word' id='word_1_918' title='bbox 1685 1061 1873 1091; x_wconf 87' lang='lat' dir='ltr'>maturitatem</span> <span class='ocrx_word' id='word_1_919' title='bbox 1887 1059 2023 1099; x_wconf 79' lang='lat' dir='ltr'>Consilii,</span> <span class='ocrx_word' id='word_1_920' title='bbox 2040 1063 2069 1092; x_wconf 88' lang='lat' dir='ltr'>iti</span> <span class='ocrx_word' id='word_1_921' title='bbox 2082 1063 2247 1094; x_wconf 87' lang='lat' dir='ltr'>nostrorum</span> <span class='ocrx_word' id='word_1_922' title='bbox 2262 1064 2303 1094; x_wconf 88' lang='lat' dir='ltr'>di-</span> 
     </span>
     <span class='ocr_line' id='line_1_133' title="bbox 1238 1098 2307 1140; baseline 0.001 -8"><span class='ocrx_word' id='word_1_923' title='bbox 1238 1102 1377 1140; x_wconf 87' lang='lat' dir='ltr'>positione</span> <span class='ocrx_word' id='word_1_924' title='bbox 1390 1099 1601 1139; x_wconf 84' lang='lat' dir='ltr'>Negotiorum,</span> <span class='ocrx_word' id='word_1_925' title='bbox 1619 1098 1764 1136; x_wconf 87' lang='lat' dir='ltr'>perutilem</span> <span class='ocrx_word' id='word_1_926' title='bbox 1779 1099 2001 1139; x_wconf 85' lang='lat' dir='ltr'>probabimus&amp;</span> <span class='ocrx_word' id='word_1_927' title='bbox 2010 1099 2136 1136; x_wconf 89' lang='lat' dir='ltr'>fidelem)</span> <span class='ocrx_word' id='word_1_928' title='bbox 2146 1103 2249 1133; x_wconf 91' lang='lat' dir='ltr'>habere</span> <span class='ocrx_word' id='word_1_929' title='bbox 2263 1103 2307 1133; x_wconf 90' lang='lat' dir='ltr'>di-</span> 
     </span>
    </p>

    <p class='ocr_par' dir='ltr' id='par_1_43' title="bbox 1239 1137 2308 1371">
     <span class='ocr_line' id='line_1_134' title="bbox 1260 1137 2307 1180; baseline -0.001 -11"><span class='ocrx_word' id='word_1_930' title='bbox 1260 1139 1367 1171; x_wconf 86' lang='lat' dir='ltr'>nemini</span> <span class='ocrx_word' id='word_1_931' title='bbox 1375 1139 1492 1178; x_wconf 88' lang='lat' dir='ltr'>paternis</span> <span class='ocrx_word' id='word_1_932' title='bbox 1505 1137 1652 1168; x_wconf 66' lang='lat' dir='ltr'>affectibus</span> <span class='ocrx_word' id='word_1_933' title='bbox 1664 1137 1914 1176; x_wconf 83' lang='lat' dir='ltr'>commendatam,</span> <span class='ocrx_word' id='word_1_934' title='bbox 1929 1138 2051 1176; x_wconf 85' lang='lat' dir='ltr'>fusasque</span> <span class='ocrx_word' id='word_1_935' title='bbox 2059 1149 2111 1177; x_wconf 90' lang='lat' dir='ltr'>pro</span> <span class='ocrx_word' id='word_1_936' title='bbox 2119 1141 2178 1180; x_wconf 91' lang='lat' dir='ltr'>ipso</span> <span class='ocrx_word' id='word_1_937' title='bbox 2193 1153 2208 1172; x_wconf 86' lang='lat' dir='ltr'>a</span> <span class='ocrx_word' id='word_1_938' title='bbox 2221 1142 2307 1172; x_wconf 71' lang='lat' dir='ltr'>nobis</span> 
     </span>
     <span class='ocr_line' id='line_1_135' title="bbox 1265 1175 2306 1219; baseline 0.002 -9"><span class='ocrx_word' id='word_1_939' title='bbox 1265 1188 1340 1210; x_wconf 87' lang='lat' dir='ltr'>reces</span> <span class='ocrx_word' id='word_1_940' title='bbox 1348 1202 1358 1217; x_wconf 91' lang='lat'>,</span> <span class='ocrx_word' id='word_1_941' title='bbox 1371 1178 1408 1209; x_wconf 88' lang='lat' dir='ltr'>sic</span> <span class='ocrx_word' id='word_1_942' title='bbox 1417 1200 1427 1216; x_wconf 90' lang='lat'>,</span> <span class='ocrx_word' id='word_1_943' title='bbox 1440 1175 1695 1216; x_wconf 72' lang='lat' dir='ltr'>Benignitateiolita</span> <span class='ocrx_word' id='word_1_944' title='bbox 1702 1176 1847 1215; x_wconf 87' lang='lat' dir='ltr'>,exaudire</span> <span class='ocrx_word' id='word_1_945' title='bbox 1853 1177 1970 1216; x_wconf 79' lang='lat' dir='ltr'>gratiose</span> <span class='ocrx_word' id='word_1_946' title='bbox 1978 1199 1987 1215; x_wconf 90' lang='lat'>‚</span> <span class='ocrx_word' id='word_1_947' title='bbox 2001 1178 2080 1214; x_wconf 81' lang='lat' dir='ltr'>quod</span> <span class='ocrx_word' id='word_1_948' title='bbox 2089 1180 2264 1219; x_wconf 90' lang='lat' dir='ltr'>tranquilitati</span> <span class='ocrx_word' id='word_1_949' title='bbox 2272 1182 2306 1212; x_wconf 88' lang='lat'>&amp;</span> 
     </span>
     <span class='ocr_line' id='line_1_136' title="bbox 1260 1215 2308 1257; baseline 0 -9"><span class='ocrx_word' id='word_1_950' title='bbox 1260 1220 1342 1254; x_wconf 88' lang='lat' dir='ltr'>uicti,</span> <span class='ocrx_word' id='word_1_951' title='bbox 1362 1226 1411 1254; x_wconf 92' lang='lat' dir='ltr'>per</span> <span class='ocrx_word' id='word_1_952' title='bbox 1424 1216 1506 1255; x_wconf 81' lang='lat' dir='ltr'>ipfius</span> <span class='ocrx_word' id='word_1_953' title='bbox 1524 1216 1760 1253; x_wconf 69' lang='lat' dir='ltr'>Praefefflonem,</span> <span class='ocrx_word' id='word_1_954' title='bbox 1778 1216 1956 1253; x_wconf 76' lang='lat' dir='ltr'>provideatur</span> <span class='ocrx_word' id='word_1_955' title='bbox 1970 1215 2041 1246; x_wconf 67' lang='lat' dir='ltr'>dieti</span> <span class='ocrx_word' id='word_1_956' title='bbox 2055 1215 2169 1255; x_wconf 81' lang='lat' dir='ltr'>Regni3</span> <span class='ocrx_word' id='word_1_957' title='bbox 2186 1219 2220 1250; x_wconf 90' lang='lat'>&amp;</span> <span class='ocrx_word' id='word_1_958' title='bbox 2234 1230 2308 1257; x_wconf 85' lang='lat' dir='ltr'>prae-</span> 
     </span>
     <span class='ocr_line' id='line_1_137' title="bbox 1239 1229 2308 1297; baseline 0.001 -9"><span class='ocrx_word' id='word_1_959' title='bbox 1239 1229 1314 1288; x_wconf 56' lang='lat' dir='ltr'>gieta</span> <span class='ocrx_word' id='word_1_960' title='bbox 1330 1255 1470 1293; x_wconf 87' lang='lat' dir='ltr'>Ecclesia,</span> <span class='ocrx_word' id='word_1_961' title='bbox 1488 1255 1538 1285; x_wconf 89' lang='lat' dir='ltr'>sub</span> <span class='ocrx_word' id='word_1_962' title='bbox 1550 1256 1633 1293; x_wconf 89' lang='lat' dir='ltr'>ipsius</span> <span class='ocrx_word' id='word_1_963' title='bbox 1648 1255 1694 1285; x_wconf 91' lang='lat' dir='ltr'>Re</span> <span class='ocrx_word' id='word_1_964' title='bbox 1714 1255 1820 1292; x_wconf 86' lang='lat' dir='ltr'>imine,</span> <span class='ocrx_word' id='word_1_965' title='bbox 1838 1255 1960 1286; x_wconf 85' lang='lat' dir='ltr'>salutaria</span> <span class='ocrx_word' id='word_1_966' title='bbox 1973 1255 2147 1286; x_wconf 89' lang='lat' dir='ltr'>incrementa</span> <span class='ocrx_word' id='word_1_967' title='bbox 2160 1257 2284 1296; x_wconf 89' lang='lat' dir='ltr'>suscipiat</span> <span class='ocrx_word' id='word_1_968' title='bbox 2296 1282 2308 1297; x_wconf 82' lang='lat'>,</span> 
     </span>
     <span class='ocr_line' id='line_1_138' title="bbox 1240 1293 1691 1334; baseline -0.004 -7"><span class='ocrx_word' id='word_1_969' title='bbox 1240 1295 1390 1334; x_wconf 86' lang='lat' dir='ltr'>nostraque</span> <span class='ocrx_word' id='word_1_970' title='bbox 1408 1295 1441 1325; x_wconf 89' lang='lat'>&amp;</span> <span class='ocrx_word' id='word_1_971' title='bbox 1457 1293 1578 1331; x_wconf 89' lang='lat' dir='ltr'>ejusdem</span> <span class='ocrx_word' id='word_1_972' title='bbox 1594 1295 1691 1334; x_wconf 87' lang='lat' dir='ltr'>Regni</span> 
     </span>
     <span class='ocr_line' id='line_1_139' title="bbox 1283 1332 1540 1371; baseline -0.012 -7"><span class='ocrx_word' id='word_1_973' title='bbox 1283 1332 1440 1364; x_wconf 87' lang='lat' dir='ltr'>Conservet</span> <span class='ocrx_word' id='word_1_974' title='bbox 1453 1356 1462 1371; x_wconf 90' lang='lat'>,</span> <span class='ocrx_word' id='word_1_975' title='bbox 1480 1334 1540 1363; x_wconf 88' lang='lat' dir='ltr'>&amp;c.</span> 
     </span>
    </p>
   </div>
   <div class='ocr_carea' id='block_1_25' title="bbox 1315 1370 2149 1413">
    <p class='ocr_par' dir='ltr' id='par_1_44' title="bbox 1315 1370 2149 1413">
     <span class='ocr_line' id='line_1_140' title="bbox 1315 1370 2149 1413; baseline 0.002 -11"><span class='ocrx_word' id='word_1_976' title='bbox 1315 1371 1384 1402; x_wconf 87' lang='lat' dir='ltr'>Dat.</span> <span class='ocrx_word' id='word_1_977' title='bbox 1403 1371 1477 1413; x_wconf 91' lang='lat' dir='ltr'>apud</span> <span class='ocrx_word' id='word_1_978' title='bbox 1499 1370 1709 1412; x_wconf 77' lang='lat' dir='ltr'>Bissiopthorp,</span> <span class='ocrx_word' id='word_1_979' title='bbox 1725 1371 1862 1404; x_wconf 90' lang='lat' dir='ltr'>vicesimo</span> <span class='ocrx_word' id='word_1_980' title='bbox 1879 1372 1986 1404; x_wconf 69' lang='lat' dir='ltr'>octavo</span> <span class='ocrx_word' id='word_1_981' title='bbox 2001 1371 2047 1403; x_wconf 89' lang='lat' dir='ltr'>die</span> <span class='ocrx_word' id='word_1_982' title='bbox 2066 1370 2149 1404; x_wconf 88' lang='lat' dir='ltr'>Maii.</span> 
     </span>
    </p>
   </div>
   <div class='ocr_carea' id='block_1_26' title="bbox 1741 1292 2268 1335">
    <p class='ocr_par' dir='ltr' id='par_1_45' title="bbox 1741 1292 2268 1335">
     <span class='ocr_line' id='line_1_141' title="bbox 1741 1292 2268 1335; baseline 0.006 -12"><span class='ocrx_word' id='word_1_983' title='bbox 1741 1295 1836 1331; x_wconf 87' lang='lat' dir='ltr'>egotia</span> <span class='ocrx_word' id='word_1_984' title='bbox 1851 1293 1950 1324; x_wconf 81' lang='lat' dir='ltr'>exinde</span> <span class='ocrx_word' id='word_1_985' title='bbox 1961 1292 2092 1325; x_wconf 80' lang='lat' dir='ltr'>salubrius</span> <span class='ocrx_word' id='word_1_986' title='bbox 2107 1294 2268 1335; x_wconf 83' lang='lat' dir='ltr'>dirigantur.</span> 
     </span>
    </p>
   </div>
   <div class='ocr_carea' id='block_1_27' title="bbox 1453 1498 2097 1547">
    <p class='ocr_par' dir='ltr' id='par_1_46' title="bbox 1453 1498 2097 1547">
     <span class='ocr_line' id='line_1_142' title="bbox 1453 1498 2097 1547; baseline 0.008 -14"><span class='ocrx_word' id='word_1_987' title='bbox 1453 1499 1513 1533; x_wconf 81' lang='lat' dir='ltr'>Ad</span> <span class='ocrx_word' id='word_1_988' title='bbox 1537 1498 1733 1543; x_wconf 79' lang='lat' dir='ltr'>Cardinales,</span> <span class='ocrx_word' id='word_1_989' title='bbox 1750 1511 1807 1547; x_wconf 88' lang='lat' dir='ltr'>pro</span> <span class='ocrx_word' id='word_1_990' title='bbox 1835 1499 1936 1534; x_wconf 84' lang='lat' dir='ltr'>eodem</span> <span class='ocrx_word' id='word_1_991' title='bbox 1961 1500 2097 1539; x_wconf 78' lang='lat' dir='ltr'>Roberto.</span> 
     </span>
    </p>
   </div>
   <div class='ocr_carea' id='block_1_28' title="bbox 1244 1584 2325 2950">
    <p class='ocr_par' dir='ltr' id='par_1_47' title="bbox 1315 1584 2308 1625">
     <span class='ocr_line' id='line_1_143' title="bbox 1315 1584 2308 1625; baseline 0.009 -9"><span class='ocrx_word' id='word_1_992' title='bbox 1315 1585 1457 1617; x_wconf 87' lang='lat' dir='ltr'>Enerabili</span> <span class='ocrx_word' id='word_1_993' title='bbox 1481 1587 1508 1617; x_wconf 87' lang='lat' dir='ltr'>in</span> <span class='ocrx_word' id='word_1_994' title='bbox 1533 1585 1652 1616; x_wconf 85' lang='lat' dir='ltr'>Christo</span> <span class='ocrx_word' id='word_1_995' title='bbox 1673 1584 1750 1617; x_wconf 88' lang='lat' dir='ltr'>Patri</span> <span class='ocrx_word' id='word_1_996' title='bbox 1785 1585 1921 1618; x_wconf 91' lang='lat' dir='ltr'>Domino</span> <span class='ocrx_word' id='word_1_997' title='bbox 1943 1588 1985 1620; x_wconf 92' lang='lat' dir='ltr'>G.</span> <span class='ocrx_word' id='word_1_998' title='bbox 2008 1588 2068 1621; x_wconf 85' lang='lat' dir='ltr'>Dei</span> <span class='ocrx_word' id='word_1_999' title='bbox 2109 1591 2177 1623; x_wconf 72' lang='lat' dir='ltr'>ratii&#39;i</span> <span class='ocrx_word' id='word_1_1000' title='bbox 2215 1592 2308 1625; x_wconf 89' lang='lat' dir='ltr'>Tituli</span> 
     </span>
    </p>

    <p class='ocr_par' dir='ltr' id='par_1_48' title="bbox 1244 1610 2311 1737">
     <span class='ocr_line' id='line_1_144' title="bbox 1327 1610 2308 1670; baseline 0.007 -14"><span class='ocrx_word' id='word_1_1001' title='bbox 1327 1625 1499 1669; x_wconf 62' lang='lat' dir='ltr'>Sanetorum</span> <span class='ocrx_word' id='word_1_1002' title='bbox 1518 1624 1678 1656; x_wconf 91' lang='lat' dir='ltr'>Marcellini</span> <span class='ocrx_word' id='word_1_1003' title='bbox 1697 1626 1730 1656; x_wconf 69' lang='grc' dir='ltr'>ὃς</span> <span class='ocrx_word' id='word_1_1004' title='bbox 1749 1610 1825 1656; x_wconf 77' lang='lat' dir='ltr'>s&gt;etri</span> <span class='ocrx_word' id='word_1_1005' title='bbox 1843 1626 2002 1659; x_wconf 63' lang='lat' dir='ltr'>Prssbitero</span> <span class='ocrx_word' id='word_1_1006' title='bbox 2020 1628 2079 1661; x_wconf 89' lang='lat' dir='ltr'>Car</span> <span class='ocrx_word' id='word_1_1007' title='bbox 2099 1615 2308 1670; x_wconf 71' lang='lat' dir='ltr'>inali,’Amico</span> 
     </span>
     <span class='ocr_line' id='line_1_145' title="bbox 1244 1663 2311 1709; baseline 0.007 -14"><span class='ocrx_word' id='word_1_1008' title='bbox 1244 1668 1294 1698; x_wconf 82' lang='lat' dir='ltr'>suo</span> <span class='ocrx_word' id='word_1_1009' title='bbox 1309 1664 1466 1702; x_wconf 67' lang='lat' dir='ltr'>carissimo,</span> <span class='ocrx_word' id='word_1_1010' title='bbox 1483 1663 1658 1704; x_wconf 76' lang='lat' dir='ltr'>Edwaidus,</span> <span class='ocrx_word' id='word_1_1011' title='bbox 1673 1665 1793 1704; x_wconf 84' lang='lat' dir='ltr'>ejusdem</span> <span class='ocrx_word' id='word_1_1012' title='bbox 1805 1666 1908 1705; x_wconf 74' lang='lat' dir='ltr'>gratia,</span> <span class='ocrx_word' id='word_1_1013' title='bbox 1924 1666 1986 1698; x_wconf 66' lang='grc' dir='ltr'>ὅτε.</span> <span class='ocrx_word' id='word_1_1014' title='bbox 1999 1668 2131 1709; x_wconf 84' lang='lat' dir='ltr'>salutern,</span> <span class='ocrx_word' id='word_1_1015' title='bbox 2149 1670 2183 1702; x_wconf 92' lang='lat'>&amp;</span> <span class='ocrx_word' id='word_1_1016' title='bbox 2196 1671 2311 1703; x_wconf 86' lang='lat' dir='ltr'>smeerae</span> 
     </span>
     <span class='ocr_line' id='line_1_146' title="bbox 1245 1703 1578 1737; baseline -0.012 0"><span class='ocrx_word' id='word_1_1017' title='bbox 1245 1706 1418 1737; x_wconf 69' lang='lat' dir='ltr'>Dilectionis</span> <span class='ocrx_word' id='word_1_1018' title='bbox 1432 1703 1578 1735; x_wconf 66' lang='lat' dir='ltr'>affeetum.</span> 
     </span>
    </p>

    <p class='ocr_par' dir='ltr' id='par_1_49' title="bbox 1245 1743 2313 2016">
     <span class='ocr_line' id='line_1_147' title="bbox 1282 1743 2312 1787; baseline 0.006 -12"><span class='ocrx_word' id='word_1_1019' title='bbox 1282 1744 1478 1775; x_wconf 72' lang='lat' dir='ltr'>Revolventes</span> <span class='ocrx_word' id='word_1_1020' title='bbox 1497 1753 1602 1783; x_wconf 87' lang='lat' dir='ltr'>nuper,</span> <span class='ocrx_word' id='word_1_1021' title='bbox 1620 1743 1692 1774; x_wconf 83' lang='lat' dir='ltr'>intra</span> <span class='ocrx_word' id='word_1_1022' title='bbox 1708 1745 1811 1774; x_wconf 89' lang='lat' dir='ltr'>mentis</span> <span class='ocrx_word' id='word_1_1023' title='bbox 1822 1743 1926 1775; x_wconf 86' lang='lat' dir='ltr'>nostrae</span> <span class='ocrx_word' id='word_1_1024' title='bbox 1941 1746 2114 1787; x_wconf 86' lang='lat' dir='ltr'>praecordia,</span> <span class='ocrx_word' id='word_1_1025' title='bbox 2132 1758 2197 1787; x_wconf 86' lang='lat' dir='ltr'>quae</span> <span class='ocrx_word' id='word_1_1026' title='bbox 2212 1748 2312 1781; x_wconf 91' lang='lat' dir='ltr'>Nobis</span> 
     </span>
     <span class='ocr_line' id='line_1_148' title="bbox 1247 1782 2312 1823; baseline 0.004 -8"><span class='ocrx_word' id='word_1_1027' title='bbox 1247 1784 1280 1815; x_wconf 90' lang='lat'>&amp;</span> <span class='ocrx_word' id='word_1_1028' title='bbox 1302 1783 1409 1822; x_wconf 86' lang='lat' dir='ltr'>Regno</span> <span class='ocrx_word' id='word_1_1029' title='bbox 1427 1782 1524 1813; x_wconf 88' lang='lat' dir='ltr'>nostro</span> <span class='ocrx_word' id='word_1_1030' title='bbox 1537 1783 1707 1823; x_wconf 83' lang='lat' dir='ltr'>prorulerant</span> <span class='ocrx_word' id='word_1_1031' title='bbox 1721 1782 1872 1820; x_wconf 89' lang='lat' dir='ltr'>Dispendia</span> <span class='ocrx_word' id='word_1_1032' title='bbox 1885 1785 2076 1820; x_wconf 90' lang='lat' dir='ltr'>quorumdam</span> <span class='ocrx_word' id='word_1_1033' title='bbox 2091 1786 2238 1818; x_wconf 84' lang='lat' dir='ltr'>indiscreta</span> <span class='ocrx_word' id='word_1_1034' title='bbox 2248 1787 2312 1819; x_wconf 81' lang='lat' dir='ltr'>Re-</span> 
     </span>
     <span class='ocr_line' id='line_1_149' title="bbox 1245 1821 2313 1865; baseline 0.003 -11"><span class='ocrx_word' id='word_1_1035' title='bbox 1245 1824 1353 1861; x_wconf 87' lang='lat' dir='ltr'>gimina</span> <span class='ocrx_word' id='word_1_1036' title='bbox 1372 1822 1557 1853; x_wconf 82' lang='lat' dir='ltr'>praelatorum</span> <span class='ocrx_word' id='word_1_1037' title='bbox 1574 1831 1581 1851; x_wconf 87' lang='lat'>:</span> <span class='ocrx_word' id='word_1_1038' title='bbox 1608 1821 1843 1861; x_wconf 85' lang='lat' dir='ltr'>desiderantesque</span> <span class='ocrx_word' id='word_1_1039' title='bbox 1867 1823 1982 1861; x_wconf 82' lang='lat' dir='ltr'>talibus,</span> <span class='ocrx_word' id='word_1_1040' title='bbox 2001 1823 2149 1862; x_wconf 89' lang='lat' dir='ltr'>Majorum</span> <span class='ocrx_word' id='word_1_1041' title='bbox 2169 1827 2313 1865; x_wconf 79' lang='lat' dir='ltr'>praecipue</span> 
     </span>
     <span class='ocr_line' id='line_1_150' title="bbox 1246 1859 2312 1903; baseline 0.005 -11"><span class='ocrx_word' id='word_1_1042' title='bbox 1246 1862 1397 1900; x_wconf 87' lang='lat' dir='ltr'>locorum,</span> <span class='ocrx_word' id='word_1_1043' title='bbox 1416 1862 1444 1891; x_wconf 90' lang='lat' dir='ltr'>in</span> <span class='ocrx_word' id='word_1_1044' title='bbox 1464 1860 1567 1891; x_wconf 91' lang='lat' dir='ltr'>eodem</span> <span class='ocrx_word' id='word_1_1045' title='bbox 1588 1859 1708 1900; x_wconf 83' lang='lat' dir='ltr'>Regno,</span> <span class='ocrx_word' id='word_1_1046' title='bbox 1734 1862 1880 1892; x_wconf 88' lang='lat' dir='ltr'>committi</span> <span class='ocrx_word' id='word_1_1047' title='bbox 1903 1860 2073 1902; x_wconf 85' lang='lat' dir='ltr'>Regimina,</span> <span class='ocrx_word' id='word_1_1048' title='bbox 2090 1865 2155 1903; x_wconf 87' lang='lat' dir='ltr'>qui,</span> <span class='ocrx_word' id='word_1_1049' title='bbox 2174 1865 2312 1897; x_wconf 84' lang='lat' dir='ltr'>virtutum</span> 
     </span>
     <span class='ocr_line' id='line_1_151' title="bbox 1248 1898 2313 1943; baseline 0.002 -11"><span class='ocrx_word' id='word_1_1050' title='bbox 1248 1901 1331 1932; x_wconf 91' lang='lat' dir='ltr'>donis</span> <span class='ocrx_word' id='word_1_1051' title='bbox 1351 1901 1505 1940; x_wconf 88' lang='lat' dir='ltr'>praeventi,</span> <span class='ocrx_word' id='word_1_1052' title='bbox 1523 1899 1662 1937; x_wconf 70' lang='lat' dir='ltr'>subjectos</span> <span class='ocrx_word' id='word_1_1053' title='bbox 1675 1899 1726 1929; x_wconf 80' lang='lat' dir='ltr'>libi</span> <span class='ocrx_word' id='word_1_1054' title='bbox 1738 1898 1866 1937; x_wconf 87' lang='lat' dir='ltr'>Populos</span> <span class='ocrx_word' id='word_1_1055' title='bbox 1881 1901 2014 1932; x_wconf 90' lang='lat' dir='ltr'>noverint</span> <span class='ocrx_word' id='word_1_1056' title='bbox 2024 1901 2165 1933; x_wconf 83' lang='lat' dir='ltr'>salubriter</span> <span class='ocrx_word' id='word_1_1057' title='bbox 2177 1903 2313 1943; x_wconf 83' lang='lat' dir='ltr'>dirigere,</span> 
     </span>
     <span class='ocr_line' id='line_1_152' title="bbox 1248 1939 2313 1980; baseline 0.001 -9"><span class='ocrx_word' id='word_1_1058' title='bbox 1248 1941 1281 1971; x_wconf 90' lang='lat'>&amp;</span> <span class='ocrx_word' id='word_1_1059' title='bbox 1299 1941 1382 1970; x_wconf 89' lang='lat' dir='ltr'>nobis</span> <span class='ocrx_word' id='word_1_1060' title='bbox 1403 1940 1504 1977; x_wconf 91' lang='lat' dir='ltr'>etiam,</span> <span class='ocrx_word' id='word_1_1061' title='bbox 1524 1939 1552 1968; x_wconf 88' lang='lat' dir='ltr'>in</span> <span class='ocrx_word' id='word_1_1062' title='bbox 1574 1939 1846 1978; x_wconf 88' lang='lat' dir='ltr'>opportunitatibus,</span> <span class='ocrx_word' id='word_1_1063' title='bbox 1863 1939 1995 1971; x_wconf 83' lang='lat' dir='ltr'>Consiliis</span> <span class='ocrx_word' id='word_1_1064' title='bbox 2017 1939 2154 1980; x_wconf 85' lang='lat' dir='ltr'>assistere,</span> <span class='ocrx_word' id='word_1_1065' title='bbox 2171 1942 2201 1972; x_wconf 90' lang='lat' dir='ltr'>in</span> <span class='ocrx_word' id='word_1_1066' title='bbox 2215 1943 2313 1974; x_wconf 89' lang='lat' dir='ltr'>immi-</span> 
     </span>
     <span class='ocr_line' id='line_1_153' title="bbox 1249 1977 1859 2016; baseline -0.005 -6"><span class='ocrx_word' id='word_1_1067' title='bbox 1249 1978 1380 2010; x_wconf 92' lang='lat' dir='ltr'>nentibus</span> <span class='ocrx_word' id='word_1_1068' title='bbox 1392 1979 1475 2009; x_wconf 90' lang='lat' dir='ltr'>nobis</span> <span class='ocrx_word' id='word_1_1069' title='bbox 1489 1977 1634 2008; x_wconf 86' lang='lat' dir='ltr'>Oneribus</span> <span class='ocrx_word' id='word_1_1070' title='bbox 1646 1977 1838 2016; x_wconf 80' lang='lat' dir='ltr'>supportandis</span> <span class='ocrx_word' id='word_1_1071' title='bbox 1853 1987 1859 2007; x_wconf 89' lang='lat'>:</span> 
     </span>
    </p>

    <p class='ocr_par' dir='ltr' id='par_1_50' title="bbox 1248 2016 2317 2406">
     <span class='ocr_line' id='line_1_154' title="bbox 1286 2016 2314 2058; baseline 0.002 -10"><span class='ocrx_word' id='word_1_1072' title='bbox 1286 2016 1417 2048; x_wconf 88' lang='lat' dir='ltr'>Vestram</span> <span class='ocrx_word' id='word_1_1073' title='bbox 1441 2016 1640 2048; x_wconf 88' lang='lat' dir='ltr'>Paternitatem</span> <span class='ocrx_word' id='word_1_1074' title='bbox 1663 2017 1726 2047; x_wconf 73' lang='lat' dir='ltr'>alias</span> <span class='ocrx_word' id='word_1_1075' title='bbox 1746 2016 1902 2047; x_wconf 60' lang='lat' dir='ltr'>affectuose</span> <span class='ocrx_word' id='word_1_1076' title='bbox 1922 2017 2106 2048; x_wconf 88' lang='lat' dir='ltr'>meminimus</span> <span class='ocrx_word' id='word_1_1077' title='bbox 2124 2028 2178 2049; x_wconf 87' lang='lat' dir='ltr'>nos</span> <span class='ocrx_word' id='word_1_1078' title='bbox 2188 2018 2314 2058; x_wconf 59' lang='lat' dir='ltr'>rogissb,</span> 
     </span>
     <span class='ocr_line' id='line_1_155' title="bbox 1249 2054 2314 2095; baseline 0.001 -8"><span class='ocrx_word' id='word_1_1079' title='bbox 1249 2057 1396 2095; x_wconf 87' lang='lat' dir='ltr'>quatinus,</span> <span class='ocrx_word' id='word_1_1080' title='bbox 1414 2065 1500 2095; x_wconf 87' lang='lat' dir='ltr'>penes</span> <span class='ocrx_word' id='word_1_1081' title='bbox 1516 2055 1683 2087; x_wconf 89' lang='lat' dir='ltr'>Dominum</span> <span class='ocrx_word' id='word_1_1082' title='bbox 1705 2055 1861 2085; x_wconf 90' lang='lat' dir='ltr'>Summum</span> <span class='ocrx_word' id='word_1_1083' title='bbox 1882 2054 2054 2086; x_wconf 84' lang='lat' dir='ltr'>Pontificem</span> <span class='ocrx_word' id='word_1_1084' title='bbox 2074 2060 2082 2087; x_wconf 87' lang='grc'><strong>(</strong></span> <span class='ocrx_word' id='word_1_1085' title='bbox 2092 2058 2139 2087; x_wconf 91' lang='lat' dir='ltr'>cui</span> <span class='ocrx_word' id='word_1_1086' title='bbox 2159 2057 2240 2095; x_wconf 88' lang='lat' dir='ltr'>super</span> <span class='ocrx_word' id='word_1_1087' title='bbox 2256 2057 2314 2089; x_wconf 90' lang='lat' dir='ltr'>hoc</span> 
     </span>
     <span class='ocr_line' id='line_1_156' title="bbox 1248 2093 2315 2135; baseline 0 -8"><span class='ocrx_word' id='word_1_1088' title='bbox 1248 2096 1400 2127; x_wconf 84' lang='lat' dir='ltr'>direximus</span> <span class='ocrx_word' id='word_1_1089' title='bbox 1422 2104 1518 2133; x_wconf 89' lang='lat' dir='ltr'>preces</span> <span class='ocrx_word' id='word_1_1090' title='bbox 1538 2094 1660 2131; x_wconf 86' lang='lat' dir='ltr'>nostras)</span> <span class='ocrx_word' id='word_1_1091' title='bbox 1677 2094 1890 2133; x_wconf 85' lang='lat' dir='ltr'>interponeretis</span> <span class='ocrx_word' id='word_1_1092' title='bbox 1912 2103 1982 2125; x_wconf 90' lang='lat' dir='ltr'>cum</span> <span class='ocrx_word' id='word_1_1093' title='bbox 2004 2093 2134 2126; x_wconf 74' lang='lat' dir='ltr'>efficacia</span> <span class='ocrx_word' id='word_1_1094' title='bbox 2148 2105 2245 2135; x_wconf 88' lang='lat' dir='ltr'>preces</span> <span class='ocrx_word' id='word_1_1095' title='bbox 2264 2107 2315 2128; x_wconf 86' lang='lat' dir='ltr'>ve-</span> 
     </span>
     <span class='ocr_line' id='line_1_157' title="bbox 1249 2132 2316 2175; baseline 0 -9"><span class='ocrx_word' id='word_1_1096' title='bbox 1249 2135 1330 2174; x_wconf 90' lang='lat' dir='ltr'>stras,</span> <span class='ocrx_word' id='word_1_1097' title='bbox 1349 2144 1380 2166; x_wconf 92' lang='lat' dir='ltr'>ut</span> <span class='ocrx_word' id='word_1_1098' title='bbox 1403 2134 1459 2175; x_wconf 90' lang='lat' dir='ltr'>ipse</span> <span class='ocrx_word' id='word_1_1099' title='bbox 1481 2135 1551 2173; x_wconf 89' lang='lat' dir='ltr'>(pro</span> <span class='ocrx_word' id='word_1_1100' title='bbox 1570 2134 1718 2165; x_wconf 90' lang='lat' dir='ltr'>communi</span> <span class='ocrx_word' id='word_1_1101' title='bbox 1736 2133 1852 2164; x_wconf 89' lang='lat' dir='ltr'>utilitate</span> <span class='ocrx_word' id='word_1_1102' title='bbox 1864 2132 1963 2169; x_wconf 88' lang='lat' dir='ltr'>Regni</span> <span class='ocrx_word' id='word_1_1103' title='bbox 1977 2133 2081 2169; x_wconf 88' lang='lat' dir='ltr'>nostri)</span> <span class='ocrx_word' id='word_1_1104' title='bbox 2098 2134 2249 2166; x_wconf 89' lang='lat' dir='ltr'>discretum</span> <span class='ocrx_word' id='word_1_1105' title='bbox 2262 2134 2316 2166; x_wconf 86' lang='lat' dir='ltr'>Vi-</span> 
     </span>
     <span class='ocr_line' id='line_1_158' title="bbox 1250 2171 2316 2212; baseline 0 -7"><span class='ocrx_word' id='word_1_1106' title='bbox 1250 2184 1316 2205; x_wconf 90' lang='lat' dir='ltr'>rum</span> <span class='ocrx_word' id='word_1_1107' title='bbox 1336 2175 1369 2206; x_wconf 90' lang='lat'>&amp;</span> <span class='ocrx_word' id='word_1_1108' title='bbox 1385 2173 1516 2204; x_wconf 89' lang='lat' dir='ltr'>nostrum</span> <span class='ocrx_word' id='word_1_1109' title='bbox 1533 2172 1681 2204; x_wconf 88' lang='lat' dir='ltr'>Clericum</span> <span class='ocrx_word' id='word_1_1110' title='bbox 1697 2172 1896 2211; x_wconf 89' lang='lat' dir='ltr'>Familiarem,</span> <span class='ocrx_word' id='word_1_1111' title='bbox 1917 2171 2085 2212; x_wconf 83' lang='lat' dir='ltr'>Magistrum</span> <span class='ocrx_word' id='word_1_1112' title='bbox 2099 2172 2264 2204; x_wconf 87' lang='lat' dir='ltr'>Robertum</span> <span class='ocrx_word' id='word_1_1113' title='bbox 2278 2174 2316 2205; x_wconf 90' lang='lat' dir='ltr'>de</span> 
     </span>
     <span class='ocr_line' id='line_1_159' title="bbox 1250 2210 2317 2250; baseline 0 -7"><span class='ocrx_word' id='word_1_1114' title='bbox 1250 2213 1356 2244; x_wconf 90' lang='lat' dir='ltr'>Baldok</span> <span class='ocrx_word' id='word_1_1115' title='bbox 1394 2213 1638 2243; x_wconf 88' lang='lat' dir='ltr'>Archidiaconum</span> <span class='ocrx_word' id='word_1_1116' title='bbox 1662 2210 1853 2242; x_wconf 84' lang='lat' dir='ltr'>Middlesexiae</span> <span class='ocrx_word' id='word_1_1117' title='bbox 1877 2211 1999 2245; x_wconf 91' lang='lat' dir='ltr'>(Virum</span> <span class='ocrx_word' id='word_1_1118' title='bbox 2021 2213 2117 2250; x_wconf 91' lang='lat' dir='ltr'>utique</span> <span class='ocrx_word' id='word_1_1119' title='bbox 2138 2212 2317 2243; x_wconf 82' lang='lat' dir='ltr'>Moribus&amp;</span> 
     </span>
     <span class='ocr_line' id='line_1_160' title="bbox 1252 2238 2315 2291; baseline -0.001 -9"><span class='ocrx_word' id='word_1_1120' title='bbox 1252 2238 1376 2283; x_wconf 55' lang='lat' dir='ltr'>Scientizi</span> <span class='ocrx_word' id='word_1_1121' title='bbox 1395 2251 1620 2291; x_wconf 84' lang='lat' dir='ltr'>praecellentem,</span> <span class='ocrx_word' id='word_1_1122' title='bbox 1637 2251 1669 2282; x_wconf 90' lang='lat'>&amp;</span> <span class='ocrx_word' id='word_1_1123' title='bbox 1693 2252 1721 2280; x_wconf 91' lang='lat' dir='ltr'>in</span> <span class='ocrx_word' id='word_1_1124' title='bbox 1739 2251 1818 2288; x_wconf 90' lang='lat' dir='ltr'>cujus</span> <span class='ocrx_word' id='word_1_1125' title='bbox 1838 2249 1965 2280; x_wconf 80' lang='lat' dir='ltr'>circuiris</span> <span class='ocrx_word' id='word_1_1126' title='bbox 1995 2249 2097 2280; x_wconf 60' lang='lat' dir='ltr'>{tionis</span> <span class='ocrx_word' id='word_1_1127' title='bbox 2116 2250 2149 2281; x_wconf 72' lang='grc' dir='ltr'>ὅτ</span> <span class='ocrx_word' id='word_1_1128' title='bbox 2172 2251 2315 2281; x_wconf 61' lang='lat' dir='ltr'>industri-ie</span> 
     </span>
     <span class='ocr_line' id='line_1_161' title="bbox 1252 2289 2315 2330; baseline -0.002 -9"><span class='ocrx_word' id='word_1_1129' title='bbox 1252 2291 1444 2330; x_wconf 84' lang='lat' dir='ltr'>magnitudine</span> <span class='ocrx_word' id='word_1_1130' title='bbox 1462 2292 1574 2329; x_wconf 88' lang='lat' dir='ltr'>plenam</span> <span class='ocrx_word' id='word_1_1131' title='bbox 1595 2289 1724 2320; x_wconf 82' lang='lat' dir='ltr'>fiduciam</span> <span class='ocrx_word' id='word_1_1132' title='bbox 1739 2291 1930 2328; x_wconf 86' lang='lat' dir='ltr'>reportamus)</span> <span class='ocrx_word' id='word_1_1133' title='bbox 1980 2289 2096 2327; x_wconf 85' lang='lat' dir='ltr'>egimini</span> <span class='ocrx_word' id='word_1_1134' title='bbox 2110 2289 2315 2320; x_wconf 76' lang='lat' dir='ltr'>VVinronienfis</span> 
     </span>
     <span class='ocr_line' id='line_1_162' title="bbox 1252 2327 2314 2368; baseline -0.001 -9"><span class='ocrx_word' id='word_1_1135' title='bbox 1252 2329 1404 2367; x_wconf 78' lang='lat' dir='ltr'>Eccleliae,</span> <span class='ocrx_word' id='word_1_1136' title='bbox 1421 2330 1475 2367; x_wconf 84' lang='lat' dir='ltr'>jam</span> <span class='ocrx_word' id='word_1_1137' title='bbox 1496 2330 1634 2367; x_wconf 84' lang='lat' dir='ltr'>vacantis,</span> <span class='ocrx_word' id='word_1_1138' title='bbox 1652 2337 1818 2368; x_wconf 78' lang='lat' dir='ltr'>praeponere</span> <span class='ocrx_word' id='word_1_1139' title='bbox 1837 2327 1983 2366; x_wconf 81' lang='lat' dir='ltr'>dignetur,</span> <span class='ocrx_word' id='word_1_1140' title='bbox 2001 2327 2037 2358; x_wconf 90' lang='lat' dir='ltr'>de</span> <span class='ocrx_word' id='word_1_1141' title='bbox 2058 2327 2233 2366; x_wconf 84' lang='lat' dir='ltr'>Apostolicae</span> <span class='ocrx_word' id='word_1_1142' title='bbox 2255 2328 2314 2365; x_wconf 86' lang='lat' dir='ltr'>ple-</span> 
     </span>
     <span class='ocr_line' id='line_1_163' title="bbox 1253 2367 1543 2406; baseline -0.003 -8"><span class='ocrx_word' id='word_1_1143' title='bbox 1253 2368 1380 2398; x_wconf 89' lang='lat' dir='ltr'>nitudine</span> <span class='ocrx_word' id='word_1_1144' title='bbox 1392 2367 1543 2406; x_wconf 82' lang='lat' dir='ltr'>potestatis.</span> 
     </span>
    </p>

    <p class='ocr_par' dir='ltr' id='par_1_51' title="bbox 1253 2403 2325 2911">
     <span class='ocr_line' id='line_1_164' title="bbox 1291 2403 2317 2446; baseline -0.005 -8"><span class='ocrx_word' id='word_1_1145' title='bbox 1291 2407 1404 2438; x_wconf 85' lang='lat' dir='ltr'>Verum</span> <span class='ocrx_word' id='word_1_1146' title='bbox 1428 2408 1491 2446; x_wconf 89' lang='lat' dir='ltr'>quia</span> <span class='ocrx_word' id='word_1_1147' title='bbox 1512 2406 1548 2436; x_wconf 94' lang='lat' dir='ltr'>de</span> <span class='ocrx_word' id='word_1_1148' title='bbox 1568 2405 1747 2436; x_wconf 79' lang='lat' dir='ltr'>exauditione</span> <span class='ocrx_word' id='word_1_1149' title='bbox 1760 2405 1920 2444; x_wconf 88' lang='lat' dir='ltr'>hujusmodi</span> <span class='ocrx_word' id='word_1_1150' title='bbox 1932 2414 2050 2445; x_wconf 87' lang='lat' dir='ltr'>precum</span> <span class='ocrx_word' id='word_1_1151' title='bbox 2065 2403 2224 2434; x_wconf 88' lang='lat' dir='ltr'>nostrarum</span> <span class='ocrx_word' id='word_1_1152' title='bbox 2240 2415 2317 2434; x_wconf 89' lang='lat' dir='ltr'>riori-</span> 
     </span>
     <span class='ocr_line' id='line_1_165' title="bbox 1253 2443 2315 2485; baseline -0.002 -9"><span class='ocrx_word' id='word_1_1153' title='bbox 1253 2446 1323 2476; x_wconf 92' lang='lat' dir='ltr'>dum</span> <span class='ocrx_word' id='word_1_1154' title='bbox 1342 2447 1469 2485; x_wconf 88' lang='lat' dir='ltr'>pervenit</span> <span class='ocrx_word' id='word_1_1155' title='bbox 1482 2445 1516 2476; x_wconf 92' lang='lat' dir='ltr'>ad</span> <span class='ocrx_word' id='word_1_1156' title='bbox 1531 2454 1582 2475; x_wconf 89' lang='lat' dir='ltr'>nos</span> <span class='ocrx_word' id='word_1_1157' title='bbox 1596 2453 1686 2476; x_wconf 87' lang='lat' dir='ltr'>certus</span> <span class='ocrx_word' id='word_1_1158' title='bbox 1700 2454 1796 2475; x_wconf 89' lang='lat' dir='ltr'>rumor</span> <span class='ocrx_word' id='word_1_1159' title='bbox 1812 2443 1905 2482; x_wconf 87' lang='lat' dir='ltr'>(unde</span> <span class='ocrx_word' id='word_1_1160' title='bbox 1917 2444 1997 2473; x_wconf 79' lang='lat' dir='ltr'>anxie</span> <span class='ocrx_word' id='word_1_1161' title='bbox 2011 2443 2235 2479; x_wconf 88' lang='lat' dir='ltr'>conturbamur)</span> <span class='ocrx_word' id='word_1_1162' title='bbox 2250 2443 2315 2474; x_wconf 86' lang='lat' dir='ltr'>Sin-</span> 
     </span>
     <span class='ocr_line' id='line_1_166' title="bbox 1253 2480 2316 2522; baseline -0.005 -6"><span class='ocrx_word' id='word_1_1163' title='bbox 1253 2486 1399 2516; x_wconf 89' lang='lat' dir='ltr'>ceritatem</span> <span class='ocrx_word' id='word_1_1164' title='bbox 1422 2484 1545 2515; x_wconf 91' lang='lat' dir='ltr'>vestram</span> <span class='ocrx_word' id='word_1_1165' title='bbox 1560 2484 1660 2514; x_wconf 88' lang='lat' dir='ltr'>iteratis</span> <span class='ocrx_word' id='word_1_1166' title='bbox 1672 2484 1803 2522; x_wconf 88' lang='lat' dir='ltr'>precibus</span> <span class='ocrx_word' id='word_1_1167' title='bbox 1816 2483 1944 2513; x_wconf 87' lang='lat' dir='ltr'>duximus</span> <span class='ocrx_word' id='word_1_1168' title='bbox 1958 2480 2154 2519; x_wconf 88' lang='lat' dir='ltr'>requirendam</span> <span class='ocrx_word' id='word_1_1169' title='bbox 2170 2483 2316 2522; x_wconf 69' lang='lat' dir='ltr'>quatinus,</span> 
     </span>
     <span class='ocr_line' id='line_1_167' title="bbox 1253 2520 2316 2563; baseline -0.003 -9"><span class='ocrx_word' id='word_1_1170' title='bbox 1253 2523 1287 2554; x_wconf 92' lang='lat' dir='ltr'>ad</span> <span class='ocrx_word' id='word_1_1171' title='bbox 1312 2523 1526 2563; x_wconf 87' lang='lat' dir='ltr'>tranquilitatem</span> <span class='ocrx_word' id='word_1_1172' title='bbox 1548 2523 1582 2553; x_wconf 91' lang='lat'>&amp;</span> <span class='ocrx_word' id='word_1_1173' title='bbox 1597 2524 1721 2561; x_wconf 86' lang='lat' dir='ltr'>quietem</span> <span class='ocrx_word' id='word_1_1174' title='bbox 1736 2521 1832 2560; x_wconf 84' lang='lat' dir='ltr'>Regni</span> <span class='ocrx_word' id='word_1_1175' title='bbox 1848 2520 1935 2551; x_wconf 89' lang='lat' dir='ltr'>nostri</span> <span class='ocrx_word' id='word_1_1176' title='bbox 1956 2521 2040 2558; x_wconf 86' lang='lat' dir='ltr'>(quas</span> <span class='ocrx_word' id='word_1_1177' title='bbox 2052 2529 2103 2550; x_wconf 88' lang='lat' dir='ltr'>vos</span> <span class='ocrx_word' id='word_1_1178' title='bbox 2117 2520 2207 2550; x_wconf 88' lang='lat' dir='ltr'>zelare</span> <span class='ocrx_word' id='word_1_1179' title='bbox 2221 2520 2316 2551; x_wconf 82' lang='lat' dir='ltr'>confi-</span> 
     </span>
     <span class='ocr_line' id='line_1_168' title="bbox 1253 2558 2318 2599; baseline -0.003 -6"><span class='ocrx_word' id='word_1_1180' title='bbox 1253 2563 1363 2599; x_wconf 90' lang='lat' dir='ltr'>dimus)</span> <span class='ocrx_word' id='word_1_1181' title='bbox 1381 2563 1484 2593; x_wconf 83' lang='lat' dir='ltr'>debitae</span> <span class='ocrx_word' id='word_1_1182' title='bbox 1507 2561 1735 2592; x_wconf 83' lang='lat' dir='ltr'>considerationis</span> <span class='ocrx_word' id='word_1_1183' title='bbox 1755 2560 1888 2590; x_wconf 88' lang='lat' dir='ltr'>intuitum</span> <span class='ocrx_word' id='word_1_1184' title='bbox 1906 2559 2072 2598; x_wconf 84' lang='lat' dir='ltr'>dirigentes,</span> <span class='ocrx_word' id='word_1_1185' title='bbox 2085 2558 2234 2598; x_wconf 75' lang='lat' dir='ltr'>praefatum</span> <span class='ocrx_word' id='word_1_1186' title='bbox 2250 2558 2318 2590; x_wconf 92' lang='lat' dir='ltr'>Do-</span> 
     </span>
     <span class='ocr_line' id='line_1_169' title="bbox 1254 2597 2319 2636; baseline -0.001 -6"><span class='ocrx_word' id='word_1_1187' title='bbox 1254 2602 1367 2631; x_wconf 88' lang='lat' dir='ltr'>minum</span> <span class='ocrx_word' id='word_1_1188' title='bbox 1387 2601 1542 2632; x_wconf 88' lang='lat' dir='ltr'>Summum</span> <span class='ocrx_word' id='word_1_1189' title='bbox 1562 2598 1751 2635; x_wconf 86' lang='lat' dir='ltr'>Pontificem,</span> <span class='ocrx_word' id='word_1_1190' title='bbox 1768 2606 1798 2628; x_wconf 92' lang='lat' dir='ltr'>ut</span> <span class='ocrx_word' id='word_1_1191' title='bbox 1818 2597 1905 2628; x_wconf 67' lang='lat' dir='ltr'>dic&#39;tas</span> <span class='ocrx_word' id='word_1_1192' title='bbox 1926 2606 2022 2634; x_wconf 87' lang='lat' dir='ltr'>preces</span> <span class='ocrx_word' id='word_1_1193' title='bbox 2045 2597 2150 2627; x_wconf 87' lang='lat' dir='ltr'>nostras</span> <span class='ocrx_word' id='word_1_1194' title='bbox 2170 2600 2256 2636; x_wconf 86' lang='lat' dir='ltr'>(quas</span> <span class='ocrx_word' id='word_1_1195' title='bbox 2270 2599 2319 2629; x_wconf 88' lang='lat' dir='ltr'>fibi</span> 
     </span>
     <span class='ocr_line' id='line_1_170' title="bbox 1253 2635 2318 2676; baseline -0.003 -6"><span class='ocrx_word' id='word_1_1196' title='bbox 1253 2641 1339 2671; x_wconf 90' lang='lat' dir='ltr'>etiam</span> <span class='ocrx_word' id='word_1_1197' title='bbox 1359 2640 1490 2669; x_wconf 85' lang='lat' dir='ltr'>duximus</span> <span class='ocrx_word' id='word_1_1198' title='bbox 1510 2638 1659 2675; x_wconf 84' lang='lat' dir='ltr'>iterandas,</span> <span class='ocrx_word' id='word_1_1199' title='bbox 1674 2646 1704 2667; x_wconf 92' lang='lat' dir='ltr'>ut</span> <span class='ocrx_word' id='word_1_1200' title='bbox 1724 2637 1815 2673; x_wconf 82' lang='lat' dir='ltr'>magis</span> <span class='ocrx_word' id='word_1_1201' title='bbox 1837 2635 1960 2667; x_wconf 77' lang='lat' dir='ltr'>deiiderii</span> <span class='ocrx_word' id='word_1_1202' title='bbox 1979 2635 2067 2666; x_wconf 88' lang='lat' dir='ltr'>nostri</span> <span class='ocrx_word' id='word_1_1203' title='bbox 2083 2637 2222 2674; x_wconf 86' lang='lat' dir='ltr'>intentio,</span> <span class='ocrx_word' id='word_1_1204' title='bbox 2239 2636 2318 2676; x_wconf 86' lang='lat' dir='ltr'>super</span> 
     </span>
     <span class='ocr_line' id='line_1_171' title="bbox 1254 2674 2319 2716; baseline -0.003 -8"><span class='ocrx_word' id='word_1_1205' title='bbox 1254 2678 1329 2716; x_wconf 89' lang='lat' dir='ltr'>hoc,</span> <span class='ocrx_word' id='word_1_1206' title='bbox 1345 2679 1371 2708; x_wconf 88' lang='lat' dir='ltr'>ei</span> <span class='ocrx_word' id='word_1_1207' title='bbox 1389 2686 1457 2708; x_wconf 89' lang='lat' dir='ltr'>nota</span> <span class='ocrx_word' id='word_1_1208' title='bbox 1474 2677 1538 2713; x_wconf 83' lang='lat' dir='ltr'>fiat)</span> <span class='ocrx_word' id='word_1_1209' title='bbox 1554 2676 1688 2706; x_wconf 89' lang='lat' dir='ltr'>inducere</span> <span class='ocrx_word' id='word_1_1210' title='bbox 1707 2675 1810 2713; x_wconf 86' lang='lat' dir='ltr'>velitis,</span> <span class='ocrx_word' id='word_1_1211' title='bbox 1830 2674 1923 2706; x_wconf 88' lang='lat' dir='ltr'>modis</span> <span class='ocrx_word' id='word_1_1212' title='bbox 1944 2675 1978 2706; x_wconf 89' lang='lat'>&amp;</span> <span class='ocrx_word' id='word_1_1213' title='bbox 1995 2675 2065 2711; x_wconf 90' lang='lat' dir='ltr'>viis,</span> <span class='ocrx_word' id='word_1_1214' title='bbox 2080 2675 2182 2712; x_wconf 88' lang='lat' dir='ltr'>quibus</span> <span class='ocrx_word' id='word_1_1215' title='bbox 2195 2675 2319 2706; x_wconf 87' lang='lat' dir='ltr'>videritis</span> 
     </span>
     <span class='ocr_line' id='line_1_172' title="bbox 1253 2712 2318 2755; baseline -0.003 -8"><span class='ocrx_word' id='word_1_1216' title='bbox 1253 2716 1399 2755; x_wconf 86' lang='lat' dir='ltr'>expedire,</span> <span class='ocrx_word' id='word_1_1217' title='bbox 1414 2715 1572 2755; x_wconf 82' lang='lat' dir='ltr'>hujusmodi</span> <span class='ocrx_word' id='word_1_1218' title='bbox 1586 2724 1681 2754; x_wconf 86' lang='lat' dir='ltr'>preces</span> <span class='ocrx_word' id='word_1_1219' title='bbox 1694 2713 1800 2745; x_wconf 89' lang='lat' dir='ltr'>nostras</span> <span class='ocrx_word' id='word_1_1220' title='bbox 1812 2714 1945 2751; x_wconf 87' lang='lat' dir='ltr'>dignetur</span> <span class='ocrx_word' id='word_1_1221' title='bbox 1956 2712 1990 2743; x_wconf 89' lang='lat' dir='ltr'>ad</span> <span class='ocrx_word' id='word_1_1222' title='bbox 2006 2713 2189 2744; x_wconf 82' lang='lat' dir='ltr'>exauditionis</span> <span class='ocrx_word' id='word_1_1223' title='bbox 2199 2715 2318 2753; x_wconf 85' lang='lat' dir='ltr'>gratiam</span> 
     </span>
     <span class='ocr_line' id='line_1_173' title="bbox 1254 2751 2322 2791; baseline -0.004 -5"><span class='ocrx_word' id='word_1_1224' title='bbox 1254 2756 1419 2790; x_wconf 86' lang='lat' dir='ltr'>admittere,</span> <span class='ocrx_word' id='word_1_1225' title='bbox 1437 2765 1470 2786; x_wconf 92' lang='lat' dir='ltr'>ac</span> <span class='ocrx_word' id='word_1_1226' title='bbox 1492 2753 1622 2784; x_wconf 89' lang='lat' dir='ltr'>nostrum</span> <span class='ocrx_word' id='word_1_1227' title='bbox 1641 2755 1670 2783; x_wconf 91' lang='lat' dir='ltr'>in</span> <span class='ocrx_word' id='word_1_1228' title='bbox 1692 2753 1744 2783; x_wconf 89' lang='lat' dir='ltr'>hac</span> <span class='ocrx_word' id='word_1_1229' title='bbox 1766 2761 1843 2791; x_wconf 87' lang='lat' dir='ltr'>parte</span> <span class='ocrx_word' id='word_1_1230' title='bbox 1864 2751 2031 2783; x_wconf 90' lang='lat' dir='ltr'>desiderium</span> <span class='ocrx_word' id='word_1_1231' title='bbox 2046 2752 2133 2783; x_wconf 88' lang='lat' dir='ltr'>taliter</span> <span class='ocrx_word' id='word_1_1232' title='bbox 2149 2751 2322 2791; x_wconf 87' lang='lat' dir='ltr'>adimplere,</span> 
     </span>
     <span class='ocr_line' id='line_1_174' title="bbox 1255 2790 2322 2834; baseline -0.004 -9"><span class='ocrx_word' id='word_1_1233' title='bbox 1255 2794 1335 2834; x_wconf 83' lang='lat' dir='ltr'>quod</span> <span class='ocrx_word' id='word_1_1234' title='bbox 1354 2792 1456 2824; x_wconf 81' lang='lat' dir='ltr'>exinde</span> <span class='ocrx_word' id='word_1_1235' title='bbox 1477 2792 1578 2823; x_wconf 89' lang='lat' dir='ltr'>Nobis</span> <span class='ocrx_word' id='word_1_1236' title='bbox 1592 2793 1626 2824; x_wconf 91' lang='lat'>&amp;</span> <span class='ocrx_word' id='word_1_1237' title='bbox 1639 2791 1746 2831; x_wconf 83' lang='lat' dir='ltr'>Regno</span> <span class='ocrx_word' id='word_1_1238' title='bbox 1760 2791 1857 2822; x_wconf 85' lang='lat' dir='ltr'>nostro</span> <span class='ocrx_word' id='word_1_1239' title='bbox 1875 2790 2022 2821; x_wconf 90' lang='lat' dir='ltr'>desiderata</span> <span class='ocrx_word' id='word_1_1240' title='bbox 2043 2791 2205 2828; x_wconf 84' lang='lat' dir='ltr'>prosperitas</span> <span class='ocrx_word' id='word_1_1241' title='bbox 2219 2801 2322 2828; x_wconf 68' lang='lat' dir='ltr'>augea-</span> 
     </span>
     <span class='ocr_line' id='line_1_175' title="bbox 1255 2829 2325 2871; baseline -0.002 -8"><span class='ocrx_word' id='word_1_1242' title='bbox 1255 2834 1317 2868; x_wconf 92' lang='lat' dir='ltr'>tur(</span> <span class='ocrx_word' id='word_1_1243' title='bbox 1337 2832 1371 2863; x_wconf 91' lang='lat'>&amp;</span> <span class='ocrx_word' id='word_1_1244' title='bbox 1391 2831 1525 2871; x_wconf 71' lang='lat' dir='ltr'>praedieta</span> <span class='ocrx_word' id='word_1_1245' title='bbox 1546 2831 1688 2870; x_wconf 83' lang='lat' dir='ltr'>Ecclesia,</span> <span class='ocrx_word' id='word_1_1246' title='bbox 1707 2840 1756 2869; x_wconf 89' lang='lat' dir='ltr'>per</span> <span class='ocrx_word' id='word_1_1247' title='bbox 1767 2831 1848 2871; x_wconf 77' lang='lat' dir='ltr'>ipsius</span> <span class='ocrx_word' id='word_1_1248' title='bbox 1861 2829 2011 2861; x_wconf 83' lang='lat' dir='ltr'>Probitatis</span> <span class='ocrx_word' id='word_1_1249' title='bbox 2025 2829 2211 2868; x_wconf 86' lang='lat' dir='ltr'>industriam,</span> <span class='ocrx_word' id='word_1_1250' title='bbox 2228 2830 2325 2861; x_wconf 81' lang='lat' dir='ltr'>saluta-</span> 
     </span>
     <span class='ocr_line' id='line_1_176' title="bbox 1255 2871 1625 2911; baseline -0.008 -8"><span class='ocrx_word' id='word_1_1251' title='bbox 1255 2873 1292 2903; x_wconf 84' lang='lat' dir='ltr'>ria</span> <span class='ocrx_word' id='word_1_1252' title='bbox 1307 2871 1430 2911; x_wconf 87' lang='lat' dir='ltr'>suscipiat</span> <span class='ocrx_word' id='word_1_1253' title='bbox 1442 2872 1625 2900; x_wconf 88' lang='lat' dir='ltr'>incrementa.</span> 
     </span>
    </p>

    <p class='ocr_par' dir='ltr' id='par_1_52' title="bbox 1295 2905 1890 2950">
     <span class='ocr_line' id='line_1_177' title="bbox 1295 2905 1890 2950; baseline -0.003 -10"><span class='ocrx_word' id='word_1_1254' title='bbox 1295 2909 1363 2941; x_wconf 82' lang='lat' dir='ltr'>Dat.</span> <span class='ocrx_word' id='word_1_1255' title='bbox 1376 2909 1449 2949; x_wconf 88' lang='lat' dir='ltr'>apud</span> <span class='ocrx_word' id='word_1_1256' title='bbox 1466 2908 1655 2950; x_wconf 89' lang='lat' dir='ltr'>Bissiopthorp</span> <span class='ocrx_word' id='word_1_1257' title='bbox 1664 2931 1674 2948; x_wconf 90' lang='lat'>,</span> <span class='ocrx_word' id='word_1_1258' title='bbox 1693 2908 1730 2939; x_wconf 88' lang='lat'>28</span> <span class='ocrx_word' id='word_1_1259' title='bbox 1746 2907 1793 2938; x_wconf 92' lang='lat' dir='ltr'>die</span> <span class='ocrx_word' id='word_1_1260' title='bbox 1809 2905 1890 2938; x_wconf 88' lang='lat' dir='ltr'>Maii.</span> 
     </span>
    </p>
   </div>
   <div class='ocr_carea' id='block_1_29' title="bbox 1422 2981 2163 3024">
    <p class='ocr_par' dir='ltr' id='par_1_53' title="bbox 1422 2981 2163 3024">
     <span class='ocr_line' id='line_1_178' title="bbox 1422 2981 2163 3024; baseline -0.009 -5"><span class='ocrx_word' id='word_1_1261' title='bbox 1422 2986 1537 3018; x_wconf 89' lang='lat' dir='ltr'>Eodem</span> <span class='ocrx_word' id='word_1_1262' title='bbox 1559 2986 1650 3018; x_wconf 92' lang='lat' dir='ltr'>modo</span> <span class='ocrx_word' id='word_1_1263' title='bbox 1671 2986 1798 3017; x_wconf 88' lang='lat' dir='ltr'>scribitur</span> <span class='ocrx_word' id='word_1_1264' title='bbox 1816 2983 1991 3024; x_wconf 74' lang='lat' dir='ltr'>subscriptis,</span> <span class='ocrx_word' id='word_1_1265' title='bbox 2014 2981 2163 3020; x_wconf 85' lang='lat' dir='ltr'>videlicet,</span> 
     </span>
    </p>
   </div>
   <div class='ocr_carea' id='block_1_30' title="bbox 1293 3051 2296 3172">
    <p class='ocr_par' dir='ltr' id='par_1_54' title="bbox 1293 3051 2296 3172">
     <span class='ocr_line' id='line_1_179' title="bbox 1293 3051 2296 3091; baseline -0.005 -3"><span class='ocrx_word' id='word_1_1266' title='bbox 1293 3060 1408 3088; x_wconf 84' lang='lat' dir='ltr'>Domino</span> <span class='ocrx_word' id='word_1_1267' title='bbox 1427 3060 1461 3087; x_wconf 89' lang='lat' dir='ltr'>G.</span> <span class='ocrx_word' id='word_1_1268' title='bbox 1481 3055 1557 3086; x_wconf 79' lang='lat' dir='ltr'>tituli</span> <span class='ocrx_word' id='word_1_1269' title='bbox 1572 3058 1666 3087; x_wconf 70' lang='lat' dir='ltr'>Sam‘li</span> <span class='ocrx_word' id='word_1_1270' title='bbox 1684 3058 1785 3090; x_wconf 73' lang='lat' dir='ltr'>Ciriaci</span> <span class='ocrx_word' id='word_1_1271' title='bbox 1794 3058 1823 3084; x_wconf 91' lang='lat' dir='ltr'>in</span> <span class='ocrx_word' id='word_1_1272' title='bbox 1834 3056 1951 3091; x_wconf 85' lang='lat' dir='ltr'>Termis‚</span> <span class='ocrx_word' id='word_1_1273' title='bbox 1970 3051 2122 3082; x_wconf 70' lang='lat' dir='ltr'>Presbitero</span> <span class='ocrx_word' id='word_1_1274' title='bbox 2135 3051 2280 3083; x_wconf 77' lang='lat' dir='ltr'>cardinali</span> <span class='ocrx_word' id='word_1_1275' title='bbox 2284 3062 2296 3089; x_wconf 90' lang='lat'>,·</span> 
     </span>
     <span class='ocr_line' id='line_1_180' title="bbox 1293 3089 2207 3130; baseline -0.009 -3"><span class='ocrx_word' id='word_1_1276' title='bbox 1293 3099 1409 3127; x_wconf 84' lang='lat' dir='ltr'>Domino</span> <span class='ocrx_word' id='word_1_1277' title='bbox 1421 3099 1465 3126; x_wconf 90' lang='lat' dir='ltr'>A.</span> <span class='ocrx_word' id='word_1_1278' title='bbox 1481 3097 1590 3127; x_wconf 69' lang='lat' dir='ltr'>Sanliae</span> <span class='ocrx_word' id='word_1_1279' title='bbox 1606 3099 1710 3126; x_wconf 80' lang='lat' dir='ltr'>Mariae</span> <span class='ocrx_word' id='word_1_1280' title='bbox 1722 3098 1751 3123; x_wconf 86' lang='lat' dir='ltr'>in</span> <span class='ocrx_word' id='word_1_1281' title='bbox 1766 3095 1875 3122; x_wconf 79' lang='lat' dir='ltr'>Portica</span> <span class='ocrx_word' id='word_1_1282' title='bbox 1884 3115 1894 3130; x_wconf 94' lang='lat'>,</span> <span class='ocrx_word' id='word_1_1283' title='bbox 1912 3094 2033 3121; x_wconf 85' lang='lat' dir='ltr'>Diacono</span> <span class='ocrx_word' id='word_1_1284' title='bbox 2048 3089 2207 3127; x_wconf 64' lang='lat' dir='ltr'>Cardinali5</span> 
     </span>
     <span class='ocr_line' id='line_1_181' title="bbox 1295 3129 2196 3172; baseline -0.007 -7"><span class='ocrx_word' id='word_1_1285' title='bbox 1295 3138 1407 3166; x_wconf 84' lang='lat' dir='ltr'>Dimino</span> <span class='ocrx_word' id='word_1_1286' title='bbox 1426 3138 1469 3165; x_wconf 85' lang='lat' dir='ltr'>A.</span> <span class='ocrx_word' id='word_1_1287' title='bbox 1482 3136 1590 3166; x_wconf 55' lang='lat' dir='ltr'>Sanctae</span> <span class='ocrx_word' id='word_1_1288' title='bbox 1607 3136 1709 3164; x_wconf 65' lang='lat' dir='ltr'>Inariae</span> <span class='ocrx_word' id='word_1_1289' title='bbox 1720 3135 1750 3162; x_wconf 84' lang='lat' dir='ltr'>in</span> <span class='ocrx_word' id='word_1_1290' title='bbox 1764 3133 1891 3172; x_wconf 73' lang='lat' dir='ltr'>Aquiro,</span> <span class='ocrx_word' id='word_1_1291' title='bbox 1910 3133 2032 3160; x_wconf 81' lang='lat' dir='ltr'>Diacono</span> <span class='ocrx_word' id='word_1_1292' title='bbox 2046 3129 2196 3160; x_wconf 80' lang='lat' dir='ltr'>Cardinali.</span> 
     </span>
    </p>
   </div>
   <div class='ocr_carea' id='block_1_31' title="bbox 2316 258 2428 316">
    <p class='ocr_par' dir='ltr' id='par_1_55' title="bbox 2316 258 2428 316">
     <span class='ocr_line' id='line_1_182' title="bbox 2338 258 2420 289; baseline -0.024 -10"><span class='ocrx_word' id='word_1_1293' title='bbox 2338 258 2420 289; x_wconf 78' lang='lat'><strong>1323.</strong></span> 
     </span>
     <span class='ocr_line' id='line_1_183' title="bbox 2316 292 2428 316; baseline 0 -1"><span class='ocrx_word' id='word_1_1294' title='bbox 2316 292 2383 316; x_wconf 79' lang='lat' dir='ltr'>Edv.</span> <span class='ocrx_word' id='word_1_1295' title='bbox 2405 299 2428 315; x_wconf 83' lang='lat' dir='ltr'>z.</span> 
     </span>
    </p>
   </div>
   <div class='ocr_carea' id='block_1_32' title="bbox 2317 366 2405 392">
    <p class='ocr_par' dir='ltr' id='par_1_56' title="bbox 2317 366 2405 392">
     <span class='ocr_line' id='line_1_184' title="bbox 2317 366 2405 392; baseline -0.023 0"><span class='ocrx_word' id='word_1_1296' title='bbox 2317 367 2333 381; x_wconf 70' lang='lat'>&#39;¹‘</span> <span class='ocrx_word' id='word_1_1297' title='bbox 2349 366 2405 392; x_wconf 71' lang='grc' dir='ltr'>ΙΙΙ,</span> 
     </span>
    </p>
   </div>
   <div class='ocr_carea' id='block_1_33' title="bbox 2318 413 2399 430">
    <p class='ocr_par' dir='ltr' id='par_1_57' title="bbox 2318 413 2399 430">
     <span class='ocr_line' id='line_1_185' title="bbox 2318 413 2399 430; baseline 0 0"><span class='ocrx_word' id='word_1_1298' title='bbox 2318 413 2399 430; x_wconf 77' lang='lat'>1020.</span> 
     </span>
    </p>
   </div>
   <div class='ocr_carea' id='block_1_34' title="bbox 2328 1575 2461 1761">
    <p class='ocr_par' dir='ltr' id='par_1_58' title="bbox 2328 1575 2461 1761">
     <span class='ocr_line' id='line_1_186' title="bbox 2329 1575 2458 1610; baseline 0.008 -1"><span class='ocrx_word' id='word_1_1299' title='bbox 2329 1577 2404 1609; x_wconf 85' lang='lat' dir='ltr'>Ann.</span> <span class='ocrx_word' id='word_1_1300' title='bbox 2415 1575 2458 1610; x_wconf 90' lang='lat' dir='ltr'>D.</span> 
     </span>
     <span class='ocr_line' id='line_1_187' title="bbox 2329 1625 2438 1684; baseline -0.009 0"><span class='ocrx_word' id='word_1_1301' title='bbox 2329 1625 2438 1684; x_wconf 64' lang='grc' dir='ltr'><em>Αἴέἦῖς·</em></span> 
     </span>
     <span class='ocr_line' id='line_1_188' title="bbox 2328 1677 2446 1724; baseline -0.008 -1"><span class='ocrx_word' id='word_1_1302' title='bbox 2328 1699 2358 1724; x_wconf 69' lang='lat' dir='ltr'>a.</span> <span class='ocrx_word' id='word_1_1303' title='bbox 2376 1679 2404 1723; x_wconf 60' lang='grc' dir='ltr'>ὲ.</span> <span class='ocrx_word' id='word_1_1304' title='bbox 2438 1677 2446 1684; x_wconf 77' lang='grc'><strong>“</strong></span> 
     </span>
     <span class='ocr_line' id='line_1_189' title="bbox 2328 1733 2461 1761; baseline -0.008 0"><span class='ocrx_word' id='word_1_1305' title='bbox 2328 1737 2398 1761; x_wconf 81' lang='lat' dir='ltr'>Rom.</span> <span class='ocrx_word' id='word_1_1306' title='bbox 2417 1733 2461 1760; x_wconf 84' lang='lat'>16.</span> 
     </span>
    </p>
   </div>
   <div class='ocr_carea' id='block_1_35' title="bbox 2328 1775 2395 1799">
    <p class='ocr_par' dir='ltr' id='par_1_59' title="bbox 2328 1775 2395 1799">
     <span class='ocr_line' id='line_1_190' title="bbox 2328 1775 2395 1799; baseline -0.015 0"><span class='ocrx_word' id='word_1_1307' title='bbox 2328 1775 2395 1799; x_wconf 65' lang='lat'>122</span> 
     </span>
    </p>
   </div>
   <div class='ocr_carea' id='block_1_36' title="bbox 2330 1791 2446 1838">
    <p class='ocr_par' dir='ltr' id='par_1_60' title="bbox 2330 1791 2446 1838">
     <span class='ocr_line' id='line_1_191' title="bbox 2330 1791 2446 1838; baseline -0.009 0"><span class='ocrx_word' id='word_1_1308' title='bbox 2330 1791 2407 1838; x_wconf 46' lang='grc' dir='ltr'><strong><em>’γι-8.·</em></strong></span> <span class='ocrx_word' id='word_1_1309' title='bbox 2418 1807 2446 1837; x_wconf 74' lang='lat' dir='ltr'>d.</span> 
     </span>
    </p>
   </div>
   <div class='ocr_carea' id='block_1_37' title="bbox 1262 3263 2431 3319">
    <p class='ocr_par' dir='ltr' id='par_1_61' title="bbox 1262 3263 2431 3319">
     <span class='ocr_line' id='line_1_192' title="bbox 1262 3263 2431 3319; baseline -0.01 -13"><span class='ocrx_word' id='word_1_1310' title='bbox 1262 3273 1391 3319; x_wconf 70' lang='lat' dir='ltr'>³¹¹=Super</span> <span class='ocrx_word' id='word_1_1311' title='bbox 1411 3272 1504 3318; x_wconf 81' lang='lat' dir='ltr'>Briga</span> <span class='ocrx_word' id='word_1_1312' title='bbox 1519 3268 1679 3309; x_wconf 50' lang='lat' dir='ltr'>Samia,</span> <span class='ocrx_word' id='word_1_1313' title='bbox 1705 3271 1742 3306; x_wconf 56' lang='grc' dir='ltr'>(ῥ’</span> <span class='ocrx_word' id='word_1_1314' title='bbox 1765 3264 1890 3300; x_wconf 80' lang='lat' dir='ltr'>Robcrto</span> <span class='ocrx_word' id='word_1_1315' title='bbox 1905 3265 1941 3299; x_wconf 76' lang='lat' dir='ltr'>de</span> <span class='ocrx_word' id='word_1_1316' title='bbox 1957 3264 2082 3308; x_wconf 50' lang='lat' dir='ltr'>Baldok</span> <span class='ocrx_word' id='word_1_1317' title='bbox 2094 3268 2125 3298; x_wconf 84' lang='lat' dir='ltr'>in</span> <span class='ocrx_word' id='word_1_1318' title='bbox 2144 3263 2319 3311; x_wconf 77' lang='lat' dir='ltr'>Epifiopum</span> <span class='ocrx_word' id='word_1_1319' title='bbox 2334 3270 2353 3289; x_wconf 67' lang='grc' dir='ltr'>*ε</span> <span class='ocrx_word' id='word_1_1320' title='bbox 2376 3271 2431 3298; x_wconf 80' lang='lat'>111,</span> 
     </span>
    </p>
   </div>
   <div class='ocr_carea' id='block_1_38' title="bbox 1566 3314 2018 3362">
    <p class='ocr_par' dir='ltr' id='par_1_62' title="bbox 1566 3314 2018 3362">
     <span class='ocr_line' id='line_1_193' title="bbox 1566 3314 2018 3362; baseline -0.004 -11"><span class='ocrx_word' id='word_1_1321' title='bbox 1566 3319 1611 3352; x_wconf 89' lang='lat' dir='ltr'><em>W</em></span> <span class='ocrx_word' id='word_1_1322' title='bbox 1609 3317 1798 3362; x_wconf 77' lang='lat' dir='ltr'>intoniensem</span> <span class='ocrx_word' id='word_1_1323' title='bbox 1826 3314 2018 3362; x_wconf 61' lang='lat' dir='ltr'>preficiendo,</span> 
     </span>
    </p>
   </div>
   <div class='ocr_carea' id='block_1_39' title="bbox 1334 3399 2324 3479">
    <p class='ocr_par' dir='ltr' id='par_1_63' title="bbox 1334 3399 2324 3479">
     <span class='ocr_line' id='line_1_194' title="bbox 1334 3399 2080 3441; baseline -0.008 -5"><span class='ocrx_word' id='word_1_1324' title='bbox 1334 3405 1476 3436; x_wconf 88' lang='lat' dir='ltr'>Enerabili</span> <span class='ocrx_word' id='word_1_1325' title='bbox 1496 3405 1526 3434; x_wconf 90' lang='lat' dir='ltr'>in</span> <span class='ocrx_word' id='word_1_1326' title='bbox 1547 3401 1664 3434; x_wconf 80' lang='lat' dir='ltr'>Christo</span> <span class='ocrx_word' id='word_1_1327' title='bbox 1684 3401 1780 3441; x_wconf 84' lang='lat' dir='ltr'>Patri,</span> <span class='ocrx_word' id='word_1_1328' title='bbox 1798 3401 1934 3431; x_wconf 87' lang='lat' dir='ltr'>Domino</span> <span class='ocrx_word' id='word_1_1329' title='bbox 1956 3399 1998 3431; x_wconf 77' lang='lat' dir='ltr'>G.</span> <span class='ocrx_word' id='word_1_1330' title='bbox 2021 3399 2080 3431; x_wconf 89' lang='lat' dir='ltr'>Dei</span> 
     </span>
     <span class='ocr_line' id='line_1_195' title="bbox 1346 3433 2324 3479; baseline -0.014 -4"><span class='ocrx_word' id='word_1_1331' title='bbox 1346 3445 1444 3475; x_wconf 82' lang='lat' dir='ltr'>Luciae</span> <span class='ocrx_word' id='word_1_1332' title='bbox 1466 3445 1493 3474; x_wconf 90' lang='lat' dir='ltr'>in</span> <span class='ocrx_word' id='word_1_1333' title='bbox 1517 3443 1600 3472; x_wconf 88' lang='lat' dir='ltr'>Silice</span> <span class='ocrx_word' id='word_1_1334' title='bbox 1621 3441 1759 3472; x_wconf 89' lang='lat' dir='ltr'>Diacono</span> <span class='ocrx_word' id='word_1_1335' title='bbox 1778 3440 1940 3479; x_wconf 86' lang='lat' dir='ltr'>Cardinali,</span> <span class='ocrx_word' id='word_1_1336' title='bbox 1958 3439 2066 3469; x_wconf 88' lang='lat' dir='ltr'>Amico</span> <span class='ocrx_word' id='word_1_1337' title='bbox 2099 3446 2136 3466; x_wconf 92' lang='lat' dir='ltr'>uo</span> <span class='ocrx_word' id='word_1_1338' title='bbox 2154 3433 2324 3477; x_wconf 47' lang='lat' dir='ltr'>Carissimo,</span> 
     </span>
    </p>
   </div>
   <div class='ocr_carea' id='block_1_40' title="bbox 2340 3318 2421 3337">
    <p class='ocr_par' dir='ltr' id='par_1_64' title="bbox 2340 3318 2421 3337">
     <span class='ocr_line' id='line_1_196' title="bbox 2340 3318 2421 3337; baseline 0.025 -2"><span class='ocrx_word' id='word_1_1339' title='bbox 2340 3318 2421 3337; x_wconf 83' lang='lat'>102¹.</span> 
     </span>
    </p>
   </div>
   <div class='ocr_carea' id='block_1_41' title="bbox 2124 3394 2470 3439">
    <p class='ocr_par' dir='ltr' id='par_1_65' title="bbox 2124 3394 2470 3439">
     <span class='ocr_line' id='line_1_197' title="bbox 2124 3394 2470 3439; baseline -0.012 -11"><span class='ocrx_word' id='word_1_1340' title='bbox 2124 3398 2176 3428; x_wconf 88' lang='lat' dir='ltr'>atia</span> <span class='ocrx_word' id='word_1_1341' title='bbox 2183 3418 2193 3434; x_wconf 87' lang='lat'>,</span> <span class='ocrx_word' id='word_1_1342' title='bbox 2210 3394 2324 3439; x_wconf 58' lang='lat' dir='ltr'>Sanctae</span> <span class='ocrx_word' id='word_1_1343' title='bbox 2342 3402 2419 3433; x_wconf 76' lang='grc' dir='ltr'>Αῃῃ,</span> <span class='ocrx_word' id='word_1_1344' title='bbox 2428 3401 2470 3433; x_wconf 47' lang='lat' dir='ltr'>D,</span> 
     </span>
    </p>
   </div>
   <div class='ocr_carea' id='block_1_42' title="bbox 2362 3450 2449 3479">
    <p class='ocr_par' dir='ltr' id='par_1_66' title="bbox 2362 3450 2449 3479">
     <span class='ocr_line' id='line_1_198' title="bbox 2362 3450 2449 3479; baseline -0.011 -9"><span class='ocrx_word' id='word_1_1345' title='bbox 2362 3450 2374 3470; x_wconf 87' lang='lat'>1</span> <span class='ocrx_word' id='word_1_1346' title='bbox 2381 3450 2449 3479; x_wconf 77' lang='lat'>322.</span> 
     </span>
    </p>
   </div>
   <div class='ocr_carea' id='block_1_43' title="bbox 1263 3471 2456 3522">
    <p class='ocr_par' dir='ltr' id='par_1_67' title="bbox 1263 3471 2456 3522">
     <span class='ocr_line' id='line_1_199' title="bbox 1263 3471 2456 3522; baseline -0.008 -8"><span class='ocrx_word' id='word_1_1347' title='bbox 1263 3483 1436 3522; x_wconf 87' lang='lat' dir='ltr'>Edwardus,</span> <span class='ocrx_word' id='word_1_1348' title='bbox 1462 3482 1585 3520; x_wconf 80' lang='lat' dir='ltr'>ejusdem</span> <span class='ocrx_word' id='word_1_1349' title='bbox 1606 3481 1691 3520; x_wconf 78' lang='lat' dir='ltr'>gratia</span> <span class='ocrx_word' id='word_1_1350' title='bbox 1705 3503 1716 3519; x_wconf 85' lang='lat'>,</span> <span class='ocrx_word' id='word_1_1351' title='bbox 1736 3480 1796 3511; x_wconf 88' lang='lat' dir='ltr'>&amp;c.</span> <span class='ocrx_word' id='word_1_1352' title='bbox 1817 3479 1948 3516; x_wconf 87' lang='lat' dir='ltr'>salutem,</span> <span class='ocrx_word' id='word_1_1353' title='bbox 1965 3477 2000 3508; x_wconf 88' lang='lat'>&amp;</span> <span class='ocrx_word' id='word_1_1354' title='bbox 2020 3477 2131 3507; x_wconf 81' lang='lat' dir='ltr'>sincerae</span> <span class='ocrx_word' id='word_1_1355' title='bbox 2152 3471 2324 3502; x_wconf 69' lang='lat' dir='ltr'>Dilectionis</span> <span class='ocrx_word' id='word_1_1356' title='bbox 2340 3483 2394 3509; x_wconf 80' lang='lat' dir='ltr'>An.</span> <span class='ocrx_word' id='word_1_1357' title='bbox 2413 3481 2456 3507; x_wconf 81' lang='lat'>16.</span> 
     </span>
    </p>
   </div>
   <div class='ocr_carea' id='block_1_44' title="bbox 1264 3521 1506 3598">
    <p class='ocr_par' dir='ltr' id='par_1_68' title="bbox 1264 3521 1506 3598">
     <span class='ocr_line' id='line_1_200' title="bbox 1264 3521 1409 3554; baseline -0.021 0"><span class='ocrx_word' id='word_1_1358' title='bbox 1264 3521 1409 3554; x_wconf 58' lang='lat' dir='ltr'>affess‘tum.</span> 
     </span>
     <span class='ocr_line' id='line_1_201' title="bbox 1303 3559 1506 3598; baseline -0.005 -8"><span class='ocrx_word' id='word_1_1359' title='bbox 1303 3559 1384 3591; x_wconf 79' lang='lat' dir='ltr'>Cum</span> <span class='ocrx_word' id='word_1_1360' title='bbox 1399 3570 1506 3598; x_wconf 89' lang='lat' dir='ltr'>nuper,</span> 
     </span>
    </p>
   </div>
   <div class='ocr_carea' id='block_1_45' title="bbox 2340 3523 2472 3585">
    <p class='ocr_par' dir='ltr' id='par_1_69' title="bbox 2340 3523 2472 3585">
     <span class='ocr_line' id='line_1_202' title="bbox 2340 3523 2417 3545; baseline -0.013 0"><span class='ocrx_word' id='word_1_1361' title='bbox 2340 3523 2370 3545; x_wconf 83' lang='lat' dir='ltr'>E.</span> <span class='ocrx_word' id='word_1_1362' title='bbox 2391 3527 2417 3544; x_wconf 85' lang='lat'>2.</span> 
     </span>
     <span class='ocr_line' id='line_1_203' title="bbox 2340 3555 2472 3585; baseline -0.015 -2"><span class='ocrx_word' id='word_1_1363' title='bbox 2340 3563 2410 3585; x_wconf 87' lang='lat' dir='ltr'>Rom.</span> <span class='ocrx_word' id='word_1_1364' title='bbox 2428 3555 2472 3582; x_wconf 77' lang='lat'>16.</span> 
     </span>
    </p>
   </div>
   <div class='ocr_carea' id='block_1_46' title="bbox 1267 3586 2454 3675">
    <p class='ocr_par' dir='ltr' id='par_1_70' title="bbox 1267 3586 2454 3675">
     <span class='ocr_line' id='line_1_204' title="bbox 1304 3586 2417 3634; baseline -0.007 -5"><span class='ocrx_word' id='word_1_1365' title='bbox 1304 3598 1477 3629; x_wconf 64' lang='lat' dir='ltr'>Affenantes</span> <span class='ocrx_word' id='word_1_1366' title='bbox 1501 3597 1614 3634; x_wconf 87' lang='lat' dir='ltr'>Brigam</span> <span class='ocrx_word' id='word_1_1367' title='bbox 1629 3619 1639 3634; x_wconf 90' lang='lat'>,</span> <span class='ocrx_word' id='word_1_1368' title='bbox 1669 3597 1741 3626; x_wconf 89' lang='lat' dir='ltr'>inter</span> <span class='ocrx_word' id='word_1_1369' title='bbox 1763 3605 1815 3626; x_wconf 91' lang='lat' dir='ltr'>vos</span> <span class='ocrx_word' id='word_1_1370' title='bbox 1828 3617 1838 3631; x_wconf 93' lang='lat'>,</span> <span class='ocrx_word' id='word_1_1371' title='bbox 1863 3595 1896 3625; x_wconf 90' lang='lat'>&amp;</span> <span class='ocrx_word' id='word_1_1372' title='bbox 1909 3617 1919 3631; x_wconf 91' lang='lat'>,</span> <span class='ocrx_word' id='word_1_1373' title='bbox 1942 3589 2080 3622; x_wconf 63' lang='lat' dir='ltr'>dilectum</span> <span class='ocrx_word' id='word_1_1374' title='bbox 2102 3586 2248 3617; x_wconf 86' lang='lat' dir='ltr'>Clericum</span> <span class='ocrx_word' id='word_1_1375' title='bbox 2268 3596 2323 3629; x_wconf 80' lang='lat' dir='ltr'>no·</span> <span class='ocrx_word' id='word_1_1376' title='bbox 2340 3601 2367 3623; x_wconf 86' lang='lat' dir='ltr'>E.</span> <span class='ocrx_word' id='word_1_1377' title='bbox 2392 3604 2417 3620; x_wconf 90' lang='lat'>2.</span> 
     </span>
     <span class='ocr_line' id='line_1_205' title="bbox 1267 3624 2454 3675; baseline -0.008 -7"><span class='ocrx_word' id='word_1_1378' title='bbox 1267 3637 1372 3675; x_wconf 91' lang='lat' dir='ltr'>strum,</span> <span class='ocrx_word' id='word_1_1379' title='bbox 1389 3635 1565 3674; x_wconf 85' lang='lat' dir='ltr'>Magistrum</span> <span class='ocrx_word' id='word_1_1380' title='bbox 1587 3635 1750 3665; x_wconf 87' lang='lat' dir='ltr'>Robertum</span> <span class='ocrx_word' id='word_1_1381' title='bbox 1772 3635 1808 3665; x_wconf 90' lang='lat' dir='ltr'>de</span> <span class='ocrx_word' id='word_1_1382' title='bbox 1819 3632 1943 3668; x_wconf 87' lang='lat' dir='ltr'>Baldok,</span> <span class='ocrx_word' id='word_1_1383' title='bbox 1960 3636 2088 3665; x_wconf 87' lang='lat' dir='ltr'>motam,</span> <span class='ocrx_word' id='word_1_1384' title='bbox 2102 3625 2183 3668; x_wconf 69' lang='lat' dir='ltr'>super</span> <span class='ocrx_word' id='word_1_1385' title='bbox 2200 3624 2324 3655; x_wconf 76' lang='lat' dir='ltr'>Eccleha</span> <span class='ocrx_word' id='word_1_1386' title='bbox 2337 3645 2373 3663; x_wconf 82' lang='lat' dir='ltr'>m.</span> <span class='ocrx_word' id='word_1_1387' title='bbox 2395 3631 2454 3660; x_wconf 74' lang='lat' dir='ltr'>sd.</span> 
     </span>
    </p>
   </div>
   <div class='ocr_carea' id='block_1_47' title="bbox 1266 3662 2336 4018">
    <p class='ocr_par' dir='ltr' id='par_1_71' title="bbox 1266 3662 2325 3752">
     <span class='ocr_line' id='line_1_206' title="bbox 1266 3662 2325 3734; baseline -0.011 -28"><span class='ocrx_word' id='word_1_1388' title='bbox 1266 3677 1303 3706; x_wconf 92' lang='lat' dir='ltr'>de</span> <span class='ocrx_word' id='word_1_1389' title='bbox 1325 3675 1448 3714; x_wconf 85' lang='lat' dir='ltr'>Milton,</span> <span class='ocrx_word' id='word_1_1390' title='bbox 1468 3684 1532 3713; x_wconf 89' lang='lat' dir='ltr'>quae</span> <span class='ocrx_word' id='word_1_1391' title='bbox 1554 3673 1595 3703; x_wconf 84' lang='lat' dir='ltr'>est</span> <span class='ocrx_word' id='word_1_1392' title='bbox 1616 3675 1710 3710; x_wconf 86' lang='lat' dir='ltr'>portio</span> <span class='ocrx_word' id='word_1_1393' title='bbox 1730 3671 1896 3703; x_wconf 74' lang='lat' dir='ltr'>Praebendae</span> <span class='ocrx_word' id='word_1_1394' title='bbox 1914 3668 1950 3698; x_wconf 93' lang='lat' dir='ltr'>de</span> <span class='ocrx_word' id='word_1_1395' title='bbox 1963 3665 2137 3734; x_wconf 45' lang='lat' dir='ltr'>Affylesbury,</span> <span class='ocrx_word' id='word_1_1396' title='bbox 2151 3673 2182 3692; x_wconf 86' lang='lat' dir='ltr'>in</span> <span class='ocrx_word' id='word_1_1397' title='bbox 2200 3662 2325 3694; x_wconf 88' lang='lat' dir='ltr'>Ecclesia</span> 
     </span>
     <span class='ocr_line' id='line_1_207' title="bbox 1268 3703 2162 3752; baseline -0.016 -7"><span class='ocrx_word' id='word_1_1398' title='bbox 1268 3714 1458 3745; x_wconf 88' lang='lat' dir='ltr'>Lincolniensi</span> <span class='ocrx_word' id='word_1_1399' title='bbox 1467 3737 1476 3752; x_wconf 88' lang='lat'>,</span> <span class='ocrx_word' id='word_1_1400' title='bbox 1494 3712 1588 3743; x_wconf 89' lang='lat' dir='ltr'>eidem</span> <span class='ocrx_word' id='word_1_1401' title='bbox 1602 3711 1719 3742; x_wconf 90' lang='lat' dir='ltr'>Clerico</span> <span class='ocrx_word' id='word_1_1402' title='bbox 1733 3710 1833 3741; x_wconf 91' lang='lat' dir='ltr'>nostro</span> <span class='ocrx_word' id='word_1_1403' title='bbox 1842 3709 1968 3751; x_wconf 78' lang='lat' dir='ltr'>collatae,</span> <span class='ocrx_word' id='word_1_1404' title='bbox 1997 3703 2087 3748; x_wconf 82' lang='lat' dir='ltr'>edan,</span> <span class='ocrx_word' id='word_1_1405' title='bbox 2157 3740 2162 3745; x_wconf 90' lang='lat'><strong>.</strong></span> 
     </span>
    </p>

    <p class='ocr_par' dir='ltr' id='par_1_72' title="bbox 1269 3738 2329 3858">
     <span class='ocr_line' id='line_1_208' title="bbox 1306 3738 2328 3783; baseline -0.016 0"><span class='ocrx_word' id='word_1_1406' title='bbox 1306 3752 1495 3782; x_wconf 52' lang='lat' dir='ltr'>Praebendam</span> <span class='ocrx_word' id='word_1_1407' title='bbox 1517 3751 1552 3781; x_wconf 91' lang='lat' dir='ltr'>de</span> <span class='ocrx_word' id='word_1_1408' title='bbox 1571 3750 1658 3781; x_wconf 87' lang='lat' dir='ltr'>Stoke</span> <span class='ocrx_word' id='word_1_1409' title='bbox 1689 3752 1719 3781; x_wconf 89' lang='lat' dir='ltr'>in</span> <span class='ocrx_word' id='word_1_1410' title='bbox 1735 3747 1858 3780; x_wconf 84' lang='lat' dir='ltr'>Ecclesia</span> <span class='ocrx_word' id='word_1_1411' title='bbox 1873 3738 2210 3783; x_wconf 25' lang='lat' dir='ltr'>Lincolnienfihpraedldta</span> <span class='ocrx_word' id='word_1_1412' title='bbox 2224 3749 2328 3770; x_wconf 86' lang='lat' dir='ltr'>vacan-</span> 
     </span>
     <span class='ocr_line' id='line_1_209' title="bbox 1269 3774 2329 3858; baseline -0.011 -38"><span class='ocrx_word' id='word_1_1413' title='bbox 1269 3799 1350 3858; x_wconf 47' lang='grc' dir='ltr'>ῑειτίιὶ,</span> <span class='ocrx_word' id='word_1_1414' title='bbox 1369 3792 1476 3858; x_wconf 38' lang='grc' dir='ltr'>τεεί-(ἀπ</span> <span class='ocrx_word' id='word_1_1415' title='bbox 1494 3774 1714 3858; x_wconf 52' lang='grc' dir='ltr'>Τεωροῐὶῌῖιῐη</span> <span class='ocrx_word' id='word_1_1416' title='bbox 1736 3782 1919 3855; x_wconf 49' lang='lat' dir='ltr'>Episcffiggfis</span> <span class='ocrx_word' id='word_1_1417' title='bbox 1941 3778 2162 3816; x_wconf 89' lang='lat' dir='ltr'>Lincolniensis,</span> <span class='ocrx_word' id='word_1_1418' title='bbox 2188 3788 2217 3807; x_wconf 85' lang='lat' dir='ltr'>in</span> <span class='ocrx_word' id='word_1_1419' title='bbox 2238 3778 2329 3808; x_wconf 79' lang='lat' dir='ltr'>Manu</span> 
     </span>
    </p>

    <p class='ocr_par' dir='ltr' id='par_1_73' title="bbox 1344 3834 1822 3853">
     <span class='ocr_line' id='line_1_210' title="bbox 1344 3834 1822 3853; baseline -0.015 7"><span class='ocrx_word' id='word_1_1420' title='bbox 1344 3840 1348 3843; x_wconf 95' lang='lat'>·</span> <span class='ocrx_word' id='word_1_1421' title='bbox 1815 3834 1822 3853; x_wconf 95' lang='lat' dir='ltr'>i</span> 
     </span>
    </p>

    <p class='ocr_par' dir='ltr' id='par_1_74' title="bbox 1271 3834 2336 4018">
     <span class='ocr_line' id='line_1_211' title="bbox 1271 3834 2331 3906; baseline -0.016 -8"><span class='ocrx_word' id='word_1_1422' title='bbox 1271 3834 1837 3906; x_wconf 38' lang='lat' dir='ltr'>nolnrtagreigiaegnztiiprgirggrgsvacffibzrs&#39;</span> <span class='ocrx_word' id='word_1_1423' title='bbox 1854 3844 1950 3904; x_wconf 74' lang='lat' dir='ltr'>eiclem</span> <span class='ocrx_word' id='word_1_1424' title='bbox 1964 3855 2082 3899; x_wconf 77' lang='lat' dir='ltr'>Clerico</span> <span class='ocrx_word' id='word_1_1425' title='bbox 2096 3853 2195 3885; x_wconf 88' lang='lat' dir='ltr'>nostro</span> <span class='ocrx_word' id='word_1_1426' title='bbox 2207 3854 2242 3885; x_wconf 89' lang='lat' dir='ltr'>ad</span> <span class='ocrx_word' id='word_1_1427' title='bbox 2258 3853 2331 3885; x_wconf 87' lang='lat' dir='ltr'>Pro-</span> 
     </span>
     <span class='ocr_line' id='line_1_212' title="bbox 1271 3892 2333 3941; baseline -0.013 -5"><span class='ocrx_word' id='word_1_1428' title='bbox 1271 3906 1446 3936; x_wconf 87' lang='lat' dir='ltr'>curatioriem</span> <span class='ocrx_word' id='word_1_1429' title='bbox 1466 3905 1587 3936; x_wconf 84' lang='lat' dir='ltr'>vestram</span> <span class='ocrx_word' id='word_1_1430' title='bbox 1603 3905 1700 3941; x_wconf 80' lang='lat' dir='ltr'>illatis,</span> <span class='ocrx_word' id='word_1_1431' title='bbox 1715 3898 1896 3935; x_wconf 84' lang='lat' dir='ltr'>revocandis,</span> <span class='ocrx_word' id='word_1_1432' title='bbox 1913 3897 1932 3927; x_wconf 84' lang='lat' dir='ltr'>fi</span> <span class='ocrx_word' id='word_1_1433' title='bbox 1948 3894 2142 3925; x_wconf 87' lang='lat' dir='ltr'>Collationem</span> <span class='ocrx_word' id='word_1_1434' title='bbox 2155 3892 2280 3937; x_wconf 76' lang='lat' dir='ltr'>nostram</span> <span class='ocrx_word' id='word_1_1435' title='bbox 2297 3892 2333 3936; x_wconf 82' lang='lat' dir='ltr'>de</span> 
     </span>
     <span class='ocr_line' id='line_1_213' title="bbox 1271 3932 2334 3979; baseline -0.012 -6"><span class='ocrx_word' id='word_1_1436' title='bbox 1271 3943 1348 3974; x_wconf 70' lang='lat' dir='ltr'>dieta</span> <span class='ocrx_word' id='word_1_1437' title='bbox 1370 3943 1527 3975; x_wconf 86' lang='lat' dir='ltr'>Praebenda</span> <span class='ocrx_word' id='word_1_1438' title='bbox 1547 3944 1583 3975; x_wconf 90' lang='lat' dir='ltr'>de</span> <span class='ocrx_word' id='word_1_1439' title='bbox 1601 3942 1708 3979; x_wconf 80' lang='lat' dir='ltr'>stoke,</span> <span class='ocrx_word' id='word_1_1440' title='bbox 1725 3940 1806 3970; x_wconf 90' lang='lat' dir='ltr'>vobis</span> <span class='ocrx_word' id='word_1_1441' title='bbox 1825 3936 1946 3972; x_wconf 73' lang='lat' dir='ltr'>factam,</span> <span class='ocrx_word' id='word_1_1442' title='bbox 1962 3942 2108 3976; x_wconf 79' lang='lat' dir='ltr'>acceptare</span> <span class='ocrx_word' id='word_1_1443' title='bbox 2127 3932 2233 3969; x_wconf 87' lang='lat' dir='ltr'>velitis,</span> <span class='ocrx_word' id='word_1_1444' title='bbox 2251 3932 2334 3975; x_wconf 76' lang='lat' dir='ltr'>nobis</span> 
     </span>
     <span class='ocr_line' id='line_1_214' title="bbox 1272 3971 2336 4018; baseline -0.013 -5"><span class='ocrx_word' id='word_1_1445' title='bbox 1272 3982 1454 4013; x_wconf 87' lang='lat' dir='ltr'>rescriberetis</span> <span class='ocrx_word' id='word_1_1446' title='bbox 1473 3983 1546 4013; x_wconf 84' lang='lat' dir='ltr'>velle</span> <span class='ocrx_word' id='word_1_1447' title='bbox 1562 3980 1705 4018; x_wconf 75' lang='lat' dir='ltr'>vestrum,</span> <span class='ocrx_word' id='word_1_1448' title='bbox 1718 3987 1786 4017; x_wconf 85' lang='lat' dir='ltr'>vos,</span> <span class='ocrx_word' id='word_1_1449' title='bbox 1802 3984 1852 4015; x_wconf 83' lang='lat' dir='ltr'>per</span> <span class='ocrx_word' id='word_1_1450' title='bbox 1867 3972 1973 4005; x_wconf 85' lang='lat' dir='ltr'>nostras</span> <span class='ocrx_word' id='word_1_1451' title='bbox 1984 3971 2047 4003; x_wconf 87' lang='lat' dir='ltr'>alias</span> <span class='ocrx_word' id='word_1_1452' title='bbox 2064 3971 2186 4010; x_wconf 83' lang='lat' dir='ltr'>Literas,</span> <span class='ocrx_word' id='word_1_1453' title='bbox 2204 3978 2336 4002; x_wconf 87' lang='lat' dir='ltr'>memmi-</span> 
     </span>
    </p>
   </div>
   <div class='ocr_carea' id='block_1_48' title="bbox 1274 4019 2332 4085">
    <p class='ocr_par' dir='ltr' id='par_1_75' title="bbox 1274 4019 2332 4085">
     <span class='ocr_line' id='line_1_215' title="bbox 1274 4019 2316 4075; baseline -0.007 -23"><span class='ocrx_word' id='word_1_1454' title='bbox 1274 4029 1337 4062; x_wconf 82' lang='lat' dir='ltr'>mus</span> <span class='ocrx_word' id='word_1_1455' title='bbox 1357 4030 1410 4052; x_wconf 86' lang='lat' dir='ltr'>nos</span> <span class='ocrx_word' id='word_1_1456' title='bbox 1422 4019 1527 4060; x_wconf 74' lang='lat' dir='ltr'>rogasse</span> <span class='ocrx_word' id='word_1_1457' title='bbox 1542 4028 1549 4048; x_wconf 91' lang='lat'>:</span> <span class='ocrx_word' id='word_1_1458' title='bbox 2278 4043 2316 4075; x_wconf 66' lang='lat' dir='ltr'>Et</span> 
     </span>
     <span class='ocr_line' id='line_1_216' title="bbox 2320 4066 2332 4085; baseline 0 -2"><span class='ocrx_word' id='word_1_1459' title='bbox 2320 4066 2332 4085; x_wconf 65' lang='grc' dir='ltr'><strong>ἶ</strong></span> 
     </span>
    </p>
   </div>
  </div>
 </body>
</html>
