2562 4279
789 160 898 200 E-*T
987 152 1250 200 ACTA

63 250 140 284 Ann.
157 249 198 280 D.
219 249 272 279 tius
288 248 401 289 Angliae
416 249 619 287 primas,oli1n
633 249 662 278 in
675 246 839 285 receptione
854 244 941 275 Pallei
957 243 1011 280 sui,
1026 239 1086 276 &a
1094 244 1176 277 prout
1185 237 1283 277 fiaepra2

84 298 170 330 1323.
219 298 236 316 u
268 299 299 317 ue
310 288 365 317 hm
381 289 486 323 verha3
505 292 568 318 viz.
1237 312 1241 317 .

81 330 149 358 Edv.
169 338 196 356 2.
248 298 394 365 {demque
406 326 657 364 Archiepiscopus,
675 333 727 362 pro
741 333 777 353 eo
791 321 870 360 quod
886 320 997 351 dicitum
1010 312 1166 347 secundum
1181 312 1278 350 Qm-

238 366 377 395 nennium
400 366 429 396 in
449 366 526 395 brevi
548 363 589 393 est
609 361 782 399 finiendum,
800 363 856 398 jam
876 359 902 389 se
918 366 994 397 patet
1007 356 1042 385 ad
1057 352 1278 385 transferendum

228 414 243 433 e
258 403 292 433 ad
307 403 409 434 Sedem
423 403 587 443 praediffitam
596 423 605 438 ‚
624 410 653 430 ut
666 399 812 438 przemiffo
826 406 916 436 pareat
926 396 1113 438 juramento,
1193 429 1197 435 Ι

254 441 336 480 Nos,
354 442 526 472 attendentes
539 440 621 478 ipsius
634 437 845 476 Archiepiscopi
860 435 1095 476 proelentiainn
1111 428 1230 474 nostris,
1244 438 1278 460 ac

216 480 313 518 Regni
328 479 415 510 nostri
431 479 582 518 dirigendis
595 477 726 515 negotiis,
746 474 893 516 perutilem
909 470 1022 515 existere
1035 470 1088 500 hiis
1099 469 1213 506 diebus,

256 518 456 549 paternitatem
470 517 607 553 vestram,
629 514 665 546 de
679 515 733 554 qu&
748 514 830 552 plene
844 509 1030 553 confidimus,
1048 507 1203 537 affectuosis
1216 515 1278 544 pre-

217 557 299 588 cibus
313 557 481 597 requirimus
496 556 683 593 &rogamus,
699 552 828 591 quatinus
840 559 904 588 erga
912 547 1023 578 dustum
1031 545 1187 590 Summum
1200 544 1279 575 Pon-

213 595 404 629 tificem‘(cui
422 595 501 631 super
522 593 579 623 hoc
593 592 761 625 scribimusa)
781 598 810 620 ut
824 588 880 628 ipse
894 596 1006 624 tempus
1019 584 1278 629 duih—Qinquen-

217 635 258 664 nii
279 644 328 671 per
345 632 418 664 aliud
439 631 678 671 Quinquennium
701 628 828 667 dignetur
846 634 997 671 prorogare
1010 646 1020 661 ‚
1037 623 1137 666 ,velitis
1151 646 1161 662 ,
1180 632 1278 653 amore

215 672 320 710 nostri,
339 680 427 710 partes
439 670 541 700 vestras
554 671 731 706 interponere
744 664 929 696 effectualiter
944 662 1101 706 adjutrices.

251 709 321 741 Dat.
334 709 408 749 apud
419 708 542 747 Jeroval.
557 707 671 737 decimo
685 705 806 742 septimo
820 703 867 734 die
880 701 1063 740 Septembris.

382 785 497 817 Eodem
512 782 602 814 modo
621 780 750 812 scribitur
764 780 936 820 subscriptis,
955 778 1104 816 videlicet,

216 865 333 893 Domino
347 865 380 892 G.
395 859 479 891 Tituli
491 861 651 890 Sannorum
666 856 868 892 Marcellini&
876 858 990 919 Petris}
1002 854 1163 885 Presbiteris
1176 851 1277 885 Cardi-

215 904 329 931 Domino
342 903 376 930 G.
386 898 470 930 Tituli
476 899 570 927 Sanili
577 900 677 927 Ciriaci
686 900 715 925 in
723 898 823 925 Tamis
832 919 841 932 ,
1041 893 1157 925 nalibus.

214 941 330 970 Domino
344 941 382 969 L.
397 936 505 967 Saneiae
522 938 625 966 Mariae
640 939 669 966 in
682 937 733 965 Via
745 934 807 964 lata
820 938 940 965 Diacono
954 930 1105 963 Cardinali.

262 1063 292 1085 ⁴*-
307 1064 367 1096 Pro
385 1060 609 1109 Archiepiftopo
627 1060 848 1103 Cantuarienst5
857 1060 947 1106 fitper
959 1057 1145 1103 Arestatione
1163 1059 1228 1090 Cle·

545 1114 677 1144 ricorum
696 1113 736 1146 R.
762 1107 944 1143 Cardianus.

58 1071 138 1102 *IV.
152 1072 194 1102 18.

57 1193 133 1224 Ann.
149 1195 190 1226 D.

77 1240 161 1273 1323.

56 1275 110 1299 Au.
130 1282 171 1308 17.

57 1315 86 1338 E.
103 1321 128 1340 2.

57 1353 89 1376 Ro
100 1359 127 1376 n.
145 1359 185 1386 17.

60 1388 86 1413 Ε.
108 1397 135 1415 2.

57 1435 91 1450 ,ΗΑ
110 1433 136 1459 7.

56 1464 118 1499 dors.

210 1197 258 1260 P
267 1198 326 1230 AP
335 1198 377 1229 AE
396 1198 461 1230 Rex
474 1198 578 1230 devota
592 1197 700 1238 pedum
713 1197 808 1228 oscula
823 1197 978 1227 beatorum.

315 1238 420 1277 Qum
443 1237 623 1278 quorundam
649 1237 732 1267 nobis
753 1235 808 1266 fide
832 1235 986 1275 dignorum
1010 1231 1105 1263 relatio
1126 1232 1277 1272 patefecit,

215 1276 296 1318 quod
308 1277 408 1317 aliqui,

252 1316 370 1354 Quieti,
387 1314 561 1346 Venerabilis
575 1314 679 1353 Patris,
696 1313 750 1344 W.
763 1311 968 1343 Cantuariensis
984 1310 1198 1348 Archiepiscopi
1209 1333 1218 1348 ,
1233 1317 1277 1340 to-

213 1355 268 1386 tius
290 1354 399 1394 Angltae
420 1353 545 1384 Primatis
558 1377 567 1392 ,
594 1353 705 1383 forsitan
721 1351 894 1389 invidentes,
911 1350 1023 1388 e'usque
1036 1349 1138 1379 statum
1154 1349 1278 1379 laudabi-

214 1395 272 1425 lem
287 1394 476 1424 machinantes
490 1402 543 1430 pro
557 1392 664 1422 viribus
679 1400 763 1429 penes
774 1389 898 1419 vestram
945 1388 1105 1418 lementiam
1120 1387 1280 1430 depravare,

250 1432 397 1462 sanctitati
410 1430 510 1461 vestrae
524 1430 588 1461 ausu
602 1429 736 1469 nephario
755 1428 898 1467 suggerere
920 1426 1166 1465 praesumpserunt,
1187 1426 1194 1454 i
1218 1425 1278 1457 sum

212 1470 467 1510 Archiepiscopurn
484 1471 646 1506 captionem
661 1491 670 1506 ,
695 1467 738 1498 seu
759 1466 968 1498 Arestationem
991 1465 1168 1502 quorundam
1218 1465 1280 1494 leri-

212 1518 332 1546 corum,
351 1507 526 1538 Venerabilis
542 1507 647 1544 Patris,
665 1506 790 1537 Domini
812 1504 852 1534 R.
868 1504 981 1535 Sandbae
998 1503 1101 1534 Mariae
1116 1505 1144 1533 in
1159 1502 1280 1534 Cosme-

215 1548 274 1588 dyn
295 1546 419 1578 Diaconi
435 1546 588 1577 Cardinalis
602 1569 611 1584 ,
630 1546 659 1575 in
683 1544 772 1575 Portu
787 1542 886 1574 nostro
901 1542 1056 1573 Dovorriae
1071 1567 1080 1582 ,
1097 1542 1199 1572 debere
1212 1551 1279 1580 pro-

211 1586 336 1617 curasse:
356 1587 390 1616 &
402 1585 480 1624 quod
493 1584 583 1616 vestra
602 1584 759 1623 Benignitas
777 1581 878 1613 exinde
893 1590 959 1619 erga
973 1581 1063 1618 ipsum
1081 1580 1280 1618 Archiepisco-

212 1635 283 1665 pum
303 1624 338 1654 ad
361 1624 583 1663 indignationem
605 1622 796 1660 aliquantisper
818 1629 1006 1657 provocatur,
1022 1619 1055 1653 de
1071 1629 1130 1661 quo
1144 1628 1178 1648 eo
1194 1618 1281 1648 velie-

215 1663 340 1694 mentitis
363 1662 548 1693 molestamur
560 1685 570 1700 ,
587 1671 645 1698 quo
660 1660 748 1698 ipsum
769 1659 887 1689 tenerius
905 1659 1064 1695 diligimus,
1082 1656 1217 1694 ipliusque
1236 1658 1279 1686 in-

215 1702 377 1732 nocentiam
391 1703 420 1731 in
436 1701 514 1731 fad‘m
527 1700 664 1738 praedicto
679 1698 787 1735 plenius
800 1696 1014 1735 cognoscimus,
1032 1705 1064 1725 ac
1079 1696 1279 1726 devouonis&

216 1740 355 1770 fidelitatis
388 1740 518 1770 uritatem
529 1761 540 1778 ,
555 1747 640 1778 quam
654 1737 688 1767 ad
701 1735 902 1767 sacrosanctam
916 1734 1082 1766 Romanam
1098 1735 1168 1774 gerit
1180 1733 1280 1766 Eccle-

215 1779 299 1817 siam,
317 1778 365 1808 nul
377 1786 472 1809 atenus
486 1779 655 1818 ignoramus.

252 1817 379 1848 Proinde
393 1818 537 1847 veritatem
558 1815 615 1846 Rei
627 1815 742 1851 Gestae,
761 1815 840 1853 super
861 1814 939 1846 faeto
952 1814 1109 1852 praedisto,
1128 1822 1280 1844 movemur

215 1855 317 1886 vestrae
338 1855 503 1886 Beatitudini
517 1854 630 1885 reserare
643 1878 653 1892 ,
671 1864 707 1884 ne
725 1852 882 1885 Pravorum
900 1853 1038 1892 suggestio
1051 1854 1160 1883 veritati
1174 1862 1281 1891 praeva-

217 1895 270 1924 leat
285 1918 294 1931 ,
316 1902 362 1924 aut
382 1893 597 1924 Detraetoribus
612 1917 622 1932 ,
640 1894 713 1933 qui,
732 1893 781 1924 sub
804 1893 910 1931 pietatis
929 1892 1048 1923 clamide
1060 1915 1070 1930 ,
1088 1893 1178 1922 vitam
1194 1891 1281 1922 lnno—

216 1933 343 1973 centium
359 1932 478 1962 lacerare
491 1942 549 1962 non
565 1940 714 1970 metuunt,
732 1931 815 1969 fides,
834 1931 880 1961 seu
895 1931 1040 1961 credulitas
1054 1930 1220 1968 praebeatur.

257 1971 332 2001 Sane
347 1995 355 2008 ,
377 1971 475 2001 exorta
496 1981 585 2009 nuper
605 1979 704 2001 contra
718 1979 770 2000 nos
783 1994 792 2008 ,
810 1971 840 1999 in
857 1970 964 2006 Regno
979 1969 1095 2006 nostro,
1110 1970 1187 2005 gravi
1201 1968 1280 1998 Sedi-

215 2011 312 2045 tione,
329 2010 397 2039 sicut
413 2010 503 2040 vestra
512 2009 730 2049 circumspetftio
752 2019 811 2039 non
827 2009 956 2045 ignorat,
974 2008 1024 2046 ὃς,
1043 2007 1211 2047 providente
1227 2007 1281 2037 Di-

217 2047 285 2080 vina
296 2047 459 2078 Clementia
468 2072 477 2086 ,
491 2049 608 2078 victoria
624 2049 706 2078 nobis
721 2047 823 2084 deipsis
837 2047 1002 2077 Rebellibus
1016 2046 1117 2076 nostris
1132 2047 1280 2077 attributa:

257 2086 435 2124 Qiibusdam
458 2089 529 2116 vero
551 2096 585 2116 ex
599 2087 636 2116 eis
651 2109 659 2124 ,
677 2088 749 2124 juxta
763 2086 887 2123 ipsorum
903 2085 1056 2123 demerita,
1071 2095 1188 2122 poenam
1202 2085 1282 2115 debi-

219 2131 278 2154 tam
292 2125 506 2161 recipientibus:
526 2125 661 2162 aliquibus
674 2133 765 2155 autem
776 2147 784 2161 ,
798 2125 896 2163 quibus
913 2133 1026 2161 parcere
1041 2123 1281 2162 volebamuS,tra-

217 2162 282 2192 ditis
303 2162 440 2192 custodite
460 2163 610 2193 carcerali:
631 2163 674 2193 alii
694 2172 726 2192 ex
747 2163 807 2202 ipsis
829 2163 959 2201 fugerunt
982 2170 1057 2192 extra
1070 2161 1209 2201 Regnum
1228 2172 1282 2192 no-

220 2200 328 2238 strum,
348 2202 398 2239 &,
417 2210 447 2230 ut
465 2211 519 2238 pro
541 2210 621 2231 certo
636 2201 811 2240 didiscimus,
829 2209 959 2240 quaerunt
978 2211 1031 2240 pro
1042 2199 1150 2231 viribus
1172 2200 1283 2230 Homi-

223 2249 293 2269 num
309 2262 318 2278 ,
337 2248 527 2269 extranearum
543 2240 695 2270 Terrarum
706 2263 715 2277 ,
735 2240 874 2278 praelidia,
894 2246 942 2277 utf,
958 2239 976 2269 fi
996 2248 1114 2278 quoquo
1128 2238 1219 2269 modo
1235 2250 1283 2269 va—

218 2277 292 2307 leant
311 2301 320 2315 ,
344 2287 574 2317 praeconceptum
595 2280 668 2308 virus
689 2278 836 2309 effundant
851 2302 861 2317 ,
880 2277 1047 2309 &inferant
1059 2279 1199 2317 dampna,
1218 2287 1282 2316 quae

221 2325 370 2353 poterunt,
390 2315 487 2346 Nobis
500 2317 533 2347 ὃ(
549 2315 637 2347 Genti
651 2317 769 2347 nostrae:

257 2354 299 2398 Et¹
314 2355 419 2394 insuper
438 2354 569 2394 quidam,
585 2355 620 2385 de
634 2355 772 2392 praedietis
791 2356 962 2386 incarceratis
975 2379 983 2393 ,
1004 2356 1019 2385 a
1035 2353 1168 2385 custodia
1191 2353 1283 2392 hujus-

220 2393 301 2423 'modi
313 2393 465 2436 ‘euaserunt
479 2417 489 2432 ,
512 2394 545 2424 &
564 2393 599 2424 ad
618 2393 709 2424 dietos
732 2394 863 2434 fugitivos
876 2394 901 2424 se
918 2394 1130 2431 transtulerunt,
1149 2394 1260 2433 jamque
1274 2416 1284 2431 ‚

219 2440 291 2500 {gum
310 2440 320 2460 1
341 2434 386 2470 lis,
408 2441 461 2470 pro
483 2432 606 2471 viribus,
623 2432 767 2464 elaborant
785 2433 820 2464 ad
841 2432 1098 2464 confoederationes
1114 2440 1215 2463 contra
1232 2442 1286 2462 nos

232 2479 311 2500 acien
333 2480 375 2500 as:

259 2508 303 2538 Ex
318 2509 436 2548 quibus,
454 2519 509 2540 nec
523 2509 684 2549 immerito,
704 2510 869 2550 provocati,
887 2509 922 2540 de
934 2510 1052 2541 consilio
1067 2509 1235 2549 Magnarum
1251 2510 1286 2540 ὃς

225 2545 383 2591 Procerum
406 2548 568 2579 nostrorum
584 2572 594 2588 ,
619 2549 738 2587 singulos
758 2549 859 2579 Portus
882 2550 914 2579 ὃ(
932 2549 1065 2579 inoreffiis
1087 2548 1183 2587 Regni
1198 2548 1286 2578 nostri

221 2585 347 2630 distrigste
362 2588 549 2626 praecepimus
563 2587 714 2625 custodiri,
735 2598 772 2617 ne
805 2589 847 2625 ui,
861 2588 943 2618 nobis
959 2574 1090 2627 ffispeeti,
1107 2587 1287 2626 ingrederen-

221 2624 393 2669 turldidtum·
410 2625 547 2664 Regnum
560 2649 570 2665 ,
588 2635 642 2656 nec
654 2625 741 2655 literae
753 2649 762 2664 ‚
789 2637 823 2657 eu
835 2626 990 2666 quicquam
1006 2626 1099 2664 aliud,
1117 2625 1192 2656 unde
1205 2634 1287 2656 nota-

222 2662 285 2692 bilis
299 2663 415 2704 suspicio
430 2664 527 2694 haberi
548 2664 656 2702 posset,
676 2665 746 2695 insra
760 2665 836 2695 idem
854 2664 990 2704 Regnum
1004 2672 1190 2704 portarentur:

263 2701 335 2744 Qo
354 2710 488 2739 praetextu
508 2703 616 2742 praefati
639 2703 761 2741 Clerici,
780 2703 852 2734 dum
871 2714 980 2734 eramus
993 2705 1023 2734 in
1036 2703 1159 2743 partibus
1172 2702 1288 2733 Boriali-

223 2739 276 2769 bus
297 2740 424 2784 ejusdem·
440 2740 562 2784 Regni,
585 2742 721 2780 fuerunt,
737 2743 765 2771 in
787 2742 926 2783 praediti&
939 2742 1028 2773 Portu
1049 2742 1220 2781 Dovorriae,
1238 2751 1288 2780 per

224 2777 361 2816 quosdam
378 2778 526 2809 Ministros
539 2780 650 2810 nostros
665 2780 786 2811 arestari:

263 2815 373 2846 Verum
391 2818 519 2860 pissaefatus
540 2817 773 2856 Archiepiscopus
789 2842 799 2858 ,
823 2819 880 2850 hoc
895 2820 1069 2860 perpendens
1081 2843 1091 2858 ,
1117 2821 1198 2851 nobis
1216 2819 1289 2858 ipso-

227 2863 291 2897 rum
309 2854 514 2898 Arestationem
524 2879 533 2893 ,
549 2866 596 2894 per
619 2857 676 2887 suas
695 2857 815 2896 litteras,
831 2859 988 2898 intimavit,
1004 2859 1086 2889 nobis
1100 2868 1168 2890 cum
1181 2859 1289 2890 instari-

226 2899 264 2922 tla
276 2891 458 2936 supplicando
472 2902 502 2924 ut
518 2895 589 2932 ipsos
602 2894 745 2925 deliberari
760 2895 929 2927 faceremus:

265 2929 340 2974 Set,
362 2941 425 2969 quia
445 2932 480 2962 de
501 2932 582 2963 causa
600 2934 768 2964 arestationis
791 2935 914 2971 ipsorum
934 2936 1017 2966 nobis
1038 2935 1072 2966 ad
1096 2936 1211 2974 plenum
1227 2947 1288 2968 non

227 2967 370 3008 constitit,
388 2969 516 3001 volentes
531 2970 597 3001 inde
611 2971 686 3002 effici
707 2973 838 3003 certiores
852 2998 862 3012 ‚
880 2974 994 3004 eosdem
1010 2973 1140 3005 Clericos
1157 2975 1233 3006 salvo
1253 2976 1288 3006 &

228 3006 347 3053 honeste
368 3009 465 3052 venire
484 3009 602 3039 fecimus
620 3019 717 3040 coram
740 3011 824 3041 nobis
837 3034 847 3049 ,
864 3011 977 3051 ipsisque
996 3013 1073 3050 super
1093 3014 1241 3052 praemissis
1259 3016 1289 3044 in

228 3044 325 3075 nostra
343 3046 485 3085 praesentia
505 3047 630 3078 allocutis
644 3071 654 3086 ,
671 3049 736 3087 quia
757 3057 824 3079 tunc
846 3060 953 3080 eramus
970 3051 1045 3081 circa
1059 3051 1215 3083 dedudfflm
1234 3063 1289 3083 no-

228 3082 323 3127 strum·
337 3086 468 3128 occupati
485 3109 495 3124 ,
520 3096 574 3116 nec
595 3095 671 3116 erant
693 3095 761 3117 tunc
782 3089 929 3119 nobiscum
947 3090 1090 3126 praesentes
1110 3090 1235 3130 Maj0res
1253 3092 1288 3122 de

228 3120 365 3170 Concilip
379 3123 478 3168 nostro
493 3148 503 3163 ,
522 3135 580 3163 quo
601 3126 692 3155 minus
712 3124 854 3156 Discuffio
875 3126 934 3156 fieri
956 3127 1047 3165 potuit
1060 3128 1139 3166 super
1151 3129 1232 3160 caula
1248 3132 1290 3160 su-

228 3160 357 3197 pradidta
371 3185 389 3206 ,Ι
399 3172 437 3206 eis
459 3163 493 3193 ad
507 3164 565 3194 hoc
580 3163 749 3201 praefiximus
769 3173 877 3195 certum
892 3165 985 3204 diem,
1000 3164 1144 3206 ipsosque,
1162 3167 1197 3197 ad
1211 3169 1291 3199 itera-

230 3206 290 3243 tam
311 3201 518 3242 requisitionem
534 3202 660 3242 praedicti
675 3201 886 3243 Archiepiscopi
896 3227 905 3243 ,
924 3204 939 3234 a
951 3204 1032 3236 disto
1052 3205 1155 3237 Aresto
1170 3208 1290 3239 fecimus

231 3236 365 3275 liberari,
383 3238 559 3270 Inhibuimus
582 3249 676 3272 tamen
690 3241 792 3271 eisdem
806 3265 815 3280 ,
835 3252 872 3272 ne
888 3243 1056 3282 quicquam,
1074 3245 1102 3275 in
1119 3246 1224 3284 nostri,
1243 3256 1291 3279 aut

230 3274 361 3305 Coronae
374 3276 478 3321 nostrae
492 3277 593 3318 Regiae
606 3279 818 3319 praejudicium,
836 3282 1062 3321 prosequerentur
1076 3286 1291 3324 quoquomodo.

269 3312 380 3357 Placeat
398 3324 505 3358 igitur,
532 3319 689 3361 quaesumus
705 3341 714 3356 ,
736 3318 835 3349 vestrae
854 3320 1018 3352 Benionitati
1037 3345 1047 3360 ,
1070 3324 1216 3360 praemissis
1236 3325 1293 3355 cle-

232 3361 322 3396 menti
346 3354 526 3396 meditatione
548 3356 662 3392 pensatis
676 3379 685 3394 ,
704 3356 853 3394 praefatum
868 3344 1121 3399 Arciiiepiscopum
1136 3385 1146 3401 ,
1162 3363 1198 3393 de
1216 3364 1292 3394 facto

231 3391 372 3429 praeditfto
390 3391 528 3436 insontem
543 3395 653 3430 penitus
671 3396 704 3426 ὃς
720 3396 880 3426 immunem
894 3420 904 3435 ,
922 3399 987 3428 inde
1000 3400 1121 3430 totaliter
1133 3402 1293 3432 excusatum

233 3429 354 3474 habere,
374 3431 407 3460 δε
426 3430 537 3460 sinistris
556 3432 796 3471 suggestionibus,
816 3434 835 3463 si
847 3444 911 3473 quae
926 3437 1006 3467 vobis
1020 3438 1104 3468 faetae
1117 3439 1230 3471 fuerunt
1265 3441 1294 3471 in

234 3476 407 3537 cogtrarsium
420 3468 645 3538 przgcmissorum,
666 3471 750 3502 fidem
764 3471 884 3511 aliquam
900 3483 960 3504 non
974 3477 1110 3513 praebere.
1238 3463 1249 3480 ²

298 3516 335 3536 on
348 3516 438 3546 ervet,
491 3517 516 3538 c.

271 3543 339 3575 Dat.
353 3546 424 3586 apud
437 3545 558 3586 Jeroval.
572 3545 687 3578 decimo
702 3546 779 3579 sexto
792 3548 971 3587 Septembris.

85 3674 215 3710 *1V.19.

84 3750 211 3781 Ann.D.

108 3798 193 3828 1323.

82 3832 135 3856 An.
157 3838 199 3863 ¹7·

80 3871 114 3894 E.
136 3876 162 3893 2.

82 3906 186 3934 uidem.

273 3666 299 3694 ᾖ
325 3669 385 3703 Ad
396 3670 510 3705 diflnm
529 3671 722 3706 Cardinalem
741 3700 750 3716 ‚
768 3674 859 3720 fhper
877 3674 1064 3720 Arestatione
1080 3690 1258 3714 memorata.

235 3752 449 3815 VEnerabili
468 3759 497 3788 in
517 3758 635 3790 Christo
653 3758 751 3802 Patri,
776 3757 909 3790 Domino
929 3761 969 3791 R.
984 3761 1041 3793 Dei
1063 3763 1163 3803 gratia,
1180 3765 1293 3797 Santstae

318 3795 421 3827 Mariae
442 3807 472 3827 in
495 3796 661 3841 Cosmedyn
676 3797 811 3827 Diacono
824 3797 981 3838 Cardinali,
999 3802 1108 3832 Amico
1125 3802 1175 3833 suo
1189 3805 1294 3835 cariffi-

234 3834 622 3905 ¹1¹tiiso{figgvgtar}dus,ejusdem
637 3835 738 3876 gratia,
755 3836 815 3866 &c-
829 3836 971 3877 Salutem,
989 3840 1023 3870 δε
1038 3840 1152 3871 sincerae
1164 3841 1293 3875 dileetio-

242 3952 246 3956 ·
270 3911 376 3957 'Qum
395 3898 585 3957 quorumdam
603 3912 658 3944 fide
677 3913 828 3953 dignorum
847 3913 944 3945 relatio
956 3938 966 3953 ,
984 3914 1045 3950 &c.
1065 3923 1097 3945 ut
1110 3916 1195 3956 supra
1214 3919 1294 3961 usque

236 3948 300 3985 7b13
320 3960 382 3979 viz.
403 3951 769 3996 ipsum-Archiepiscopum
790 3951 962 3992 Captionem
977 3976 986 3992 ,
1018 3953 1063 3985 seu
1085 3955 1293 3989 Arestationem

236 3987 416 4024 quoi-undam
429 3988 611 4021 Clericorum
625 3989 783 4021 vestrorum
799 3993 828 4020 in
844 3990 933 4021 Portu
948 3991 1045 4022 nostro
1059 3992 1292 4035 Dovorriae,&c.

236 4024 377 4094 tg‘ssgra,
395 4032 507 4060 mutatis
520 4029 676 4068 mutandis,
694 4028 772 4071 usque
785 4029 840 4068 ibi,
857 4033 918 4061 w‘z.
931 4030 1161 4070 prosequerentur
1174 4044 1293 4075 quoquo

1337 147 1816 190 PossLicA.
2350 148 2402 200 ὃς

1359 232 1487 264 Vestram
1512 235 1595 273 igitur
1618 235 1816 265 paternitatem
1840 231 1995 263 affectuosis
2011 230 2142 270 precibus
2163 232 2326 270 requirimus
2345 230 2378 260 &
2398 225 2530 256 Annio.

1325 279 1454 314 rogamus
1467 294 1476 308 ,
1496 273 1622 310 quatinus
1643 274 1789 309 praefatum
1811 271 2064 310 Archiepiscopum
2080 295 2089 309 ‚
2107 271 2142 301 de
2158 271 2232 301 -Ῑιέὶο
2244 270 2381 308 Ρι·κόίἃο
2424 273 2507 303 1323-

1325 314 1463 352 insontem
1476 310 1586 347 penitus
1601 312 1633 340 &
1649 313 1822 348 immunem,
1840 310 1904 340 inde
1917 311 2036 341 totaliter
2051 309 2211 340 excusatum
2225 309 2326 339 habere
2334 321 2383 340 ve-
2394 304 2459 332 Edv.
2482 313 2507 331 ²2

1324 346 1395 390 litis,
1411 347 1443 377 ὃς
1457 356 1520 385 erga
1537 347 1700 377 Dominum
1715 348 1868 379 Summum
1885 348 2056 379 Pontificem
2074 348 2083 384 (
2095 349 2141 378 cui
2155 348 2233 386 super
2248 347 2306 379 hoc
2317 349 2383 379 scri⁴

1326 385 1418 453 bitssus
1428 395 1436 419 )
1456 385 1547 453 quis
1560 387 1708 424 omnibus,
1727 388 1827 424 quibus
1846 388 1983 426 poteritis,
2001 386 2135 417 excusare.

1395 431 1432 453 at.
1449 432 1479 453 ut
1505 433 1580 463 upra.

1429 497 1542 530 Eodem
1558 500 1647 531 modo
1668 500 1795 531 scribitur
1813 501 2004 532 Cardinalibus
2017 502 2188 540 subscriptis,
2207 511 2272 533 mu-

1661 539 1720 569 tatis
1734 540 1887 578 mutandis,
1904 540 2050 578 videlicet,

1325 615 1441 643 Domino
1454 616 1487 644 G.
1496 614 1582 644 ntuli
1595 616 1753 645 Sanaorum
1762 615 1919 644 Marcellini
1932 615 1969 651 ό·
1983 619 2073 654 Petri,
2114 616 2274 647 Presbiteris
2288 617 2389 648 Cardi-

1325 655 1441 681 Domino
1455 656 1490 682 G.
1505 653 1591 682 Tituli
1604 655 1697 682 Sam‘li
1713 657 1812 683 Ciriaci
1826 657 1855 682 in
1867 657 1967 682 Termis
1975 677 1984 692 ,
2078 630 2099 679 }
2148 656 2264 686 nalibus.

1325 692 1440 720 Domino
1455 694 1493 721 L.
1507 693 1615 721 Sandtae
1631 695 1736 721 Mariae
1751 695 1781 721 in
1797 695 1848 721 via
1862 690 1923 721 lata
1938 695 2059 722 Diacono
2072 693 2222 724 Cardinali.

1373 816 1518 862 Responsio
1543 819 1626 864 Papae
1641 817 1732 863 fitper
1750 816 1835 861 fizfflo
1856 817 2063 862 Epiftoporum
2083 844 2092 859 ‚
2126 818 2340 862 flamniam,

1723 868 1759 903 ὠ·
1778 865 1993 907 Lincolnie7fi5.

1359 952 1495 982 Ohannes
1515 950 1670 990 Episcopus
1685 974 1695 990 ,
1711 949 1804 980 servus
1823 949 1965 980 servorum
1982 948 2056 986 Dei,
2073 951 2212 981 carissimo
2227 954 2255 982 in
2268 951 2386 983 Christo
2401 938 2478 969 Arm·
2494 936 2535 969 D:

1369 991 1443 1021 Filio
1454 990 1615 1029 edwardo,
1634 989 1714 1027 Regi
1732 988 1844 1028 Angliae
1868 987 1986 1025 illustri,
2006 987 2129 1018 Salutem
2145 990 2177 1020 sc
2192 991 2385 1029 Apostolicam
2425 984 2508 1016 ¹323·

1322 1028 1564 1059 Beriedietionem.
2404 1020 2455 1044 An.
2477 1022 2519 1053 ¹7·

1362 1067 1456 1098 Decet
1476 1066 1681 1097 Excellentiam
1702 1065 1830 1103 Regiam
1851 1065 1866 1094 ¹21
1887 1063 1983 1095 Matre
1998 1063 2046 1095 sua
2067 1065 2237 1096 sacrosan&
2256 1066 2388 1097 Romana
2407 1060 2436 1082 F..
2460 1065 2486 1081 ²·

1323 1105 1449 1139 Ecclesia
1462 1106 1523 1136 talia
1536 1105 1674 1143 postulare
1688 1127 1699 1143 ,
1717 1114 1781 1144 quae
1803 1103 1913 1140 impleri
1927 1113 1976 1140 per
1996 1113 2060 1133 eam
2080 1104 2199 1134 honeste
2214 1105 2337 1143 valeant,
2355 1107 2387 1136 &
2406 1097 2442 1120 Ex
2461 1096 2521 1125 Au<

1325 1145 1436 1178 alterius
1450 1144 1490 1180 jus
1504 1154 1564 1174 non
1580 1143 1689 1174 laedant.
2406 1139 2471 1169 togr.

1367 1181 1401 1212 In
1417 1182 1468 1212 hiis
1480 1182 1595 1222 quidem
1610 1181 1696 1220 ipsam
1711 1179 1846 1217 hactenus
1859 1179 1979 1217 reperit,
1993 1179 2042 1217 &‚
2053 1179 2138 1210 dante
2153 1180 2304 1220 Domino,
2319 1191 2391 1212 con-

1324 1220 1402 1251 tinue
1417 1230 1580 1260 promptam
1594 1221 1726 1260 reperiet,
1745 1219 1895 1256 propitiam
1914 1218 1947 1248 &
1964 1219 2127 1255 benignam.

1361 1259 1434 1290 Sane
1455 1259 1535 1298 quod
1550 1282 1559 1298 ,
1578 1258 1758 1290 Venerabiles
1773 1257 1880 1287 Fratres
1894 1279 1904 1295 ,
1919 1255 2115 1295 Coepiscopos
2133 1257 2242 1288 nostros
2264 1259 2391 1299 depona-

1326 1307 1390 1328 mus
1412 1300 1427 1329 ὲ
1448 1299 1499 1329 suis
1517 1298 1646 1337 gradibus
1663 1320 1672 1335 ,
1691 1296 1747 1326 sine
1761 1294 1850 1335 culpis
1883 1296 2049 1332 ravioribus,
2065 1295 2100 1324 de
2115 1297 2213 1333 quibus
2224 1297 2389 1333 judicialiter

1326 1336 1436 1367 constet
1453 1338 1551 1374 nobis,
1567 1337 1609 1367 vel
1633 1338 1716 1366 etiam
1730 1334 1764 1365 ad
1778 1335 1840 1364 alias
1881 1334 1990 1371 cclesias
2009 1356 2018 1370 ,
2034 1334 2085 1364 suis
2098 1333 2242 1364 inferiores
2254 1335 2392 1367 facultati-

1325 1376 1394 1414 bus,
1411 1376 1455 1406 vel
1471 1376 1597 1413 honore,
1614 1374 1717 1412 absque
1732 1374 1834 1403 cotum
1847 1372 2040 1410 beneplacito,
2060 1372 2271 1412 transferamus,
2289 1384 2391 1414 nequa-

1325 1424 1411 1453 quam
1425 1414 1541 1452 justitiae
1557 1414 1689 1453 congruit
1725 1422 1779 1442 nec
1796 1413 1833 1442 est
1850 1412 2071 1441 consentaneum
2086 1412 2194 1441 rationi.

1364 1452 1570 1483 Excellentiam
1585 1453 1675 1492 itaque
1691 1436 1812 1490 Regiam
1831 1449 2168 1488 deprecamur,quatinus
2180 1449 2257 1480 hunc
2273 1454 2395 1489 morem,

1327 1491 1403 1522 velut
1424 1491 1492 1522 Deo
1516 1500 1629 1528 gratum
1642 1515 1652 1530 ,
1670 1499 1721 1520 tuo
1738 1490 1958 1520 convenientem
1980 1487 2079 1526 statui,
2096 1498 2128 1518 ac
2145 1488 2226 1517 nobis
2244 1497 2395 1526 acceptum

1348 1530 1481 1560 lurimum
1496 1553 1505 1567 ,
1522 1530 1588 1559 velit
1610 1530 1639 1558 in
1659 1528 1710 1558 suis
1731 1527 1908 1567 petitionibus
1927 1526 2088 1563 observare,
2107 1525 2229 1564 Nosque
2254 1526 2396 1558 excusatos

1328 1540 1444 1606 iiabeat,
1462 1568 1481 1598 si
1496 1577 1606 1607 preces,
1621 1566 1728 1596 emissas
1742 1576 1794 1603 pro
1809 1566 1987 1595 ammotione
1998 1564 2044 1595 seu
2055 1563 2252 1603 transsatione,
2272 1565 2398 1596 Venera—

1328 1607 1428 1636 bilium
1446 1606 1576 1636 Fratrum
1589 1604 1752 1635 nostrorum
1784 1603 1968 1641 BatoniensiS,
1984 1603 2017 1633 &
2034 1602 2240 1634 Lincolnienfis
2253 1626 2262 1641 ‚
2279 1603 2304 1634 E
2327 1604 2399 1635 isco-

1328 1654 1453 1685 porum,
1471 1642 1645 1683 exequendas
1668 1653 1729 1673 non
1749 1627 1897 1680 duximus,
1914 1642 1983 1671 cum
1998 1651 2040 1671 eas
2056 1664 2066 1680 ,
2082 1641 2183 1680 absque
2199 1641 2258 1672 Dei
2271 1614 2396 1683 oflpenffi,

1328 1683 1499 1723 &ipsorum
1517 1682 1616 1721 injuria
1649 1682 1857 1720 nequiverimus
1871 1679 2031 1719 adimplere.

1365 1722 1395 1753 Si
1409 1723 1468 1761 quis
1482 1731 1596 1759 tamen,
1623 1719 1767 1750 ecundum
1782 1720 1840 1749 vias
1855 1717 2027 1756 Canonum,
2046 1726 2146 1748 contra
2161 1719 2231 1756 ipsos
2247 1719 2315 1750 velit
2329 1728 2397 1757 pro-

1328 1771 1434 1800 ponere
1447 1761 1549 1799 aliqua‚
1566 1759 1655 1798 ipsum
1671 1758 1763 1788 audire
1778 1758 1906 1794 benigne
1925 1756 2078 1786 offeramus
2099 1767 2151 1786 nos
2166 1766 2290 1796 paratos,
2307 1758 2341 1788 &
2355 1758 2398 1788 su-

1328 1811 1378 1840 per
1392 1800 1538 1837 propontis
1553 1798 1643 1828 facere
1657 1798 1722 1843 quic
1745 1796 1792 1826 uid
1805 1795 1864 1825 fieri
1883 1796 2004 1837 poterit,
2022 1794 2123 1833 justitia
2137 1795 2281 1826 inoffensa.

1364 1838 1432 1869 Dat.
1449 1837 1575 1870 Avinion
1585 1859 1594 1875 ,
1606 1845 1636 1875 15
1652 1835 1719 1866 lsai.
1761 1832 2079 1873 etobriS„P0ntincatus
2094 1833 2182 1864 nostri
2195 1844 2271 1865 anno
2284 1834 2398 1865 oetavo.

1973 1910 2026 1941 Sub
2032 1909 2095 1952 filis
2108 1910 2242 1941 canabe-1⁸5.

1402 2045 1493 2078 Bulla
1502 2043 1595 2088 fitper
1612 2044 1742 2087 Quarta
1762 2049 1851 2087 parte
1872 2042 2002 2073 Decima
2021 2038 2170 2072 Biennalis
2189 2064 2201 2080 ,
2223 2037 2332 2084 Papali

1708 2092 1836 2122 Camere
1855 2088 2022 2134 reservata.

1328 2178 1504 2246 JOliannes
1520 2177 1675 2216 Episcopus
1691 2199 1701 2215 ,
1719 2176 1780 2207 δῖε.
1795 2174 1950 2206 Cariffimo
1971 2175 1999 2204 in
2013 2173 2131 2204 Christo
2157 2172 2231 2203 Filio
2244 2170 2403 2211 Edwardo,
2420 2167 2494 2199 Ann.
2505 2167 2548 2200 DJ

1365 2217 1440 2256 Regi
1456 2217 1568 2256 Angliae
1582 2215 1682 2246 illustri
1716 2215 1841 2245 Salutem
1853 2215 1886 2244 &
1903 2213 2099 2251 Apostolicam
2120 2211 2366 2242 Benedifflonem.
2439 2217 2523 2248 1323.

1388 2255 1468 2286 Sicut
1481 2256 1664 2286 Serenitatem
1679 2238 1804 2290 Regiam
1818 2253 1958 2283 credimus
1972 2261 2031 2282 non
2045 2252 2206 2289 latere,nos
2219 2249 2400 2288 dudum,pro
2417 2250 2470 2275 An.
2488 2257 2529 2283 ¹7.

1336 2294 1430 2324 multis
1452 2294 1675 2332 importabilibus
1693 2293 1826 2322 oneribus
1840 2314 1850 2330 ,
1867 2291 1949 2321 nobis
1969 2291 2002 2320 &
2017 2289 2156 2323 ‚Ecclesiae
2171 2289 2315 2319 Romanae
2332 2296 2401 2318 tunc
2415 2290 2446 2313 Ε.
2467 2295 2494 2313 2·

1333 2333 1566 2363 incumbentibus
1585 2355 1595 2369 ,
1614 2341 1678 2370 quae
1693 2329 1790 2368 postea
1805 2339 1865 2360 non
1877 2329 1939 2359 sunt
1950 2327 2088 2358 diminuta
2102 2351 2112 2366 ,
2129 2327 2174 2358 sed
2191 2327 2286 2365 aneta,
2305 2326 2402 2365 Qar-
2418 2329 2458 2351 Ex
2474 2327 2533 2352 Au<

1335 2379 1393 2401 tam
1415 2370 1552 2401 Biennalis
1571 2370 1707 2400 Decimae
1722 2392 1732 2407 ‚
1750 2379 1798 2407 per
1819 2377 1871 2398 nos
1894 2367 1998 2398 ultimo
2019 2367 2070 2397 tibi
2091 2365 2233 2396 concessae
2249 2389 2259 2404 ,
2274 2365 2404 2395 duximus
2420 2371 2486 2400 togr.

1335 2409 1439 2439 nostrae
1453 2408 1602 2448 Camerae,
1621 2410 1689 2438 sicut
1711 2417 1760 2444 per
1784 2406 1975 2436 venerabilem
1991 2404 2120 2435 Fratrem
2134 2404 2281 2442 nostrum,
2295 2403 2405 2441 Johan-

1334 2457 1401 2478 nem
1414 2447 1591 2486 Episcopum
1606 2445 1861 2485 Wyntoniensem,
1880 2453 1949 2475 tunc
1967 2442 2211 2473 Archidiaconum
2228 2442 2402 2482 Lincolniae,

1334 2486 1491 2516 Nuncium
1506 2486 1631 2524 Regium
1641 2508 1650 2524 ,
1671 2483 1896 2523 Magnificentiae
1909 2491 1966 2512 tuae
1980 2482 2118 2512 insinuare
2131 2482 2308 2518 curavimus,
2328 2483 2344 2497 ¹*
2360 2490 2404 2510 re·
2418 2484 2497 2514 HV.
2508 2489 2553 2512 20:

1335 2525 1496 2555 servandam
1513 2537 1523 2563 ε,
1543 2534 1627 2563 quam
1651 2523 1733 2553 nobis
1754 2521 1923 2552 Excellentia
1938 2520 2030 2559 Regia
2044 2543 2053 2558 ,
2075 2520 2133 2555 iam
2146 2520 2195 2550 diu
2211 2519 2252 2550 est
2266 2543 2276 2559 ,
2294 2519 2406 2549 mittere

1335 2564 1450 2602 debuit,
1468 2564 1500 2594 &
1515 2564 1556 2593 ob
1568 2571 1655 2601 quam
1671 2561 1780 2591 causam
1796 2559 1949 2590 ommiserit
1963 2560 2134 2597 ignoramus.

1374 2602 1522 2640 Quocirca
1539 2600 1749 2632 Sublimitatem
1763 2599 1886 2638 Regiam
1901 2607 2033 2636 rogamus
2047 2596 2234 2635 attentius,&
2248 2596 2405 2636 hortamur,

1334 2640 1467 2679 quatinus
1489 2649 1616 2679 quartam
1631 2646 1739 2678 partem
1754 2638 1896 2679 praedietae
1910 2636 2044 2666 Decimae
2060 2659 2069 2674 ,
2088 2634 2188 2674 absque
2201 2634 2322 2664 morosae
2336 2635 2404 2665 dila—

1334 2680 1419 2748 ἓοτιιίε
1432 2678 1582 2747 (ὲῦίὶεειύο
1596 2701 1606 2716 ,
1624 2678 1701 2708 mitti
1719 2678 1752 2708 &c
1767 2675 1892 2716 assignari
1907 2674 2053 2713 praedietae
2071 2671 2202 2705 Camerae
2217 2672 2299 2704 faciat
2311 2672 2404 2713 Regia

1351 2717 1439 2748 ‘eiitu
1460 2727 1488 2747 ο,

1374 2756 1441 2787 Dat.
1459 2756 1595 2786 Avinion.
1612 2754 1727 2786 decimo
1740 2754 1841 2792 quinto
1855 2752 1920 2784 Kal.
1934 2751 2073 2782 Ostobris
2086 2773 2096 2789 ,
2114 2748 2302 2780 Pontificatfis
2315 2749 2407 2781 nostri

1335 2805 1412 2827 anno
1426 2795 1538 2825 oftavo.

2026 2826 2080 2858 Sub
2085 2825 2147 2869 filis
2167 2826 2300 2857 canabeis.

1469 2960 1517 2991 De
1533 2970 1590 2990 non
1606 2955 1777 3004 receptando
1794 2958 1943 3003 Rogerum
1959 2952 1995 2987 de
2011 2957 2142 2987 Mortuo
2161 2955 2266 2986 Mari.

1337 3046 1392 3103 R
1402 3044 1427 3075 E
1437 3043 1485 3082 X,
1501 3043 1608 3074 dilecto
1623 3044 1656 3074 &
1671 3042 1745 3073 fideli
1759 3041 1828 3080 suo,
1842 3040 1966 3080 Johanni
1980 3039 2015 3070 de
2029 3039 2136 3070 Fienles
2146 3048 2159 3078 ·,
2176 3038 2296 3068 salutem.
2418 3035 2492 3067 Ann.
2510 3036 2554 3068 D.

1447 3081 1557 3112 Datum
1577 3082 1617 3112 est
1636 3082 1717 3112 nobis
1738 3080 1881 3119 intelligi,
1899 3078 1979 3118 quod
2001 3089 2051 3109 vos
2070 3078 2216 3116 Rogerum
2229 3076 2264 3106 de
2277 3072 2401 3104 Mortuo
2441 3085 2525 3116 1323.

1338 3119 1416 3151 Mati
1430 3120 1466 3151 de
1480 3120 1522 3150 W
1526 3129 1697 3160 vggemore,
1712 3119 1870 3150 Inimicum
1886 3120 1918 3149 &
1933 3117 2081 3148 Rebellem
2097 3115 2223 3146 nostrum
2237 3137 2255 3157 ³.
2267 3121 2354 3150 nuper
2367 3110 2401 3142 ea
2419 3119 2469 3143 Au.
2493 3125 2534 3150 17·

1337 3159 1485 3190 occasione
1500 3157 1644 3198 Captum,
1662 3159 1695 3189 ὅ(
1710 3159 1741 3188 in
1755 3156 1871 3188 prisona
1888 3156 1985 3187 nostra
2005 3155 2105 3185 Turris
2122 3153 2283 3183 Londoniae
2301 3151 2402 3181 deteri-
2419 3159 2447 3181 E.
2471 3164 2497 3182 2.

1338 3205 1400 3228 tum
1417 3197 1483 3236 (qui
1505 3197 1624 3227 eandem
1644 3196 1791 3227 Prisonam
1808 3195 1891 3234 fregit
1906 3218 1916 3234 ,
1935 3195 1967 3224 δε
1983 3194 2019 3224 ab
2033 3193 2130 3223 eadem
2144 3191 2238 3221 Turre
2252 3189 2402 3220 noctanter
2417 3193 2551 3229 Claufiry.

1338 3237 1372 3267 &
1390 3236 1514 3266 felonice
1534 3236 1617 3266 evasit
1632 3236 1642 3273 )
1663 3245 1775 3266 necnon
1799 3235 1832 3265 ὃς
1848 3235 1916 3263 alios
1930 3232 2066 3262 Inimicos
2080 3231 2112 3261 ὃς
2128 3229 2260 3260 Rebelles
2276 3227 2402 3264 nostrOS,
2419 3237 2446 3260 F..
2470 3241 2495 3259 ι.

1339 3275 1388 3343 ‘qui
1401 3286 1417 3305 a
1430 3274 1536 3313 Regno
1549 3273 1649 3304 nostro
1662 3274 1792 3314 fugerunt
1806 3296 1816 3311 ,
1831 3273 1901 3302 infra
1924 3271 2097 3301 Dominium
2111 3268 2236 3312 vestrum
2251 3268 2281 3311 in
2299 3266 2402 3305 Pykar-
2420 3281 2454 3298 m,
2467 3272 2511 3307 3⁶·
2523 3269 2551 3297 d.

1360 3314 1386 3344 ia
1405 3314 1550 3350 receptatis
1562 3337 1572 3351 ,
1594 3313 1627 3343 ὃς
1651 3323 1699 3343 eos
1720 3312 1822 3343 fovetis
1839 3334 1848 3349 ,
1874 3310 1907 3340 δί
1929 3309 2112 3338 manutenetis
2125 3317 2154 3336 in
2170 3305 2257 3336 nostri
2272 3313 2402 3347 contem-

1339 3360 1421 3390 ptum
1435 3352 1469 3382 &
1483 3352 1669 3389 vituperium,
1688 3351 1763 3381 unde
1778 3359 1814 3380 eo
1827 3347 2022 3379 vehementius
2037 3347 2168 3386 cogImur
2185 3345 2330 3385 admirari,
2343 3352 2401 3381 quo

1340 3389 1411 3420 infra
1425 3389 1563 3428 Regnum
1583 3388 1712 3419 nostrum
1730 3388 1833 3418 Terras
1845 3387 1878 3417 &
1894 3385 2072 3415 Tenementa
2092 3384 2206 3420 tenetis,
2224 3383 2256 3412 ὃς
2273 3381 2400 3423 utilitates

1340 3429 1444 3459 vestras
1463 3429 1496 3460 &
1520 3428 1676 3459 commoda
1690 3451 1699 3466 ‚
1715 3436 1779 3457 ante
1797 3427 1860 3456 haec
1875 3432 2002 3462 tempora
2014 3446 2024 3462 ,
2043 3433 2095 3462 pro
2117 3422 2224 3454 viribus
2238 3428 2401 3457 procuram-

1342 3477 1419 3506 mus,
1435 3467 1468 3498 ὃ(
1482 3467 1517 3496 de
1531 3467 1612 3497 vobis
1625 3465 1776 3504 specialiter
1791 3462 2010 3494 confidebamus.
2129 3498 2134 3503 .
2171 3497 2175 3501 Ι

1378 3506 1432 3544 Et,
1452 3506 1515 3544 quia
1529 3505 1662 3535 Fautores
1674 3506 1706 3535 ὃ(
1721 3503 1923 3540 Receptatores
1934 3501 2078 3530 mitorum
2094 3497 2278 3527 Inimicorum
2292 3495 2325 3526 ὃς
2339 3494 2400 3526 Re-

1340 3545 1458 3575 bellium
1470 3543 1650 3580 nostrorum,
1670 3544 1708 3572 eis
1721 3543 1749 3571 in
1766 3541 1818 3570 hac
1833 3548 1909 3578 parte
1922 3546 2021 3569 contra
2041 3545 2091 3567 nos
2104 3535 2275 3577 adliterentes
2288 3542 2400 3578 reputa-

1340 3593 1403 3614 mus
1417 3606 1427 3621 ,
1445 3583 1526 3613 vobis
1540 3581 1705 3612 mandamus
1725 3580 1841 3610 firmiter
1857 3579 2044 3616 injungentes,
2064 3572 2140 3611 quod
2158 3571 2250 3616 ἀιέὶοξ
2263 3571 2398 3616 inimicos

1341 3622 1375 3653 &
1395 3621 1526 3651 Rebelles
1546 3619 1657 3650 nostros
1670 3642 1679 3658 ,
1706 3619 1724 3649 si
1744 3617 1778 3648 ad
1794 3624 1881 3654 partes
1904 3613 2051 3644 Potestatis
2066 3611 2166 3642 vestrae
2178 3610 2396 3654 declinayerint,

1341 3660 1387 3691 vel
1407 3661 1436 3690 in
1451 3659 1554 3690 eodem
1575 3658 1695 3688 inveniri
1715 3662 1861 3694 poterunt,
1876 3651 2011 3688 arescens,
2031 3651 2064 3680 &
2079 3649 2119 3693 ad¹
2133 3658 2184 3692 nos
2199 3657 2329 3685 mittatis,
2347 3649 2397 3679 eis-

1340 3699 1408 3730 dem
1423 3698 1547 3728 Inimicis
1559 3698 1593 3728 &
1607 3695 1770 3726 Rebellibus
1781 3691 1896 3729 nostris,
1914 3689 1959 3720 vel
1973 3697 2075 3719 eorum
2087 3688 2168 3717 alicui
2181 3685 2306 3717 favorem
2321 3710 2330 3725 ,
2349 3685 2396 3717 vei

1339 3737 1472 3768 auxilium
1484 3735 1596 3774 aliquod
1610 3742 1729 3773 quoquo
1744 3730 1833 3761 modo
1851 3729 2004 3758 nullatenus
2015 3727 2147 3757 facientes
2161 3748 2170 3764 ‚
2189 3735 2242 3755 nec
2257 3735 2323 3764 eos,
2341 3733 2397 3756 nec

1340 3785 1440 3807 eorum
1451 3775 1574 3812 aliquem
1584 3769 1800 3810 quomodolibet
1812 3771 1989 3809 receptantes.
2054 3804 2059 3809 ⁶

1377 3813 1413 3845 Et
1427 3814 1463 3843 de
1476 3822 1529 3849 e0,
1544 3811 1622 3850 quod
1636 3808 1701 3839 inde
1715 3809 1804 3838 facere
1819 3805 1977 3842 volueritis,
1991 3804 2090 3841 nobis,
2108 3811 2157 3840 per
2173 3801 2310 3833 Latorem
2323 3811 2398 3840 prae-

1340 3852 1478 3889 sentium,
1493 3849 1653 3879 rescribatis.
2028 3881 2033 3886 ⁶
2123 3880 2128 3885 ¹
2277 3880 2282 3885 Ι

1374 3888 1464 3922 Teste
1477 3888 1559 3927 Rege
1574 3886 1647 3925 apud
1662 3883 1784 3922 Skipton
1798 3883 1829 3914 in
1843 3881 1974 3919 Craven,
1992 3889 2088 3919 primo
2101 3879 2146 3909 die
2161 3878 2306 3910 octobris.

1974 3960 2029 3988 Per
2043 3955 2124 3997 ipficm
2136 3958 2241 3995 Regem.

1545 4041 1645 4072 Eodem
1659 4039 1732 4071 modo
1744 4037 1876 4078 scribitur
1891 4035 2006 4068 Roberto
2025 4035 2057 4067 de
2076 4032 2187 4069 Fienles..

1817 4108 1845 4141 L
1865 4117 1882 4146 3
2301 4103 2404 4131 Contu
