<?xml version="1.0" encoding="UTF-8"?>
<!DOCTYPE html PUBLIC "-//W3C//DTD XHTML 1.0 Transitional//EN"
    "http://www.w3.org/TR/xhtml1/DTD/xhtml1-transitional.dtd">
<html xmlns="http://www.w3.org/1999/xhtml" xml:lang="en" lang="en">
 <head>
  <title>
</title>
<meta http-equiv="Content-Type" content="text/html;charset=utf-8" />
  <meta name='ocr-system' content='tesseract 3.04.00' />
  <meta name='ocr-capabilities' content='ocr_page ocr_carea ocr_par ocr_line ocrx_word'/>
</head>
<body>
  <div class='ocr_page' id='page_1' title='image "./fderaconventione02ryme_0376.png"; bbox 0 0 2562 4279; ppageno 0'>
   <div class='ocr_carea' id='block_1_1' title="bbox 164 112 240 153">
    <p class='ocr_par' dir='ltr' id='par_1_1' title="bbox 164 112 240 153">
     <span class='ocr_line' id='line_1_1' title="bbox 164 112 240 153; baseline 0 -14"><span class='ocrx_word' id='word_1_1' title='bbox 164 112 240 153; x_wconf 82' lang='lat'>132</span> 
     </span>
    </p>
   </div>
   <div class='ocr_carea' id='block_1_2' title="bbox 12 178 1227 301">
    <p class='ocr_par' dir='ltr' id='par_1_2' title="bbox 12 178 1227 301">
     <span class='ocr_line' id='line_1_2' title="bbox 17 178 1227 226; baseline 0.004 -14"><span class='ocrx_word' id='word_1_2' title='bbox 17 180 94 212; x_wconf 68' lang='grc' dir='ltr'>ΑΒΓ..</span> <span class='ocrx_word' id='word_1_3' title='bbox 104 178 144 209; x_wconf 90' lang='lat' dir='ltr'>D.</span> <span class='ocrx_word' id='word_1_4' title='bbox 200 182 233 213; x_wconf 93' lang='lat' dir='ltr'>In</span> <span class='ocrx_word' id='word_1_5' title='bbox 248 182 413 221; x_wconf 79' lang='lat' dir='ltr'>obsequium</span> <span class='ocrx_word' id='word_1_6' title='bbox 426 181 571 220; x_wconf 84' lang='lat' dir='ltr'>nostrum,</span> <span class='ocrx_word' id='word_1_7' title='bbox 587 192 636 219; x_wconf 86' lang='lat' dir='ltr'>per</span> <span class='ocrx_word' id='word_1_8' title='bbox 651 183 833 223; x_wconf 86' lang='lat' dir='ltr'>Praeceptum</span> <span class='ocrx_word' id='word_1_9' title='bbox 848 183 994 225; x_wconf 85' lang='lat' dir='ltr'>nostrum,</span> <span class='ocrx_word' id='word_1_10' title='bbox 1015 185 1049 217; x_wconf 92' lang='lat' dir='ltr'>ad</span> <span class='ocrx_word' id='word_1_11' title='bbox 1065 194 1152 226; x_wconf 89' lang='lat' dir='ltr'>partes</span> <span class='ocrx_word' id='word_1_12' title='bbox 1161 185 1227 216; x_wconf 87' lang='lat' dir='ltr'>Du-</span> 
     </span>
     <span class='ocr_line' id='line_1_3' title="bbox 34 220 1062 269; baseline -0.001 -18"><span class='ocrx_word' id='word_1_13' title='bbox 34 228 49 265; x_wconf 45' lang='grc' dir='ltr'>ἱ1</span> <span class='ocrx_word' id='word_1_14' title='bbox 58 226 110 257; x_wconf 85' lang='lat'>325</span> <span class='ocrx_word' id='word_1_15' title='bbox 116 241 122 247; x_wconf 84' lang='lat'><strong>·</strong></span> <span class='ocrx_word' id='word_1_16' title='bbox 165 221 244 252; x_wconf 70' lang='lat' dir='ltr'>catus</span> <span class='ocrx_word' id='word_1_17' title='bbox 257 225 421 264; x_wconf 64' lang='lat' dir='ltr'>Aquitaniae</span> <span class='ocrx_word' id='word_1_18' title='bbox 434 220 614 260; x_wconf 70' lang='lat' dir='ltr'>profecturo,</span> <span class='ocrx_word' id='word_1_19' title='bbox 756 261 760 266; x_wconf 44' lang='grc'>.</span> <span class='ocrx_word' id='word_1_20' title='bbox 1057 264 1062 269; x_wconf 87' lang='lat'><em>.</em></span> 
     </span>
     <span class='ocr_line' id='line_1_4' title="bbox 12 258 1225 301; baseline 0.007 -15"><span class='ocrx_word' id='word_1_21' title='bbox 12 258 85 286; x_wconf 65' lang='lat' dir='ltr'>Jadv.</span> <span class='ocrx_word' id='word_1_22' title='bbox 105 266 132 285; x_wconf 73' lang='grc' dir='ltr'>ι.</span> <span class='ocrx_word' id='word_1_23' title='bbox 205 259 331 290; x_wconf 85' lang='lat' dir='ltr'>Centum</span> <span class='ocrx_word' id='word_1_24' title='bbox 351 259 464 290; x_wconf 88' lang='lat' dir='ltr'>Solidos</span> <span class='ocrx_word' id='word_1_25' title='bbox 483 258 561 296; x_wconf 86' lang='lat' dir='ltr'>super</span> <span class='ocrx_word' id='word_1_26' title='bbox 577 258 709 296; x_wconf 82' lang='lat' dir='ltr'>Expensis</span> <span class='ocrx_word' id='word_1_27' title='bbox 724 259 792 299; x_wconf 69' lang='lat' dir='ltr'>suis,</span> <span class='ocrx_word' id='word_1_28' title='bbox 806 270 865 291; x_wconf 90' lang='lat' dir='ltr'>non</span> <span class='ocrx_word' id='word_1_29' title='bbox 885 261 1014 293; x_wconf 89' lang='lat' dir='ltr'>obstante</span> <span class='ocrx_word' id='word_1_30' title='bbox 1029 263 1124 301; x_wconf 88' lang='lat' dir='ltr'>aliquo</span> <span class='ocrx_word' id='word_1_31' title='bbox 1139 263 1225 294; x_wconf 80' lang='lat' dir='ltr'>Man-</span> 
     </span>
    </p>
   </div>
   <div class='ocr_carea' id='block_1_3' title="bbox 165 298 1083 375">
    <p class='ocr_par' dir='ltr' id='par_1_3' title="bbox 165 298 1083 375">
     <span class='ocr_line' id='line_1_5' title="bbox 165 298 1083 375; baseline 0.002 -9"><span class='ocrx_word' id='word_1_32' title='bbox 165 298 387 372; x_wconf 47' lang='lat' dir='ltr'>daglqestgecRege</span> <span class='ocrx_word' id='word_1_33' title='bbox 402 334 474 372; x_wconf 83' lang='lat' dir='ltr'>apud</span> <span class='ocrx_word' id='word_1_34' title='bbox 488 333 606 365; x_wconf 82' lang='lat' dir='ltr'>Turrim</span> <span class='ocrx_word' id='word_1_35' title='bbox 622 333 802 375; x_wconf 86' lang='lat' dir='ltr'>Londoniae,</span> <span class='ocrx_word' id='word_1_36' title='bbox 821 337 896 369; x_wconf 84' lang='lat' dir='ltr'>sexto</span> <span class='ocrx_word' id='word_1_37' title='bbox 912 338 958 369; x_wconf 90' lang='lat' dir='ltr'>die</span> <span class='ocrx_word' id='word_1_38' title='bbox 974 338 1083 370; x_wconf 85' lang='lat' dir='ltr'>Martii.</span> 
     </span>
    </p>
   </div>
   <div class='ocr_carea' id='block_1_4' title="bbox 798 413 1065 454">
    <p class='ocr_par' dir='ltr' id='par_1_4' title="bbox 798 413 1065 454">
     <span class='ocr_line' id='line_1_6' title="bbox 798 413 1065 454; baseline 0.007 -10"><span class='ocrx_word' id='word_1_39' title='bbox 798 416 852 444; x_wconf 80' lang='lat' dir='ltr'>Per</span> <span class='ocrx_word' id='word_1_40' title='bbox 865 413 948 454; x_wconf 76' lang='lat' dir='ltr'>ipſscm</span> <span class='ocrx_word' id='word_1_41' title='bbox 961 417 1065 453; x_wconf 77' lang='lat' dir='ltr'>Regem.</span> 
     </span>
    </p>
   </div>
   <div class='ocr_carea' id='block_1_5' title="bbox 500 537 867 585">
    <p class='ocr_par' dir='ltr' id='par_1_5' title="bbox 500 537 867 585">
     <span class='ocr_line' id='line_1_7' title="bbox 500 537 867 585; baseline 0.008 -16"><span class='ocrx_word' id='word_1_42' title='bbox 500 539 549 570; x_wconf 81' lang='lat' dir='ltr'>De</span> <span class='ocrx_word' id='word_1_43' title='bbox 567 537 693 570; x_wconf 84' lang='lat' dir='ltr'>Orando</span> <span class='ocrx_word' id='word_1_44' title='bbox 705 548 760 584; x_wconf 87' lang='lat' dir='ltr'>pro</span> <span class='ocrx_word' id='word_1_45' title='bbox 779 541 867 585; x_wconf 82' lang='lat' dir='ltr'>Rege.</span> 
     </span>
    </p>
   </div>
   <div class='ocr_carea' id='block_1_6' title="bbox 12 616 1226 1740">
    <p class='ocr_par' dir='ltr' id='par_1_6' title="bbox 12 616 1226 1049">
     <span class='ocr_line' id='line_1_8' title="bbox 15 616 1226 679; baseline 0.003 -27"><span class='ocrx_word' id='word_1_46' title='bbox 15 619 92 651; x_wconf 76' lang='lat' dir='ltr'>Ann.</span> <span class='ocrx_word' id='word_1_47' title='bbox 108 616 150 648; x_wconf 75' lang='lat' dir='ltr'>D·</span> <span class='ocrx_word' id='word_1_48' title='bbox 170 624 226 679; x_wconf 82' lang='lat' dir='ltr'>R</span> <span class='ocrx_word' id='word_1_49' title='bbox 237 618 318 661; x_wconf 82' lang='lat' dir='ltr'>EX,</span> <span class='ocrx_word' id='word_1_50' title='bbox 338 619 484 662; x_wconf 85' lang='lat' dir='ltr'>Religiosis</span> <span class='ocrx_word' id='word_1_51' title='bbox 502 622 576 653; x_wconf 83' lang='lat' dir='ltr'>Viris</span> <span class='ocrx_word' id='word_1_52' title='bbox 593 646 603 661; x_wconf 94' lang='lat'>,</span> <span class='ocrx_word' id='word_1_53' title='bbox 620 624 653 654; x_wconf 73' lang='grc' dir='ltr'>ὅ(</span> <span class='ocrx_word' id='word_1_54' title='bbox 667 623 717 654; x_wconf 80' lang='lat' dir='ltr'>sibi</span> <span class='ocrx_word' id='word_1_55' title='bbox 739 625 767 654; x_wconf 92' lang='lat' dir='ltr'>in</span> <span class='ocrx_word' id='word_1_56' title='bbox 781 623 899 655; x_wconf 90' lang='lat' dir='ltr'>Christo</span> <span class='ocrx_word' id='word_1_57' title='bbox 913 624 1038 663; x_wconf 72' lang='lat' dir='ltr'>dileffis,</span> <span class='ocrx_word' id='word_1_58' title='bbox 1058 625 1144 656; x_wconf 87' lang='lat' dir='ltr'>Fratri</span> <span class='ocrx_word' id='word_1_59' title='bbox 1159 625 1226 656; x_wconf 88' lang='lat' dir='ltr'>Ber-</span> 
     </span>
     <span class='ocr_line' id='line_1_9' title="bbox 38 660 1224 702; baseline 0.005 -14"><span class='ocrx_word' id='word_1_60' title='bbox 38 667 120 696; x_wconf 82' lang='lat'>1325-</span> <span class='ocrx_word' id='word_1_61' title='bbox 247 661 345 699; x_wconf 84' lang='lat' dir='ltr'>nabae,</span> <span class='ocrx_word' id='word_1_62' title='bbox 363 660 504 700; x_wconf 86' lang='lat' dir='ltr'>Magistro</span> <span class='ocrx_word' id='word_1_63' title='bbox 519 661 636 692; x_wconf 83' lang='lat' dir='ltr'>Ordinis</span> <span class='ocrx_word' id='word_1_64' title='bbox 652 662 784 693; x_wconf 77' lang='lat' dir='ltr'>Fratrum</span> <span class='ocrx_word' id='word_1_65' title='bbox 796 662 1036 702; x_wconf 75' lang='lat' dir='ltr'>Praedicatotum,</span> <span class='ocrx_word' id='word_1_66' title='bbox 1048 674 1081 694; x_wconf 89' lang='lat' dir='ltr'>ac</span> <span class='ocrx_word' id='word_1_67' title='bbox 1094 664 1224 694; x_wconf 89' lang='lat' dir='ltr'>Univer-</span> 
     </span>
     <span class='ocr_line' id='line_1_10' title="bbox 14 698 1226 742; baseline 0.005 -15"><span class='ocrx_word' id='word_1_68' title='bbox 14 701 65 725; x_wconf 19' lang='lat' dir='ltr'>Aul</span> <span class='ocrx_word' id='word_1_69' title='bbox 86 698 128 724; x_wconf 86' lang='lat'>18-</span> <span class='ocrx_word' id='word_1_70' title='bbox 168 699 201 728; x_wconf 91' lang='lat' dir='ltr'>sis</span> <span class='ocrx_word' id='word_1_71' title='bbox 214 699 246 729; x_wconf 70' lang='grc' dir='ltr'>ὅ(</span> <span class='ocrx_word' id='word_1_72' title='bbox 263 700 375 738; x_wconf 87' lang='lat' dir='ltr'>singulis</span> <span class='ocrx_word' id='word_1_73' title='bbox 390 699 534 732; x_wconf 84' lang='lat' dir='ltr'>Prioribus</span> <span class='ocrx_word' id='word_1_74' title='bbox 549 701 583 730; x_wconf 74' lang='lat' dir='ltr'>«Sc</span> <span class='ocrx_word' id='word_1_75' title='bbox 598 700 737 732; x_wconf 84' lang='lat' dir='ltr'>Fratribus</span> <span class='ocrx_word' id='word_1_76' title='bbox 757 701 879 740; x_wconf 89' lang='lat' dir='ltr'>ejusdem</span> <span class='ocrx_word' id='word_1_77' title='bbox 895 702 1028 741; x_wconf 85' lang='lat' dir='ltr'>Ordinis,</span> <span class='ocrx_word' id='word_1_78' title='bbox 1046 703 1075 732; x_wconf 89' lang='lat' dir='ltr'>in</span> <span class='ocrx_word' id='word_1_79' title='bbox 1091 701 1226 742; x_wconf 90' lang='lat' dir='ltr'>Capitulo</span> 
     </span>
     <span class='ocr_line' id='line_1_11' title="bbox 15 736 1225 780; baseline 0.004 -14"><span class='ocrx_word' id='word_1_80' title='bbox 15 740 46 762; x_wconf 80' lang='lat' dir='ltr'>E·</span> <span class='ocrx_word' id='word_1_81' title='bbox 65 745 91 762; x_wconf 87' lang='lat'>2·</span> <span class='ocrx_word' id='word_1_82' title='bbox 167 736 319 777; x_wconf 81' lang='lat' dir='ltr'>Generali,</span> <span class='ocrx_word' id='word_1_83' title='bbox 338 738 410 779; x_wconf 88' lang='lat' dir='ltr'>apud</span> <span class='ocrx_word' id='word_1_84' title='bbox 433 738 580 769; x_wconf 84' lang='lat' dir='ltr'>Venetiam</span> <span class='ocrx_word' id='word_1_85' title='bbox 600 739 769 770; x_wconf 88' lang='lat' dir='ltr'>celebrando</span> <span class='ocrx_word' id='word_1_86' title='bbox 783 763 793 779; x_wconf 86' lang='lat'>,</span> <span class='ocrx_word' id='word_1_87' title='bbox 811 742 840 770; x_wconf 89' lang='lat' dir='ltr'>in</span> <span class='ocrx_word' id='word_1_88' title='bbox 851 742 984 778; x_wconf 86' lang='lat' dir='ltr'>proximo</span> <span class='ocrx_word' id='word_1_89' title='bbox 1001 740 1225 780; x_wconf 80' lang='lat' dir='ltr'>congregandis,</span> 
     </span>
     <span class='ocr_line' id='line_1_12' title="bbox 12 773 866 817; baseline 0.005 -12"><span class='ocrx_word' id='word_1_90' title='bbox 12 773 99 809; x_wconf 79' lang='lat' dir='ltr'>Claus</span> <span class='ocrx_word' id='word_1_91' title='bbox 108 773 150 800; x_wconf 87' lang='lat'>¹8-</span> <span class='ocrx_word' id='word_1_92' title='bbox 163 774 305 816; x_wconf 86' lang='lat' dir='ltr'>Salutem,</span> <span class='ocrx_word' id='word_1_93' title='bbox 321 778 354 808; x_wconf 66' lang='grc' dir='ltr'>ὃς</span> <span class='ocrx_word' id='word_1_94' title='bbox 366 778 471 815; x_wconf 85' lang='lat' dir='ltr'>Spiritu</span> <span class='ocrx_word' id='word_1_95' title='bbox 484 777 591 808; x_wconf 67' lang='lat' dir='ltr'>saneto</span> <span class='ocrx_word' id='word_1_96' title='bbox 604 778 684 817; x_wconf 84' lang='lat' dir='ltr'>dirigi</span> <span class='ocrx_word' id='word_1_97' title='bbox 701 779 730 808; x_wconf 90' lang='lat' dir='ltr'>in</span> <span class='ocrx_word' id='word_1_98' title='bbox 745 778 866 817; x_wconf 83' lang='lat' dir='ltr'>agendis.</span> 
     </span>
     <span class='ocr_line' id='line_1_13' title="bbox 14 814 1224 856; baseline 0.003 -12"><span class='ocrx_word' id='word_1_99' title='bbox 14 815 45 838; x_wconf 76' lang='lat' dir='ltr'>E.</span> <span class='ocrx_word' id='word_1_100' title='bbox 65 821 89 839; x_wconf 87' lang='lat'>2-</span> <span class='ocrx_word' id='word_1_101' title='bbox 201 814 283 845; x_wconf 77' lang='lat' dir='ltr'>Dum</span> <span class='ocrx_word' id='word_1_102' title='bbox 303 816 497 846; x_wconf 89' lang='lat' dir='ltr'>conditionem</span> <span class='ocrx_word' id='word_1_103' title='bbox 520 816 651 847; x_wconf 69' lang='lat' dir='ltr'>humanae</span> <span class='ocrx_word' id='word_1_104' title='bbox 670 816 821 856; x_wconf 85' lang='lat' dir='ltr'>fragilitatis</span> <span class='ocrx_word' id='word_1_105' title='bbox 839 817 1027 855; x_wconf 81' lang='lat' dir='ltr'>attendimus,</span> <span class='ocrx_word' id='word_1_106' title='bbox 1051 818 1085 848; x_wconf 68' lang='grc' dir='ltr'>ὅ(</span> <span class='ocrx_word' id='word_1_107' title='bbox 1107 817 1224 855; x_wconf 85' lang='lat' dir='ltr'>qualiter</span> 
     </span>
     <span class='ocr_line' id='line_1_14' title="bbox 160 853 1223 895; baseline 0.003 -12"><span class='ocrx_word' id='word_1_108' title='bbox 160 854 242 883; x_wconf 90' lang='lat' dir='ltr'>omni</span> <span class='ocrx_word' id='word_1_109' title='bbox 265 853 409 885; x_wconf 80' lang='lat' dir='ltr'>Creaturae</span> <span class='ocrx_word' id='word_1_110' title='bbox 423 878 433 893; x_wconf 91' lang='lat'>,</span> <span class='ocrx_word' id='word_1_111' title='bbox 450 856 509 885; x_wconf 72' lang='lat' dir='ltr'>tam</span> <span class='ocrx_word' id='word_1_112' title='bbox 530 854 660 892; x_wconf 88' lang='lat' dir='ltr'>sublimi,</span> <span class='ocrx_word' id='word_1_113' title='bbox 678 857 765 892; x_wconf 67' lang='lat' dir='ltr'>quam</span> <span class='ocrx_word' id='word_1_114' title='bbox 786 856 906 894; x_wconf 86' lang='lat' dir='ltr'>humili,</span> <span class='ocrx_word' id='word_1_115' title='bbox 923 856 1154 895; x_wconf 80' lang='lat' dir='ltr'>praetereuntibus</span> <span class='ocrx_word' id='word_1_116' title='bbox 1172 856 1223 886; x_wconf 91' lang='lat' dir='ltr'>suo</span> 
     </span>
     <span class='ocr_line' id='line_1_15' title="bbox 161 890 1223 934; baseline 0.003 -12"><span class='ocrx_word' id='word_1_117' title='bbox 161 890 251 923; x_wconf 90' lang='lat' dir='ltr'>Cursu</span> <span class='ocrx_word' id='word_1_118' title='bbox 272 892 370 923; x_wconf 84' lang='lat' dir='ltr'>diebus</span> <span class='ocrx_word' id='word_1_119' title='bbox 383 918 392 931; x_wconf 94' lang='lat'>,</span> <span class='ocrx_word' id='word_1_120' title='bbox 411 895 550 932; x_wconf 57' lang='lat' dir='ltr'>paesentis</span> <span class='ocrx_word' id='word_1_121' title='bbox 569 894 635 924; x_wconf 78' lang='lat' dir='ltr'>vitae</span> <span class='ocrx_word' id='word_1_122' title='bbox 649 893 709 923; x_wconf 83' lang='lat' dir='ltr'>finis</span> <span class='ocrx_word' id='word_1_123' title='bbox 721 895 863 934; x_wconf 88' lang='lat' dir='ltr'>apropiat,</span> <span class='ocrx_word' id='word_1_124' title='bbox 880 894 984 924; x_wconf 74' lang='lat' dir='ltr'>attenta</span> <span class='ocrx_word' id='word_1_125' title='bbox 999 894 1223 925; x_wconf 72' lang='lat' dir='ltr'>consideratione</span> 
     </span>
     <span class='ocr_line' id='line_1_16' title="bbox 158 931 1222 973; baseline 0.003 -13"><span class='ocrx_word' id='word_1_126' title='bbox 158 931 325 970; x_wconf 69' lang='lat' dir='ltr'>pensamus,</span> <span class='ocrx_word' id='word_1_127' title='bbox 345 932 382 962; x_wconf 88' lang='lat' dir='ltr'>sic</span> <span class='ocrx_word' id='word_1_128' title='bbox 405 934 555 970; x_wconf 58' lang='lat' dir='ltr'>praevenire</span> <span class='ocrx_word' id='word_1_129' title='bbox 569 934 713 969; x_wconf 87' lang='lat' dir='ltr'>cupimus,</span> <span class='ocrx_word' id='word_1_130' title='bbox 730 942 865 973; x_wconf 87' lang='lat' dir='ltr'>quantum</span> <span class='ocrx_word' id='word_1_131' title='bbox 879 933 961 963; x_wconf 92' lang='lat' dir='ltr'>nobis</span> <span class='ocrx_word' id='word_1_132' title='bbox 975 942 1009 962; x_wconf 85' lang='lat' dir='ltr'>ex</span> <span class='ocrx_word' id='word_1_133' title='bbox 1031 933 1089 963; x_wconf 90' lang='lat' dir='ltr'>alto</span> <span class='ocrx_word' id='word_1_134' title='bbox 1103 933 1222 971; x_wconf 89' lang='lat' dir='ltr'>permit-</span> 
     </span>
     <span class='ocr_line' id='line_1_17' title="bbox 159 969 1222 1012; baseline 0.002 -13"><span class='ocrx_word' id='word_1_135' title='bbox 159 969 242 1009; x_wconf 85' lang='lat' dir='ltr'>titur,</span> <span class='ocrx_word' id='word_1_136' title='bbox 259 970 335 1000; x_wconf 85' lang='lat' dir='ltr'>diem</span> <span class='ocrx_word' id='word_1_137' title='bbox 351 971 466 1008; x_wconf 81' lang='lat' dir='ltr'>mortis,</span> <span class='ocrx_word' id='word_1_138' title='bbox 483 978 514 1000; x_wconf 91' lang='lat' dir='ltr'>ut</span> <span class='ocrx_word' id='word_1_139' title='bbox 526 972 623 1012; x_wconf 68' lang='lat' dir='ltr'>aeterni</span> <span class='ocrx_word' id='word_1_140' title='bbox 641 971 798 1001; x_wconf 80' lang='lat' dir='ltr'>Clementia</span> <span class='ocrx_word' id='word_1_141' title='bbox 809 970 918 1011; x_wconf 85' lang='lat' dir='ltr'>Judicis</span> <span class='ocrx_word' id='word_1_142' title='bbox 930 971 1059 1012; x_wconf 88' lang='lat' dir='ltr'>dignetur</span> <span class='ocrx_word' id='word_1_143' title='bbox 1072 970 1222 1010; x_wconf 86' lang='lat' dir='ltr'>nostri,de</span> 
     </span>
     <span class='ocr_line' id='line_1_18' title="bbox 160 1007 678 1049; baseline 0 -11"><span class='ocrx_word' id='word_1_144' title='bbox 160 1007 217 1038; x_wconf 85' lang='lat' dir='ltr'>suae</span> <span class='ocrx_word' id='word_1_145' title='bbox 231 1010 325 1049; x_wconf 84' lang='lat' dir='ltr'>gratiae</span> <span class='ocrx_word' id='word_1_146' title='bbox 339 1009 530 1049; x_wconf 77' lang='lat' dir='ltr'>plenitudine,</span> <span class='ocrx_word' id='word_1_147' title='bbox 548 1010 678 1039; x_wconf 82' lang='lat' dir='ltr'>milereri.</span> 
     </span>
    </p>

    <p class='ocr_par' dir='ltr' id='par_1_7' title="bbox 154 1047 1222 1356">
     <span class='ocr_line' id='line_1_19' title="bbox 196 1047 1222 1087; baseline 0.002 -9"><span class='ocrx_word' id='word_1_148' title='bbox 196 1047 306 1078; x_wconf 77' lang='lat' dir='ltr'>Verum</span> <span class='ocrx_word' id='word_1_149' title='bbox 320 1071 329 1086; x_wconf 85' lang='lat'>,</span> <span class='ocrx_word' id='word_1_150' title='bbox 349 1047 418 1079; x_wconf 81' lang='lat' dir='ltr'>curn</span> <span class='ocrx_word' id='word_1_151' title='bbox 440 1047 618 1079; x_wconf 88' lang='lat' dir='ltr'>Devotarum</span> <span class='ocrx_word' id='word_1_152' title='bbox 632 1047 806 1078; x_wconf 89' lang='lat' dir='ltr'>Orationum</span> <span class='ocrx_word' id='word_1_153' title='bbox 821 1047 967 1087; x_wconf 78' lang='lat' dir='ltr'>suffragia,</span> <span class='ocrx_word' id='word_1_154' title='bbox 985 1049 1055 1079; x_wconf 78' lang='lat' dir='ltr'>inter</span> <span class='ocrx_word' id='word_1_155' title='bbox 1068 1049 1117 1079; x_wconf 90' lang='lat' dir='ltr'>alia</span> <span class='ocrx_word' id='word_1_156' title='bbox 1130 1047 1222 1080; x_wconf 86' lang='lat' dir='ltr'>Pieta—</span> 
     </span>
     <span class='ocr_line' id='line_1_20' title="bbox 157 1085 1221 1127; baseline 0.003 -12"><span class='ocrx_word' id='word_1_157' title='bbox 157 1085 192 1115; x_wconf 84' lang='lat' dir='ltr'>tis</span> <span class='ocrx_word' id='word_1_158' title='bbox 215 1085 332 1124; x_wconf 81' lang='lat' dir='ltr'>Opera,</span> <span class='ocrx_word' id='word_1_159' title='bbox 351 1086 473 1117; x_wconf 85' lang='lat' dir='ltr'>inultum</span> <span class='ocrx_word' id='word_1_160' title='bbox 494 1087 598 1124; x_wconf 80' lang='lat' dir='ltr'>prosint</span> <span class='ocrx_word' id='word_1_161' title='bbox 615 1086 650 1116; x_wconf 91' lang='lat' dir='ltr'>ad</span> <span class='ocrx_word' id='word_1_162' title='bbox 671 1086 808 1116; x_wconf 87' lang='lat' dir='ltr'>Divinam</span> <span class='ocrx_word' id='word_1_163' title='bbox 829 1086 1054 1118; x_wconf 86' lang='lat' dir='ltr'>Misericordiam</span> <span class='ocrx_word' id='word_1_164' title='bbox 1069 1088 1221 1127; x_wconf 89' lang='lat' dir='ltr'>impetran-</span> 
     </span>
     <span class='ocr_line' id='line_1_21' title="bbox 156 1123 1222 1165; baseline 0.004 -12"><span class='ocrx_word' id='word_1_165' title='bbox 156 1123 240 1162; x_wconf 90' lang='lat' dir='ltr'>dam,</span> <span class='ocrx_word' id='word_1_166' title='bbox 258 1123 293 1154; x_wconf 90' lang='lat' dir='ltr'>de</span> <span class='ocrx_word' id='word_1_167' title='bbox 307 1125 390 1156; x_wconf 89' lang='lat' dir='ltr'>vobis</span> <span class='ocrx_word' id='word_1_168' title='bbox 403 1126 545 1162; x_wconf 87' lang='lat' dir='ltr'>(quorum</span> <span class='ocrx_word' id='word_1_169' title='bbox 558 1124 697 1155; x_wconf 84' lang='lat' dir='ltr'>Ordinem</span> <span class='ocrx_word' id='word_1_170' title='bbox 705 1125 904 1156; x_wconf 68' lang='lat' dir='ltr'>benivolentiae</span> <span class='ocrx_word' id='word_1_171' title='bbox 917 1125 1038 1163; x_wconf 85' lang='lat' dir='ltr'>specialis</span> <span class='ocrx_word' id='word_1_172' title='bbox 1052 1125 1149 1157; x_wconf 88' lang='lat' dir='ltr'>favore</span> <span class='ocrx_word' id='word_1_173' title='bbox 1155 1135 1222 1165; x_wconf 85' lang='lat' dir='ltr'>pro—</span> 
     </span>
     <span class='ocr_line' id='line_1_22' title="bbox 155 1162 1220 1204; baseline 0.003 -12"><span class='ocrx_word' id='word_1_174' title='bbox 155 1162 298 1200; x_wconf 82' lang='lat' dir='ltr'>sequimur</span> <span class='ocrx_word' id='word_1_175' title='bbox 315 1164 323 1200; x_wconf 93' lang='lat'>)</span> <span class='ocrx_word' id='word_1_176' title='bbox 346 1171 376 1193; x_wconf 88' lang='lat' dir='ltr'>ut</span> <span class='ocrx_word' id='word_1_177' title='bbox 396 1162 511 1193; x_wconf 87' lang='lat' dir='ltr'>salutem</span> <span class='ocrx_word' id='word_1_178' title='bbox 532 1163 656 1194; x_wconf 88' lang='lat' dir='ltr'>nostram</span> <span class='ocrx_word' id='word_1_179' title='bbox 677 1163 811 1194; x_wconf 86' lang='lat' dir='ltr'>zelemini</span> <span class='ocrx_word' id='word_1_180' title='bbox 826 1187 835 1201; x_wconf 96' lang='lat'>,</span> <span class='ocrx_word' id='word_1_181' title='bbox 854 1172 883 1194; x_wconf 92' lang='lat' dir='ltr'>ut</span> <span class='ocrx_word' id='word_1_182' title='bbox 902 1174 956 1203; x_wconf 82' lang='lat' dir='ltr'>pro</span> <span class='ocrx_word' id='word_1_183' title='bbox 971 1164 1068 1202; x_wconf 83' lang='lat' dir='ltr'>nobis,</span> <span class='ocrx_word' id='word_1_184' title='bbox 1089 1164 1220 1204; x_wconf 68' lang='lat' dir='ltr'>Isabella,</span> 
     </span>
     <span class='ocr_line' id='line_1_23' title="bbox 155 1200 1221 1242; baseline 0.004 -12"><span class='ocrx_word' id='word_1_185' title='bbox 155 1200 274 1239; x_wconf 67' lang='lat' dir='ltr'>Regina</span> <span class='ocrx_word' id='word_1_186' title='bbox 294 1201 407 1240; x_wconf 83' lang='lat' dir='ltr'>Angliae</span> <span class='ocrx_word' id='word_1_187' title='bbox 420 1225 429 1240; x_wconf 89' lang='lat'>,</span> <span class='ocrx_word' id='word_1_188' title='bbox 454 1201 594 1233; x_wconf 87' lang='lat' dir='ltr'>Consorte</span> <span class='ocrx_word' id='word_1_189' title='bbox 620 1201 715 1233; x_wconf 68' lang='lat' dir='ltr'>nostrii</span> <span class='ocrx_word' id='word_1_190' title='bbox 733 1201 871 1236; x_wconf 72' lang='lat' dir='ltr'>carissima</span> <span class='ocrx_word' id='word_1_191' title='bbox 885 1225 894 1241; x_wconf 92' lang='lat'>,</span> <span class='ocrx_word' id='word_1_192' title='bbox 917 1202 1061 1234; x_wconf 90' lang='lat' dir='ltr'>Edwardo</span> <span class='ocrx_word' id='word_1_193' title='bbox 1074 1226 1085 1242; x_wconf 96' lang='lat'>,</span> <span class='ocrx_word' id='word_1_194' title='bbox 1102 1202 1221 1234; x_wconf 90' lang='lat' dir='ltr'>Comite</span> 
     </span>
     <span class='ocr_line' id='line_1_24' title="bbox 154 1238 1219 1280; baseline 0.003 -10"><span class='ocrx_word' id='word_1_195' title='bbox 154 1238 276 1270; x_wconf 82' lang='lat' dir='ltr'>Cestriae</span> <span class='ocrx_word' id='word_1_196' title='bbox 285 1262 294 1278; x_wconf 90' lang='lat'>,</span> <span class='ocrx_word' id='word_1_197' title='bbox 311 1239 511 1278; x_wconf 88' lang='lat' dir='ltr'>Primogenito</span> <span class='ocrx_word' id='word_1_198' title='bbox 524 1240 638 1278; x_wconf 88' lang='lat' dir='ltr'>nostro,</span> <span class='ocrx_word' id='word_1_199' title='bbox 656 1241 688 1271; x_wconf 68' lang='grc' dir='ltr'>ὃ(</span> <span class='ocrx_word' id='word_1_200' title='bbox 702 1241 810 1271; x_wconf 89' lang='lat' dir='ltr'>caeteris</span> <span class='ocrx_word' id='word_1_201' title='bbox 826 1240 935 1271; x_wconf 90' lang='lat' dir='ltr'>Liberis</span> <span class='ocrx_word' id='word_1_202' title='bbox 949 1240 1051 1271; x_wconf 88' lang='lat' dir='ltr'>nostris</span> <span class='ocrx_word' id='word_1_203' title='bbox 1066 1264 1076 1280; x_wconf 94' lang='lat'>,</span> <span class='ocrx_word' id='word_1_204' title='bbox 1091 1251 1125 1272; x_wconf 91' lang='lat' dir='ltr'>ac</span> <span class='ocrx_word' id='word_1_205' title='bbox 1139 1241 1219 1273; x_wconf 83' lang='lat' dir='ltr'>Statu</span> 
     </span>
     <span class='ocr_line' id='line_1_25' title="bbox 155 1278 1219 1320; baseline 0.003 -12"><span class='ocrx_word' id='word_1_206' title='bbox 155 1279 290 1318; x_wconf 86' lang='lat' dir='ltr'>prospero</span> <span class='ocrx_word' id='word_1_207' title='bbox 312 1278 407 1317; x_wconf 87' lang='lat' dir='ltr'>Regni</span> <span class='ocrx_word' id='word_1_208' title='bbox 426 1279 538 1317; x_wconf 86' lang='lat' dir='ltr'>nostri,</span> <span class='ocrx_word' id='word_1_209' title='bbox 556 1278 655 1309; x_wconf 87' lang='lat' dir='ltr'>Preces</span> <span class='ocrx_word' id='word_1_210' title='bbox 673 1278 788 1310; x_wconf 85' lang='lat' dir='ltr'>devotas</span> <span class='ocrx_word' id='word_1_211' title='bbox 803 1278 937 1310; x_wconf 90' lang='lat' dir='ltr'>Domino</span> <span class='ocrx_word' id='word_1_212' title='bbox 950 1279 1092 1318; x_wconf 86' lang='lat' dir='ltr'>offeratis,</span> <span class='ocrx_word' id='word_1_213' title='bbox 1105 1281 1219 1320; x_wconf 87' lang='lat' dir='ltr'>plenam</span> 
     </span>
     <span class='ocr_line' id='line_1_26' title="bbox 157 1316 481 1356; baseline 0 -9"><span class='ocrx_word' id='word_1_214' title='bbox 157 1316 290 1347; x_wconf 84' lang='lat' dir='ltr'>fiduciam</span> <span class='ocrx_word' id='word_1_215' title='bbox 303 1318 481 1356; x_wconf 84' lang='lat' dir='ltr'>optinentes,</span> 
     </span>
    </p>

    <p class='ocr_par' dir='ltr' id='par_1_8' title="bbox 150 1355 1218 1624">
     <span class='ocr_line' id='line_1_27' title="bbox 194 1355 1216 1396; baseline 0.004 -11"><span class='ocrx_word' id='word_1_216' title='bbox 194 1355 392 1385; x_wconf 88' lang='lat' dir='ltr'>Devotioriem</span> <span class='ocrx_word' id='word_1_217' title='bbox 408 1356 526 1386; x_wconf 86' lang='lat' dir='ltr'>vestram</span> <span class='ocrx_word' id='word_1_218' title='bbox 545 1355 710 1393; x_wconf 85' lang='lat' dir='ltr'>requirimus</span> <span class='ocrx_word' id='word_1_219' title='bbox 732 1356 765 1387; x_wconf 90' lang='lat'>&amp;</span> <span class='ocrx_word' id='word_1_220' title='bbox 780 1365 914 1393; x_wconf 85' lang='lat' dir='ltr'>rogamus</span> <span class='ocrx_word' id='word_1_221' title='bbox 927 1357 1057 1396; x_wconf 75' lang='lat' dir='ltr'>quatinus</span> <span class='ocrx_word' id='word_1_222' title='bbox 1071 1367 1167 1396; x_wconf 89' lang='lat' dir='ltr'>nunc,</span> <span class='ocrx_word' id='word_1_223' title='bbox 1183 1358 1216 1389; x_wconf 91' lang='lat'>&amp;</span> 
     </span>
     <span class='ocr_line' id='line_1_28' title="bbox 155 1392 1218 1434; baseline 0.004 -11"><span class='ocrx_word' id='word_1_224' title='bbox 155 1395 186 1423; x_wconf 88' lang='lat' dir='ltr'>in</span> <span class='ocrx_word' id='word_1_225' title='bbox 200 1392 325 1424; x_wconf 85' lang='lat' dir='ltr'>futurum</span> <span class='ocrx_word' id='word_1_226' title='bbox 343 1393 455 1433; x_wconf 82' lang='lat' dir='ltr'>dignam</span> <span class='ocrx_word' id='word_1_227' title='bbox 476 1393 692 1424; x_wconf 87' lang='lat' dir='ltr'>sollicitudinem</span> <span class='ocrx_word' id='word_1_228' title='bbox 712 1394 876 1432; x_wconf 82' lang='lat' dir='ltr'>impendatis</span> <span class='ocrx_word' id='word_1_229' title='bbox 888 1418 897 1434; x_wconf 88' lang='lat'>,</span> <span class='ocrx_word' id='word_1_230' title='bbox 916 1396 949 1427; x_wconf 87' lang='lat'>&amp;</span> <span class='ocrx_word' id='word_1_231' title='bbox 971 1395 1095 1426; x_wconf 84' lang='lat' dir='ltr'>insistatis</span> <span class='ocrx_word' id='word_1_232' title='bbox 1108 1396 1218 1427; x_wconf 77' lang='lat' dir='ltr'>assiduis</span> 
     </span>
     <span class='ocr_line' id='line_1_29' title="bbox 156 1431 1218 1473; baseline 0.003 -11"><span class='ocrx_word' id='word_1_233' title='bbox 156 1431 412 1470; x_wconf 84' lang='lat' dir='ltr'>Supplicationibus</span> <span class='ocrx_word' id='word_1_234' title='bbox 426 1433 458 1464; x_wconf 89' lang='lat'>&amp;</span> <span class='ocrx_word' id='word_1_235' title='bbox 469 1431 714 1463; x_wconf 78' lang='lat' dir='ltr'>Interceffionibus</span> <span class='ocrx_word' id='word_1_236' title='bbox 727 1443 742 1464; x_wconf 88' lang='lat' dir='ltr'>a</span> <span class='ocrx_word' id='word_1_237' title='bbox 764 1433 799 1463; x_wconf 92' lang='lat' dir='ltr'>ud</span> <span class='ocrx_word' id='word_1_238' title='bbox 812 1432 927 1473; x_wconf 87' lang='lat' dir='ltr'>Deum,</span> <span class='ocrx_word' id='word_1_239' title='bbox 946 1442 977 1465; x_wconf 89' lang='lat' dir='ltr'>ut</span> <span class='ocrx_word' id='word_1_240' title='bbox 992 1434 1055 1472; x_wconf 85' lang='lat' dir='ltr'>hic,</span> <span class='ocrx_word' id='word_1_241' title='bbox 1072 1433 1119 1465; x_wconf 75' lang='lat' dir='ltr'>sua</span> <span class='ocrx_word' id='word_1_242' title='bbox 1151 1436 1218 1466; x_wconf 87' lang='lat' dir='ltr'>ieta-</span> 
     </span>
     <span class='ocr_line' id='line_1_30' title="bbox 154 1445 1218 1513; baseline 0.005 -13"><span class='ocrx_word' id='word_1_243' title='bbox 154 1478 200 1510; x_wconf 80' lang='lat' dir='ltr'>te,</span> <span class='ocrx_word' id='word_1_244' title='bbox 219 1481 270 1501; x_wconf 84' lang='lat' dir='ltr'>nos</span> <span class='ocrx_word' id='word_1_245' title='bbox 282 1471 376 1510; x_wconf 82' lang='lat' dir='ltr'>dirigat</span> <span class='ocrx_word' id='word_1_246' title='bbox 390 1480 440 1508; x_wconf 89' lang='lat' dir='ltr'>per</span> <span class='ocrx_word' id='word_1_247' title='bbox 459 1470 576 1501; x_wconf 88' lang='lat' dir='ltr'>suorum</span> <span class='ocrx_word' id='word_1_248' title='bbox 595 1470 719 1501; x_wconf 80' lang='lat' dir='ltr'>semitam</span> <span class='ocrx_word' id='word_1_249' title='bbox 782 1472 964 1511; x_wconf 87' lang='lat' dir='ltr'>andat0tum,</span> <span class='ocrx_word' id='word_1_250' title='bbox 982 1474 1030 1511; x_wconf 89' lang='lat'>&amp;,</span> <span class='ocrx_word' id='word_1_251' title='bbox 1050 1473 1114 1513; x_wconf 87' lang='lat' dir='ltr'>post</span> <span class='ocrx_word' id='word_1_252' title='bbox 1128 1445 1218 1505; x_wconf 65' lang='lat' dir='ltr'>Diem</span> 
     </span>
     <span class='ocr_line' id='line_1_31' title="bbox 154 1508 1217 1550; baseline 0.003 -10"><span class='ocrx_word' id='word_1_253' title='bbox 154 1508 321 1540; x_wconf 83' lang='lat' dir='ltr'>Extremum</span> <span class='ocrx_word' id='word_1_254' title='bbox 335 1532 344 1546; x_wconf 87' lang='lat'>‚</span> <span class='ocrx_word' id='word_1_255' title='bbox 363 1508 526 1540; x_wconf 87' lang='lat' dir='ltr'>Salvationis</span> <span class='ocrx_word' id='word_1_256' title='bbox 547 1509 663 1540; x_wconf 90' lang='lat' dir='ltr'>Locum</span> <span class='ocrx_word' id='word_1_257' title='bbox 675 1509 756 1540; x_wconf 90' lang='lat' dir='ltr'>nobis</span> <span class='ocrx_word' id='word_1_258' title='bbox 773 1509 905 1550; x_wconf 80' lang='lat' dir='ltr'>dignetur</span> <span class='ocrx_word' id='word_1_259' title='bbox 923 1511 1138 1543; x_wconf 87' lang='lat' dir='ltr'>misericorditer</span> <span class='ocrx_word' id='word_1_260' title='bbox 1149 1513 1217 1543; x_wconf 90' lang='lat' dir='ltr'>elar-</span> 
     </span>
     <span class='ocr_line' id='line_1_32' title="bbox 152 1547 1217 1616; baseline 0.006 -39"><span class='ocrx_word' id='word_1_261' title='bbox 152 1549 207 1587; x_wconf 87' lang='lat' dir='ltr'>giri</span> <span class='ocrx_word' id='word_1_262' title='bbox 222 1571 231 1586; x_wconf 92' lang='lat'>,</span> <span class='ocrx_word' id='word_1_263' title='bbox 248 1547 415 1616; x_wconf 59' lang='lat' dir='ltr'>Sfiatumque</span> <span class='ocrx_word' id='word_1_264' title='bbox 436 1547 567 1585; x_wconf 69' lang='lat' dir='ltr'>praedieti</span> <span class='ocrx_word' id='word_1_265' title='bbox 586 1547 684 1585; x_wconf 88' lang='lat' dir='ltr'>Regni</span> <span class='ocrx_word' id='word_1_266' title='bbox 703 1548 792 1579; x_wconf 87' lang='lat' dir='ltr'>nostri</span> <span class='ocrx_word' id='word_1_267' title='bbox 812 1549 976 1582; x_wconf 87' lang='lat' dir='ltr'>conservare</span> <span class='ocrx_word' id='word_1_268' title='bbox 996 1550 1163 1589; x_wconf 89' lang='lat' dir='ltr'>prosperum</span> <span class='ocrx_word' id='word_1_269' title='bbox 1183 1552 1217 1583; x_wconf 90' lang='lat'>&amp;</span> 
     </span>
     <span class='ocr_line' id='line_1_33' title="bbox 150 1595 339 1624; baseline 0 -8"><span class='ocrx_word' id='word_1_270' title='bbox 150 1595 262 1624; x_wconf 84' lang='lat' dir='ltr'>tranqui</span> <span class='ocrx_word' id='word_1_271' title='bbox 282 1596 339 1617; x_wconf 88' lang='lat' dir='ltr'>um.</span> 
     </span>
    </p>

    <p class='ocr_par' dir='ltr' id='par_1_9' title="bbox 152 1623 1217 1703">
     <span class='ocr_line' id='line_1_34' title="bbox 189 1623 1217 1664; baseline 0.005 -9"><span class='ocrx_word' id='word_1_272' title='bbox 189 1624 413 1655; x_wconf 83' lang='lat' dir='ltr'>Univerfitatem</span> <span class='ocrx_word' id='word_1_273' title='bbox 428 1623 549 1655; x_wconf 88' lang='lat' dir='ltr'>vestram</span> <span class='ocrx_word' id='word_1_274' title='bbox 560 1623 713 1664; x_wconf 86' lang='lat' dir='ltr'>religiosam</span> <span class='ocrx_word' id='word_1_275' title='bbox 727 1624 775 1657; x_wconf 90' lang='lat' dir='ltr'>diu</span> <span class='ocrx_word' id='word_1_276' title='bbox 787 1626 934 1657; x_wconf 87' lang='lat' dir='ltr'>conservet</span> <span class='ocrx_word' id='word_1_277' title='bbox 948 1626 1103 1659; x_wconf 87' lang='lat' dir='ltr'>Altiffimus</span> <span class='ocrx_word' id='word_1_278' title='bbox 1117 1627 1217 1660; x_wconf 89' lang='lat' dir='ltr'>inCa-</span> 
     </span>
     <span class='ocr_line' id='line_1_35' title="bbox 152 1662 577 1703; baseline -0.002 -10"><span class='ocrx_word' id='word_1_279' title='bbox 152 1664 230 1694; x_wconf 88' lang='lat' dir='ltr'>ritate</span> <span class='ocrx_word' id='word_1_280' title='bbox 243 1663 380 1695; x_wconf 64' lang='lat' dir='ltr'>continua</span> <span class='ocrx_word' id='word_1_281' title='bbox 394 1664 427 1693; x_wconf 92' lang='lat'>&amp;</span> <span class='ocrx_word' id='word_1_282' title='bbox 444 1662 577 1703; x_wconf 67' lang='lat' dir='ltr'>persedia.</span> 
     </span>
    </p>

    <p class='ocr_par' dir='ltr' id='par_1_10' title="bbox 188 1700 949 1740">
     <span class='ocr_line' id='line_1_36' title="bbox 188 1700 949 1740; baseline 0.001 -8"><span class='ocrx_word' id='word_1_283' title='bbox 188 1700 257 1733; x_wconf 85' lang='lat' dir='ltr'>Dat.</span> <span class='ocrx_word' id='word_1_284' title='bbox 274 1702 347 1739; x_wconf 88' lang='lat' dir='ltr'>apud</span> <span class='ocrx_word' id='word_1_285' title='bbox 359 1701 481 1732; x_wconf 90' lang='lat' dir='ltr'>Turrim</span> <span class='ocrx_word' id='word_1_286' title='bbox 496 1702 658 1733; x_wconf 90' lang='lat' dir='ltr'>Londoniae</span> <span class='ocrx_word' id='word_1_287' title='bbox 667 1724 676 1740; x_wconf 96' lang='lat'>,</span> <span class='ocrx_word' id='word_1_288' title='bbox 694 1701 770 1733; x_wconf 87' lang='lat' dir='ltr'>sexto</span> <span class='ocrx_word' id='word_1_289' title='bbox 784 1704 828 1734; x_wconf 89' lang='lat' dir='ltr'>die</span> <span class='ocrx_word' id='word_1_290' title='bbox 841 1703 949 1734; x_wconf 88' lang='lat' dir='ltr'>Martii.</span> 
     </span>
    </p>
   </div>
   <div class='ocr_carea' id='block_1_7' title="bbox 13 858 106 885">
    <p class='ocr_par' dir='ltr' id='par_1_11' title="bbox 13 858 106 885">
     <span class='ocr_line' id='line_1_37' title="bbox 13 858 106 885; baseline 0.011 -10"><span class='ocrx_word' id='word_1_291' title='bbox 13 858 50 875; x_wconf 69' lang='lat' dir='ltr'>In.</span> <span class='ocrx_word' id='word_1_292' title='bbox 66 859 106 885; x_wconf 75' lang='lat'>15.</span> 
     </span>
    </p>
   </div>
   <div class='ocr_carea' id='block_1_8' title="bbox 13 887 76 923">
    <p class='ocr_par' dir='ltr' id='par_1_12' title="bbox 13 887 76 923">
     <span class='ocr_line' id='line_1_38' title="bbox 13 887 76 923; baseline 0.032 -10"><span class='ocrx_word' id='word_1_293' title='bbox 13 887 76 923; x_wconf 75' lang='lat' dir='ltr'>dois.</span> 
     </span>
    </p>
   </div>
   <div class='ocr_carea' id='block_1_9' title="bbox 183 1823 1183 1920">
    <p class='ocr_par' dir='ltr' id='par_1_13' title="bbox 183 1823 1183 1920">
     <span class='ocr_line' id='line_1_39' title="bbox 183 1823 1183 1871; baseline 0 -12"><span class='ocrx_word' id='word_1_294' title='bbox 183 1828 232 1859; x_wconf 84' lang='lat' dir='ltr'>De</span> <span class='ocrx_word' id='word_1_295' title='bbox 251 1827 392 1858; x_wconf 85' lang='lat' dir='ltr'>Denariis</span> <span class='ocrx_word' id='word_1_296' title='bbox 405 1851 414 1867; x_wconf 89' lang='lat'>,</span> <span class='ocrx_word' id='word_1_297' title='bbox 436 1835 491 1871; x_wconf 87' lang='lat' dir='ltr'>pro</span> <span class='ocrx_word' id='word_1_298' title='bbox 510 1823 722 1870; x_wconf 78' lang='lat' dir='ltr'>Expeditione,</span> <span class='ocrx_word' id='word_1_299' title='bbox 747 1828 778 1857; x_wconf 84' lang='lat' dir='ltr'>in</span> <span class='ocrx_word' id='word_1_300' title='bbox 797 1826 969 1871; x_wconf 75' lang='lat' dir='ltr'>Aquitania</span> <span class='ocrx_word' id='word_1_301' title='bbox 984 1851 994 1868; x_wconf 84' lang='lat'>,</span> <span class='ocrx_word' id='word_1_302' title='bbox 1019 1826 1183 1860; x_wconf 77' lang='lat' dir='ltr'>Willielmo</span> 
     </span>
     <span class='ocr_line' id='line_1_40' title="bbox 450 1871 1060 1920; baseline 0.002 -14"><span class='ocrx_word' id='word_1_303' title='bbox 450 1872 487 1906; x_wconf 80' lang='lat' dir='ltr'>de</span> <span class='ocrx_word' id='word_1_304' title='bbox 508 1872 725 1920; x_wconf 69' lang='lat' dir='ltr'>Otcrhcimpton</span> <span class='ocrx_word' id='word_1_305' title='bbox 746 1871 917 1909; x_wconf 75' lang='lat' dir='ltr'>liberandis.</span> <span class='ocrx_word' id='word_1_306' title='bbox 1056 1885 1060 1890; x_wconf 94' lang='grc'><strong><em>·</em></strong></span> 
     </span>
    </p>
   </div>
   <div class='ocr_carea' id='block_1_10' title="bbox 0 1957 1214 2726">
    <p class='ocr_par' dir='ltr' id='par_1_14' title="bbox 3 1957 1213 2064">
     <span class='ocr_line' id='line_1_41' title="bbox 3 1957 940 2015; baseline 0.003 -28"><span class='ocrx_word' id='word_1_307' title='bbox 3 1965 80 1997; x_wconf 68' lang='grc' dir='ltr'>Αῃῃ,</span> <span class='ocrx_word' id='word_1_308' title='bbox 96 1964 137 1996; x_wconf 76' lang='lat' dir='ltr'>D,</span> <span class='ocrx_word' id='word_1_309' title='bbox 152 1957 239 2015; x_wconf 81' lang='lat' dir='ltr'>RE</span> <span class='ocrx_word' id='word_1_310' title='bbox 250 1957 279 1988; x_wconf 80' lang='lat' dir='ltr'>X</span> <span class='ocrx_word' id='word_1_311' title='bbox 298 1957 483 1988; x_wconf 82' lang='lat' dir='ltr'>Thesaurario</span> <span class='ocrx_word' id='word_1_312' title='bbox 499 1958 532 1990; x_wconf 70' lang='grc' dir='ltr'>ὃ(</span> <span class='ocrx_word' id='word_1_313' title='bbox 544 1958 710 1989; x_wconf 86' lang='lat' dir='ltr'>Camerariis</span> <span class='ocrx_word' id='word_1_314' title='bbox 719 1958 787 1997; x_wconf 89' lang='lat' dir='ltr'>suis,</span> <span class='ocrx_word' id='word_1_315' title='bbox 806 1959 940 1990; x_wconf 81' lang='lat' dir='ltr'>Salutem.</span> 
     </span>
     <span class='ocr_line' id='line_1_42' title="bbox 24 1996 1213 2064; baseline 0.007 -40"><span class='ocrx_word' id='word_1_316' title='bbox 24 2013 108 2043; x_wconf 77' lang='lat'>¹325-</span> <span class='ocrx_word' id='word_1_317' title='bbox 148 2034 157 2064; x_wconf 71' lang='lat' dir='ltr'>l</span> <span class='ocrx_word' id='word_1_318' title='bbox 175 2034 184 2064; x_wconf 65' lang='lat' dir='ltr'>l</span> <span class='ocrx_word' id='word_1_319' title='bbox 246 1996 393 2064; x_wconf 43' lang='lat' dir='ltr'>&amp;bg-atel,</span> <span class='ocrx_word' id='word_1_320' title='bbox 410 1996 445 2026; x_wconf 94' lang='lat' dir='ltr'>de</span> <span class='ocrx_word' id='word_1_321' title='bbox 458 1996 605 2027; x_wconf 88' lang='lat' dir='ltr'>Thesauro</span> <span class='ocrx_word' id='word_1_322' title='bbox 620 1996 736 2036; x_wconf 90' lang='lat' dir='ltr'>nostro,</span> <span class='ocrx_word' id='word_1_323' title='bbox 755 1998 861 2028; x_wconf 70' lang='lat' dir='ltr'>dile&amp;o</span> <span class='ocrx_word' id='word_1_324' title='bbox 877 1997 993 2030; x_wconf 82' lang='lat' dir='ltr'>Clerico</span> <span class='ocrx_word' id='word_1_325' title='bbox 1006 2000 1123 2039; x_wconf 89' lang='lat' dir='ltr'>nostro,</span> <span class='ocrx_word' id='word_1_326' title='bbox 1135 2000 1213 2032; x_wconf 89' lang='lat' dir='ltr'>Wil-</span> 
     </span>
    </p>

    <p class='ocr_par' dir='ltr' id='par_1_15' title="bbox 0 2043 1214 2266">
     <span class='ocr_line' id='line_1_43' title="bbox 46 2043 511 2072; baseline 0.002 -8"><span class='ocrx_word' id='word_1_327' title='bbox 46 2065 52 2071; x_wconf 76' lang='grc'><em>,</em></span> <span class='ocrx_word' id='word_1_328' title='bbox 78 2043 118 2072; x_wconf 64' lang='grc'>,3,</span> <span class='ocrx_word' id='word_1_329' title='bbox 159 2044 173 2065; x_wconf 91' lang='lat' dir='ltr'>e</span> <span class='ocrx_word' id='word_1_330' title='bbox 186 2043 237 2064; x_wconf 91' lang='lat' dir='ltr'>mo</span> <span class='ocrx_word' id='word_1_331' title='bbox 270 2045 286 2065; x_wconf 88' lang='lat' dir='ltr'>e</span> <span class='ocrx_word' id='word_1_332' title='bbox 333 2044 372 2065; x_wconf 87' lang='lat' dir='ltr'>ter</span> <span class='ocrx_word' id='word_1_333' title='bbox 394 2044 511 2072; x_wconf 84' lang='lat' dir='ltr'>ampton</span> 
     </span>
     <span class='ocr_line' id='line_1_44' title="bbox 0 2047 1214 2117; baseline 0.006 -16"><span class='ocrx_word' id='word_1_334' title='bbox 0 2047 42 2109; x_wconf 51' lang='grc' dir='ltr'>ἔῃ</span> <span class='ocrx_word' id='word_1_335' title='bbox 53 2092 78 2109; x_wconf 57' lang='lat'>2,</span> <span class='ocrx_word' id='word_1_336' title='bbox 188 2072 344 2112; x_wconf 88' lang='lat' dir='ltr'>Receptori</span> <span class='ocrx_word' id='word_1_337' title='bbox 358 2075 391 2104; x_wconf 68' lang='grc' dir='ltr'>ὃς</span> <span class='ocrx_word' id='word_1_338' title='bbox 406 2058 530 2104; x_wconf 79' lang='lat' dir='ltr'>Custodi</span> <span class='ocrx_word' id='word_1_339' title='bbox 544 2074 736 2105; x_wconf 89' lang='lat' dir='ltr'>Denariorum</span> <span class='ocrx_word' id='word_1_340' title='bbox 745 2097 755 2113; x_wconf 90' lang='lat'>,</span> <span class='ocrx_word' id='word_1_341' title='bbox 768 2074 787 2093; x_wconf 71' lang='lat'>²*</span> <span class='ocrx_word' id='word_1_342' title='bbox 803 2074 979 2107; x_wconf 61' lang='lat' dir='ltr'>victualium</span> <span class='ocrx_word' id='word_1_343' title='bbox 988 2100 998 2115; x_wconf 88' lang='lat'>,</span> <span class='ocrx_word' id='word_1_344' title='bbox 1007 2075 1214 2117; x_wconf 86' lang='lat' dir='ltr'>Ingeniorum,</span> 
     </span>
     <span class='ocr_line' id='line_1_45' title="bbox 0 2111 1211 2154; baseline 0 -7"><span class='ocrx_word' id='word_1_345' title='bbox 0 2119 113 2148; x_wconf 54' lang='lat' dir='ltr'>Liberat⁴</span> <span class='ocrx_word' id='word_1_346' title='bbox 148 2111 400 2150; x_wconf 86' lang='lat' dir='ltr'>Springaldorum‚</span> <span class='ocrx_word' id='word_1_347' title='bbox 418 2113 450 2144; x_wconf 86' lang='lat'>&amp;</span> <span class='ocrx_word' id='word_1_348' title='bbox 464 2113 581 2143; x_wconf 89' lang='lat' dir='ltr'>aliarum</span> <span class='ocrx_word' id='word_1_349' title='bbox 601 2113 711 2143; x_wconf 87' lang='lat' dir='ltr'>Rerum</span> <span class='ocrx_word' id='word_1_350' title='bbox 725 2113 900 2153; x_wconf 87' lang='lat' dir='ltr'>nostrarum,</span> <span class='ocrx_word' id='word_1_351' title='bbox 919 2125 983 2153; x_wconf 89' lang='lat' dir='ltr'>quae</span> <span class='ocrx_word' id='word_1_352' title='bbox 1002 2115 1088 2154; x_wconf 88' lang='lat' dir='ltr'>usque</span> <span class='ocrx_word' id='word_1_353' title='bbox 1102 2115 1211 2148; x_wconf 81' lang='lat' dir='ltr'>Portel-</span> 
     </span>
     <span class='ocr_line' id='line_1_46' title="bbox 3 2150 1213 2196; baseline 0.004 -17"><span class='ocrx_word' id='word_1_354' title='bbox 3 2158 47 2186; x_wconf 70' lang='lat'>18,</span> <span class='ocrx_word' id='word_1_355' title='bbox 61 2163 91 2186; x_wconf 74' lang='lat' dir='ltr'>E.</span> <span class='ocrx_word' id='word_1_356' title='bbox 108 2168 133 2186; x_wconf 70' lang='lat'>2,</span> <span class='ocrx_word' id='word_1_357' title='bbox 149 2150 230 2182; x_wconf 87' lang='lat' dir='ltr'>muth</span> <span class='ocrx_word' id='word_1_358' title='bbox 245 2151 311 2182; x_wconf 87' lang='lat' dir='ltr'>duci</span> <span class='ocrx_word' id='word_1_359' title='bbox 324 2151 536 2191; x_wconf 78' lang='lat' dir='ltr'>mandavimus,</span> <span class='ocrx_word' id='word_1_360' title='bbox 556 2151 658 2182; x_wconf 87' lang='lat' dir='ltr'>exinde</span> <span class='ocrx_word' id='word_1_361' title='bbox 678 2152 711 2182; x_wconf 88' lang='lat' dir='ltr'>ad</span> <span class='ocrx_word' id='word_1_362' title='bbox 729 2161 817 2190; x_wconf 68' lang='lat' dir='ltr'>partes</span> <span class='ocrx_word' id='word_1_363' title='bbox 832 2152 966 2184; x_wconf 71' lang='lat' dir='ltr'>Ducatcis</span> <span class='ocrx_word' id='word_1_364' title='bbox 979 2153 1068 2184; x_wconf 89' lang='lat' dir='ltr'>nostri</span> <span class='ocrx_word' id='word_1_365' title='bbox 1084 2158 1213 2196; x_wconf 82' lang='lat' dir='ltr'>Aquita-</span> 
     </span>
     <span class='ocr_line' id='line_1_47' title="bbox 146 2188 1212 2234; baseline 0.006 -15"><span class='ocrx_word' id='word_1_366' title='bbox 146 2193 198 2219; x_wconf 81' lang='lat' dir='ltr'>niae</span> <span class='ocrx_word' id='word_1_367' title='bbox 212 2212 222 2228; x_wconf 92' lang='lat'>,</span> <span class='ocrx_word' id='word_1_368' title='bbox 241 2199 293 2228; x_wconf 90' lang='lat' dir='ltr'>pro</span> <span class='ocrx_word' id='word_1_369' title='bbox 315 2188 503 2232; x_wconf 59' lang='lat' dir='ltr'>Expeditione</span> <span class='ocrx_word' id='word_1_370' title='bbox 523 2190 718 2234; x_wconf 76' lang='lat' dir='ltr'>Negotiorum</span> <span class='ocrx_word' id='word_1_371' title='bbox 733 2190 896 2222; x_wconf 87' lang='lat' dir='ltr'>nostrorum</span> <span class='ocrx_word' id='word_1_372' title='bbox 908 2191 1017 2223; x_wconf 84' lang='lat' dir='ltr'>ibidem</span> <span class='ocrx_word' id='word_1_373' title='bbox 1034 2215 1044 2232; x_wconf 88' lang='lat'>,</span> <span class='ocrx_word' id='word_1_374' title='bbox 1063 2202 1112 2234; x_wconf 88' lang='lat' dir='ltr'>per</span> <span class='ocrx_word' id='word_1_375' title='bbox 1126 2195 1212 2225; x_wconf 77' lang='lat' dir='ltr'>avisa-</span> 
     </span>
     <span class='ocr_line' id='line_1_48' title="bbox 147 2228 761 2266; baseline 0.002 -8"><span class='ocrx_word' id='word_1_376' title='bbox 147 2237 278 2259; x_wconf 91' lang='lat' dir='ltr'>mentum</span> <span class='ocrx_word' id='word_1_377' title='bbox 295 2230 376 2266; x_wconf 83' lang='lat' dir='ltr'>iplius</span> <span class='ocrx_word' id='word_1_378' title='bbox 390 2228 542 2259; x_wconf 85' lang='lat' dir='ltr'>Willielmi</span> <span class='ocrx_word' id='word_1_379' title='bbox 556 2229 761 2260; x_wconf 89' lang='lat' dir='ltr'>ducendorum.</span> 
     </span>
    </p>

    <p class='ocr_par' dir='ltr' id='par_1_16' title="bbox 136 2267 1211 2726">
     <span class='ocr_line' id='line_1_49' title="bbox 187 2267 1211 2307; baseline 0.005 -11"><span class='ocrx_word' id='word_1_380' title='bbox 187 2267 287 2305; x_wconf 84' lang='lat' dir='ltr'>Qiem</span> <span class='ocrx_word' id='word_1_381' title='bbox 308 2267 422 2304; x_wconf 83' lang='lat' dir='ltr'>quidem</span> <span class='ocrx_word' id='word_1_382' title='bbox 442 2267 632 2297; x_wconf 77' lang='lat' dir='ltr'>VVillielmum</span> <span class='ocrx_word' id='word_1_383' title='bbox 652 2267 849 2307; x_wconf 85' lang='lat' dir='ltr'>assignavimus</span> <span class='ocrx_word' id='word_1_384' title='bbox 864 2268 897 2299; x_wconf 90' lang='lat' dir='ltr'>ad</span> <span class='ocrx_word' id='word_1_385' title='bbox 914 2268 1011 2307; x_wconf 90' lang='lat' dir='ltr'>vadia,</span> <span class='ocrx_word' id='word_1_386' title='bbox 1029 2271 1088 2300; x_wconf 73' lang='lat' dir='ltr'>tarn</span> <span class='ocrx_word' id='word_1_387' title='bbox 1103 2269 1211 2301; x_wconf 90' lang='lat' dir='ltr'>Homi-</span> 
     </span>
     <span class='ocr_line' id='line_1_50' title="bbox 145 2304 1211 2346; baseline 0.004 -11"><span class='ocrx_word' id='word_1_388' title='bbox 145 2314 215 2335; x_wconf 90' lang='lat' dir='ltr'>num</span> <span class='ocrx_word' id='word_1_389' title='bbox 236 2305 270 2334; x_wconf 91' lang='lat' dir='ltr'>ad</span> <span class='ocrx_word' id='word_1_390' title='bbox 291 2305 379 2334; x_wconf 87' lang='lat' dir='ltr'>Arma</span> <span class='ocrx_word' id='word_1_391' title='bbox 394 2328 404 2343; x_wconf 89' lang='lat'>,</span> <span class='ocrx_word' id='word_1_392' title='bbox 424 2304 561 2344; x_wconf 83' lang='lat' dir='ltr'>Equitum</span> <span class='ocrx_word' id='word_1_393' title='bbox 585 2306 618 2336; x_wconf 87' lang='lat'>&amp;</span> <span class='ocrx_word' id='word_1_394' title='bbox 633 2305 784 2345; x_wconf 88' lang='lat' dir='ltr'>Peditum,</span> <span class='ocrx_word' id='word_1_395' title='bbox 802 2308 835 2337; x_wconf 71' lang='grc' dir='ltr'>δε</span> <span class='ocrx_word' id='word_1_396' title='bbox 849 2308 982 2346; x_wconf 90' lang='lat' dir='ltr'>aliorum,</span> <span class='ocrx_word' id='word_1_397' title='bbox 1001 2307 1087 2346; x_wconf 88' lang='lat' dir='ltr'>usque</span> <span class='ocrx_word' id='word_1_398' title='bbox 1099 2309 1211 2339; x_wconf 57' lang='lat' dir='ltr'>diffitum</span> 
     </span>
     <span class='ocr_line' id='line_1_51' title="bbox 144 2342 1210 2383; baseline 0.003 -9"><span class='ocrx_word' id='word_1_399' title='bbox 144 2344 244 2374; x_wconf 89' lang='lat' dir='ltr'>locum</span> <span class='ocrx_word' id='word_1_400' title='bbox 258 2343 293 2374; x_wconf 87' lang='lat' dir='ltr'>de</span> <span class='ocrx_word' id='word_1_401' title='bbox 307 2342 486 2374; x_wconf 88' lang='lat' dir='ltr'>Portesmuth</span> <span class='ocrx_word' id='word_1_402' title='bbox 505 2345 535 2373; x_wconf 87' lang='lat' dir='ltr'>in</span> <span class='ocrx_word' id='word_1_403' title='bbox 550 2346 680 2382; x_wconf 88' lang='lat' dir='ltr'>proximo</span> <span class='ocrx_word' id='word_1_404' title='bbox 694 2354 899 2383; x_wconf 89' lang='lat' dir='ltr'>venturorum,</span> <span class='ocrx_word' id='word_1_405' title='bbox 918 2346 951 2376; x_wconf 93' lang='lat'>&amp;</span> <span class='ocrx_word' id='word_1_406' title='bbox 969 2347 1071 2377; x_wconf 80' lang='lat' dir='ltr'>exinde</span> <span class='ocrx_word' id='word_1_407' title='bbox 1086 2347 1116 2376; x_wconf 85' lang='lat' dir='ltr'>in</span> <span class='ocrx_word' id='word_1_408' title='bbox 1129 2347 1210 2378; x_wconf 90' lang='lat' dir='ltr'>obse-</span> 
     </span>
     <span class='ocr_line' id='line_1_52' title="bbox 142 2380 1210 2425; baseline 0.004 -14"><span class='ocrx_word' id='word_1_409' title='bbox 142 2383 243 2421; x_wconf 90' lang='lat' dir='ltr'>quium</span> <span class='ocrx_word' id='word_1_410' title='bbox 271 2380 400 2411; x_wconf 86' lang='lat' dir='ltr'>nostrum</span> <span class='ocrx_word' id='word_1_411' title='bbox 422 2381 456 2412; x_wconf 89' lang='lat' dir='ltr'>ad</span> <span class='ocrx_word' id='word_1_412' title='bbox 501 2391 570 2413; x_wconf 88' lang='lat' dir='ltr'>artes</span> <span class='ocrx_word' id='word_1_413' title='bbox 593 2382 662 2413; x_wconf 69' lang='lat' dir='ltr'>dieti</span> <span class='ocrx_word' id='word_1_414' title='bbox 690 2382 822 2414; x_wconf 75' lang='lat' dir='ltr'>Ducatfis</span> <span class='ocrx_word' id='word_1_415' title='bbox 850 2383 937 2414; x_wconf 83' lang='lat' dir='ltr'>nostri</span> <span class='ocrx_word' id='word_1_416' title='bbox 965 2384 1210 2425; x_wconf 70' lang='lat' dir='ltr'>profecturorum,</span> 
     </span>
     <span class='ocr_line' id='line_1_53' title="bbox 144 2418 1207 2464; baseline 0.005 -15"><span class='ocrx_word' id='word_1_417' title='bbox 144 2420 232 2459; x_wconf 71' lang='lat' dir='ltr'>quam</span> <span class='ocrx_word' id='word_1_418' title='bbox 253 2419 291 2462; x_wconf 28' lang='lat' dir='ltr'>ad*</span> <span class='ocrx_word' id='word_1_419' title='bbox 309 2418 443 2462; x_wconf 61' lang='lat' dir='ltr'>Fredtum</span> <span class='ocrx_word' id='word_1_420' title='bbox 463 2432 475 2450; x_wconf 81' lang='lat' dir='ltr'>i</span> <span class='ocrx_word' id='word_1_421' title='bbox 500 2421 613 2463; x_wconf 70' lang='lat' dir='ltr'>avium,</span> <span class='ocrx_word' id='word_1_422' title='bbox 632 2430 684 2459; x_wconf 81' lang='lat' dir='ltr'>pro</span> <span class='ocrx_word' id='word_1_423' title='bbox 704 2420 898 2460; x_wconf 83' lang='lat' dir='ltr'>Hominibus,</span> <span class='ocrx_word' id='word_1_424' title='bbox 918 2421 1107 2461; x_wconf 69' lang='lat' dir='ltr'>victualibus,</span> <span class='ocrx_word' id='word_1_425' title='bbox 1126 2423 1207 2464; x_wconf 84' lang='lat' dir='ltr'>Inge-</span> 
     </span>
     <span class='ocr_line' id='line_1_54' title="bbox 145 2457 1211 2498; baseline 0.006 -11"><span class='ocrx_word' id='word_1_426' title='bbox 145 2459 216 2496; x_wconf 86' lang='lat' dir='ltr'>niis,</span> <span class='ocrx_word' id='word_1_427' title='bbox 231 2457 417 2497; x_wconf 82' lang='lat' dir='ltr'>Springaldis,</span> <span class='ocrx_word' id='word_1_428' title='bbox 435 2458 468 2489; x_wconf 90' lang='lat'>&amp;</span> <span class='ocrx_word' id='word_1_429' title='bbox 490 2458 544 2488; x_wconf 89' lang='lat' dir='ltr'>aliis</span> <span class='ocrx_word' id='word_1_430' title='bbox 565 2458 664 2489; x_wconf 88' lang='lat' dir='ltr'>Rebus</span> <span class='ocrx_word' id='word_1_431' title='bbox 677 2459 780 2489; x_wconf 88' lang='lat' dir='ltr'>nostris</span> <span class='ocrx_word' id='word_1_432' title='bbox 796 2460 952 2498; x_wconf 72' lang='lat' dir='ltr'>praedictis,</span> <span class='ocrx_word' id='word_1_433' title='bbox 972 2461 1006 2491; x_wconf 90' lang='lat' dir='ltr'>ad</span> <span class='ocrx_word' id='word_1_434' title='bbox 1028 2461 1136 2492; x_wconf 84' lang='lat' dir='ltr'>easdem</span> <span class='ocrx_word' id='word_1_435' title='bbox 1169 2474 1211 2493; x_wconf 89' lang='lat' dir='ltr'>ar-</span> 
     </span>
     <span class='ocr_line' id='line_1_55' title="bbox 144 2496 1209 2540; baseline 0.006 -14"><span class='ocrx_word' id='word_1_436' title='bbox 144 2505 186 2526; x_wconf 86' lang='lat' dir='ltr'>tes</span> <span class='ocrx_word' id='word_1_437' title='bbox 206 2496 365 2535; x_wconf 77' lang='lat' dir='ltr'>Aquitaniae</span> <span class='ocrx_word' id='word_1_438' title='bbox 376 2519 385 2534; x_wconf 89' lang='lat'>,</span> <span class='ocrx_word' id='word_1_439' title='bbox 404 2496 539 2526; x_wconf 86' lang='lat' dir='ltr'>cariandis</span> <span class='ocrx_word' id='word_1_440' title='bbox 554 2506 621 2535; x_wconf 81' lang='lat' dir='ltr'>per,</span> <span class='ocrx_word' id='word_1_441' title='bbox 642 2496 781 2528; x_wconf 60' lang='lat' dir='ltr'>dilectum</span> <span class='ocrx_word' id='word_1_442' title='bbox 799 2499 832 2529; x_wconf 66' lang='grc' dir='ltr'>ὃ(</span> <span class='ocrx_word' id='word_1_443' title='bbox 854 2498 965 2529; x_wconf 88' lang='lat' dir='ltr'>fidelem</span> <span class='ocrx_word' id='word_1_444' title='bbox 981 2499 1126 2540; x_wconf 89' lang='lat' dir='ltr'>nostrum,</span> <span class='ocrx_word' id='word_1_445' title='bbox 1175 2512 1209 2532; x_wconf 94' lang='grc' dir='ltr'>ο-</span> 
     </span>
     <span class='ocr_line' id='line_1_56' title="bbox 144 2533 1208 2577; baseline 0.007 -13"><span class='ocrx_word' id='word_1_446' title='bbox 144 2535 258 2565; x_wconf 91' lang='lat' dir='ltr'>bertum</span> <span class='ocrx_word' id='word_1_447' title='bbox 278 2533 394 2573; x_wconf 90' lang='lat' dir='ltr'>Bendyn</span> <span class='ocrx_word' id='word_1_448' title='bbox 410 2557 420 2571; x_wconf 89' lang='lat'>,</span> <span class='ocrx_word' id='word_1_449' title='bbox 444 2534 633 2565; x_wconf 83' lang='lat' dir='ltr'>Admirallum</span> <span class='ocrx_word' id='word_1_450' title='bbox 656 2535 746 2566; x_wconf 87' lang='lat' dir='ltr'>Flotae</span> <span class='ocrx_word' id='word_1_451' title='bbox 768 2536 897 2568; x_wconf 89' lang='lat' dir='ltr'>Navium</span> <span class='ocrx_word' id='word_1_452' title='bbox 921 2537 1095 2577; x_wconf 90' lang='lat' dir='ltr'>nostrarum,</span> <span class='ocrx_word' id='word_1_453' title='bbox 1117 2540 1208 2571; x_wconf 87' lang='lat' dir='ltr'>versus</span> 
     </span>
     <span class='ocr_line' id='line_1_57' title="bbox 136 2572 1206 2618; baseline 0.005 -15"><span class='ocrx_word' id='word_1_454' title='bbox 136 2581 228 2612; x_wconf 74' lang='lat' dir='ltr'>partes</span> <span class='ocrx_word' id='word_1_455' title='bbox 250 2572 450 2603; x_wconf 88' lang='lat' dir='ltr'>Occidentales</span> <span class='ocrx_word' id='word_1_456' title='bbox 463 2573 630 2610; x_wconf 77' lang='lat' dir='ltr'>provisarum</span> <span class='ocrx_word' id='word_1_457' title='bbox 641 2583 645 2602; x_wconf 76' lang='grc' dir='ltr'>ε</span> <span class='ocrx_word' id='word_1_458' title='bbox 656 2573 692 2604; x_wconf 89' lang='lat' dir='ltr'>Et</span> <span class='ocrx_word' id='word_1_459' title='bbox 707 2574 740 2604; x_wconf 91' lang='lat' dir='ltr'>ad</span> <span class='ocrx_word' id='word_1_460' title='bbox 757 2574 844 2605; x_wconf 87' lang='lat' dir='ltr'>Vadia</span> <span class='ocrx_word' id='word_1_461' title='bbox 858 2575 1019 2606; x_wconf 88' lang='lat' dir='ltr'>Nautarum</span> <span class='ocrx_word' id='word_1_462' title='bbox 1030 2577 1206 2618; x_wconf 76' lang='lat' dir='ltr'>solvendum,</span> 
     </span>
     <span class='ocr_line' id='line_1_58' title="bbox 143 2611 1208 2653; baseline 0.004 -10"><span class='ocrx_word' id='word_1_463' title='bbox 143 2612 178 2643; x_wconf 88' lang='lat'>&amp;</span> <span class='ocrx_word' id='word_1_464' title='bbox 198 2612 233 2642; x_wconf 93' lang='lat' dir='ltr'>ad</span> <span class='ocrx_word' id='word_1_465' title='bbox 254 2611 303 2641; x_wconf 90' lang='lat' dir='ltr'>alia</span> <span class='ocrx_word' id='word_1_466' title='bbox 317 2634 327 2649; x_wconf 83' lang='lat'>,</span> <span class='ocrx_word' id='word_1_467' title='bbox 353 2611 572 2650; x_wconf 79' lang='lat' dir='ltr'>Expeditionem</span> <span class='ocrx_word' id='word_1_468' title='bbox 592 2612 793 2650; x_wconf 86' lang='lat' dir='ltr'>Negotiorum</span> <span class='ocrx_word' id='word_1_469' title='bbox 822 2613 984 2645; x_wconf 90' lang='lat' dir='ltr'>nostrorum</span> <span class='ocrx_word' id='word_1_470' title='bbox 1004 2615 1208 2653; x_wconf 69' lang='lat' dir='ltr'>praedierorum</span> 
     </span>
     <span class='ocr_line' id='line_1_59' title="bbox 141 2650 1208 2718; baseline 0.005 -37"><span class='ocrx_word' id='word_1_471' title='bbox 141 2650 333 2718; x_wconf 44' lang='grc' dir='ltr'>ςῇηζίηὲεῐέὶῑία</span> <span class='ocrx_word' id='word_1_472' title='bbox 347 2673 356 2688; x_wconf 86' lang='grc'>,</span> <span class='ocrx_word' id='word_1_473' title='bbox 380 2650 565 2690; x_wconf 67' lang='lat' dir='ltr'>faciendum,</span> <span class='ocrx_word' id='word_1_474' title='bbox 580 2660 663 2689; x_wconf 88' lang='lat' dir='ltr'>prout</span> <span class='ocrx_word' id='word_1_475' title='bbox 684 2652 776 2682; x_wconf 90' lang='lat' dir='ltr'>eidem</span> <span class='ocrx_word' id='word_1_476' title='bbox 795 2652 955 2684; x_wconf 80' lang='lat' dir='ltr'>willielmo</span> <span class='ocrx_word' id='word_1_477' title='bbox 971 2663 1019 2692; x_wconf 85' lang='lat' dir='ltr'>per</span> <span class='ocrx_word' id='word_1_478' title='bbox 1036 2664 1088 2685; x_wconf 89' lang='lat' dir='ltr'>nos</span> <span class='ocrx_word' id='word_1_479' title='bbox 1102 2655 1208 2694; x_wconf 79' lang='lat' dir='ltr'>plenius</span> 
     </span>
     <span class='ocr_line' id='line_1_60' title="bbox 144 2698 327 2726; baseline -0.005 -7"><span class='ocrx_word' id='word_1_480' title='bbox 144 2698 161 2719; x_wconf 90' lang='lat' dir='ltr'>e</span> <span class='ocrx_word' id='word_1_481' title='bbox 201 2699 296 2726; x_wconf 65' lang='lat' dir='ltr'>iniunt,</span> <span class='ocrx_word' id='word_1_482' title='bbox 310 2699 327 2718; x_wconf 90' lang='lat' dir='ltr'>u</span> 
     </span>
    </p>
   </div>
   <div class='ocr_carea' id='block_1_11' title="bbox 0 2205 94 2262">
    <p class='ocr_par' dir='ltr' id='par_1_17' title="bbox 0 2205 94 2262">
     <span class='ocr_line' id='line_1_61' title="bbox 0 2205 81 2226; baseline 0.012 -4"><span class='ocrx_word' id='word_1_483' title='bbox 0 2205 35 2223; x_wconf 82' lang='lat' dir='ltr'>m.</span> <span class='ocrx_word' id='word_1_484' title='bbox 55 2206 81 2226; x_wconf 91' lang='lat'>2.</span> 
     </span>
     <span class='ocr_line' id='line_1_62' title="bbox 0 2236 94 2262; baseline 0.011 -1"><span class='ocrx_word' id='word_1_485' title='bbox 0 2238 16 2251; x_wconf 79' lang='grc'><em>·</em></span> <span class='ocrx_word' id='word_1_486' title='bbox 43 2236 94 2262; x_wconf 85' lang='lat' dir='ltr'>lV.</span> 
     </span>
    </p>
   </div>
   <div class='ocr_carea' id='block_1_12' title="bbox 2 2281 62 2307">
    <p class='ocr_par' dir='ltr' id='par_1_18' title="bbox 2 2281 62 2307">
     <span class='ocr_line' id='line_1_63' title="bbox 2 2281 62 2307; baseline -0.017 -8"><span class='ocrx_word' id='word_1_487' title='bbox 2 2281 62 2307; x_wconf 78' lang='lat'>¹40·</span> 
     </span>
    </p>
   </div>
   <div class='ocr_carea' id='block_1_13' title="bbox 184 2699 1168 2808">
    <p class='ocr_par' dir='ltr' id='par_1_19' title="bbox 184 2699 1168 2808">
     <span class='ocr_line' id='line_1_64' title="bbox 184 2699 1168 2796; baseline 0.005 -41"><span class='ocrx_word' id='word_1_488' title='bbox 184 2727 321 2796; x_wconf 58' lang='lat' dir='ltr'>Qiiinque</span> <span class='ocrx_word' id='word_1_489' title='bbox 330 2699 419 2758; x_wconf 47' lang='lat' dir='ltr'>lissima</span> <span class='ocrx_word' id='word_1_490' title='bbox 435 2726 589 2770; x_wconf 82' lang='lat' dir='ltr'>Librarum¹</span> <span class='ocrx_word' id='word_1_491' title='bbox 603 2726 680 2767; x_wconf 88' lang='lat' dir='ltr'>super</span> <span class='ocrx_word' id='word_1_492' title='bbox 695 2728 857 2773; x_wconf 71' lang='lat' dir='ltr'>praemiffis3</span> <span class='ocrx_word' id='word_1_493' title='bbox 872 2740 931 2773; x_wconf 82' lang='lat' dir='ltr'>non</span> <span class='ocrx_word' id='word_1_494' title='bbox 945 2729 1090 2774; x_wconf 78' lang='lat' dir='ltr'>obstante,</span> <span class='ocrx_word' id='word_1_495' title='bbox 1107 2731 1168 2775; x_wconf 64' lang='lat' dir='ltr'>&amp;o</span> 
     </span>
     <span class='ocr_line' id='line_1_65' title="bbox 251 2765 1131 2808; baseline 0.003 -13"><span class='ocrx_word' id='word_1_496' title='bbox 251 2765 308 2795; x_wconf 90' lang='lat' dir='ltr'>este</span> <span class='ocrx_word' id='word_1_497' title='bbox 323 2765 405 2806; x_wconf 83' lang='lat' dir='ltr'>Rege</span> <span class='ocrx_word' id='word_1_498' title='bbox 419 2766 492 2806; x_wconf 88' lang='lat' dir='ltr'>apud</span> <span class='ocrx_word' id='word_1_499' title='bbox 504 2766 624 2796; x_wconf 83' lang='lat' dir='ltr'>Turrim</span> <span class='ocrx_word' id='word_1_500' title='bbox 640 2766 820 2808; x_wconf 83' lang='lat' dir='ltr'>Londoniae,</span> <span class='ocrx_word' id='word_1_501' title='bbox 834 2768 951 2806; x_wconf 84' lang='lat' dir='ltr'>septimo</span> <span class='ocrx_word' id='word_1_502' title='bbox 965 2769 1010 2799; x_wconf 89' lang='lat' dir='ltr'>die</span> <span class='ocrx_word' id='word_1_503' title='bbox 1026 2768 1131 2800; x_wconf 85' lang='lat' dir='ltr'>Martii.</span> 
     </span>
    </p>
   </div>
   <div class='ocr_carea' id='block_1_14' title="bbox 782 2845 1047 2886">
    <p class='ocr_par' dir='ltr' id='par_1_20' title="bbox 782 2845 1047 2886">
     <span class='ocr_line' id='line_1_66' title="bbox 782 2845 1047 2886; baseline 0.008 -11"><span class='ocrx_word' id='word_1_504' title='bbox 782 2847 834 2875; x_wconf 87' lang='lat' dir='ltr'>Per</span> <span class='ocrx_word' id='word_1_505' title='bbox 849 2845 930 2886; x_wconf 74' lang='lat' dir='ltr'>ipfitm</span> <span class='ocrx_word' id='word_1_506' title='bbox 943 2849 1047 2884; x_wconf 79' lang='lat' dir='ltr'>Regem.</span> 
     </span>
    </p>
   </div>
   <div class='ocr_carea' id='block_1_15' title="bbox 149 2918 272 2926">
    <p class='ocr_par' dir='ltr' id='par_1_21' title="bbox 149 2918 272 2926">
     <span class='ocr_line' id='line_1_67' title="bbox 149 2918 272 2926; baseline 0 0"><span class='ocrx_word' id='word_1_507' title='bbox 149 2918 272 2926; x_wconf 95' lang='lat' dir='ltr'> </span> 
     </span>
    </p>
   </div>
   <div class='ocr_carea' id='block_1_16' title="bbox 274 2915 1205 2930">
    <p class='ocr_par' dir='ltr' id='par_1_22' title="bbox 274 2915 1205 2930">
     <span class='ocr_line' id='line_1_68' title="bbox 274 2915 1205 2930; baseline 0 1349"><span class='ocrx_word' id='word_1_508' title='bbox 274 2915 1205 2930; x_wconf 95' lang='lat' dir='ltr'> </span> 
     </span>
    </p>
   </div>
   <div class='ocr_carea' id='block_1_17' title="bbox 144 2962 1205 3109">
    <p class='ocr_par' dir='ltr' id='par_1_23' title="bbox 144 2962 1205 3109">
     <span class='ocr_line' id='line_1_69' title="bbox 144 2962 1205 3015; baseline 0.008 -20"><span class='ocrx_word' id='word_1_509' title='bbox 144 2962 205 2996; x_wconf 85' lang='lat' dir='ltr'>Ad</span> <span class='ocrx_word' id='word_1_510' title='bbox 226 2966 340 3010; x_wconf 87' lang='lat' dir='ltr'>Papam</span> <span class='ocrx_word' id='word_1_511' title='bbox 356 2992 366 3004; x_wconf 82' lang='lat'>,</span> <span class='ocrx_word' id='word_1_512' title='bbox 383 2964 474 3010; x_wconf 70' lang='lat' dir='ltr'>staper</span> <span class='ocrx_word' id='word_1_513' title='bbox 491 2966 639 2999; x_wconf 63' lang='lat' dir='ltr'>Traffam</span> <span class='ocrx_word' id='word_1_514' title='bbox 658 2978 726 2999; x_wconf 73' lang='lat' dir='ltr'>cum</span> <span class='ocrx_word' id='word_1_515' title='bbox 744 2971 820 3015; x_wconf 77' lang='lat' dir='ltr'>Rege</span> <span class='ocrx_word' id='word_1_516' title='bbox 837 2971 986 3011; x_wconf 72' lang='lat' dir='ltr'>Franciae,</span> <span class='ocrx_word' id='word_1_517' title='bbox 1010 2973 1046 3008; x_wconf 54' lang='grc' dir='ltr'><em>ὠ</em></span> <span class='ocrx_word' id='word_1_518' title='bbox 1068 2968 1205 3012; x_wconf 69' lang='lat' dir='ltr'>Alifflone</span> 
     </span>
     <span class='ocr_line' id='line_1_70' title="bbox 191 3011 1203 3064; baseline 0.007 -20"><span class='ocrx_word' id='word_1_519' title='bbox 191 3015 301 3059; x_wconf 79' lang='lat' dir='ltr'>Reginae</span> <span class='ocrx_word' id='word_1_520' title='bbox 322 3011 450 3058; x_wconf 57' lang='lat' dir='ltr'>[flabella</span> <span class='ocrx_word' id='word_1_521' title='bbox 478 3013 521 3045; x_wconf 72' lang='lat' dir='ltr'>ad</span> <span class='ocrx_word' id='word_1_522' title='bbox 541 3013 655 3046; x_wconf 62' lang='lat' dir='ltr'>cii-&#39;cram</span> <span class='ocrx_word' id='word_1_523' title='bbox 680 3018 787 3062; x_wconf 80' lang='lat' dir='ltr'>Regem</span> <span class='ocrx_word' id='word_1_524' title='bbox 806 3031 815 3048; x_wconf 95' lang='lat'>.·</span> <span class='ocrx_word' id='word_1_525' title='bbox 847 3021 941 3064; x_wconf 80' lang='lat' dir='ltr'>Super</span> <span class='ocrx_word' id='word_1_526' title='bbox 966 3019 1113 3051; x_wconf 53' lang='lat' dir='ltr'>Triariam</span> <span class='ocrx_word' id='word_1_527' title='bbox 1136 3031 1203 3051; x_wconf 80' lang='lat' dir='ltr'>cum</span> 
     </span>
     <span class='ocr_line' id='line_1_71' title="bbox 189 3060 902 3109; baseline 0.01 -17"><span class='ocrx_word' id='word_1_528' title='bbox 189 3063 301 3104; x_wconf 59' lang='lat' dir='ltr'>Sentis,</span> <span class='ocrx_word' id='word_1_529' title='bbox 327 3066 362 3100; x_wconf 43' lang='grc' dir='ltr'>(ᾗ</span> <span class='ocrx_word' id='word_1_530' title='bbox 374 3062 464 3108; x_wconf 75' lang='grc' dir='ltr'><em>[ιίρεν</em></span> <span class='ocrx_word' id='word_1_531' title='bbox 489 3060 700 3095; x_wconf 66' lang='lat' dir='ltr'>Cardiimlibus</span> <span class='ocrx_word' id='word_1_532' title='bbox 718 3062 902 3109; x_wconf 66' lang='lat' dir='ltr'>beneficiatis.</span> 
     </span>
    </p>
   </div>
   <div class='ocr_carea' id='block_1_18' title="bbox 0 3143 1206 3342">
    <p class='ocr_par' dir='ltr' id='par_1_24' title="bbox 0 3143 898 3205">
     <span class='ocr_line' id='line_1_72' title="bbox 0 3143 898 3205; baseline 0.004 -28"><span class='ocrx_word' id='word_1_533' title='bbox 0 3146 127 3178; x_wconf 76' lang='lat' dir='ltr'>Ann.D.</span> <span class='ocrx_word' id='word_1_534' title='bbox 142 3143 190 3205; x_wconf 88' lang='lat' dir='ltr'>P</span> <span class='ocrx_word' id='word_1_535' title='bbox 200 3145 300 3176; x_wconf 82' lang='lat' dir='ltr'>APAE</span> <span class='ocrx_word' id='word_1_536' title='bbox 320 3146 384 3176; x_wconf 84' lang='lat' dir='ltr'>Rex</span> <span class='ocrx_word' id='word_1_537' title='bbox 399 3146 501 3177; x_wconf 73' lang='lat' dir='ltr'>devota</span> <span class='ocrx_word' id='word_1_538' title='bbox 514 3147 621 3186; x_wconf 80' lang='lat' dir='ltr'>pedum</span> <span class='ocrx_word' id='word_1_539' title='bbox 634 3147 727 3179; x_wconf 89' lang='lat' dir='ltr'>oscula</span> <span class='ocrx_word' id='word_1_540' title='bbox 741 3150 898 3181; x_wconf 86' lang='lat' dir='ltr'>beatorum.</span> 
     </span>
    </p>

    <p class='ocr_par' dir='ltr' id='par_1_25' title="bbox 0 3185 1206 3342">
     <span class='ocr_line' id='line_1_73' title="bbox 22 3185 1204 3230; baseline 0.005 -15"><span class='ocrx_word' id='word_1_541' title='bbox 22 3195 103 3224; x_wconf 74' lang='lat'><em>1325.</em></span> <span class='ocrx_word' id='word_1_542' title='bbox 248 3185 322 3226; x_wconf 78' lang='lat' dir='ltr'>Qio</span> <span class='ocrx_word' id='word_1_543' title='bbox 342 3186 463 3216; x_wconf 65' lang='lat' dir='ltr'>tenerius*</span> <span class='ocrx_word' id='word_1_544' title='bbox 484 3185 582 3217; x_wconf 87' lang='lat' dir='ltr'>vestris</span> <span class='ocrx_word' id='word_1_545' title='bbox 596 3185 742 3217; x_wconf 71' lang='lat' dir='ltr'>affectibus</span> <span class='ocrx_word' id='word_1_546' title='bbox 762 3188 876 3218; x_wconf 76' lang='lat' dir='ltr'>insidere</span> <span class='ocrx_word' id='word_1_547' title='bbox 895 3191 1082 3228; x_wconf 87' lang='lat' dir='ltr'>cognovimus</span> <span class='ocrx_word' id='word_1_548' title='bbox 1108 3192 1179 3221; x_wconf 89' lang='lat' dir='ltr'>inter</span> <span class='ocrx_word' id='word_1_549' title='bbox 1194 3215 1204 3230; x_wconf 87' lang='lat'>,</span> 
     </span>
     <span class='ocr_line' id='line_1_74' title="bbox 0 3222 1205 3264; baseline 0.006 -12"><span class='ocrx_word' id='word_1_550' title='bbox 0 3229 53 3252; x_wconf 65' lang='lat' dir='ltr'>Aa.</span> <span class='ocrx_word' id='word_1_551' title='bbox 72 3225 112 3251; x_wconf 84' lang='lat'>18.</span> <span class='ocrx_word' id='word_1_552' title='bbox 144 3222 333 3260; x_wconf 43' lang='lat' dir='ltr'>iil-agminum</span> <span class='ocrx_word' id='word_1_553' title='bbox 361 3223 525 3262; x_wconf 82' lang='lat' dir='ltr'>Principem</span> <span class='ocrx_word' id='word_1_554' title='bbox 539 3248 549 3263; x_wconf 89' lang='lat'>,</span> <span class='ocrx_word' id='word_1_555' title='bbox 575 3224 740 3255; x_wconf 89' lang='lat' dir='ltr'>Dominum</span> <span class='ocrx_word' id='word_1_556' title='bbox 763 3225 917 3264; x_wconf 85' lang='lat' dir='ltr'>Karolum‚</span> <span class='ocrx_word' id='word_1_557' title='bbox 944 3228 1068 3258; x_wconf 73' lang='lat' dir='ltr'>Fraiieiae</span> <span class='ocrx_word' id='word_1_558' title='bbox 1087 3230 1119 3259; x_wconf 70' lang='grc' dir='ltr'>ὃς</span> <span class='ocrx_word' id='word_1_559' title='bbox 1141 3231 1205 3260; x_wconf 86' lang='lat' dir='ltr'>Na-</span> 
     </span>
     <span class='ocr_line' id='line_1_75' title="bbox 0 3260 1206 3304; baseline 0.007 -15"><span class='ocrx_word' id='word_1_560' title='bbox 0 3267 30 3289; x_wconf 80' lang='grc' dir='ltr'>Ε.</span> <span class='ocrx_word' id='word_1_561' title='bbox 52 3272 77 3290; x_wconf 89' lang='lat'>2.</span> <span class='ocrx_word' id='word_1_562' title='bbox 145 3271 233 3292; x_wconf 65' lang='lat' dir='ltr'>vafrae</span> <span class='ocrx_word' id='word_1_563' title='bbox 254 3260 362 3300; x_wconf 77' lang='lat' dir='ltr'>Regem</span> <span class='ocrx_word' id='word_1_564' title='bbox 376 3285 385 3300; x_wconf 97' lang='lat'>,</span> <span class='ocrx_word' id='word_1_565' title='bbox 406 3263 438 3292; x_wconf 65' lang='grc' dir='ltr'>ὃς</span> <span class='ocrx_word' id='word_1_566' title='bbox 460 3263 528 3294; x_wconf 91' lang='lat' dir='ltr'>Nos</span> <span class='ocrx_word' id='word_1_567' title='bbox 543 3287 552 3300; x_wconf 86' lang='lat'>,</span> <span class='ocrx_word' id='word_1_568' title='bbox 571 3262 650 3294; x_wconf 87' lang='lat' dir='ltr'>Pacis</span> <span class='ocrx_word' id='word_1_569' title='bbox 665 3263 787 3294; x_wconf 84' lang='lat' dir='ltr'>stabilire</span> <span class='ocrx_word' id='word_1_570' title='bbox 810 3265 922 3295; x_wconf 77' lang='lat' dir='ltr'>conissia</span> <span class='ocrx_word' id='word_1_571' title='bbox 936 3289 946 3304; x_wconf 94' lang='lat'>,</span> <span class='ocrx_word' id='word_1_572' title='bbox 967 3268 1000 3297; x_wconf 84' lang='lat'>&amp;</span> <span class='ocrx_word' id='word_1_573' title='bbox 1022 3275 1099 3304; x_wconf 82' lang='lat' dir='ltr'>rupta</span> <span class='ocrx_word' id='word_1_574' title='bbox 1124 3268 1206 3298; x_wconf 87' lang='lat' dir='ltr'>Ami-</span> 
     </span>
     <span class='ocr_line' id='line_1_76' title="bbox 0 3299 1205 3342; baseline 0.006 -14"><span class='ocrx_word' id='word_1_575' title='bbox 0 3305 69 3327; x_wconf 86' lang='lat' dir='ltr'>Rom.</span> <span class='ocrx_word' id='word_1_576' title='bbox 92 3299 220 3330; x_wconf 84' lang='lat' dir='ltr'>18.citiae</span> <span class='ocrx_word' id='word_1_577' title='bbox 243 3299 362 3330; x_wconf 81' lang='lat' dir='ltr'>Foedera</span> <span class='ocrx_word' id='word_1_578' title='bbox 376 3323 384 3338; x_wconf 86' lang='lat'>,</span> <span class='ocrx_word' id='word_1_579' title='bbox 409 3300 559 3340; x_wconf 80' lang='lat' dir='ltr'>exstirpatis</span> <span class='ocrx_word' id='word_1_580' title='bbox 577 3301 785 3332; x_wconf 84' lang='lat' dir='ltr'>Zizanniorum</span> <span class='ocrx_word' id='word_1_581' title='bbox 808 3303 941 3340; x_wconf 73' lang='lat' dir='ltr'>plantariis</span> <span class='ocrx_word' id='word_1_582' title='bbox 955 3327 964 3341; x_wconf 97' lang='lat'>,</span> <span class='ocrx_word' id='word_1_583' title='bbox 982 3305 1146 3342; x_wconf 86' lang='lat' dir='ltr'>reformari,</span> <span class='ocrx_word' id='word_1_584' title='bbox 1167 3308 1205 3336; x_wconf 77' lang='grc' dir='ltr'>εὸ</span> 
     </span>
    </p>
   </div>
   <div class='ocr_carea' id='block_1_19' title="bbox 2 3337 1205 3459">
    <p class='ocr_par' dir='ltr' id='par_1_26' title="bbox 2 3337 1205 3459">
     <span class='ocr_line' id='line_1_77' title="bbox 2 3337 1205 3381; baseline 0.009 -17"><span class='ocrx_word' id='word_1_585' title='bbox 2 3342 32 3364; x_wconf 82' lang='grc' dir='ltr'>Ε.</span> <span class='ocrx_word' id='word_1_586' title='bbox 53 3348 79 3365; x_wconf 89' lang='lat'>2.</span> <span class='ocrx_word' id='word_1_587' title='bbox 147 3337 288 3376; x_wconf 77' lang='lat' dir='ltr'>solertius,</span> <span class='ocrx_word' id='word_1_588' title='bbox 308 3348 371 3376; x_wconf 66' lang='lat' dir='ltr'>quse</span> <span class='ocrx_word' id='word_1_589' title='bbox 383 3338 460 3378; x_wconf 86' lang='lat' dir='ltr'>super</span> <span class='ocrx_word' id='word_1_590' title='bbox 475 3338 525 3369; x_wconf 78' lang='lat' dir='ltr'>hiis</span> <span class='ocrx_word' id='word_1_591' title='bbox 539 3341 599 3377; x_wconf 76' lang='lat' dir='ltr'>agi,</span> <span class='ocrx_word' id='word_1_592' title='bbox 620 3342 663 3370; x_wconf 86' lang='lat' dir='ltr'>ieu</span> <span class='ocrx_word' id='word_1_593' title='bbox 678 3341 789 3371; x_wconf 63' lang='lat' dir='ltr'>traditati</span> <span class='ocrx_word' id='word_1_594' title='bbox 805 3343 974 3381; x_wconf 84' lang='lat' dir='ltr'>contigerit,</span> <span class='ocrx_word' id='word_1_595' title='bbox 984 3343 1013 3372; x_wconf 92' lang='lat' dir='ltr'>in</span> <span class='ocrx_word' id='word_1_596' title='bbox 1028 3342 1128 3374; x_wconf 82' lang='lat' dir='ltr'>vestrae</span> <span class='ocrx_word' id='word_1_597' title='bbox 1135 3343 1205 3375; x_wconf 84' lang='lat' dir='ltr'>Cle-</span> 
     </span>
     <span class='ocr_line' id='line_1_78' title="bbox 2 3377 706 3415; baseline 0.004 -11"><span class='ocrx_word' id='word_1_598' title='bbox 2 3386 39 3403; x_wconf 81' lang='lat' dir='ltr'>m-</span> <span class='ocrx_word' id='word_1_599' title='bbox 56 3386 80 3405; x_wconf 92' lang='lat'>2.</span> <span class='ocrx_word' id='word_1_600' title='bbox 147 3378 262 3408; x_wconf 69' lang='lat' dir='ltr'>mentia:</span> <span class='ocrx_word' id='word_1_601' title='bbox 273 3377 372 3407; x_wconf 88' lang='lat' dir='ltr'>deferri</span> <span class='ocrx_word' id='word_1_602' title='bbox 387 3378 518 3415; x_wconf 81' lang='lat' dir='ltr'>cupimus</span> <span class='ocrx_word' id='word_1_603' title='bbox 532 3378 706 3409; x_wconf 86' lang='lat' dir='ltr'>noscionem.</span> 
     </span>
     <span class='ocr_line' id='line_1_79' title="bbox 4 3414 1204 3459; baseline 0.009 -19"><span class='ocrx_word' id='word_1_604' title='bbox 4 3414 65 3450; x_wconf 77' lang='lat' dir='ltr'>dors.</span> <span class='ocrx_word' id='word_1_605' title='bbox 183 3414 288 3454; x_wconf 89' lang='lat' dir='ltr'>Nuper</span> <span class='ocrx_word' id='word_1_606' title='bbox 308 3415 441 3454; x_wconf 75' lang='lat' dir='ltr'>siquidem</span> <span class='ocrx_word' id='word_1_607' title='bbox 458 3438 467 3453; x_wconf 93' lang='lat'>,</span> <span class='ocrx_word' id='word_1_608' title='bbox 492 3415 574 3446; x_wconf 86' lang='lat' dir='ltr'>Pater</span> <span class='ocrx_word' id='word_1_609' title='bbox 595 3416 819 3447; x_wconf 74' lang='lat' dir='ltr'>deiideratiffime</span> <span class='ocrx_word' id='word_1_610' title='bbox 832 3441 840 3456; x_wconf 89' lang='lat'>,</span> <span class='ocrx_word' id='word_1_611' title='bbox 863 3419 1060 3450; x_wconf 87' lang='lat' dir='ltr'>accedentibus</span> <span class='ocrx_word' id='word_1_612' title='bbox 1079 3419 1113 3451; x_wconf 91' lang='lat' dir='ltr'>ad</span> <span class='ocrx_word' id='word_1_613' title='bbox 1136 3430 1204 3459; x_wconf 89' lang='lat' dir='ltr'>nos,</span> 
     </span>
    </p>
   </div>
   <div class='ocr_carea' id='block_1_20' title="bbox 146 3452 1208 4033">
    <p class='ocr_par' dir='ltr' id='par_1_27' title="bbox 146 3452 1206 3534">
     <span class='ocr_line' id='line_1_80' title="bbox 147 3452 1206 3497; baseline 0.006 -15"><span class='ocrx_word' id='word_1_614' title='bbox 147 3452 359 3484; x_wconf 87' lang='lat' dir='ltr'>Venerabilibus</span> <span class='ocrx_word' id='word_1_615' title='bbox 381 3454 512 3485; x_wconf 85' lang='lat' dir='ltr'>Patribus</span> <span class='ocrx_word' id='word_1_616' title='bbox 525 3477 534 3492; x_wconf 94' lang='lat'>,</span> <span class='ocrx_word' id='word_1_617' title='bbox 561 3453 696 3486; x_wconf 88' lang='lat' dir='ltr'>Domino</span> <span class='ocrx_word' id='word_1_618' title='bbox 713 3455 872 3488; x_wconf 86' lang='lat' dir='ltr'>Gullielmo</span> <span class='ocrx_word' id='word_1_619' title='bbox 886 3481 895 3496; x_wconf 93' lang='lat'>,</span> <span class='ocrx_word' id='word_1_620' title='bbox 916 3457 973 3489; x_wconf 89' lang='lat' dir='ltr'>Dei</span> <span class='ocrx_word' id='word_1_621' title='bbox 993 3458 1096 3497; x_wconf 71' lang='lat' dir='ltr'>gratia,</span> <span class='ocrx_word' id='word_1_622' title='bbox 1117 3458 1206 3490; x_wconf 84' lang='lat' dir='ltr'>Vien-</span> 
     </span>
     <span class='ocr_line' id='line_1_81' title="bbox 146 3491 937 3534; baseline 0.006 -12"><span class='ocrx_word' id='word_1_623' title='bbox 146 3491 224 3522; x_wconf 87' lang='lat' dir='ltr'>nensi</span> <span class='ocrx_word' id='word_1_624' title='bbox 240 3492 479 3532; x_wconf 81' lang='lat' dir='ltr'>Archiepiscopo,</span> <span class='ocrx_word' id='word_1_625' title='bbox 497 3493 529 3524; x_wconf 89' lang='lat'>&amp;</span> <span class='ocrx_word' id='word_1_626' title='bbox 543 3492 583 3523; x_wconf 85' lang='lat' dir='ltr'>H.</span> <span class='ocrx_word' id='word_1_627' title='bbox 600 3493 763 3524; x_wconf 82' lang='lat' dir='ltr'>Auritasensi</span> <span class='ocrx_word' id='word_1_628' title='bbox 778 3494 937 3534; x_wconf 82' lang='lat' dir='ltr'>Episcopo,</span> 
     </span>
    </p>

    <p class='ocr_par' dir='ltr' id='par_1_28' title="bbox 147 3529 1208 3687">
     <span class='ocr_line' id='line_1_82' title="bbox 186 3529 1207 3570; baseline 0.008 -11"><span class='ocrx_word' id='word_1_629' title='bbox 186 3529 270 3567; x_wconf 85' lang='lat' dir='ltr'>Qios</span> <span class='ocrx_word' id='word_1_630' title='bbox 285 3532 341 3560; x_wconf 70' lang='lat' dir='ltr'>tam</span> <span class='ocrx_word' id='word_1_631' title='bbox 355 3531 388 3561; x_wconf 88' lang='lat' dir='ltr'>ad</span> <span class='ocrx_word' id='word_1_632' title='bbox 404 3532 551 3569; x_wconf 78' lang='lat' dir='ltr'>praefatum</span> <span class='ocrx_word' id='word_1_633' title='bbox 566 3531 697 3570; x_wconf 80' lang='lat' dir='ltr'>Regem,</span> <span class='ocrx_word' id='word_1_634' title='bbox 717 3534 801 3570; x_wconf 62' lang='lat' dir='ltr'>quarn</span> <span class='ocrx_word' id='word_1_635' title='bbox 816 3534 849 3563; x_wconf 91' lang='lat' dir='ltr'>ad</span> <span class='ocrx_word' id='word_1_636' title='bbox 865 3544 916 3564; x_wconf 89' lang='lat' dir='ltr'>nos</span> <span class='ocrx_word' id='word_1_637' title='bbox 952 3543 1022 3564; x_wconf 90' lang='lat' dir='ltr'>cum</span> <span class='ocrx_word' id='word_1_638' title='bbox 1034 3534 1132 3566; x_wconf 89' lang='lat' dir='ltr'>vestris</span> <span class='ocrx_word' id='word_1_639' title='bbox 1148 3535 1207 3567; x_wconf 84' lang='lat' dir='ltr'>Ex-</span> 
     </span>
     <span class='ocr_line' id='line_1_83' title="bbox 147 3557 1208 3612; baseline 0.008 -16"><span class='ocrx_word' id='word_1_640' title='bbox 147 3567 305 3611; x_wconf 79' lang='lat' dir='ltr'>hortatoriis</span> <span class='ocrx_word' id='word_1_641' title='bbox 323 3569 439 3608; x_wconf 84' lang='lat' dir='ltr'>Literis,</span> <span class='ocrx_word' id='word_1_642' title='bbox 452 3569 542 3600; x_wconf 85' lang='lat' dir='ltr'>vestra</span> <span class='ocrx_word' id='word_1_643' title='bbox 556 3570 714 3607; x_wconf 82' lang='lat' dir='ltr'>Benignitas</span> <span class='ocrx_word' id='word_1_644' title='bbox 731 3571 891 3603; x_wconf 78' lang='lat' dir='ltr'>destinavit:</span> <span class='ocrx_word' id='word_1_645' title='bbox 911 3557 946 3603; x_wconf 72' lang='lat' dir='ltr'>tie</span> <span class='ocrx_word' id='word_1_646' title='bbox 954 3583 1012 3612; x_wconf 84' lang='lat' dir='ltr'>quo</span> <span class='ocrx_word' id='word_1_647' title='bbox 1027 3573 1126 3604; x_wconf 78' lang='lat' dir='ltr'>vestrae</span> <span class='ocrx_word' id='word_1_648' title='bbox 1139 3574 1208 3605; x_wconf 83' lang='lat' dir='ltr'>San-</span> 
     </span>
     <span class='ocr_line' id='line_1_84' title="bbox 148 3606 1206 3652; baseline 0.008 -17"><span class='ocrx_word' id='word_1_649' title='bbox 148 3606 238 3636; x_wconf 64' lang='lat' dir='ltr'>‹Stitati</span> <span class='ocrx_word' id='word_1_650' title='bbox 258 3607 308 3644; x_wconf 88' lang='lat' dir='ltr'>ad,</span> <span class='ocrx_word' id='word_1_651' title='bbox 327 3616 440 3645; x_wconf 87' lang='lat' dir='ltr'>quantas</span> <span class='ocrx_word' id='word_1_652' title='bbox 461 3609 584 3639; x_wconf 88' lang='lat' dir='ltr'>valemus</span> <span class='ocrx_word' id='word_1_653' title='bbox 598 3632 607 3647; x_wconf 95' lang='lat'>,</span> <span class='ocrx_word' id='word_1_654' title='bbox 624 3609 788 3648; x_wconf 71' lang='lat' dir='ltr'>assurgimus</span> <span class='ocrx_word' id='word_1_655' title='bbox 809 3612 956 3649; x_wconf 82' lang='lat' dir='ltr'>gratiarum</span> <span class='ocrx_word' id='word_1_656' title='bbox 970 3611 1115 3642; x_wconf 63' lang='lat' dir='ltr'>actiones:</span> <span class='ocrx_word' id='word_1_657' title='bbox 1136 3622 1206 3652; x_wconf 89' lang='lat' dir='ltr'>quos</span> 
     </span>
     <span class='ocr_line' id='line_1_85' title="bbox 152 3644 915 3687; baseline 0.009 -15"><span class='ocrx_word' id='word_1_658' title='bbox 152 3644 238 3673; x_wconf 85' lang='lat' dir='ltr'>etiam</span> <span class='ocrx_word' id='word_1_659' title='bbox 253 3645 308 3674; x_wconf 80' lang='lat' dir='ltr'>laeti</span> <span class='ocrx_word' id='word_1_660' title='bbox 320 3646 504 3686; x_wconf 82' lang='lat' dir='ltr'>suscepimus,</span> <span class='ocrx_word' id='word_1_661' title='bbox 521 3648 554 3678; x_wconf 69' lang='grc' dir='ltr'>ὅ(</span> <span class='ocrx_word' id='word_1_662' title='bbox 570 3647 726 3678; x_wconf 80' lang='lat' dir='ltr'>audivimus</span> <span class='ocrx_word' id='word_1_663' title='bbox 741 3658 915 3687; x_wconf 82' lang='lat' dir='ltr'>reverenter,</span> 
     </span>
    </p>

    <p class='ocr_par' dir='ltr' id='par_1_29' title="bbox 156 3680 1208 3762">
     <span class='ocr_line' id='line_1_86' title="bbox 172 3680 1208 3727; baseline 0.01 -17"><span class='ocrx_word' id='word_1_664' title='bbox 172 3717 177 3723; x_wconf 34' lang='lat'>⁸</span> <span class='ocrx_word' id='word_1_665' title='bbox 190 3680 228 3710; x_wconf 90' lang='lat' dir='ltr'>Et</span> <span class='ocrx_word' id='word_1_666' title='bbox 250 3683 310 3719; x_wconf 87' lang='lat' dir='ltr'>ipsis</span> <span class='ocrx_word' id='word_1_667' title='bbox 325 3684 406 3714; x_wconf 88' lang='lat' dir='ltr'>nobis</span> <span class='ocrx_word' id='word_1_668' title='bbox 420 3685 603 3717; x_wconf 86' lang='lat' dir='ltr'>referentibus</span> <span class='ocrx_word' id='word_1_669' title='bbox 616 3686 703 3724; x_wconf 87' lang='lat' dir='ltr'>ipsum</span> <span class='ocrx_word' id='word_1_670' title='bbox 718 3686 830 3727; x_wconf 84' lang='lat' dir='ltr'>Regem</span> <span class='ocrx_word' id='word_1_671' title='bbox 852 3688 977 3718; x_wconf 78' lang='lat' dir='ltr'>Franciae</span> <span class='ocrx_word' id='word_1_672' title='bbox 992 3687 1073 3718; x_wconf 86' lang='lat' dir='ltr'>Pacis</span> <span class='ocrx_word' id='word_1_673' title='bbox 1086 3688 1208 3720; x_wconf 66' lang='lat' dir='ltr'>Tracta-</span> 
     </span>
     <span class='ocr_line' id='line_1_87' title="bbox 156 3718 472 3762; baseline 0.022 -15"><span class='ocrx_word' id='word_1_674' title='bbox 156 3718 231 3748; x_wconf 84' lang='lat' dir='ltr'>tibus</span> <span class='ocrx_word' id='word_1_675' title='bbox 246 3721 316 3750; x_wconf 90' lang='lat' dir='ltr'>velle</span> <span class='ocrx_word' id='word_1_676' title='bbox 329 3723 455 3753; x_wconf 70' lang='lat' dir='ltr'>ass&#39;entire</span> <span class='ocrx_word' id='word_1_677' title='bbox 464 3747 472 3762; x_wconf 92' lang='lat'>,</span> 
     </span>
    </p>

    <p class='ocr_par' dir='ltr' id='par_1_30' title="bbox 154 3754 1208 4033">
     <span class='ocr_line' id='line_1_88' title="bbox 192 3754 1203 3804; baseline 0.01 -18"><span class='ocrx_word' id='word_1_678' title='bbox 192 3754 240 3798; x_wconf 86' lang='lat' dir='ltr'>De</span> <span class='ocrx_word' id='word_1_679' title='bbox 255 3759 375 3794; x_wconf 84' lang='lat' dir='ltr'>ipsorum</span> <span class='ocrx_word' id='word_1_680' title='bbox 392 3761 578 3794; x_wconf 87' lang='lat' dir='ltr'>Nunciorum</span> <span class='ocrx_word' id='word_1_681' title='bbox 594 3764 753 3794; x_wconf 86' lang='lat' dir='ltr'>vestrorum</span> <span class='ocrx_word' id='word_1_682' title='bbox 765 3765 899 3804; x_wconf 84' lang='lat' dir='ltr'>consili0,</span> <span class='ocrx_word' id='word_1_683' title='bbox 916 3774 985 3795; x_wconf 89' lang='lat' dir='ltr'>mox</span> <span class='ocrx_word' id='word_1_684' title='bbox 996 3765 1030 3796; x_wconf 92' lang='lat' dir='ltr'>ad</span> <span class='ocrx_word' id='word_1_685' title='bbox 1045 3764 1124 3802; x_wconf 89' lang='lat' dir='ltr'>ipsius</span> <span class='ocrx_word' id='word_1_686' title='bbox 1132 3775 1203 3804; x_wconf 84' lang='lat' dir='ltr'>prae-</span> 
     </span>
     <span class='ocr_line' id='line_1_89' title="bbox 154 3791 1206 3842; baseline 0.012 -21"><span class='ocrx_word' id='word_1_687' title='bbox 154 3791 269 3823; x_wconf 87' lang='lat' dir='ltr'>sentiam</span> <span class='ocrx_word' id='word_1_688' title='bbox 300 3797 454 3838; x_wconf 86' lang='lat' dir='ltr'>solempnes</span> <span class='ocrx_word' id='word_1_689' title='bbox 484 3801 620 3832; x_wconf 91' lang='lat' dir='ltr'>Nuncios</span> <span class='ocrx_word' id='word_1_690' title='bbox 633 3825 642 3840; x_wconf 87' lang='lat'>,</span> <span class='ocrx_word' id='word_1_691' title='bbox 666 3803 797 3834; x_wconf 88' lang='lat' dir='ltr'>videlicet</span> <span class='ocrx_word' id='word_1_692' title='bbox 812 3826 821 3841; x_wconf 90' lang='lat'>,</span> <span class='ocrx_word' id='word_1_693' title='bbox 847 3803 1025 3834; x_wconf 84' lang='lat' dir='ltr'>Venerabiles</span> <span class='ocrx_word' id='word_1_694' title='bbox 1047 3804 1138 3834; x_wconf 88' lang='lat' dir='ltr'>Patres</span> <span class='ocrx_word' id='word_1_695' title='bbox 1152 3828 1162 3842; x_wconf 90' lang='lat'>,</span> <span class='ocrx_word' id='word_1_696' title='bbox 1178 3804 1206 3842; x_wconf 84' lang='lat' dir='ltr'>J.</span> 
     </span>
     <span class='ocr_line' id='line_1_90' title="bbox 154 3830 1208 3882; baseline 0.012 -22"><span class='ocrx_word' id='word_1_697' title='bbox 154 3830 380 3879; x_wconf 66' lang='lat' dir='ltr'>Norwycensetn</span> <span class='ocrx_word' id='word_1_698' title='bbox 397 3859 406 3873; x_wconf 94' lang='lat'>,</span> <span class='ocrx_word' id='word_1_699' title='bbox 424 3839 457 3868; x_wconf 74' lang='grc' dir='ltr'>ὃς</span> <span class='ocrx_word' id='word_1_700' title='bbox 471 3838 497 3876; x_wconf 92' lang='lat' dir='ltr'>J.</span> <span class='ocrx_word' id='word_1_701' title='bbox 518 3840 757 3878; x_wconf 80' lang='lat' dir='ltr'>Wyntoniensem</span> <span class='ocrx_word' id='word_1_702' title='bbox 771 3865 780 3879; x_wconf 63' lang='lat'>2</span> <span class='ocrx_word' id='word_1_703' title='bbox 799 3842 976 3882; x_wconf 72' lang='lat' dir='ltr'>Episcopos,</span> <span class='ocrx_word' id='word_1_704' title='bbox 995 3844 1048 3880; x_wconf 90' lang='lat'>&amp;,</span> <span class='ocrx_word' id='word_1_705' title='bbox 1064 3842 1208 3873; x_wconf 88' lang='lat' dir='ltr'>Nobilem</span> 
     </span>
     <span class='ocr_line' id='line_1_91' title="bbox 155 3868 1208 3919; baseline 0.015 -22"><span class='ocrx_word' id='word_1_706' title='bbox 155 3868 261 3913; x_wconf 77' lang='lat' dir='ltr'>Virum</span> <span class='ocrx_word' id='word_1_707' title='bbox 284 3871 316 3900; x_wconf 71' lang='grc' dir='ltr'>δε</span> <span class='ocrx_word' id='word_1_708' title='bbox 338 3872 460 3916; x_wconf 56' lang='grc' dir='ltr'>ᾙιάεἰετη</span> <span class='ocrx_word' id='word_1_709' title='bbox 479 3877 607 3910; x_wconf 88' lang='lat' dir='ltr'>nostrum</span> <span class='ocrx_word' id='word_1_710' title='bbox 622 3902 631 3917; x_wconf 82' lang='lat'>‚</span> <span class='ocrx_word' id='word_1_711' title='bbox 647 3878 807 3918; x_wconf 82' lang='lat' dir='ltr'>johannem</span> <span class='ocrx_word' id='word_1_712' title='bbox 829 3881 865 3910; x_wconf 93' lang='lat' dir='ltr'>de</span> <span class='ocrx_word' id='word_1_713' title='bbox 885 3880 1042 3919; x_wconf 70' lang='lat' dir='ltr'>Britannia,</span> <span class='ocrx_word' id='word_1_714' title='bbox 1058 3879 1208 3913; x_wconf 87' lang='lat' dir='ltr'>Comitem</span> 
     </span>
     <span class='ocr_line' id='line_1_92' title="bbox 155 3906 1208 3957; baseline 0.008 -17"><span class='ocrx_word' id='word_1_715' title='bbox 155 3906 374 3953; x_wconf 59' lang='lat' dir='ltr'>Richemunciiae</span> <span class='ocrx_word' id='word_1_716' title='bbox 389 3934 398 3947; x_wconf 83' lang='lat'>‚</span> <span class='ocrx_word' id='word_1_717' title='bbox 415 3912 666 3954; x_wconf 81' lang='lat' dir='ltr'>Consanguineum</span> <span class='ocrx_word' id='word_1_718' title='bbox 684 3917 813 3948; x_wconf 90' lang='lat' dir='ltr'>nostrum</span> <span class='ocrx_word' id='word_1_719' title='bbox 835 3919 1021 3957; x_wconf 80' lang='lat' dir='ltr'>carissimum,</span> <span class='ocrx_word' id='word_1_720' title='bbox 1038 3928 1106 3949; x_wconf 88' lang='lat' dir='ltr'>cum</span> <span class='ocrx_word' id='word_1_721' title='bbox 1120 3917 1208 3950; x_wconf 89' lang='lat' dir='ltr'>Pote-</span> 
     </span>
     <span class='ocr_line' id='line_1_93' title="bbox 155 3943 1208 3995; baseline 0.01 -20"><span class='ocrx_word' id='word_1_722' title='bbox 155 3943 222 3976; x_wconf 83' lang='lat' dir='ltr'>state</span> <span class='ocrx_word' id='word_1_723' title='bbox 238 3946 358 3990; x_wconf 81' lang='lat' dir='ltr'>plenaria</span> <span class='ocrx_word' id='word_1_724' title='bbox 378 3953 568 3994; x_wconf 74' lang='lat' dir='ltr'>tranimisirnus</span> <span class='ocrx_word' id='word_1_725' title='bbox 590 3955 676 3989; x_wconf 88' lang='lat' dir='ltr'>(sicut</span> <span class='ocrx_word' id='word_1_726' title='bbox 688 3956 750 3986; x_wconf 79' lang='lat' dir='ltr'>alias</span> <span class='ocrx_word' id='word_1_727' title='bbox 764 3956 862 3988; x_wconf 86' lang='lat' dir='ltr'>vestrae</span> <span class='ocrx_word' id='word_1_728' title='bbox 881 3957 1087 3987; x_wconf 86' lang='lat' dir='ltr'>Mansuetudini</span> <span class='ocrx_word' id='word_1_729' title='bbox 1100 3957 1208 3995; x_wconf 79' lang='lat' dir='ltr'>plenit&#39;is</span> 
     </span>
     <span class='ocr_line' id='line_1_94' title="bbox 156 3987 1207 4033; baseline 0.009 -17"><span class='ocrx_word' id='word_1_730' title='bbox 156 3993 340 4016; x_wconf 67' lang='lat' dir='ltr'>memmimus</span> <span class='ocrx_word' id='word_1_731' title='bbox 359 3995 409 4015; x_wconf 86' lang='lat' dir='ltr'>nos</span> <span class='ocrx_word' id='word_1_732' title='bbox 429 3987 574 4027; x_wconf 79' lang='lat' dir='ltr'>scripiiffe)</span> <span class='ocrx_word' id='word_1_733' title='bbox 597 3991 758 4024; x_wconf 77' lang='lat' dir='ltr'>offerentes</span> <span class='ocrx_word' id='word_1_734' title='bbox 770 4004 818 4032; x_wconf 85' lang='lat' dir='ltr'>per</span> <span class='ocrx_word' id='word_1_735' title='bbox 834 3994 962 4033; x_wconf 84' lang='lat' dir='ltr'>eosdem,</span> <span class='ocrx_word' id='word_1_736' title='bbox 980 4005 1032 4025; x_wconf 89' lang='lat' dir='ltr'>nos</span> <span class='ocrx_word' id='word_1_737' title='bbox 1049 4003 1155 4033; x_wconf 84' lang='lat' dir='ltr'>paratos</span> <span class='ocrx_word' id='word_1_738' title='bbox 1173 3994 1207 4025; x_wconf 81' lang='lat' dir='ltr'>ad</span> 
     </span>
    </p>
   </div>
   <div class='ocr_carea' id='block_1_21' title="bbox 617 97 1420 150">
    <p class='ocr_par' dir='ltr' id='par_1_31' title="bbox 617 97 1420 150">
     <span class='ocr_line' id='line_1_95' title="bbox 617 97 1420 150; baseline 0.002 -11"><span class='ocrx_word' id='word_1_739' title='bbox 617 97 1420 150; x_wconf 87' lang='lat' dir='ltr'>CONVENTIONES,</span> 
     </span>
    </p>
   </div>
   <div class='ocr_carea' id='block_1_22' title="bbox 1476 103 1862 156">
    <p class='ocr_par' dir='ltr' id='par_1_32' title="bbox 1476 103 1862 156">
     <span class='ocr_line' id='line_1_96' title="bbox 1476 103 1862 156; baseline 0.026 -12"><span class='ocrx_word' id='word_1_740' title='bbox 1476 103 1862 156; x_wconf 85' lang='lat' dir='ltr'>LITERAE‚</span> 
     </span>
    </p>
   </div>
   <div class='ocr_carea' id='block_1_23' title="bbox 1263 186 2475 810">
    <p class='ocr_par' dir='ltr' id='par_1_33' title="bbox 1263 186 2475 810">
     <span class='ocr_line' id='line_1_97' title="bbox 1266 186 2475 240; baseline 0.016 -23"><span class='ocrx_word' id='word_1_741' title='bbox 1266 186 1445 233; x_wconf 82' lang='lat' dir='ltr'>faciendum,</span> <span class='ocrx_word' id='word_1_742' title='bbox 1462 190 1492 221; x_wconf 87' lang='lat' dir='ltr'>in</span> <span class='ocrx_word' id='word_1_743' title='bbox 1505 191 1656 232; x_wconf 88' lang='lat' dir='ltr'>omnibus,</span> <span class='ocrx_word' id='word_1_744' title='bbox 1670 202 1724 233; x_wconf 88' lang='lat' dir='ltr'>pro</span> <span class='ocrx_word' id='word_1_745' title='bbox 1736 193 1938 227; x_wconf 85' lang='lat' dir='ltr'>reformatione</span> <span class='ocrx_word' id='word_1_746' title='bbox 1951 193 2146 239; x_wconf 76' lang='lat' dir='ltr'>Concordiae,</span> <span class='ocrx_word' id='word_1_747' title='bbox 2161 208 2226 240; x_wconf 81' lang='lat' dir='ltr'>quae</span> <span class='ocrx_word' id='word_1_748' title='bbox 2237 200 2327 235; x_wconf 68' lang='lat' dir='ltr'>dieiia-</span> <span class='ocrx_word' id='word_1_749' title='bbox 2342 194 2418 226; x_wconf 69' lang='lat' dir='ltr'>Am·</span> <span class='ocrx_word' id='word_1_750' title='bbox 2432 194 2475 229; x_wconf 86' lang='lat' dir='ltr'>D-</span> 
     </span>
     <span class='ocr_line' id='line_1_98' title="bbox 1265 225 2448 274; baseline 0.014 -18"><span class='ocrx_word' id='word_1_751' title='bbox 1265 234 1307 256; x_wconf 89' lang='lat' dir='ltr'>ret</span> <span class='ocrx_word' id='word_1_752' title='bbox 1322 225 1426 266; x_wconf 82' lang='lat' dir='ltr'>Ratio,</span> <span class='ocrx_word' id='word_1_753' title='bbox 1443 229 1489 260; x_wconf 90' lang='lat' dir='ltr'>vel</span> <span class='ocrx_word' id='word_1_754' title='bbox 1506 229 1637 268; x_wconf 88' lang='lat' dir='ltr'>AEquitas</span> <span class='ocrx_word' id='word_1_755' title='bbox 1652 231 1782 263; x_wconf 89' lang='lat' dir='ltr'>suaderet.</span> <span class='ocrx_word' id='word_1_756' title='bbox 2364 242 2448 274; x_wconf 80' lang='lat'><em>¹325-</em></span> 
     </span>
     <span class='ocr_line' id='line_1_99' title="bbox 1305 263 2453 319; baseline 0.014 -24"><span class='ocrx_word' id='word_1_757' title='bbox 1305 263 1396 310; x_wconf 80' lang='lat' dir='ltr'>Porro</span> <span class='ocrx_word' id='word_1_758' title='bbox 1415 266 1502 298; x_wconf 88' lang='lat' dir='ltr'>iidem</span> <span class='ocrx_word' id='word_1_759' title='bbox 1522 269 1609 299; x_wconf 90' lang='lat' dir='ltr'>nostri</span> <span class='ocrx_word' id='word_1_760' title='bbox 1627 269 1742 301; x_wconf 90' lang='lat' dir='ltr'>Nuneii</span> <span class='ocrx_word' id='word_1_761' title='bbox 1755 293 1766 310; x_wconf 82' lang='lat'>,</span> <span class='ocrx_word' id='word_1_762' title='bbox 1782 272 1817 302; x_wconf 90' lang='lat' dir='ltr'>ad</span> <span class='ocrx_word' id='word_1_763' title='bbox 1843 272 1990 312; x_wconf 73' lang='lat' dir='ltr'>praefatum</span> <span class='ocrx_word' id='word_1_764' title='bbox 2013 272 2127 313; x_wconf 80' lang='lat' dir='ltr'>Regem</span> <span class='ocrx_word' id='word_1_765' title='bbox 2145 277 2327 319; x_wconf 57' lang='lat' dir='ltr'>accedentes,</span> <span class='ocrx_word' id='word_1_766' title='bbox 2345 278 2412 302; x_wconf 51' lang='grc' dir='ltr'>ΕΝ·</span> <span class='ocrx_word' id='word_1_767' title='bbox 2427 283 2453 300; x_wconf 88' lang='lat'>²·</span> 
     </span>
     <span class='ocr_line' id='line_1_100' title="bbox 1265 308 2326 371; baseline 0.016 -39"><span class='ocrx_word' id='word_1_768' title='bbox 1265 312 1330 371; x_wconf 53' lang='lat' dir='ltr'>puae</span> <span class='ocrx_word' id='word_1_769' title='bbox 1346 314 1390 348; x_wconf 36' lang='lat' dir='ltr'>‚eis</span> <span class='ocrx_word' id='word_1_770' title='bbox 1409 315 1458 346; x_wconf 89' lang='lat' dir='ltr'>per</span> <span class='ocrx_word' id='word_1_771' title='bbox 1477 317 1529 338; x_wconf 91' lang='lat' dir='ltr'>nos</span> <span class='ocrx_word' id='word_1_772' title='bbox 1547 308 1674 346; x_wconf 60' lang='lat' dir='ltr'>injuncta</span> <span class='ocrx_word' id='word_1_773' title='bbox 1693 309 1801 341; x_wconf 88' lang='lat' dir='ltr'>fuerant</span> <span class='ocrx_word' id='word_1_774' title='bbox 1815 334 1826 349; x_wconf 91' lang='lat'>,</span> <span class='ocrx_word' id='word_1_775' title='bbox 1844 312 1871 341; x_wconf 89' lang='lat' dir='ltr'>ei</span> <span class='ocrx_word' id='word_1_776' title='bbox 1885 311 2072 350; x_wconf 83' lang='lat' dir='ltr'>exposuerunt</span> <span class='ocrx_word' id='word_1_777' title='bbox 2086 336 2096 352; x_wconf 86' lang='lat'>,</span> <span class='ocrx_word' id='word_1_778' title='bbox 2114 321 2145 344; x_wconf 91' lang='lat' dir='ltr'>ut</span> <span class='ocrx_word' id='word_1_779' title='bbox 2158 314 2326 358; x_wconf 83' lang='lat' dir='ltr'>didicimus,</span> 
     </span>
     <span class='ocr_line' id='line_1_101' title="bbox 1276 350 1400 373; baseline 0.024 -2"><span class='ocrx_word' id='word_1_780' title='bbox 1276 350 1400 373; x_wconf 86' lang='lat' dir='ltr'>eriatim·</span> 
     </span>
     <span class='ocr_line' id='line_1_102' title="bbox 1301 367 2326 433; baseline 0.015 -23"><span class='ocrx_word' id='word_1_781' title='bbox 1301 379 1357 420; x_wconf 87' lang='lat' dir='ltr'>Et,</span> <span class='ocrx_word' id='word_1_782' title='bbox 1372 367 1438 420; x_wconf 68' lang='lat' dir='ltr'>post</span> <span class='ocrx_word' id='word_1_783' title='bbox 1452 383 1569 415; x_wconf 88' lang='lat' dir='ltr'>diutinas</span> <span class='ocrx_word' id='word_1_784' title='bbox 1582 385 1799 425; x_wconf 70' lang='lat' dir='ltr'>Expeetationes</span> <span class='ocrx_word' id='word_1_785' title='bbox 1839 387 1867 418; x_wconf 92' lang='lat' dir='ltr'>su</span> <span class='ocrx_word' id='word_1_786' title='bbox 1889 398 1919 418; x_wconf 87' lang='lat' dir='ltr'>er</span> <span class='ocrx_word' id='word_1_787' title='bbox 1940 388 2022 428; x_wconf 89' lang='lat' dir='ltr'>ipsius</span> <span class='ocrx_word' id='word_1_788' title='bbox 2034 388 2123 428; x_wconf 82' lang='lat' dir='ltr'>Regis</span> <span class='ocrx_word' id='word_1_789' title='bbox 2134 390 2326 433; x_wconf 84' lang='lat' dir='ltr'>beneplacito,</span> 
     </span>
     <span class='ocr_line' id='line_1_103' title="bbox 1264 419 2325 465; baseline 0.016 -18"><span class='ocrx_word' id='word_1_790' title='bbox 1264 419 1379 463; x_wconf 77' lang='lat' dir='ltr'>tandein</span> <span class='ocrx_word' id='word_1_791' title='bbox 1401 423 1509 461; x_wconf 64' lang='lat' dir='ltr'>praefati</span> <span class='ocrx_word' id='word_1_792' title='bbox 1527 423 1642 455; x_wconf 91' lang='lat' dir='ltr'>Nuncii</span> <span class='ocrx_word' id='word_1_793' title='bbox 1664 426 1740 463; x_wconf 68' lang='lat' dir='ltr'>(iiim</span> <span class='ocrx_word' id='word_1_794' title='bbox 1762 435 1796 455; x_wconf 90' lang='lat' dir='ltr'>ve</span> <span class='ocrx_word' id='word_1_795' title='bbox 1824 426 1845 455; x_wconf 89' lang='lat' dir='ltr'>ri</span> <span class='ocrx_word' id='word_1_796' title='bbox 1872 428 1911 457; x_wconf 81' lang='lat' dir='ltr'>uis</span> <span class='ocrx_word' id='word_1_797' title='bbox 1925 450 1935 465; x_wconf 85' lang='lat'>,</span> <span class='ocrx_word' id='word_1_798' title='bbox 1975 428 2040 458; x_wconf 81' lang='lat' dir='ltr'>uam</span> <span class='ocrx_word' id='word_1_799' title='bbox 2062 427 2151 458; x_wconf 89' lang='lat' dir='ltr'>nostri</span> <span class='ocrx_word' id='word_1_800' title='bbox 2171 431 2257 460; x_wconf 88' lang='lat' dir='ltr'>etiarn</span> <span class='ocrx_word' id='word_1_801' title='bbox 2273 432 2325 464; x_wconf 88' lang='lat' dir='ltr'>suis</span> 
     </span>
     <span class='ocr_line' id='line_1_104' title="bbox 1266 437 2328 509; baseline 0.013 -23"><span class='ocrx_word' id='word_1_802' title='bbox 1266 456 1367 503; x_wconf 58' lang='lat' dir='ltr'>Ligeris</span> <span class='ocrx_word' id='word_1_803' title='bbox 1382 460 1392 497; x_wconf 95' lang='lat'><em>)</em></span> <span class='ocrx_word' id='word_1_804' title='bbox 1412 461 1446 491; x_wconf 68' lang='grc' dir='ltr'>ὃ(</span> <span class='ocrx_word' id='word_1_805' title='bbox 1465 471 1515 499; x_wconf 85' lang='lat' dir='ltr'>per</span> <span class='ocrx_word' id='word_1_806' title='bbox 1535 462 1680 500; x_wconf 80' lang='lat' dir='ltr'>praefatum</span> <span class='ocrx_word' id='word_1_807' title='bbox 1700 464 1936 503; x_wconf 79' lang='lat' dir='ltr'>wyntoniensem</span> <span class='ocrx_word' id='word_1_808' title='bbox 1949 437 2122 509; x_wconf 55' lang='lat' dir='ltr'>Episcopum</span> <span class='ocrx_word' id='word_1_809' title='bbox 2138 491 2148 507; x_wconf 86' lang='lat'>,</span> <span class='ocrx_word' id='word_1_810' title='bbox 2166 469 2249 499; x_wconf 89' lang='lat' dir='ltr'>nobis</span> <span class='ocrx_word' id='word_1_811' title='bbox 2263 470 2328 502; x_wconf 85' lang='lat' dir='ltr'>inti-</span> 
     </span>
     <span class='ocr_line' id='line_1_105' title="bbox 1265 498 2326 542; baseline 0.013 -17"><span class='ocrx_word' id='word_1_812' title='bbox 1265 503 1386 542; x_wconf 39' lang='lat' dir='ltr'>marunt·</span> <span class='ocrx_word' id='word_1_813' title='bbox 1398 498 1426 528; x_wconf 91' lang='lat' dir='ltr'>se</span> <span class='ocrx_word' id='word_1_814' title='bbox 1437 522 1447 537; x_wconf 88' lang='lat'>,</span> <span class='ocrx_word' id='word_1_815' title='bbox 1466 502 1526 531; x_wconf 70' lang='lat' dir='ltr'>tam</span> <span class='ocrx_word' id='word_1_816' title='bbox 1539 511 1554 532; x_wconf 88' lang='lat' dir='ltr'>a</span> <span class='ocrx_word' id='word_1_817' title='bbox 1568 501 1648 533; x_wconf 68' lang='lat' dir='ltr'>dieto</span> <span class='ocrx_word' id='word_1_818' title='bbox 1662 502 1743 542; x_wconf 87' lang='lat' dir='ltr'>Rege</span> <span class='ocrx_word' id='word_1_819' title='bbox 1757 525 1767 541; x_wconf 87' lang='lat'>,</span> <span class='ocrx_word' id='word_1_820' title='bbox 1784 503 1871 542; x_wconf 78' lang='lat' dir='ltr'>quam</span> <span class='ocrx_word' id='word_1_821' title='bbox 1889 514 1904 534; x_wconf 87' lang='lat' dir='ltr'>a</span> <span class='ocrx_word' id='word_1_822' title='bbox 1917 503 1966 534; x_wconf 91' lang='lat' dir='ltr'>suis</span> <span class='ocrx_word' id='word_1_823' title='bbox 1980 503 2151 537; x_wconf 78' lang='lat' dir='ltr'>Coniiliariis</span> <span class='ocrx_word' id='word_1_824' title='bbox 2160 507 2326 540; x_wconf 86' lang='lat' dir='ltr'>Secretiori-</span> 
     </span>
     <span class='ocr_line' id='line_1_106' title="bbox 1264 533 2325 585; baseline 0.013 -21"><span class='ocrx_word' id='word_1_825' title='bbox 1264 533 1318 565; x_wconf 90' lang='lat' dir='ltr'>bus</span> <span class='ocrx_word' id='word_1_826' title='bbox 1331 535 1486 580; x_wconf 46' lang='lat' dir='ltr'>,didicisse</span> <span class='ocrx_word' id='word_1_827' title='bbox 1527 550 1561 571; x_wconf 89' lang='lat' dir='ltr'>ac</span> <span class='ocrx_word' id='word_1_828' title='bbox 1584 540 1700 571; x_wconf 88' lang='lat' dir='ltr'>firmiter</span> <span class='ocrx_word' id='word_1_829' title='bbox 1720 541 1825 581; x_wconf 87' lang='lat' dir='ltr'>sperare</span> <span class='ocrx_word' id='word_1_830' title='bbox 1842 541 1925 580; x_wconf 82' lang='lat' dir='ltr'>quod</span> <span class='ocrx_word' id='word_1_831' title='bbox 1937 566 1947 580; x_wconf 88' lang='lat'>,</span> <span class='ocrx_word' id='word_1_832' title='bbox 1963 543 1983 573; x_wconf 89' lang='lat' dir='ltr'>fi</span> <span class='ocrx_word' id='word_1_833' title='bbox 2004 542 2163 584; x_wconf 88' lang='lat' dir='ltr'>Isabellam,</span> <span class='ocrx_word' id='word_1_834' title='bbox 2181 545 2325 585; x_wconf 81' lang='lat' dir='ltr'>Reginam</span> 
     </span>
     <span class='ocr_line' id='line_1_107' title="bbox 1264 562 2324 620; baseline 0.013 -18"><span class='ocrx_word' id='word_1_835' title='bbox 1264 572 1378 613; x_wconf 84' lang='lat' dir='ltr'>Angliae</span> <span class='ocrx_word' id='word_1_836' title='bbox 1393 598 1404 614; x_wconf 90' lang='lat'>,</span> <span class='ocrx_word' id='word_1_837' title='bbox 1421 562 1592 609; x_wconf 69' lang='lat' dir='ltr'>Consortem</span> <span class='ocrx_word' id='word_1_838' title='bbox 1613 579 1740 611; x_wconf 86' lang='lat' dir='ltr'>nostram</span> <span class='ocrx_word' id='word_1_839' title='bbox 1759 580 1925 611; x_wconf 79' lang='lat' dir='ltr'>carissimam</span> <span class='ocrx_word' id='word_1_840' title='bbox 1940 604 1950 620; x_wconf 88' lang='lat'>,</span> <span class='ocrx_word' id='word_1_841' title='bbox 1969 582 2144 614; x_wconf 86' lang='lat' dir='ltr'>mitteremus</span> <span class='ocrx_word' id='word_1_842' title='bbox 2164 584 2198 614; x_wconf 89' lang='lat' dir='ltr'>ad</span> <span class='ocrx_word' id='word_1_843' title='bbox 2212 585 2324 617; x_wconf 69' lang='lat' dir='ltr'>dietum</span> 
     </span>
     <span class='ocr_line' id='line_1_108' title="bbox 1264 609 2322 658; baseline 0.015 -18"><span class='ocrx_word' id='word_1_844' title='bbox 1264 609 1400 656; x_wconf 76' lang='lat' dir='ltr'>Regem,</span> <span class='ocrx_word' id='word_1_845' title='bbox 1418 614 1546 646; x_wconf 86' lang='lat' dir='ltr'>Fratrem</span> <span class='ocrx_word' id='word_1_846' title='bbox 1565 617 1665 658; x_wconf 86' lang='lat' dir='ltr'>suum,</span> <span class='ocrx_word' id='word_1_847' title='bbox 1685 619 1759 649; x_wconf 88' lang='lat' dir='ltr'>idem</span> <span class='ocrx_word' id='word_1_848' title='bbox 1774 619 1839 649; x_wconf 92' lang='lat' dir='ltr'>Rex</span> <span class='ocrx_word' id='word_1_849' title='bbox 1851 619 1941 650; x_wconf 79' lang='lat' dir='ltr'>firmae</span> <span class='ocrx_word' id='word_1_850' title='bbox 1961 619 2041 651; x_wconf 88' lang='lat' dir='ltr'>Pacis</span> <span class='ocrx_word' id='word_1_851' title='bbox 2053 621 2235 654; x_wconf 69' lang='lat' dir='ltr'>Traetaiibus</span> <span class='ocrx_word' id='word_1_852' title='bbox 2250 634 2322 656; x_wconf 90' lang='lat' dir='ltr'>con-</span> 
     </span>
     <span class='ocr_line' id='line_1_109' title="bbox 1263 650 2323 703; baseline 0.014 -24"><span class='ocrx_word' id='word_1_853' title='bbox 1263 650 1387 694; x_wconf 78' lang='lat' dir='ltr'>sentiret,</span> <span class='ocrx_word' id='word_1_854' title='bbox 1406 653 1440 684; x_wconf 88' lang='lat'>&amp;</span> <span class='ocrx_word' id='word_1_855' title='bbox 1452 653 1552 699; x_wconf 80' lang='lat' dir='ltr'>eadem</span> <span class='ocrx_word' id='word_1_856' title='bbox 1563 656 1674 696; x_wconf 86' lang='lat' dir='ltr'>Regina</span> <span class='ocrx_word' id='word_1_857' title='bbox 1689 658 1762 695; x_wconf 88' lang='lat' dir='ltr'>apud</span> <span class='ocrx_word' id='word_1_858' title='bbox 1775 658 1895 689; x_wconf 90' lang='lat' dir='ltr'>eundem</span> <span class='ocrx_word' id='word_1_859' title='bbox 1910 657 2041 698; x_wconf 77' lang='lat' dir='ltr'>Regem,</span> <span class='ocrx_word' id='word_1_860' title='bbox 2059 660 2135 699; x_wconf 91' lang='lat' dir='ltr'>quod</span> <span class='ocrx_word' id='word_1_861' title='bbox 2148 662 2323 703; x_wconf 85' lang='lat' dir='ltr'>intenderet,</span> 
     </span>
     <span class='ocr_line' id='line_1_110' title="bbox 1263 693 2324 741; baseline 0.014 -24"><span class='ocrx_word' id='word_1_862' title='bbox 1263 696 1403 735; x_wconf 82' lang='lat' dir='ltr'>optineret</span> <span class='ocrx_word' id='word_1_863' title='bbox 1415 714 1426 730; x_wconf 90' lang='lat'>,</span> <span class='ocrx_word' id='word_1_864' title='bbox 1450 701 1485 723; x_wconf 87' lang='lat' dir='ltr'>ac</span> <span class='ocrx_word' id='word_1_865' title='bbox 1506 693 1650 737; x_wconf 74' lang='lat' dir='ltr'>cujussibet</span> <span class='ocrx_word' id='word_1_866' title='bbox 1667 696 1840 727; x_wconf 85' lang='lat' dir='ltr'>dissensionis</span> <span class='ocrx_word' id='word_1_867' title='bbox 1861 698 1976 728; x_wconf 86' lang='lat' dir='ltr'>materia</span> <span class='ocrx_word' id='word_1_868' title='bbox 1994 721 2004 737; x_wconf 85' lang='lat'>,</span> <span class='ocrx_word' id='word_1_869' title='bbox 2028 698 2068 728; x_wconf 91' lang='lat' dir='ltr'>ob</span> <span class='ocrx_word' id='word_1_870' title='bbox 2093 700 2174 739; x_wconf 91' lang='lat' dir='ltr'>ipsius</span> <span class='ocrx_word' id='word_1_871' title='bbox 2199 701 2324 741; x_wconf 81' lang='lat' dir='ltr'>Reginae</span> 
     </span>
     <span class='ocr_line' id='line_1_111' title="bbox 1263 728 2319 779; baseline 0.016 -23"><span class='ocrx_word' id='word_1_872' title='bbox 1263 728 1455 771; x_wconf 71' lang='lat' dir='ltr'>praesentiam,</span> <span class='ocrx_word' id='word_1_873' title='bbox 1466 733 1655 774; x_wconf 28' lang='lat' dir='ltr'>*amicabiliter</span> <span class='ocrx_word' id='word_1_874' title='bbox 1667 735 1820 774; x_wconf 75' lang='lat' dir='ltr'>sopiretur,</span> <span class='ocrx_word' id='word_1_875' title='bbox 1837 735 2008 767; x_wconf 88' lang='lat' dir='ltr'>consulentes</span> <span class='ocrx_word' id='word_1_876' title='bbox 2022 737 2104 767; x_wconf 89' lang='lat' dir='ltr'>nobis</span> <span class='ocrx_word' id='word_1_877' title='bbox 2115 740 2256 779; x_wconf 82' lang='lat' dir='ltr'>omnino,</span> <span class='ocrx_word' id='word_1_878' title='bbox 2271 751 2319 779; x_wconf 86' lang='lat' dir='ltr'>per</span> 
     </span>
     <span class='ocr_line' id='line_1_112' title="bbox 1263 765 2084 810; baseline 0.013 -15"><span class='ocrx_word' id='word_1_879' title='bbox 1263 765 1352 801; x_wconf 71' lang='lat' dir='ltr'>diCtas</span> <span class='ocrx_word' id='word_1_880' title='bbox 1367 767 1423 798; x_wconf 88' lang='lat' dir='ltr'>suas</span> <span class='ocrx_word' id='word_1_881' title='bbox 1437 768 1559 809; x_wconf 61' lang='lat' dir='ltr'>lateras,</span> <span class='ocrx_word' id='word_1_882' title='bbox 1576 772 1658 810; x_wconf 84' lang='lat' dir='ltr'>quod</span> <span class='ocrx_word' id='word_1_883' title='bbox 1671 774 1711 804; x_wconf 91' lang='lat' dir='ltr'>ob</span> <span class='ocrx_word' id='word_1_884' title='bbox 1725 774 1753 806; x_wconf 90' lang='lat' dir='ltr'>id</span> <span class='ocrx_word' id='word_1_885' title='bbox 1767 775 1944 806; x_wconf 85' lang='lat' dir='ltr'>mitteremus</span> <span class='ocrx_word' id='word_1_886' title='bbox 1956 776 2084 807; x_wconf 87' lang='lat' dir='ltr'>eandem.</span> 
     </span>
    </p>
   </div>
   <div class='ocr_carea' id='block_1_24' title="bbox 1253 844 2326 1691">
    <p class='ocr_par' dir='ltr' id='par_1_34' title="bbox 1263 844 2326 1047">
     <span class='ocr_line' id='line_1_113' title="bbox 1301 844 2326 895; baseline 0.012 -19"><span class='ocrx_word' id='word_1_887' title='bbox 1301 845 1355 884; x_wconf 87' lang='lat' dir='ltr'>Et,</span> <span class='ocrx_word' id='word_1_888' title='bbox 1372 844 1439 876; x_wconf 90' lang='lat' dir='ltr'>licet</span> <span class='ocrx_word' id='word_1_889' title='bbox 1453 854 1537 891; x_wconf 81' lang='lat' dir='ltr'>grave</span> <span class='ocrx_word' id='word_1_890' title='bbox 1552 848 1674 881; x_wconf 89' lang='lat' dir='ltr'>videatur</span> <span class='ocrx_word' id='word_1_891' title='bbox 1687 850 1721 881; x_wconf 74' lang='grc' dir='ltr'>δε</span> <span class='ocrx_word' id='word_1_892' title='bbox 1737 849 1870 891; x_wconf 86' lang='lat' dir='ltr'>difficile,</span> <span class='ocrx_word' id='word_1_893' title='bbox 1888 852 1953 892; x_wconf 88' lang='lat' dir='ltr'>post</span> <span class='ocrx_word' id='word_1_894' title='bbox 1966 860 2010 884; x_wconf 88' lang='lat' dir='ltr'>tot</span> <span class='ocrx_word' id='word_1_895' title='bbox 2024 852 2156 892; x_wconf 80' lang='lat' dir='ltr'>Injurias,</span> <span class='ocrx_word' id='word_1_896' title='bbox 2171 853 2326 895; x_wconf 85' lang='lat' dir='ltr'>Dampna,</span> 
     </span>
     <span class='ocr_line' id='line_1_114' title="bbox 1263 883 2323 934; baseline 0.011 -20"><span class='ocrx_word' id='word_1_897' title='bbox 1263 883 1297 914; x_wconf 73' lang='grc' dir='ltr'>δε</span> <span class='ocrx_word' id='word_1_898' title='bbox 1320 884 1484 929; x_wconf 84' lang='lat' dir='ltr'>Qpprobria</span> <span class='ocrx_word' id='word_1_899' title='bbox 1497 909 1506 925; x_wconf 87' lang='lat'>,</span> <span class='ocrx_word' id='word_1_900' title='bbox 1524 895 1621 919; x_wconf 88' lang='lat' dir='ltr'>contra</span> <span class='ocrx_word' id='word_1_901' title='bbox 1634 888 1709 928; x_wconf 89' lang='lat' dir='ltr'>Juris</span> <span class='ocrx_word' id='word_1_902' title='bbox 1729 889 1848 920; x_wconf 87' lang='lat' dir='ltr'>Naturae</span> <span class='ocrx_word' id='word_1_903' title='bbox 1863 913 1873 929; x_wconf 91' lang='lat'>,</span> <span class='ocrx_word' id='word_1_904' title='bbox 1892 892 1925 923; x_wconf 90' lang='lat'>&amp;</span> <span class='ocrx_word' id='word_1_905' title='bbox 1939 892 2084 932; x_wconf 85' lang='lat' dir='ltr'>Sanguinis</span> <span class='ocrx_word' id='word_1_906' title='bbox 2103 893 2233 925; x_wconf 90' lang='lat' dir='ltr'>debitum</span> <span class='ocrx_word' id='word_1_907' title='bbox 2245 918 2255 932; x_wconf 90' lang='lat'>,</span> <span class='ocrx_word' id='word_1_908' title='bbox 2274 904 2323 934; x_wconf 89' lang='lat' dir='ltr'>per</span> 
     </span>
     <span class='ocr_line' id='line_1_115' title="bbox 1263 920 2324 968; baseline 0.011 -16"><span class='ocrx_word' id='word_1_909' title='bbox 1263 920 1388 966; x_wconf 77' lang='lat' dir='ltr'>Hostiles</span> <span class='ocrx_word' id='word_1_910' title='bbox 1402 921 1552 968; x_wconf 63' lang='lat' dir='ltr'>Aggressus</span> <span class='ocrx_word' id='word_1_911' title='bbox 1568 925 1713 958; x_wconf 90' lang='lat' dir='ltr'>Gentium</span> <span class='ocrx_word' id='word_1_912' title='bbox 1729 928 1811 966; x_wconf 83' lang='lat' dir='ltr'>ipfius</span> <span class='ocrx_word' id='word_1_913' title='bbox 1825 928 1910 968; x_wconf 84' lang='lat' dir='ltr'>Regis</span> <span class='ocrx_word' id='word_1_914' title='bbox 1927 930 2016 967; x_wconf 90' lang='lat' dir='ltr'>(sicut</span> <span class='ocrx_word' id='word_1_915' title='bbox 2032 931 2121 963; x_wconf 89' lang='lat' dir='ltr'>vestra</span> <span class='ocrx_word' id='word_1_916' title='bbox 2134 933 2215 963; x_wconf 91' lang='lat' dir='ltr'>novit</span> <span class='ocrx_word' id='word_1_917' title='bbox 2229 932 2324 964; x_wconf 89' lang='lat' dir='ltr'>Pater-</span> 
     </span>
     <span class='ocr_line' id='line_1_116' title="bbox 1263 962 2322 1009; baseline 0.013 -19"><span class='ocrx_word' id='word_1_918' title='bbox 1263 971 1350 1005; x_wconf 80' lang='lat' dir='ltr'>nitas,</span> <span class='ocrx_word' id='word_1_919' title='bbox 1362 962 1400 1006; x_wconf 76' lang='lat'>⁴&amp;</span> <span class='ocrx_word' id='word_1_920' title='bbox 1413 963 1469 1000; x_wconf 86' lang='lat' dir='ltr'>ipsa</span> <span class='ocrx_word' id='word_1_921' title='bbox 1483 964 1540 996; x_wconf 87' lang='lat' dir='ltr'>Rei</span> <span class='ocrx_word' id='word_1_922' title='bbox 1552 965 1690 996; x_wconf 88' lang='lat' dir='ltr'>evidentia</span> <span class='ocrx_word' id='word_1_923' title='bbox 1705 965 1881 1004; x_wconf 88' lang='lat' dir='ltr'>manifestat)</span> <span class='ocrx_word' id='word_1_924' title='bbox 1901 969 1985 1000; x_wconf 89' lang='lat' dir='ltr'>nobis</span> <span class='ocrx_word' id='word_1_925' title='bbox 1998 970 2086 1009; x_wconf 84' lang='lat' dir='ltr'>illata,</span> <span class='ocrx_word' id='word_1_926' title='bbox 2104 972 2132 1001; x_wconf 91' lang='lat' dir='ltr'>in</span> <span class='ocrx_word' id='word_1_927' title='bbox 2147 979 2231 1003; x_wconf 83' lang='lat' dir='ltr'>tantae</span> <span class='ocrx_word' id='word_1_928' title='bbox 2243 972 2322 1003; x_wconf 89' lang='lat' dir='ltr'>Tur-</span> 
     </span>
     <span class='ocr_line' id='line_1_117' title="bbox 1263 999 2213 1047; baseline 0.013 -18"><span class='ocrx_word' id='word_1_929' title='bbox 1263 999 1382 1031; x_wconf 88' lang='lat' dir='ltr'>bationis</span> <span class='ocrx_word' id='word_1_930' title='bbox 1394 1010 1539 1044; x_wconf 86' lang='lat' dir='ltr'>tempore,</span> <span class='ocrx_word' id='word_1_931' title='bbox 1556 1003 1642 1041; x_wconf 87' lang='lat' dir='ltr'>ipsam</span> <span class='ocrx_word' id='word_1_932' title='bbox 1656 1003 1826 1036; x_wconf 87' lang='lat' dir='ltr'>Consortem</span> <span class='ocrx_word' id='word_1_933' title='bbox 1841 1005 1968 1037; x_wconf 87' lang='lat' dir='ltr'>nostram</span> <span class='ocrx_word' id='word_1_934' title='bbox 1981 1009 2046 1040; x_wconf 90' lang='lat' dir='ltr'>illuc</span> <span class='ocrx_word' id='word_1_935' title='bbox 2060 1009 2213 1047; x_wconf 80' lang='lat' dir='ltr'>destinare,-</span> 
     </span>
    </p>

    <p class='ocr_par' dir='ltr' id='par_1_35' title="bbox 1258 1038 2322 1346">
     <span class='ocr_line' id='line_1_118' title="bbox 1297 1038 2322 1094; baseline 0.011 -25"><span class='ocrx_word' id='word_1_936' title='bbox 1297 1038 1501 1084; x_wconf 77' lang='lat' dir='ltr'>Verumtamen</span> <span class='ocrx_word' id='word_1_937' title='bbox 1516 1066 1526 1083; x_wconf 83' lang='lat'>,</span> <span class='ocrx_word' id='word_1_938' title='bbox 1545 1050 1576 1072; x_wconf 92' lang='lat' dir='ltr'>ut</span> <span class='ocrx_word' id='word_1_939' title='bbox 1597 1050 1701 1073; x_wconf 89' lang='lat' dir='ltr'>notum</span> <span class='ocrx_word' id='word_1_940' title='bbox 1721 1042 1768 1074; x_wconf 86' lang='lat' dir='ltr'>fiat</span> <span class='ocrx_word' id='word_1_941' title='bbox 1786 1044 1921 1075; x_wconf 88' lang='lat' dir='ltr'>omnibus</span> <span class='ocrx_word' id='word_1_942' title='bbox 1939 1045 2101 1078; x_wconf 89' lang='lat' dir='ltr'>desiderium</span> <span class='ocrx_word' id='word_1_943' title='bbox 2116 1071 2126 1087; x_wconf 94' lang='lat'>,</span> <span class='ocrx_word' id='word_1_944' title='bbox 2143 1048 2222 1094; x_wconf 83' lang='lat' dir='ltr'>quod</span> <span class='ocrx_word' id='word_1_945' title='bbox 2236 1049 2322 1080; x_wconf 89' lang='lat' dir='ltr'>habe-</span> 
     </span>
     <span class='ocr_line' id='line_1_119' title="bbox 1261 1080 2322 1128; baseline 0.011 -20"><span class='ocrx_word' id='word_1_946' title='bbox 1261 1085 1325 1122; x_wconf 77' lang='lat' dir='ltr'>mus</span> <span class='ocrx_word' id='word_1_947' title='bbox 1337 1087 1412 1122; x_wconf 78' lang='lat' dir='ltr'>inter</span> <span class='ocrx_word' id='word_1_948' title='bbox 1425 1080 1514 1119; x_wconf 85' lang='lat' dir='ltr'>ipsum</span> <span class='ocrx_word' id='word_1_949' title='bbox 1528 1080 1643 1126; x_wconf 79' lang='lat' dir='ltr'>Regem</span> <span class='ocrx_word' id='word_1_950' title='bbox 1658 1082 1692 1112; x_wconf 89' lang='lat'>&amp;</span> <span class='ocrx_word' id='word_1_951' title='bbox 1710 1091 1762 1113; x_wconf 92' lang='lat' dir='ltr'>nos</span> <span class='ocrx_word' id='word_1_952' title='bbox 1775 1081 1920 1113; x_wconf 81' lang='lat' dir='ltr'>Amicitia:</span> <span class='ocrx_word' id='word_1_953' title='bbox 1936 1082 2055 1116; x_wconf 86' lang='lat' dir='ltr'>Foedera</span> <span class='ocrx_word' id='word_1_954' title='bbox 2069 1085 2201 1128; x_wconf 84' lang='lat' dir='ltr'>stabiliri,</span> <span class='ocrx_word' id='word_1_955' title='bbox 2217 1087 2322 1119; x_wconf 91' lang='lat' dir='ltr'>Consi-</span> 
     </span>
     <span class='ocr_line' id='line_1_120' title="bbox 1259 1114 2320 1163; baseline 0.012 -19"><span class='ocrx_word' id='word_1_956' title='bbox 1259 1114 1302 1146; x_wconf 84' lang='lat' dir='ltr'>liis</span> <span class='ocrx_word' id='word_1_957' title='bbox 1315 1117 1458 1150; x_wconf 69' lang='lat' dir='ltr'>dictorum</span> <span class='ocrx_word' id='word_1_958' title='bbox 1476 1119 1664 1151; x_wconf 89' lang='lat' dir='ltr'>Nunciorum</span> <span class='ocrx_word' id='word_1_959' title='bbox 1679 1121 1698 1139; x_wconf 65' lang='lat'>²*</span> <span class='ocrx_word' id='word_1_960' title='bbox 1712 1120 1870 1152; x_wconf 87' lang='lat' dir='ltr'>vestrorum</span> <span class='ocrx_word' id='word_1_961' title='bbox 1883 1130 2008 1162; x_wconf 89' lang='lat' dir='ltr'>utentes,</span> <span class='ocrx_word' id='word_1_962' title='bbox 2022 1124 2056 1155; x_wconf 76' lang='grc' dir='ltr'>δε</span> <span class='ocrx_word' id='word_1_963' title='bbox 2068 1124 2104 1154; x_wconf 90' lang='lat' dir='ltr'>de</span> <span class='ocrx_word' id='word_1_964' title='bbox 2115 1126 2239 1163; x_wconf 82' lang='lat' dir='ltr'>ipsorum</span> <span class='ocrx_word' id='word_1_965' title='bbox 2246 1126 2320 1157; x_wconf 90' lang='lat' dir='ltr'>Pro-</span> 
     </span>
     <span class='ocr_line' id='line_1_121' title="bbox 1261 1155 2321 1199; baseline 0.013 -16"><span class='ocrx_word' id='word_1_966' title='bbox 1261 1155 1437 1188; x_wconf 86' lang='lat' dir='ltr'>miffionibus</span> <span class='ocrx_word' id='word_1_967' title='bbox 1458 1158 1660 1190; x_wconf 85' lang='lat' dir='ltr'>confidentiam</span> <span class='ocrx_word' id='word_1_968' title='bbox 1689 1159 1857 1190; x_wconf 84' lang='lat' dir='ltr'>affumentes</span> <span class='ocrx_word' id='word_1_969' title='bbox 1870 1182 1879 1198; x_wconf 94' lang='lat'>,</span> <span class='ocrx_word' id='word_1_970' title='bbox 1905 1161 2048 1199; x_wconf 84' lang='lat' dir='ltr'>praefatam</span> <span class='ocrx_word' id='word_1_971' title='bbox 2075 1161 2246 1197; x_wconf 77' lang='lat' dir='ltr'>consortem</span> <span class='ocrx_word' id='word_1_972' title='bbox 2268 1176 2321 1197; x_wconf 89' lang='lat' dir='ltr'>no-</span> 
     </span>
     <span class='ocr_line' id='line_1_122' title="bbox 1260 1192 2321 1243; baseline 0.013 -21"><span class='ocrx_word' id='word_1_973' title='bbox 1260 1192 1345 1224; x_wconf 90' lang='lat' dir='ltr'>stram</span> <span class='ocrx_word' id='word_1_974' title='bbox 1359 1195 1393 1225; x_wconf 90' lang='lat' dir='ltr'>ad</span> <span class='ocrx_word' id='word_1_975' title='bbox 1409 1197 1491 1236; x_wconf 83' lang='lat' dir='ltr'>ipsius</span> <span class='ocrx_word' id='word_1_976' title='bbox 1506 1197 1596 1237; x_wconf 85' lang='lat' dir='ltr'>Regis</span> <span class='ocrx_word' id='word_1_977' title='bbox 1609 1198 1784 1237; x_wconf 68' lang='lat' dir='ltr'>praesentiam</span> <span class='ocrx_word' id='word_1_978' title='bbox 1803 1198 1974 1230; x_wconf 89' lang='lat' dir='ltr'>destinamus</span> <span class='ocrx_word' id='word_1_979' title='bbox 1984 1223 1994 1236; x_wconf 85' lang='lat'>,</span> <span class='ocrx_word' id='word_1_980' title='bbox 2012 1200 2031 1230; x_wconf 82' lang='lat' dir='ltr'>fi</span> <span class='ocrx_word' id='word_1_981' title='bbox 2051 1200 2159 1242; x_wconf 80' lang='lat' dir='ltr'>forsan,</span> <span class='ocrx_word' id='word_1_982' title='bbox 2175 1214 2232 1242; x_wconf 87' lang='lat' dir='ltr'>ope</span> <span class='ocrx_word' id='word_1_983' title='bbox 2245 1203 2321 1243; x_wconf 90' lang='lat' dir='ltr'>Dei,</span> 
     </span>
     <span class='ocr_line' id='line_1_123' title="bbox 1260 1232 2320 1280; baseline 0.01 -16"><span class='ocrx_word' id='word_1_984' title='bbox 1260 1232 1338 1275; x_wconf 64' lang='lat' dir='ltr'>quod</span> <span class='ocrx_word' id='word_1_985' title='bbox 1353 1234 1390 1265; x_wconf 91' lang='lat' dir='ltr'>fic</span> <span class='ocrx_word' id='word_1_986' title='bbox 1404 1237 1553 1268; x_wconf 85' lang='lat' dir='ltr'>nunciatur</span> <span class='ocrx_word' id='word_1_987' title='bbox 1567 1237 1600 1268; x_wconf 92' lang='lat'>&amp;</span> <span class='ocrx_word' id='word_1_988' title='bbox 1614 1238 1734 1276; x_wconf 81' lang='lat' dir='ltr'>speratur</span> <span class='ocrx_word' id='word_1_989' title='bbox 1747 1261 1756 1278; x_wconf 92' lang='lat'>,</span> <span class='ocrx_word' id='word_1_990' title='bbox 1774 1247 1824 1276; x_wconf 87' lang='lat' dir='ltr'>per</span> <span class='ocrx_word' id='word_1_991' title='bbox 1842 1247 1905 1268; x_wconf 87' lang='lat' dir='ltr'>eam</span> <span class='ocrx_word' id='word_1_992' title='bbox 1919 1238 2006 1269; x_wconf 88' lang='lat' dir='ltr'>valeat</span> <span class='ocrx_word' id='word_1_993' title='bbox 2021 1240 2158 1280; x_wconf 84' lang='lat' dir='ltr'>optineri,</span> <span class='ocrx_word' id='word_1_994' title='bbox 2175 1243 2209 1273; x_wconf 88' lang='lat'>&amp;</span> <span class='ocrx_word' id='word_1_995' title='bbox 2223 1251 2253 1274; x_wconf 91' lang='lat' dir='ltr'>ut</span> <span class='ocrx_word' id='word_1_996' title='bbox 2266 1254 2320 1275; x_wconf 90' lang='lat' dir='ltr'>no-</span> 
     </span>
     <span class='ocr_line' id='line_1_124' title="bbox 1258 1269 2322 1318; baseline 0.014 -19"><span class='ocrx_word' id='word_1_997' title='bbox 1258 1269 1302 1301; x_wconf 88' lang='lat' dir='ltr'>bis</span> <span class='ocrx_word' id='word_1_998' title='bbox 1319 1281 1378 1302; x_wconf 89' lang='lat' dir='ltr'>non</span> <span class='ocrx_word' id='word_1_999' title='bbox 1400 1274 1488 1305; x_wconf 91' lang='lat' dir='ltr'>valeat</span> <span class='ocrx_word' id='word_1_1000' title='bbox 1509 1276 1707 1308; x_wconf 86' lang='lat' dir='ltr'>rationabiliter</span> <span class='ocrx_word' id='word_1_1001' title='bbox 1730 1277 1861 1315; x_wconf 88' lang='lat' dir='ltr'>imputari</span> <span class='ocrx_word' id='word_1_1002' title='bbox 1876 1299 1886 1315; x_wconf 84' lang='lat'>,</span> <span class='ocrx_word' id='word_1_1003' title='bbox 1904 1277 1939 1316; x_wconf 90' lang='lat' dir='ltr'>si,</span> <span class='ocrx_word' id='word_1_1004' title='bbox 1959 1277 2038 1316; x_wconf 85' lang='lat' dir='ltr'>quod</span> <span class='ocrx_word' id='word_1_1005' title='bbox 2058 1278 2144 1318; x_wconf 88' lang='lat' dir='ltr'>absit,</span> <span class='ocrx_word' id='word_1_1006' title='bbox 2161 1289 2220 1312; x_wconf 88' lang='lat' dir='ltr'>non</span> <span class='ocrx_word' id='word_1_1007' title='bbox 2239 1282 2322 1317; x_wconf 77' lang='lat' dir='ltr'>fuerit</span> 
     </span>
     <span class='ocr_line' id='line_1_125' title="bbox 1259 1307 1601 1346; baseline 0.018 -8"><span class='ocrx_word' id='word_1_1008' title='bbox 1259 1307 1426 1343; x_wconf 87' lang='lat' dir='ltr'>Concordia</span> <span class='ocrx_word' id='word_1_1009' title='bbox 1443 1314 1601 1346; x_wconf 85' lang='lat' dir='ltr'>reformata.</span> 
     </span>
    </p>

    <p class='ocr_par' dir='ltr' id='par_1_36' title="bbox 1255 1348 2320 1572">
     <span class='ocr_line' id='line_1_126' title="bbox 1299 1348 2318 1398; baseline 0.008 -17"><span class='ocrx_word' id='word_1_1010' title='bbox 1299 1348 1471 1388; x_wconf 80' lang='lat' dir='ltr'>Qiaesumus</span> <span class='ocrx_word' id='word_1_1011' title='bbox 1486 1353 1587 1393; x_wconf 84' lang='lat' dir='ltr'>igitur,</span> <span class='ocrx_word' id='word_1_1012' title='bbox 1605 1355 1650 1392; x_wconf 86' lang='lat' dir='ltr'>pie</span> <span class='ocrx_word' id='word_1_1013' title='bbox 1664 1353 1760 1392; x_wconf 87' lang='lat' dir='ltr'>Pater,</span> <span class='ocrx_word' id='word_1_1014' title='bbox 1779 1362 1826 1394; x_wconf 90' lang='lat' dir='ltr'>ut,</span> <span class='ocrx_word' id='word_1_1015' title='bbox 1845 1353 2002 1393; x_wconf 54' lang='lat' dir='ltr'>Diligenti&amp;</span> <span class='ocrx_word' id='word_1_1016' title='bbox 2015 1355 2110 1386; x_wconf 68' lang='lat' dir='ltr'>nostrai</span> <span class='ocrx_word' id='word_1_1017' title='bbox 2147 1357 2175 1386; x_wconf 86' lang='lat' dir='ltr'>iri</span> <span class='ocrx_word' id='word_1_1018' title='bbox 2190 1356 2243 1388; x_wconf 84' lang='lat' dir='ltr'>hae</span> <span class='ocrx_word' id='word_1_1019' title='bbox 2256 1368 2318 1398; x_wconf 80' lang='lat' dir='ltr'>par-</span> 
     </span>
     <span class='ocr_line' id='line_1_127' title="bbox 1258 1389 2320 1433; baseline 0.01 -17"><span class='ocrx_word' id='word_1_1020' title='bbox 1258 1393 1301 1424; x_wconf 89' lang='lat' dir='ltr'>te,</span> <span class='ocrx_word' id='word_1_1021' title='bbox 1322 1389 1439 1426; x_wconf 73' lang='lat' dir='ltr'>provida</span> <span class='ocrx_word' id='word_1_1022' title='bbox 1461 1390 1671 1423; x_wconf 82' lang='lat' dir='ltr'>Deliberatione</span> <span class='ocrx_word' id='word_1_1023' title='bbox 1692 1392 1817 1432; x_wconf 72' lang='lat' dir='ltr'>pensata,</span> <span class='ocrx_word' id='word_1_1024' title='bbox 1833 1403 1890 1424; x_wconf 90' lang='lat' dir='ltr'>non</span> <span class='ocrx_word' id='word_1_1025' title='bbox 1904 1393 2054 1432; x_wconf 84' lang='lat' dir='ltr'>suspicetur</span> <span class='ocrx_word' id='word_1_1026' title='bbox 2069 1405 2104 1426; x_wconf 88' lang='lat' dir='ltr'>ve</span> <span class='ocrx_word' id='word_1_1027' title='bbox 2132 1406 2158 1426; x_wconf 85' lang='lat' dir='ltr'>ra</span> <span class='ocrx_word' id='word_1_1028' title='bbox 2172 1395 2320 1433; x_wconf 81' lang='lat' dir='ltr'>Sinceritas</span> 
     </span>
     <span class='ocr_line' id='line_1_128' title="bbox 1257 1427 2318 1471; baseline 0.009 -15"><span class='ocrx_word' id='word_1_1029' title='bbox 1257 1435 1310 1470; x_wconf 75' lang='lat' dir='ltr'>rios</span> <span class='ocrx_word' id='word_1_1030' title='bbox 1329 1427 1505 1460; x_wconf 86' lang='lat' dir='ltr'>Guerrarum</span> <span class='ocrx_word' id='word_1_1031' title='bbox 1520 1431 1651 1463; x_wconf 70' lang='lat' dir='ltr'>affecCtare</span> <span class='ocrx_word' id='word_1_1032' title='bbox 1666 1430 1858 1471; x_wconf 85' lang='lat' dir='ltr'>Discrimina,</span> <span class='ocrx_word' id='word_1_1033' title='bbox 1879 1432 1915 1463; x_wconf 88' lang='lat' dir='ltr'>set</span> <span class='ocrx_word' id='word_1_1034' title='bbox 1929 1442 1997 1463; x_wconf 89' lang='lat' dir='ltr'>cum</span> <span class='ocrx_word' id='word_1_1035' title='bbox 2011 1435 2146 1464; x_wconf 90' lang='lat' dir='ltr'>omnibus</span> <span class='ocrx_word' id='word_1_1036' title='bbox 2160 1432 2318 1467; x_wconf 63' lang='lat' dir='ltr'>Christicoss</span> 
     </span>
     <span class='ocr_line' id='line_1_129' title="bbox 1256 1463 2319 1512; baseline 0.009 -18"><span class='ocrx_word' id='word_1_1037' title='bbox 1256 1463 1304 1504; x_wconf 89' lang='lat' dir='ltr'>lis,</span> <span class='ocrx_word' id='word_1_1038' title='bbox 1323 1476 1460 1505; x_wconf 88' lang='lat' dir='ltr'>quantum</span> <span class='ocrx_word' id='word_1_1039' title='bbox 1483 1470 1511 1499; x_wconf 94' lang='lat' dir='ltr'>in</span> <span class='ocrx_word' id='word_1_1040' title='bbox 1534 1470 1619 1501; x_wconf 91' lang='lat' dir='ltr'>nobis</span> <span class='ocrx_word' id='word_1_1041' title='bbox 1637 1470 1694 1508; x_wconf 92' lang='lat' dir='ltr'>est,</span> <span class='ocrx_word' id='word_1_1042' title='bbox 1711 1471 1744 1501; x_wconf 90' lang='lat'>&amp;</span> <span class='ocrx_word' id='word_1_1043' title='bbox 1760 1472 1900 1512; x_wconf 84' lang='lat' dir='ltr'>praecipue</span> <span class='ocrx_word' id='word_1_1044' title='bbox 1914 1480 1982 1502; x_wconf 90' lang='lat' dir='ltr'>cum</span> <span class='ocrx_word' id='word_1_1045' title='bbox 1995 1472 2112 1510; x_wconf 79' lang='lat' dir='ltr'>praefato</span> <span class='ocrx_word' id='word_1_1046' title='bbox 2128 1472 2210 1512; x_wconf 87' lang='lat' dir='ltr'>Rege</span> <span class='ocrx_word' id='word_1_1047' title='bbox 2227 1474 2319 1511; x_wconf 64' lang='lat' dir='ltr'>(salva</span> 
     </span>
     <span class='ocr_line' id='line_1_130' title="bbox 1255 1502 2319 1572; baseline 0.01 -39"><span class='ocrx_word' id='word_1_1048' title='bbox 1255 1502 1494 1572; x_wconf 51' lang='lat' dir='ltr'>gxhaeredationis</span> <span class='ocrx_word' id='word_1_1049' title='bbox 1520 1508 1637 1547; x_wconf 71' lang='lat' dir='ltr'>injuria)</span> <span class='ocrx_word' id='word_1_1050' title='bbox 1663 1517 1760 1550; x_wconf 89' lang='lat' dir='ltr'>optare</span> <span class='ocrx_word' id='word_1_1051' title='bbox 1785 1510 1992 1541; x_wconf 88' lang='lat' dir='ltr'>desiderabilem</span> <span class='ocrx_word' id='word_1_1052' title='bbox 2019 1510 2099 1542; x_wconf 87' lang='lat' dir='ltr'>Pacis</span> <span class='ocrx_word' id='word_1_1053' title='bbox 2117 1512 2150 1543; x_wconf 75' lang='grc' dir='ltr'>δε</span> <span class='ocrx_word' id='word_1_1054' title='bbox 2174 1512 2319 1545; x_wconf 82' lang='lat' dir='ltr'>Amicitiae</span> 
     </span>
    </p>

    <p class='ocr_par' dir='ltr' id='par_1_37' title="bbox 1292 1553 1425 1575">
     <span class='ocr_line' id='line_1_131' title="bbox 1292 1553 1425 1575; baseline 0.023 -3"><span class='ocrx_word' id='word_1_1055' title='bbox 1292 1553 1425 1575; x_wconf 89' lang='lat' dir='ltr'>monem·</span> 
     </span>
    </p>

    <p class='ocr_par' dir='ltr' id='par_1_38' title="bbox 1253 1569 2319 1688">
     <span class='ocr_line' id='line_1_132' title="bbox 1293 1569 2319 1628; baseline 0.009 -16"><span class='ocrx_word' id='word_1_1056' title='bbox 1293 1569 1488 1623; x_wconf 62' lang='lat' dir='ltr'>Supplica⁷ntes</span> <span class='ocrx_word' id='word_1_1057' title='bbox 1507 1586 1636 1617; x_wconf 79' lang='lat' dir='ltr'>attentius</span> <span class='ocrx_word' id='word_1_1058' title='bbox 1656 1585 1756 1617; x_wconf 82' lang='lat' dir='ltr'>vestrae</span> <span class='ocrx_word' id='word_1_1059' title='bbox 1776 1587 1957 1626; x_wconf 88' lang='lat' dir='ltr'>Beatitudini,</span> <span class='ocrx_word' id='word_1_1060' title='bbox 1976 1595 2006 1618; x_wconf 89' lang='lat' dir='ltr'>ut</span> <span class='ocrx_word' id='word_1_1061' title='bbox 2021 1587 2055 1618; x_wconf 90' lang='lat' dir='ltr'>ad</span> <span class='ocrx_word' id='word_1_1062' title='bbox 2069 1588 2114 1627; x_wconf 83' lang='lat' dir='ltr'>id,</span> <span class='ocrx_word' id='word_1_1063' title='bbox 2132 1590 2319 1628; x_wconf 86' lang='lat' dir='ltr'>quemadmo-</span> 
     </span>
     <span class='ocr_line' id='line_1_133' title="bbox 1253 1619 2319 1688; baseline 0.01 -39"><span class='ocrx_word' id='word_1_1064' title='bbox 1253 1619 1325 1688; x_wconf 56' lang='lat' dir='ltr'>gillm</span> <span class='ocrx_word' id='word_1_1065' title='bbox 1345 1622 1464 1654; x_wconf 87' lang='lat' dir='ltr'>feliciter</span> <span class='ocrx_word' id='word_1_1066' title='bbox 1484 1624 1652 1664; x_wconf 73' lang='lat' dir='ltr'>inchoastis,</span> <span class='ocrx_word' id='word_1_1067' title='bbox 1668 1625 1828 1664; x_wconf 87' lang='lat' dir='ltr'>dignemini</span> <span class='ocrx_word' id='word_1_1068' title='bbox 1850 1626 1950 1666; x_wconf 83' lang='lat' dir='ltr'>Opem</span> <span class='ocrx_word' id='word_1_1069' title='bbox 1968 1628 2002 1658; x_wconf 75' lang='grc' dir='ltr'>ὅτ.</span> <span class='ocrx_word' id='word_1_1070' title='bbox 2015 1626 2140 1667; x_wconf 87' lang='lat' dir='ltr'>Operam</span> <span class='ocrx_word' id='word_1_1071' title='bbox 2153 1629 2319 1670; x_wconf 87' lang='lat' dir='ltr'>impendere</span> 
     </span>
    </p>

    <p class='ocr_par' dir='ltr' id='par_1_39' title="bbox 1290 1667 1387 1691">
     <span class='ocr_line' id='line_1_134' title="bbox 1290 1667 1387 1691; baseline 0 -1"><span class='ocrx_word' id='word_1_1072' title='bbox 1290 1667 1387 1691; x_wconf 88' lang='lat' dir='ltr'>utares.</span> 
     </span>
    </p>
   </div>
   <div class='ocr_carea' id='block_1_25' title="bbox 2337 1125 2426 1200">
    <p class='ocr_par' dir='ltr' id='par_1_40' title="bbox 2337 1125 2426 1200">
     <span class='ocr_line' id='line_1_135' title="bbox 2337 1125 2426 1155; baseline -0.011 -2"><span class='ocrx_word' id='word_1_1073' title='bbox 2337 1125 2351 1142; x_wconf 67' lang='lat'>⁸³</span> <span class='ocrx_word' id='word_1_1074' title='bbox 2375 1126 2426 1155; x_wconf 84' lang='lat' dir='ltr'>IV.</span> 
     </span>
     <span class='ocr_line' id='line_1_136' title="bbox 2339 1173 2400 1200; baseline 0 -9"><span class='ocrx_word' id='word_1_1075' title='bbox 2339 1173 2400 1200; x_wconf 83' lang='lat'>¹4¹·</span> 
     </span>
    </p>
   </div>
   <div class='ocr_carea' id='block_1_26' title="bbox 1244 1736 2316 3206">
    <p class='ocr_par' dir='ltr' id='par_1_41' title="bbox 1252 1736 2316 2121">
     <span class='ocr_line' id='line_1_137' title="bbox 1292 1736 2314 1785; baseline 0.009 -18"><span class='ocrx_word' id='word_1_1076' title='bbox 1292 1736 1339 1768; x_wconf 91' lang='lat' dir='ltr'>Ad</span> <span class='ocrx_word' id='word_1_1077' title='bbox 1360 1736 1423 1770; x_wconf 85' lang='lat' dir='ltr'>haec</span> <span class='ocrx_word' id='word_1_1078' title='bbox 1437 1762 1448 1778; x_wconf 80' lang='lat'>,</span> <span class='ocrx_word' id='word_1_1079' title='bbox 1465 1738 1548 1771; x_wconf 76' lang='lat' dir='ltr'>Peter</span> <span class='ocrx_word' id='word_1_1080' title='bbox 1566 1739 1685 1778; x_wconf 63' lang='lat' dir='ltr'>Sancte,</span> <span class='ocrx_word' id='word_1_1081' title='bbox 1704 1742 1781 1778; x_wconf 85' lang='lat' dir='ltr'>juxta</span> <span class='ocrx_word' id='word_1_1082' title='bbox 1802 1742 2025 1773; x_wconf 87' lang='lat' dir='ltr'>exhortationem</span> <span class='ocrx_word' id='word_1_1083' title='bbox 2047 1742 2189 1783; x_wconf 87' lang='lat' dir='ltr'>vestram,</span> <span class='ocrx_word' id='word_1_1084' title='bbox 2211 1744 2244 1776; x_wconf 93' lang='lat'>&amp;</span> <span class='ocrx_word' id='word_1_1085' title='bbox 2266 1755 2314 1785; x_wconf 72' lang='lat' dir='ltr'>ea,</span> 
     </span>
     <span class='ocr_line' id='line_1_138' title="bbox 1253 1776 2315 1823; baseline 0.009 -18"><span class='ocrx_word' id='word_1_1086' title='bbox 1253 1784 1318 1813; x_wconf 85' lang='lat' dir='ltr'>quae</span> <span class='ocrx_word' id='word_1_1087' title='bbox 1340 1776 1487 1808; x_wconf 89' lang='lat' dir='ltr'>Dominus</span> <span class='ocrx_word' id='word_1_1088' title='bbox 1506 1779 1541 1810; x_wconf 91' lang='lat' dir='ltr'>de</span> <span class='ocrx_word' id='word_1_1089' title='bbox 1562 1778 1684 1809; x_wconf 89' lang='lat' dir='ltr'>Sulliaco</span> <span class='ocrx_word' id='word_1_1090' title='bbox 1706 1780 1789 1810; x_wconf 89' lang='lat' dir='ltr'>nobis</span> <span class='ocrx_word' id='word_1_1091' title='bbox 1809 1791 1897 1818; x_wconf 89' lang='lat' dir='ltr'>nuper</span> <span class='ocrx_word' id='word_1_1092' title='bbox 1911 1781 2035 1818; x_wconf 86' lang='lat' dir='ltr'>exposuit</span> <span class='ocrx_word' id='word_1_1093' title='bbox 2048 1792 2098 1821; x_wconf 86' lang='lat' dir='ltr'>per</span> <span class='ocrx_word' id='word_1_1094' title='bbox 2113 1781 2315 1823; x_wconf 81' lang='lat' dir='ltr'>Credentiam‚</span> 
     </span>
     <span class='ocr_line' id='line_1_139' title="bbox 1255 1814 2316 1858; baseline 0.009 -14"><span class='ocrx_word' id='word_1_1095' title='bbox 1255 1814 1305 1857; x_wconf 85' lang='lat' dir='ltr'>sibi</span> <span class='ocrx_word' id='word_1_1096' title='bbox 1327 1825 1375 1853; x_wconf 90' lang='lat' dir='ltr'>per</span> <span class='ocrx_word' id='word_1_1097' title='bbox 1397 1816 1574 1854; x_wconf 86' lang='lat' dir='ltr'>Apostolicas</span> <span class='ocrx_word' id='word_1_1098' title='bbox 1594 1816 1698 1848; x_wconf 88' lang='lat' dir='ltr'>Literas</span> <span class='ocrx_word' id='word_1_1099' title='bbox 1711 1819 1890 1858; x_wconf 86' lang='lat' dir='ltr'>attributam,</span> <span class='ocrx_word' id='word_1_1100' title='bbox 1906 1819 1984 1857; x_wconf 90' lang='lat' dir='ltr'>super</span> <span class='ocrx_word' id='word_1_1101' title='bbox 1998 1818 2220 1852; x_wconf 83' lang='lat' dir='ltr'>Reformatione</span> <span class='ocrx_word' id='word_1_1102' title='bbox 2232 1821 2316 1854; x_wconf 85' lang='lat' dir='ltr'>Pacis</span> 
     </span>
     <span class='ocr_line' id='line_1_140' title="bbox 1254 1855 2314 1897; baseline 0.008 -14"><span class='ocrx_word' id='word_1_1103' title='bbox 1254 1860 1327 1883; x_wconf 88' lang='lat' dir='ltr'>mter</span> <span class='ocrx_word' id='word_1_1104' title='bbox 1350 1864 1423 1893; x_wconf 82' lang='lat' dir='ltr'>nos,</span> <span class='ocrx_word' id='word_1_1105' title='bbox 1443 1855 1476 1886; x_wconf 89' lang='lat'>&amp;</span> <span class='ocrx_word' id='word_1_1106' title='bbox 1497 1855 1599 1886; x_wconf 89' lang='lat' dir='ltr'>Scotos</span> <span class='ocrx_word' id='word_1_1107' title='bbox 1615 1856 1765 1895; x_wconf 88' lang='lat' dir='ltr'>quosdam,</span> <span class='ocrx_word' id='word_1_1108' title='bbox 1784 1858 1894 1888; x_wconf 88' lang='lat' dir='ltr'>nostros</span> <span class='ocrx_word' id='word_1_1109' title='bbox 1914 1858 2065 1897; x_wconf 87' lang='lat' dir='ltr'>Nuncios,</span> <span class='ocrx_word' id='word_1_1110' title='bbox 2083 1858 2118 1890; x_wconf 87' lang='lat' dir='ltr'>ad</span> <span class='ocrx_word' id='word_1_1111' title='bbox 2137 1860 2314 1892; x_wconf 71' lang='lat' dir='ltr'>traetandum</span> 
     </span>
     <span class='ocr_line' id='line_1_141' title="bbox 1253 1892 2314 1936; baseline 0.008 -14"><span class='ocrx_word' id='word_1_1112' title='bbox 1253 1901 1323 1935; x_wconf 85' lang='lat' dir='ltr'>cum</span> <span class='ocrx_word' id='word_1_1113' title='bbox 1347 1892 1471 1930; x_wconf 89' lang='lat' dir='ltr'>ipsorum</span> <span class='ocrx_word' id='word_1_1114' title='bbox 1493 1894 1648 1925; x_wconf 88' lang='lat' dir='ltr'>Scotorum</span> <span class='ocrx_word' id='word_1_1115' title='bbox 1672 1895 1795 1926; x_wconf 90' lang='lat' dir='ltr'>Nunciis</span> <span class='ocrx_word' id='word_1_1116' title='bbox 1814 1896 1887 1934; x_wconf 87' lang='lat' dir='ltr'>apud</span> <span class='ocrx_word' id='word_1_1117' title='bbox 1902 1896 2029 1928; x_wconf 87' lang='lat' dir='ltr'>Eborum</span> <span class='ocrx_word' id='word_1_1118' title='bbox 2044 1898 2183 1936; x_wconf 81' lang='lat' dir='ltr'>mifimus,</span> <span class='ocrx_word' id='word_1_1119' title='bbox 2200 1908 2260 1929; x_wconf 93' lang='lat' dir='ltr'>non</span> <span class='ocrx_word' id='word_1_1120' title='bbox 2272 1899 2314 1931; x_wconf 91' lang='lat' dir='ltr'>est</span> 
     </span>
     <span class='ocr_line' id='line_1_142' title="bbox 1253 1929 2313 1975; baseline 0.008 -15"><span class='ocrx_word' id='word_1_1121' title='bbox 1253 1929 1317 1967; x_wconf 62' lang='lat' dir='ltr'>diu,</span> <span class='ocrx_word' id='word_1_1122' title='bbox 1342 1931 1380 1962; x_wconf 90' lang='lat' dir='ltr'>set</span> <span class='ocrx_word' id='word_1_1123' title='bbox 1399 1931 1485 1963; x_wconf 88' lang='lat' dir='ltr'>iidem</span> <span class='ocrx_word' id='word_1_1124' title='bbox 1508 1932 1604 1971; x_wconf 81' lang='lat' dir='ltr'>Scori,</span> <span class='ocrx_word' id='word_1_1125' title='bbox 1622 1934 1651 1963; x_wconf 90' lang='lat' dir='ltr'>in</span> <span class='ocrx_word' id='word_1_1126' title='bbox 1667 1933 1804 1965; x_wconf 63' lang='lat' dir='ltr'>Tradiatu</span> <span class='ocrx_word' id='word_1_1127' title='bbox 1824 1935 1890 1973; x_wconf 88' lang='lat' dir='ltr'>illo,</span> <span class='ocrx_word' id='word_1_1128' title='bbox 1908 1936 1981 1966; x_wconf 84' lang='lat' dir='ltr'>nulla</span> <span class='ocrx_word' id='word_1_1129' title='bbox 2000 1935 2051 1965; x_wconf 84' lang='lat' dir='ltr'>alia</span> <span class='ocrx_word' id='word_1_1130' title='bbox 2070 1936 2249 1975; x_wconf 88' lang='lat' dir='ltr'>optulerunt,</span> <span class='ocrx_word' id='word_1_1131' title='bbox 2267 1939 2313 1969; x_wconf 87' lang='lat' dir='ltr'>seu</span> 
     </span>
     <span class='ocr_line' id='line_1_143' title="bbox 1252 1967 2316 2016; baseline 0.008 -17"><span class='ocrx_word' id='word_1_1132' title='bbox 1252 1967 1343 2000; x_wconf 85' lang='lat' dir='ltr'>facere</span> <span class='ocrx_word' id='word_1_1133' title='bbox 1362 1971 1513 2002; x_wconf 91' lang='lat' dir='ltr'>voluerunt</span> <span class='ocrx_word' id='word_1_1134' title='bbox 1547 1972 1597 2002; x_wconf 90' lang='lat' dir='ltr'>nisi</span> <span class='ocrx_word' id='word_1_1135' title='bbox 1616 1982 1680 2011; x_wconf 85' lang='lat' dir='ltr'>quae</span> <span class='ocrx_word' id='word_1_1136' title='bbox 1699 1973 1789 2011; x_wconf 90' lang='lat' dir='ltr'>prius,</span> <span class='ocrx_word' id='word_1_1137' title='bbox 1806 1974 1834 2003; x_wconf 88' lang='lat' dir='ltr'>in</span> <span class='ocrx_word' id='word_1_1138' title='bbox 1853 1973 1909 2003; x_wconf 81' lang='lat' dir='ltr'>aliis</span> <span class='ocrx_word' id='word_1_1139' title='bbox 1928 1973 2119 2013; x_wconf 64' lang='lat' dir='ltr'>Tractatitius,</span> <span class='ocrx_word' id='word_1_1140' title='bbox 2138 1975 2316 2016; x_wconf 64' lang='lat' dir='ltr'>optuleram,</span> 
     </span>
     <span class='ocr_line' id='line_1_144' title="bbox 1252 1995 2314 2051; baseline 0.005 -13"><span class='ocrx_word' id='word_1_1141' title='bbox 1252 2017 1316 2045; x_wconf 86' lang='lat' dir='ltr'>quae</span> <span class='ocrx_word' id='word_1_1142' title='bbox 1336 2031 1346 2046; x_wconf 86' lang='lat'>‚</span> <span class='ocrx_word' id='word_1_1143' title='bbox 1382 2010 1485 2048; x_wconf 88' lang='lat' dir='ltr'>absque</span> <span class='ocrx_word' id='word_1_1144' title='bbox 1513 1995 1743 2041; x_wconf 56' lang='lat' dir='ltr'>Rxhaeredatione</span> <span class='ocrx_word' id='word_1_1145' title='bbox 1771 2011 1917 2042; x_wconf 72' lang='lat' dir='ltr'>manifesta</span> <span class='ocrx_word' id='word_1_1146' title='bbox 1936 2011 2037 2051; x_wconf 66' lang='lat' dir='ltr'>Regiae</span> <span class='ocrx_word' id='word_1_1147' title='bbox 2059 2011 2187 2042; x_wconf 75' lang='lat' dir='ltr'>Coronae</span> <span class='ocrx_word' id='word_1_1148' title='bbox 2209 2013 2314 2047; x_wconf 80' lang='lat' dir='ltr'>nostrae</span> 
     </span>
     <span class='ocr_line' id='line_1_145' title="bbox 1255 2048 2314 2091; baseline 0.007 -15"><span class='ocrx_word' id='word_1_1149' title='bbox 1255 2049 1358 2084; x_wconf 89' lang='lat' dir='ltr'>(prout</span> <span class='ocrx_word' id='word_1_1150' title='bbox 1378 2048 1441 2078; x_wconf 71' lang='lat' dir='ltr'>alias</span> <span class='ocrx_word' id='word_1_1151' title='bbox 1458 2048 1612 2080; x_wconf 89' lang='lat' dir='ltr'>deliberato</span> <span class='ocrx_word' id='word_1_1152' title='bbox 1632 2050 1751 2080; x_wconf 84' lang='lat' dir='ltr'>confilio</span> <span class='ocrx_word' id='word_1_1153' title='bbox 1762 2049 1844 2080; x_wconf 88' lang='lat' dir='ltr'>fuerit</span> <span class='ocrx_word' id='word_1_1154' title='bbox 1855 2050 2034 2089; x_wconf 89' lang='lat' dir='ltr'>judicatum)</span> <span class='ocrx_word' id='word_1_1155' title='bbox 2054 2051 2176 2081; x_wconf 83' lang='lat' dir='ltr'>concedi</span> <span class='ocrx_word' id='word_1_1156' title='bbox 2190 2052 2314 2091; x_wconf 88' lang='lat' dir='ltr'>aliquati-</span> 
     </span>
     <span class='ocr_line' id='line_1_146' title="bbox 1252 2087 2038 2121; baseline 0.01 -8"><span class='ocrx_word' id='word_1_1157' title='bbox 1252 2088 1306 2114; x_wconf 86' lang='lat' dir='ltr'>niis</span> <span class='ocrx_word' id='word_1_1158' title='bbox 1319 2095 1379 2116; x_wconf 90' lang='lat' dir='ltr'>non</span> <span class='ocrx_word' id='word_1_1159' title='bbox 1392 2087 1529 2118; x_wconf 72' lang='lat' dir='ltr'>valebint.</span> <span class='ocrx_word' id='word_1_1160' title='bbox 2035 2108 2038 2121; x_wconf 47' lang='grc' dir='ltr'><strong>τ</strong></span> 
     </span>
    </p>

    <p class='ocr_par' dir='ltr' id='par_1_42' title="bbox 1250 2123 2314 2357">
     <span class='ocr_line' id='line_1_147' title="bbox 1289 2123 2313 2169; baseline 0.006 -15"><span class='ocrx_word' id='word_1_1161' title='bbox 1289 2123 1326 2154; x_wconf 90' lang='lat' dir='ltr'>Et</span> <span class='ocrx_word' id='word_1_1162' title='bbox 1338 2124 1406 2155; x_wconf 89' lang='lat' dir='ltr'>licet</span> <span class='ocrx_word' id='word_1_1163' title='bbox 1422 2127 1535 2156; x_wconf 87' lang='lat' dir='ltr'>tandein</span> <span class='ocrx_word' id='word_1_1164' title='bbox 1549 2127 1669 2166; x_wconf 86' lang='lat' dir='ltr'>petitum</span> <span class='ocrx_word' id='word_1_1165' title='bbox 1686 2126 1776 2157; x_wconf 88' lang='lat' dir='ltr'>fuisset</span> <span class='ocrx_word' id='word_1_1166' title='bbox 1790 2127 1826 2158; x_wconf 89' lang='lat' dir='ltr'>ab</span> <span class='ocrx_word' id='word_1_1167' title='bbox 1839 2126 1940 2157; x_wconf 90' lang='lat' dir='ltr'>eisdem</span> <span class='ocrx_word' id='word_1_1168' title='bbox 1954 2126 2108 2158; x_wconf 85' lang='lat' dir='ltr'>Scotorum</span> <span class='ocrx_word' id='word_1_1169' title='bbox 2120 2127 2263 2168; x_wconf 90' lang='lat' dir='ltr'>Nunciis,</span> <span class='ocrx_word' id='word_1_1170' title='bbox 2280 2129 2313 2169; x_wconf 85' lang='lat' dir='ltr'>fi,</span> 
     </span>
     <span class='ocr_line' id='line_1_148' title="bbox 1251 2161 2314 2207; baseline 0.007 -15"><span class='ocrx_word' id='word_1_1171' title='bbox 1251 2161 1330 2201; x_wconf 88' lang='lat' dir='ltr'>super</span> <span class='ocrx_word' id='word_1_1172' title='bbox 1350 2163 1510 2202; x_wconf 89' lang='lat' dir='ltr'>hujusmodi</span> <span class='ocrx_word' id='word_1_1173' title='bbox 1531 2166 1661 2196; x_wconf 88' lang='lat' dir='ltr'>Articulis</span> <span class='ocrx_word' id='word_1_1174' title='bbox 1681 2165 1791 2204; x_wconf 86' lang='lat' dir='ltr'>dubiis,</span> <span class='ocrx_word' id='word_1_1175' title='bbox 1809 2166 1912 2197; x_wconf 88' lang='lat' dir='ltr'>vellent</span> <span class='ocrx_word' id='word_1_1176' title='bbox 1934 2166 2093 2197; x_wconf 89' lang='lat' dir='ltr'>consentire</span> <span class='ocrx_word' id='word_1_1177' title='bbox 2113 2167 2192 2206; x_wconf 81' lang='lat' dir='ltr'>quod</span> <span class='ocrx_word' id='word_1_1178' title='bbox 2207 2166 2314 2207; x_wconf 81' lang='lat' dir='ltr'>Nego-</span> 
     </span>
     <span class='ocr_line' id='line_1_149' title="bbox 1253 2200 2311 2244; baseline 0.006 -13"><span class='ocrx_word' id='word_1_1179' title='bbox 1253 2200 1324 2231; x_wconf 84' lang='lat' dir='ltr'>tium</span> <span class='ocrx_word' id='word_1_1180' title='bbox 1344 2203 1411 2233; x_wconf 88' lang='lat' dir='ltr'>ess&#39;et</span> <span class='ocrx_word' id='word_1_1181' title='bbox 1434 2213 1532 2234; x_wconf 88' lang='lat' dir='ltr'>coram</span> <span class='ocrx_word' id='word_1_1182' title='bbox 1553 2203 1642 2234; x_wconf 70' lang='lat' dir='ltr'>vestri</span> <span class='ocrx_word' id='word_1_1183' title='bbox 1664 2204 1815 2235; x_wconf 69' lang='lat' dir='ltr'>Sanfflraoe</span> <span class='ocrx_word' id='word_1_1184' title='bbox 1833 2205 2023 2244; x_wconf 77' lang='lat' dir='ltr'>propositum,</span> <span class='ocrx_word' id='word_1_1185' title='bbox 2041 2206 2074 2236; x_wconf 88' lang='lat'>&amp;</span> <span class='ocrx_word' id='word_1_1186' title='bbox 2096 2205 2232 2236; x_wconf 81' lang='lat' dir='ltr'>Rationes</span> <span class='ocrx_word' id='word_1_1187' title='bbox 2243 2207 2311 2238; x_wconf 87' lang='lat' dir='ltr'>hinc</span> 
     </span>
     <span class='ocr_line' id='line_1_150' title="bbox 1251 2240 2313 2285; baseline 0.006 -15"><span class='ocrx_word' id='word_1_1188' title='bbox 1251 2240 1317 2271; x_wconf 82' lang='lat' dir='ltr'>inde</span> <span class='ocrx_word' id='word_1_1189' title='bbox 1338 2242 1456 2280; x_wconf 85' lang='lat' dir='ltr'>auditae,</span> <span class='ocrx_word' id='word_1_1190' title='bbox 1472 2253 1525 2280; x_wconf 91' lang='lat' dir='ltr'>pro</span> <span class='ocrx_word' id='word_1_1191' title='bbox 1546 2243 1627 2280; x_wconf 75' lang='lat' dir='ltr'>plena</span> <span class='ocrx_word' id='word_1_1192' title='bbox 1648 2244 1847 2274; x_wconf 87' lang='lat' dir='ltr'>informatione</span> <span class='ocrx_word' id='word_1_1193' title='bbox 1864 2242 1938 2281; x_wconf 87' lang='lat' dir='ltr'>Juris</span> <span class='ocrx_word' id='word_1_1194' title='bbox 1950 2245 2031 2280; x_wconf 87' lang='lat' dir='ltr'>partis</span> <span class='ocrx_word' id='word_1_1195' title='bbox 2044 2245 2201 2283; x_wconf 86' lang='lat' dir='ltr'>utriusque,</span> <span class='ocrx_word' id='word_1_1196' title='bbox 2221 2254 2250 2276; x_wconf 91' lang='lat' dir='ltr'>ut</span> <span class='ocrx_word' id='word_1_1197' title='bbox 2264 2256 2313 2285; x_wconf 86' lang='lat' dir='ltr'>per</span> 
     </span>
     <span class='ocr_line' id='line_1_151' title="bbox 1250 2278 2312 2321; baseline 0.007 -13"><span class='ocrx_word' id='word_1_1198' title='bbox 1250 2278 1308 2310; x_wconf 91' lang='lat' dir='ltr'>hoc</span> <span class='ocrx_word' id='word_1_1199' title='bbox 1329 2282 1372 2309; x_wconf 90' lang='lat' dir='ltr'>via</span> <span class='ocrx_word' id='word_1_1200' title='bbox 1395 2279 1493 2320; x_wconf 87' lang='lat' dir='ltr'>Pacis,</span> <span class='ocrx_word' id='word_1_1201' title='bbox 1511 2282 1555 2311; x_wconf 92' lang='lat' dir='ltr'>vel</span> <span class='ocrx_word' id='word_1_1202' title='bbox 1578 2282 1645 2311; x_wconf 85' lang='lat' dir='ltr'>alius</span> <span class='ocrx_word' id='word_1_1203' title='bbox 1666 2283 1752 2313; x_wconf 85' lang='lat' dir='ltr'>exitus</span> <span class='ocrx_word' id='word_1_1204' title='bbox 1775 2282 1883 2312; x_wconf 82' lang='lat' dir='ltr'>facilius</span> <span class='ocrx_word' id='word_1_1205' title='bbox 1904 2282 1994 2320; x_wconf 77' lang='lat' dir='ltr'>pollet</span> <span class='ocrx_word' id='word_1_1206' title='bbox 2010 2283 2144 2321; x_wconf 68' lang='lat' dir='ltr'>inveniri,</span> <span class='ocrx_word' id='word_1_1207' title='bbox 2162 2283 2312 2315; x_wconf 86' lang='lat' dir='ltr'>offerentes</span> 
     </span>
     <span class='ocr_line' id='line_1_152' title="bbox 1250 2318 1688 2357; baseline 0.007 -11"><span class='ocrx_word' id='word_1_1208' title='bbox 1250 2327 1302 2347; x_wconf 88' lang='lat' dir='ltr'>nos</span> <span class='ocrx_word' id='word_1_1209' title='bbox 1315 2319 1348 2347; x_wconf 91' lang='lat' dir='ltr'>ad</span> <span class='ocrx_word' id='word_1_1210' title='bbox 1364 2318 1419 2349; x_wconf 91' lang='lat' dir='ltr'>hoc</span> <span class='ocrx_word' id='word_1_1211' title='bbox 1432 2328 1540 2357; x_wconf 85' lang='lat' dir='ltr'>paratos</span> <span class='ocrx_word' id='word_1_1212' title='bbox 1552 2319 1668 2350; x_wconf 83' lang='lat' dir='ltr'>existere</span> <span class='ocrx_word' id='word_1_1213' title='bbox 1682 2330 1688 2349; x_wconf 81' lang='lat' dir='ltr'>z</span> 
     </span>
    </p>

    <p class='ocr_par' dir='ltr' id='par_1_43' title="bbox 1249 2356 2308 2428">
     <span class='ocr_line' id='line_1_153' title="bbox 1287 2356 2308 2399; baseline 0.005 -13"><span class='ocrx_word' id='word_1_1214' title='bbox 1287 2356 1337 2396; x_wconf 88' lang='lat' dir='ltr'>Ipsi</span> <span class='ocrx_word' id='word_1_1215' title='bbox 1358 2365 1451 2387; x_wconf 90' lang='lat' dir='ltr'>tamen</span> <span class='ocrx_word' id='word_1_1216' title='bbox 1473 2358 1529 2388; x_wconf 91' lang='lat' dir='ltr'>hoc</span> <span class='ocrx_word' id='word_1_1217' title='bbox 1545 2360 1656 2397; x_wconf 84' lang='lat' dir='ltr'>penitus</span> <span class='ocrx_word' id='word_1_1218' title='bbox 1669 2359 1845 2397; x_wconf 76' lang='lat' dir='ltr'>recusabant,</span> <span class='ocrx_word' id='word_1_1219' title='bbox 1863 2359 1956 2399; x_wconf 90' lang='lat' dir='ltr'>sicque</span> <span class='ocrx_word' id='word_1_1220' title='bbox 1971 2359 2058 2391; x_wconf 90' lang='lat' dir='ltr'>iidem</span> <span class='ocrx_word' id='word_1_1221' title='bbox 2073 2360 2186 2391; x_wconf 87' lang='lat' dir='ltr'>Nuncii</span> <span class='ocrx_word' id='word_1_1222' title='bbox 2200 2360 2308 2391; x_wconf 88' lang='lat' dir='ltr'>abinvi-</span> 
     </span>
     <span class='ocr_line' id='line_1_154' title="bbox 1249 2395 1637 2428; baseline 0.008 -4"><span class='ocrx_word' id='word_1_1223' title='bbox 1249 2404 1313 2425; x_wconf 92' lang='lat' dir='ltr'>cem</span> <span class='ocrx_word' id='word_1_1224' title='bbox 1328 2395 1506 2427; x_wconf 86' lang='lat' dir='ltr'>discefferunt</span> <span class='ocrx_word' id='word_1_1225' title='bbox 1519 2398 1553 2426; x_wconf 71' lang='lat' dir='ltr'>ea</span> <span class='ocrx_word' id='word_1_1226' title='bbox 1567 2398 1637 2428; x_wconf 88' lang='lat' dir='ltr'>vice.</span> 
     </span>
    </p>

    <p class='ocr_par' dir='ltr' id='par_1_44' title="bbox 1247 2433 2310 2549">
     <span class='ocr_line' id='line_1_155' title="bbox 1285 2433 2310 2504; baseline 0.005 -41"><span class='ocrx_word' id='word_1_1227' title='bbox 1285 2433 1353 2464; x_wconf 85' lang='lat' dir='ltr'>Nos</span> <span class='ocrx_word' id='word_1_1228' title='bbox 1370 2435 1501 2474; x_wconf 89' lang='lat' dir='ltr'>quidem,</span> <span class='ocrx_word' id='word_1_1229' title='bbox 1522 2435 1604 2466; x_wconf 86' lang='lat' dir='ltr'>Pater</span> <span class='ocrx_word' id='word_1_1230' title='bbox 1625 2436 1746 2473; x_wconf 56' lang='lat' dir='ltr'>Sandie,</span> <span class='ocrx_word' id='word_1_1231' title='bbox 1764 2436 1869 2474; x_wconf 80' lang='lat' dir='ltr'>semper</span> <span class='ocrx_word' id='word_1_1232' title='bbox 1883 2437 1969 2504; x_wconf 38' lang='lat' dir='ltr'>{arati</span> <span class='ocrx_word' id='word_1_1233' title='bbox 1983 2437 2085 2467; x_wconf 88' lang='lat' dir='ltr'>erimus</span> <span class='ocrx_word' id='word_1_1234' title='bbox 2100 2445 2167 2466; x_wconf 91' lang='lat' dir='ltr'>cum</span> <span class='ocrx_word' id='word_1_1235' title='bbox 2183 2436 2242 2474; x_wconf 75' lang='lat' dir='ltr'>ipsis</span> <span class='ocrx_word' id='word_1_1236' title='bbox 2256 2445 2310 2468; x_wconf 83' lang='lat' dir='ltr'>tra-</span> 
     </span>
     <span class='ocr_line' id='line_1_156' title="bbox 1248 2472 2310 2516; baseline 0.006 -15"><span class='ocrx_word' id='word_1_1237' title='bbox 1248 2472 1323 2515; x_wconf 57' lang='lat' dir='ltr'>§iare</span> <span class='ocrx_word' id='word_1_1238' title='bbox 1344 2472 1380 2503; x_wconf 91' lang='lat' dir='ltr'>de</span> <span class='ocrx_word' id='word_1_1239' title='bbox 1402 2473 1493 2511; x_wconf 87' lang='lat' dir='ltr'>Pace,</span> <span class='ocrx_word' id='word_1_1240' title='bbox 1511 2475 1640 2513; x_wconf 87' lang='lat' dir='ltr'>quotiens</span> <span class='ocrx_word' id='word_1_1241' title='bbox 1657 2476 1695 2506; x_wconf 84' lang='lat' dir='ltr'>eis</span> <span class='ocrx_word' id='word_1_1242' title='bbox 1717 2476 1866 2513; x_wconf 84' lang='lat' dir='ltr'>placuerit,</span> <span class='ocrx_word' id='word_1_1243' title='bbox 1919 2474 2004 2514; x_wconf 71' lang='lat' dir='ltr'>reuga</span> <span class='ocrx_word' id='word_1_1244' title='bbox 2025 2476 2097 2504; x_wconf 85' lang='lat' dir='ltr'>inter</span> <span class='ocrx_word' id='word_1_1245' title='bbox 2116 2484 2166 2504; x_wconf 87' lang='lat' dir='ltr'>nos</span> <span class='ocrx_word' id='word_1_1246' title='bbox 2184 2475 2217 2507; x_wconf 87' lang='lat'>&amp;</span> <span class='ocrx_word' id='word_1_1247' title='bbox 2240 2476 2310 2516; x_wconf 85' lang='lat' dir='ltr'>ipsos</span> 
     </span>
     <span class='ocr_line' id='line_1_157' title="bbox 1247 2511 1503 2549; baseline 0.008 -9"><span class='ocrx_word' id='word_1_1248' title='bbox 1247 2511 1317 2541; x_wconf 72' lang='lat' dir='ltr'>inita</span> <span class='ocrx_word' id='word_1_1249' title='bbox 1331 2511 1503 2549; x_wconf 83' lang='lat' dir='ltr'>perdurante.</span> 
     </span>
    </p>

    <p class='ocr_par' dir='ltr' id='par_1_45' title="bbox 1287 2548 2065 2594">
     <span class='ocr_line' id='line_1_158' title="bbox 1287 2548 2065 2594; baseline 0 -14"><span class='ocrx_word' id='word_1_1250' title='bbox 1287 2548 1451 2589; x_wconf 76' lang='lat' dir='ltr'>Caeterum,</span> <span class='ocrx_word' id='word_1_1251' title='bbox 1470 2550 1640 2582; x_wconf 87' lang='lat' dir='ltr'>Reverende</span> <span class='ocrx_word' id='word_1_1252' title='bbox 1659 2550 1741 2581; x_wconf 87' lang='lat' dir='ltr'>Pater</span> <span class='ocrx_word' id='word_1_1253' title='bbox 2060 2589 2065 2594; x_wconf 25' lang='grc' dir='ltr'><strong>Α</strong></span> 
     </span>
    </p>

    <p class='ocr_par' dir='ltr' id='par_1_46' title="bbox 1246 2588 2312 2743">
     <span class='ocr_line' id='line_1_159' title="bbox 1285 2588 2312 2629; baseline 0.005 -12"><span class='ocrx_word' id='word_1_1254' title='bbox 1285 2588 1337 2618; x_wconf 92' lang='lat' dir='ltr'>Ob</span> <span class='ocrx_word' id='word_1_1255' title='bbox 1364 2590 1459 2619; x_wconf 88' lang='lat' dir='ltr'>zelum</span> <span class='ocrx_word' id='word_1_1256' title='bbox 1479 2589 1636 2619; x_wconf 65' lang='lat' dir='ltr'>affectionis</span> <span class='ocrx_word' id='word_1_1257' title='bbox 1658 2589 1718 2627; x_wconf 83' lang='lat' dir='ltr'>puri</span> <span class='ocrx_word' id='word_1_1258' title='bbox 1743 2597 1808 2618; x_wconf 88' lang='lat' dir='ltr'>imae</span> <span class='ocrx_word' id='word_1_1259' title='bbox 1824 2610 1833 2625; x_wconf 87' lang='lat'>,</span> <span class='ocrx_word' id='word_1_1260' title='bbox 1863 2598 1949 2627; x_wconf 90' lang='lat' dir='ltr'>quem</span> <span class='ocrx_word' id='word_1_1261' title='bbox 1971 2588 2154 2620; x_wconf 60' lang='lat' dir='ltr'>Sandhtatem</span> <span class='ocrx_word' id='word_1_1262' title='bbox 2173 2589 2312 2629; x_wconf 89' lang='lat' dir='ltr'>vestram,</span> 
     </span>
     <span class='ocr_line' id='line_1_160' title="bbox 1246 2625 2308 2666; baseline 0.004 -10"><span class='ocrx_word' id='word_1_1263' title='bbox 1246 2636 1362 2656; x_wconf 91' lang='lat' dir='ltr'>necnon</span> <span class='ocrx_word' id='word_1_1264' title='bbox 1383 2627 1582 2658; x_wconf 89' lang='lat' dir='ltr'>Venerabilem</span> <span class='ocrx_word' id='word_1_1265' title='bbox 1605 2626 1728 2657; x_wconf 85' lang='lat' dir='ltr'>Coetum</span> <span class='ocrx_word' id='word_1_1266' title='bbox 1750 2625 1949 2657; x_wconf 81' lang='lat' dir='ltr'>Domitiorum</span> <span class='ocrx_word' id='word_1_1267' title='bbox 1963 2626 2176 2666; x_wconf 88' lang='lat' dir='ltr'>Cardinalium,</span> <span class='ocrx_word' id='word_1_1268' title='bbox 2195 2630 2223 2659; x_wconf 90' lang='lat' dir='ltr'>in</span> <span class='ocrx_word' id='word_1_1269' title='bbox 2239 2640 2308 2661; x_wconf 91' lang='lat' dir='ltr'>cun-</span> 
     </span>
     <span class='ocr_line' id='line_1_161' title="bbox 1248 2664 2308 2706; baseline 0.004 -10"><span class='ocrx_word' id='word_1_1270' title='bbox 1248 2665 1300 2696; x_wconf 69' lang='lat' dir='ltr'>etis</span> <span class='ocrx_word' id='word_1_1271' title='bbox 1319 2667 1554 2702; x_wconf 82' lang='lat' dir='ltr'>oportunitatibus</span> <span class='ocrx_word' id='word_1_1272' title='bbox 1568 2690 1577 2704; x_wconf 84' lang='lat'>,</span> <span class='ocrx_word' id='word_1_1273' title='bbox 1603 2675 1670 2702; x_wconf 83' lang='lat' dir='ltr'>erga</span> <span class='ocrx_word' id='word_1_1274' title='bbox 1691 2674 1743 2695; x_wconf 90' lang='lat' dir='ltr'>nos</span> <span class='ocrx_word' id='word_1_1275' title='bbox 1762 2664 1888 2696; x_wconf 86' lang='lat' dir='ltr'>habuisse</span> <span class='ocrx_word' id='word_1_1276' title='bbox 1909 2667 2098 2705; x_wconf 83' lang='lat' dir='ltr'>cognovimus</span> <span class='ocrx_word' id='word_1_1277' title='bbox 2111 2690 2122 2706; x_wconf 81' lang='lat'>,</span> <span class='ocrx_word' id='word_1_1278' title='bbox 2148 2668 2182 2698; x_wconf 90' lang='lat'>&amp;</span> <span class='ocrx_word' id='word_1_1279' title='bbox 2205 2668 2308 2700; x_wconf 87' lang='lat' dir='ltr'>habere</span> 
     </span>
     <span class='ocr_line' id='line_1_162' title="bbox 1247 2702 1617 2743; baseline 0.003 -9"><span class='ocrx_word' id='word_1_1280' title='bbox 1247 2702 1416 2734; x_wconf 87' lang='lat' dir='ltr'>confidimus</span> <span class='ocrx_word' id='word_1_1281' title='bbox 1430 2705 1459 2733; x_wconf 91' lang='lat' dir='ltr'>in</span> <span class='ocrx_word' id='word_1_1282' title='bbox 1474 2705 1617 2743; x_wconf 83' lang='lat' dir='ltr'>praesenti,</span> 
     </span>
    </p>

    <p class='ocr_par' dir='ltr' id='par_1_47' title="bbox 1246 2741 2309 2898">
     <span class='ocr_line' id='line_1_163' title="bbox 1284 2741 2309 2782; baseline 0.004 -10"><span class='ocrx_word' id='word_1_1283' title='bbox 1284 2741 1360 2781; x_wconf 89' lang='lat' dir='ltr'>Ipsos</span> <span class='ocrx_word' id='word_1_1284' title='bbox 1381 2742 1556 2781; x_wconf 74' lang='lat' dir='ltr'>Cardinales,</span> <span class='ocrx_word' id='word_1_1285' title='bbox 1576 2744 1605 2773; x_wconf 91' lang='lat' dir='ltr'>in</span> <span class='ocrx_word' id='word_1_1286' title='bbox 1626 2741 1732 2782; x_wconf 87' lang='lat' dir='ltr'>Regno</span> <span class='ocrx_word' id='word_1_1287' title='bbox 1752 2741 1849 2772; x_wconf 89' lang='lat' dir='ltr'>nostro</span> <span class='ocrx_word' id='word_1_1288' title='bbox 1866 2741 2064 2782; x_wconf 85' lang='lat' dir='ltr'>Beneficiatos,</span> <span class='ocrx_word' id='word_1_1289' title='bbox 2080 2743 2115 2774; x_wconf 92' lang='lat' dir='ltr'>de</span> <span class='ocrx_word' id='word_1_1290' title='bbox 2130 2745 2309 2777; x_wconf 85' lang='lat' dir='ltr'>omnimodis</span> 
     </span>
     <span class='ocr_line' id='line_1_164' title="bbox 1247 2779 2307 2822; baseline 0.004 -12"><span class='ocrx_word' id='word_1_1291' title='bbox 1247 2779 1394 2820; x_wconf 87' lang='lat' dir='ltr'>Decimis,</span> <span class='ocrx_word' id='word_1_1292' title='bbox 1412 2781 1528 2821; x_wconf 87' lang='lat' dir='ltr'>Nobis,</span> <span class='ocrx_word' id='word_1_1293' title='bbox 1545 2782 1578 2813; x_wconf 73' lang='grc' dir='ltr'>δε</span> <span class='ocrx_word' id='word_1_1294' title='bbox 1594 2780 1823 2820; x_wconf 75' lang='lat' dir='ltr'>progenitoribus</span> <span class='ocrx_word' id='word_1_1295' title='bbox 1836 2780 1955 2820; x_wconf 91' lang='lat' dir='ltr'>nostris,</span> <span class='ocrx_word' id='word_1_1296' title='bbox 1975 2791 2086 2822; x_wconf 88' lang='lat' dir='ltr'>propter</span> <span class='ocrx_word' id='word_1_1297' title='bbox 2100 2791 2228 2821; x_wconf 75' lang='lat' dir='ltr'>urgentes</span> <span class='ocrx_word' id='word_1_1298' title='bbox 2243 2783 2307 2814; x_wconf 80' lang='lat' dir='ltr'>Ne-</span> 
     </span>
     <span class='ocr_line' id='line_1_165' title="bbox 1246 2819 2307 2861; baseline 0.004 -12"><span class='ocrx_word' id='word_1_1299' title='bbox 1246 2819 1397 2859; x_wconf 79' lang='lat' dir='ltr'>ceffitates,</span> <span class='ocrx_word' id='word_1_1300' title='bbox 1414 2820 1521 2859; x_wconf 74' lang='lat' dir='ltr'>vestra,</span> <span class='ocrx_word' id='word_1_1301' title='bbox 1542 2821 1575 2851; x_wconf 75' lang='grc' dir='ltr'>δε</span> <span class='ocrx_word' id='word_1_1302' title='bbox 1597 2819 1837 2850; x_wconf 79' lang='lat' dir='ltr'>Praedecefforum</span> <span class='ocrx_word' id='word_1_1303' title='bbox 1860 2819 2018 2851; x_wconf 88' lang='lat' dir='ltr'>vestrorum</span> <span class='ocrx_word' id='word_1_1304' title='bbox 2039 2821 2216 2861; x_wconf 87' lang='lat' dir='ltr'>liberalitate,</span> <span class='ocrx_word' id='word_1_1305' title='bbox 2234 2833 2307 2853; x_wconf 93' lang='lat' dir='ltr'>con-</span> 
     </span>
     <span class='ocr_line' id='line_1_166' title="bbox 1247 2858 2287 2898; baseline 0 -9"><span class='ocrx_word' id='word_1_1306' title='bbox 1247 2858 1481 2897; x_wconf 79' lang='lat' dir='ltr'>ceffis‚quatenus</span> <span class='ocrx_word' id='word_1_1307' title='bbox 1496 2860 1667 2898; x_wconf 87' lang='lat' dir='ltr'>contingunt</span> <span class='ocrx_word' id='word_1_1308' title='bbox 1681 2858 1818 2890; x_wconf 81' lang='lat' dir='ltr'>Beneficia</span> <span class='ocrx_word' id='word_1_1309' title='bbox 1832 2858 1999 2889; x_wconf 86' lang='lat' dir='ltr'>eorumdem</span> <span class='ocrx_word' id='word_1_1310' title='bbox 2015 2860 2045 2890; x_wconf 89' lang='lat' dir='ltr'>in</span> <span class='ocrx_word' id='word_1_1311' title='bbox 2061 2862 2162 2898; x_wconf 81' lang='lat' dir='ltr'>Regno</span> <span class='ocrx_word' id='word_1_1312' title='bbox 2175 2860 2287 2898; x_wconf 87' lang='lat' dir='ltr'>nostro,</span> 
     </span>
    </p>

    <p class='ocr_par' dir='ltr' id='par_1_48' title="bbox 1244 2896 2306 3057">
     <span class='ocr_line' id='line_1_167' title="bbox 1285 2896 2304 2937; baseline 0 -10"><span class='ocrx_word' id='word_1_1313' title='bbox 1285 2897 1374 2935; x_wconf 86' lang='lat' dir='ltr'>Super</span> <span class='ocrx_word' id='word_1_1314' title='bbox 1393 2907 1451 2937; x_wconf 88' lang='lat' dir='ltr'>quo</span> <span class='ocrx_word' id='word_1_1315' title='bbox 1465 2921 1474 2936; x_wconf 94' lang='lat'>,</span> <span class='ocrx_word' id='word_1_1316' title='bbox 1506 2897 1684 2929; x_wconf 88' lang='lat' dir='ltr'>Venerabiles</span> <span class='ocrx_word' id='word_1_1317' title='bbox 1704 2896 1798 2929; x_wconf 82' lang='lat' dir='ltr'>Patres</span> <span class='ocrx_word' id='word_1_1318' title='bbox 1810 2921 1820 2936; x_wconf 88' lang='lat'>,</span> <span class='ocrx_word' id='word_1_1319' title='bbox 1852 2896 2022 2929; x_wconf 87' lang='lat' dir='ltr'>Gullielmus</span> <span class='ocrx_word' id='word_1_1320' title='bbox 2040 2898 2132 2929; x_wconf 87' lang='lat' dir='ltr'>Tituli</span> <span class='ocrx_word' id='word_1_1321' title='bbox 2150 2897 2254 2928; x_wconf 89' lang='lat' dir='ltr'>Ciriaci</span> <span class='ocrx_word' id='word_1_1322' title='bbox 2275 2899 2304 2928; x_wconf 91' lang='lat' dir='ltr'>in</span> 
     </span>
     <span class='ocr_line' id='line_1_168' title="bbox 1246 2934 2306 2975; baseline 0 -9"><span class='ocrx_word' id='word_1_1323' title='bbox 1246 2934 1363 2966; x_wconf 89' lang='lat' dir='ltr'>Termis</span> <span class='ocrx_word' id='word_1_1324' title='bbox 1376 2959 1386 2975; x_wconf 86' lang='lat'>,</span> <span class='ocrx_word' id='word_1_1325' title='bbox 1412 2938 1445 2967; x_wconf 72' lang='grc' dir='ltr'>ἃ</span> <span class='ocrx_word' id='word_1_1326' title='bbox 1472 2936 1652 2967; x_wconf 84' lang='lat' dir='ltr'>Gaucellinus</span> <span class='ocrx_word' id='word_1_1327' title='bbox 1676 2936 1768 2966; x_wconf 87' lang='lat' dir='ltr'>Tituli</span> <span class='ocrx_word' id='word_1_1328' title='bbox 1791 2936 1961 2967; x_wconf 68' lang='lat' dir='ltr'>SanCmrum</span> <span class='ocrx_word' id='word_1_1329' title='bbox 1982 2936 2141 2967; x_wconf 88' lang='lat' dir='ltr'>Marcellini</span> <span class='ocrx_word' id='word_1_1330' title='bbox 2160 2937 2193 2966; x_wconf 90' lang='lat'>&amp;</span> <span class='ocrx_word' id='word_1_1331' title='bbox 2213 2935 2306 2974; x_wconf 88' lang='lat' dir='ltr'>Petri,</span> 
     </span>
     <span class='ocr_line' id='line_1_169' title="bbox 1246 2973 2302 3014; baseline 0 -9"><span class='ocrx_word' id='word_1_1332' title='bbox 1246 2974 1409 3013; x_wconf 80' lang='lat' dir='ltr'>Presbiteri·⁷</span> <span class='ocrx_word' id='word_1_1333' title='bbox 1429 2976 1462 3006; x_wconf 76' lang='grc' dir='ltr'>δε</span> <span class='ocrx_word' id='word_1_1334' title='bbox 1487 2975 1577 3006; x_wconf 85' lang='lat' dir='ltr'>Lucas</span> <span class='ocrx_word' id='word_1_1335' title='bbox 1599 2975 1710 3006; x_wconf 69' lang='lat' dir='ltr'>Sanetae</span> <span class='ocrx_word' id='word_1_1336' title='bbox 1730 2975 1833 3006; x_wconf 76' lang='lat' dir='ltr'>Mariae</span> <span class='ocrx_word' id='word_1_1337' title='bbox 1846 2976 1876 3005; x_wconf 88' lang='lat' dir='ltr'>in</span> <span class='ocrx_word' id='word_1_1338' title='bbox 1892 2974 1946 3006; x_wconf 67' lang='lat' dir='ltr'>Via</span> <span class='ocrx_word' id='word_1_1339' title='bbox 1958 2974 2046 3014; x_wconf 72' lang='lat' dir='ltr'>Lata,</span> <span class='ocrx_word' id='word_1_1340' title='bbox 2064 2974 2211 3004; x_wconf 87' lang='lat' dir='ltr'>Diaconus</span> <span class='ocrx_word' id='word_1_1341' title='bbox 2227 2973 2302 3005; x_wconf 86' lang='lat' dir='ltr'>Car-</span> 
     </span>
     <span class='ocr_line' id='line_1_170' title="bbox 1244 3012 2292 3057; baseline 0.001 -13"><span class='ocrx_word' id='word_1_1342' title='bbox 1244 3014 1358 3051; x_wconf 90' lang='lat' dir='ltr'>dinalis,</span> <span class='ocrx_word' id='word_1_1343' title='bbox 1377 3014 1459 3044; x_wconf 89' lang='lat' dir='ltr'>nobis</span> <span class='ocrx_word' id='word_1_1344' title='bbox 1477 3013 1533 3044; x_wconf 88' lang='lat' dir='ltr'>suas</span> <span class='ocrx_word' id='word_1_1345' title='bbox 1553 3015 1658 3046; x_wconf 88' lang='lat' dir='ltr'>Literas</span> <span class='ocrx_word' id='word_1_1346' title='bbox 1671 3012 1859 3052; x_wconf 75' lang='lat' dir='ltr'>destinarunt,</span> <span class='ocrx_word' id='word_1_1347' title='bbox 2286 3052 2292 3057; x_wconf 33' lang='lat'>¹</span> 
     </span>
    </p>

    <p class='ocr_par' dir='ltr' id='par_1_49' title="bbox 1244 3050 2305 3206">
     <span class='ocr_line' id='line_1_171' title="bbox 1282 3050 2305 3094; baseline -0.002 -11"><span class='ocrx_word' id='word_1_1348' title='bbox 1282 3053 1401 3083; x_wconf 89' lang='lat' dir='ltr'>Liberos</span> <span class='ocrx_word' id='word_1_1349' title='bbox 1423 3052 1477 3083; x_wconf 83' lang='lat' dir='ltr'>effe</span> <span class='ocrx_word' id='word_1_1350' title='bbox 1496 3053 1628 3084; x_wconf 88' lang='lat' dir='ltr'>volumus</span> <span class='ocrx_word' id='word_1_1351' title='bbox 1647 3053 1755 3092; x_wconf 76' lang='lat' dir='ltr'>penitus</span> <span class='ocrx_word' id='word_1_1352' title='bbox 1775 3053 1808 3083; x_wconf 66' lang='grc' dir='ltr'>ὅ(</span> <span class='ocrx_word' id='word_1_1353' title='bbox 1833 3053 1958 3094; x_wconf 62' lang='lat' dir='ltr'>quietosj</span> <span class='ocrx_word' id='word_1_1354' title='bbox 1978 3059 2149 3094; x_wconf 71' lang='lat' dir='ltr'>quamquam</span> <span class='ocrx_word' id='word_1_1355' title='bbox 2164 3051 2192 3080; x_wconf 92' lang='lat' dir='ltr'>in</span> <span class='ocrx_word' id='word_1_1356' title='bbox 2206 3050 2305 3082; x_wconf 91' lang='lat' dir='ltr'>Literis</span> 
     </span>
     <span class='ocr_line' id='line_1_172' title="bbox 1244 3088 2304 3130; baseline -0.002 -8"><span class='ocrx_word' id='word_1_1357' title='bbox 1244 3091 1273 3122; x_wconf 84' lang='lat' dir='ltr'>A</span> <span class='ocrx_word' id='word_1_1358' title='bbox 1314 3091 1433 3130; x_wconf 82' lang='lat' dir='ltr'>stolicis,</span> <span class='ocrx_word' id='word_1_1359' title='bbox 1450 3091 1548 3122; x_wconf 89' lang='lat' dir='ltr'>Nobis</span> <span class='ocrx_word' id='word_1_1360' title='bbox 1568 3095 1602 3124; x_wconf 87' lang='lat'>&amp;</span> <span class='ocrx_word' id='word_1_1361' title='bbox 1615 3091 1673 3122; x_wconf 90' lang='lat' dir='ltr'>Pro</span> <span class='ocrx_word' id='word_1_1362' title='bbox 1692 3091 1846 3121; x_wconf 86' lang='lat' dir='ltr'>enitoribus</span> <span class='ocrx_word' id='word_1_1363' title='bbox 1859 3088 1962 3119; x_wconf 86' lang='lat' dir='ltr'>nostris</span> <span class='ocrx_word' id='word_1_1364' title='bbox 1975 3089 2042 3119; x_wconf 79' lang='lat' dir='ltr'>inde</span> <span class='ocrx_word' id='word_1_1365' title='bbox 2056 3089 2209 3128; x_wconf 77' lang='lat' dir='ltr'>concessis,</span> <span class='ocrx_word' id='word_1_1366' title='bbox 2229 3090 2304 3122; x_wconf 88' lang='lat' dir='ltr'>nulla</span> 
     </span>
     <span class='ocr_line' id='line_1_173' title="bbox 1245 3101 2305 3171; baseline -0.002 -10"><span class='ocrx_word' id='word_1_1367' title='bbox 1245 3131 1272 3161; x_wconf 85' lang='lat' dir='ltr'>fa</span> <span class='ocrx_word' id='word_1_1368' title='bbox 1304 3140 1319 3160; x_wconf 92' lang='lat' dir='ltr'>a</span> <span class='ocrx_word' id='word_1_1369' title='bbox 1335 3129 1428 3160; x_wconf 86' lang='lat' dir='ltr'>fuisset</span> <span class='ocrx_word' id='word_1_1370' title='bbox 1450 3131 1561 3161; x_wconf 90' lang='lat' dir='ltr'>mentio</span> <span class='ocrx_word' id='word_1_1371' title='bbox 1575 3131 1611 3161; x_wconf 91' lang='lat' dir='ltr'>de</span> <span class='ocrx_word' id='word_1_1372' title='bbox 1625 3101 1747 3166; x_wconf 67' lang='lat' dir='ltr'>eisdgem;</span> <span class='ocrx_word' id='word_1_1373' title='bbox 1765 3129 1900 3165; x_wconf 84' lang='lat' dir='ltr'>sperantes</span> <span class='ocrx_word' id='word_1_1374' title='bbox 1913 3127 2016 3171; x_wconf 70' lang='lat' dir='ltr'>exinde</span> <span class='ocrx_word' id='word_1_1375' title='bbox 2027 3127 2098 3167; x_wconf 85' lang='lat' dir='ltr'>ipsos</span> <span class='ocrx_word' id='word_1_1376' title='bbox 2111 3129 2253 3168; x_wconf 85' lang='lat' dir='ltr'>invenire,</span> <span class='ocrx_word' id='word_1_1377' title='bbox 2273 3130 2305 3160; x_wconf 84' lang='lat' dir='ltr'>in.</span> 
     </span>
     <span class='ocr_line' id='line_1_174' title="bbox 1244 3167 2088 3206; baseline -0.004 -7"><span class='ocrx_word' id='word_1_1378' title='bbox 1244 3168 1343 3202; x_wconf 81' lang='lat' dir='ltr'>nostris</span> <span class='ocrx_word' id='word_1_1379' title='bbox 1354 3167 1472 3206; x_wconf 75' lang='lat' dir='ltr'>judiciis</span> <span class='ocrx_word' id='word_1_1380' title='bbox 1507 3178 1575 3199; x_wconf 85' lang='lat' dir='ltr'>curn</span> <span class='ocrx_word' id='word_1_1381' title='bbox 1590 3168 1670 3199; x_wconf 87' lang='lat' dir='ltr'>omni</span> <span class='ocrx_word' id='word_1_1382' title='bbox 1686 3167 1876 3206; x_wconf 87' lang='lat' dir='ltr'>benignitate,</span> <span class='ocrx_word' id='word_1_1383' title='bbox 1892 3175 2088 3205; x_wconf 86' lang='lat' dir='ltr'>promptiores.</span> 
     </span>
    </p>
   </div>
   <div class='ocr_carea' id='block_1_27' title="bbox 1280 3206 2110 3284">
    <p class='ocr_par' dir='ltr' id='par_1_50' title="bbox 1280 3206 2110 3284">
     <span class='ocr_line' id='line_1_175' title="bbox 1280 3206 2110 3284; baseline -0.001 -10"><span class='ocrx_word' id='word_1_1384' title='bbox 1280 3206 1475 3284; x_wconf 45' lang='lat' dir='ltr'>ngfirvaegfid</span> <span class='ocrx_word' id='word_1_1385' title='bbox 1494 3216 1611 3275; x_wconf 73' lang='lat' dir='ltr'>&#39;Ic&#39;urrim</span> <span class='ocrx_word' id='word_1_1386' title='bbox 1626 3243 1804 3282; x_wconf 75' lang='lat' dir='ltr'>Londoniae,</span> <span class='ocrx_word' id='word_1_1387' title='bbox 1823 3242 1930 3275; x_wconf 63' lang='lat' dir='ltr'>octavo</span> <span class='ocrx_word' id='word_1_1388' title='bbox 1942 3242 1988 3274; x_wconf 90' lang='lat' dir='ltr'>die</span> <span class='ocrx_word' id='word_1_1389' title='bbox 2002 3242 2110 3275; x_wconf 88' lang='lat' dir='ltr'>Martii.</span> 
     </span>
    </p>
   </div>
   <div class='ocr_carea' id='block_1_28' title="bbox 1345 3315 2262 3331">
    <p class='ocr_par' dir='ltr' id='par_1_51' title="bbox 1345 3315 2262 3331">
     <span class='ocr_line' id='line_1_176' title="bbox 1345 3315 2262 3331; baseline 0 0"><span class='ocrx_word' id='word_1_1390' title='bbox 1345 3315 2262 3331; x_wconf 95' lang='lat' dir='ltr'> </span> 
     </span>
    </p>
   </div>
   <div class='ocr_carea' id='block_1_29' title="bbox 1398 3367 2139 3415">
    <p class='ocr_par' dir='ltr' id='par_1_52' title="bbox 1398 3367 2139 3415">
     <span class='ocr_line' id='line_1_177' title="bbox 1398 3367 2139 3415; baseline 0 -12"><span class='ocrx_word' id='word_1_1391' title='bbox 1398 3372 1447 3404; x_wconf 87' lang='lat' dir='ltr'>De</span> <span class='ocrx_word' id='word_1_1392' title='bbox 1475 3367 1688 3404; x_wconf 76' lang='lat' dir='ltr'>Cardtnalibus</span> <span class='ocrx_word' id='word_1_1393' title='bbox 1717 3370 1900 3415; x_wconf 66' lang='lat' dir='ltr'>Beneficiatis</span> <span class='ocrx_word' id='word_1_1394' title='bbox 1921 3368 2139 3415; x_wconf 80' lang='lat' dir='ltr'>acquietandis.</span> 
     </span>
    </p>
   </div>
   <div class='ocr_carea' id='block_1_30' title="bbox 1244 3449 2450 3955">
    <p class='ocr_par' dir='ltr' id='par_1_53' title="bbox 1244 3449 2450 3955">
     <span class='ocr_line' id='line_1_178' title="bbox 1247 3449 2450 3517; baseline -0.006 -31"><span class='ocrx_word' id='word_1_1395' title='bbox 1247 3455 1508 3517; x_wconf 83' lang='lat' dir='ltr'>VEnerabilibus</span> <span class='ocrx_word' id='word_1_1396' title='bbox 1528 3456 1557 3486; x_wconf 89' lang='lat' dir='ltr'>in</span> <span class='ocrx_word' id='word_1_1397' title='bbox 1579 3454 1697 3485; x_wconf 87' lang='lat' dir='ltr'>Christo</span> <span class='ocrx_word' id='word_1_1398' title='bbox 1719 3454 1862 3495; x_wconf 85' lang='lat' dir='ltr'>Patribus,</span> <span class='ocrx_word' id='word_1_1399' title='bbox 1878 3454 2030 3492; x_wconf 90' lang='lat' dir='ltr'>Dominis,</span> <span class='ocrx_word' id='word_1_1400' title='bbox 2048 3452 2222 3497; x_wconf 81' lang='lat' dir='ltr'>GullielmO,</span> <span class='ocrx_word' id='word_1_1401' title='bbox 2240 3449 2299 3495; x_wconf 79' lang='lat' dir='ltr'>Dei</span> <span class='ocrx_word' id='word_1_1402' title='bbox 2319 3459 2450 3492; x_wconf 43' lang='lat' dir='ltr'>[mn-D⁴</span> 
     </span>
     <span class='ocr_line' id='line_1_179' title="bbox 1331 3489 2424 3538; baseline -0.007 -13"><span class='ocrx_word' id='word_1_1403' title='bbox 1331 3494 1431 3534; x_wconf 66' lang='lat' dir='ltr'>gratia,</span> <span class='ocrx_word' id='word_1_1404' title='bbox 1457 3494 1550 3525; x_wconf 88' lang='lat' dir='ltr'>Tituli</span> <span class='ocrx_word' id='word_1_1405' title='bbox 1570 3494 1666 3525; x_wconf 71' lang='lat' dir='ltr'>Sancti</span> <span class='ocrx_word' id='word_1_1406' title='bbox 1689 3492 1793 3524; x_wconf 89' lang='lat' dir='ltr'>Ciriaci</span> <span class='ocrx_word' id='word_1_1407' title='bbox 1814 3496 1843 3525; x_wconf 93' lang='lat' dir='ltr'>iri</span> <span class='ocrx_word' id='word_1_1408' title='bbox 1863 3493 1995 3531; x_wconf 87' lang='lat' dir='ltr'>Termis,</span> <span class='ocrx_word' id='word_1_1409' title='bbox 2018 3489 2298 3536; x_wconf 25' lang='lat' dir='ltr'>Gemellino-,Tituli</span> <span class='ocrx_word' id='word_1_1410' title='bbox 2338 3508 2424 3538; x_wconf 39' lang='lat'><em>1325.</em></span> 
     </span>
     <span class='ocr_line' id='line_1_180' title="bbox 1245 3527 2431 3571; baseline -0.008 -7"><span class='ocrx_word' id='word_1_1411' title='bbox 1245 3533 1416 3564; x_wconf 58' lang='lat' dir='ltr'>Sanctorum</span> <span class='ocrx_word' id='word_1_1412' title='bbox 1430 3531 1632 3566; x_wconf 87' lang='lat' dir='ltr'>Marcellini&amp;</span> <span class='ocrx_word' id='word_1_1413' title='bbox 1648 3532 1739 3571; x_wconf 89' lang='lat' dir='ltr'>Petri,</span> <span class='ocrx_word' id='word_1_1414' title='bbox 1759 3532 1937 3569; x_wconf 73' lang='lat' dir='ltr'>Presbiteris3</span> <span class='ocrx_word' id='word_1_1415' title='bbox 1955 3533 1988 3563; x_wconf 74' lang='grc' dir='ltr'>δε</span> <span class='ocrx_word' id='word_1_1416' title='bbox 2003 3531 2092 3561; x_wconf 88' lang='lat' dir='ltr'>Lucae</span> <span class='ocrx_word' id='word_1_1417' title='bbox 2105 3539 2134 3558; x_wconf 88' lang='lat' dir='ltr'>in</span> <span class='ocrx_word' id='word_1_1418' title='bbox 2147 3527 2203 3558; x_wconf 91' lang='lat' dir='ltr'>Via</span> <span class='ocrx_word' id='word_1_1419' title='bbox 2216 3527 2297 3566; x_wconf 86' lang='lat' dir='ltr'>Lata,</span> <span class='ocrx_word' id='word_1_1420' title='bbox 2314 3541 2365 3566; x_wconf 81' lang='lat' dir='ltr'>An.</span> <span class='ocrx_word' id='word_1_1421' title='bbox 2390 3539 2431 3567; x_wconf 51' lang='lat'>13·</span> 
     </span>
     <span class='ocr_line' id='line_1_181' title="bbox 1246 3565 2391 3610; baseline -0.006 -8"><span class='ocrx_word' id='word_1_1422' title='bbox 1246 3571 1395 3610; x_wconf 89' lang='lat' dir='ltr'>Diacono,</span> <span class='ocrx_word' id='word_1_1423' title='bbox 1416 3569 1627 3609; x_wconf 85' lang='lat' dir='ltr'>Cardinalibus,</span> <span class='ocrx_word' id='word_1_1424' title='bbox 1642 3570 1813 3610; x_wconf 86' lang='lat' dir='ltr'>Edwardus,</span> <span class='ocrx_word' id='word_1_1425' title='bbox 1827 3571 1950 3610; x_wconf 88' lang='lat' dir='ltr'>ejusdem</span> <span class='ocrx_word' id='word_1_1426' title='bbox 1962 3568 2064 3610; x_wconf 70' lang='lat' dir='ltr'>gratia,</span> <span class='ocrx_word' id='word_1_1427' title='bbox 2082 3569 2144 3599; x_wconf 69' lang='grc' dir='ltr'>δίε.</span> <span class='ocrx_word' id='word_1_1428' title='bbox 2158 3565 2297 3605; x_wconf 84' lang='lat' dir='ltr'>Salutem,</span> <span class='ocrx_word' id='word_1_1429' title='bbox 2315 3581 2343 3604; x_wconf 81' lang='lat' dir='ltr'>F..</span> <span class='ocrx_word' id='word_1_1430' title='bbox 2365 3585 2391 3603; x_wconf 55' lang='lat'>2,</span> 
     </span>
     <span class='ocr_line' id='line_1_182' title="bbox 1246 3609 2414 3650; baseline -0.006 -9"><span class='ocrx_word' id='word_1_1431' title='bbox 1246 3612 1278 3641; x_wconf 63' lang='grc' dir='ltr'>ὃς</span> <span class='ocrx_word' id='word_1_1432' title='bbox 1296 3611 1409 3641; x_wconf 82' lang='lat' dir='ltr'>sincerae</span> <span class='ocrx_word' id='word_1_1433' title='bbox 1424 3609 1582 3641; x_wconf 72' lang='lat' dir='ltr'>dilefflonis</span> <span class='ocrx_word' id='word_1_1434' title='bbox 1594 3609 1740 3640; x_wconf 65' lang='lat' dir='ltr'>affeeturn.</span> <span class='ocrx_word' id='word_1_1435' title='bbox 2108 3644 2114 3650; x_wconf 28' lang='lat'><strong>‘</strong></span> <span class='ocrx_word' id='word_1_1436' title='bbox 2185 3643 2191 3648; x_wconf 45' lang='lat'>·</span> <span class='ocrx_word' id='word_1_1437' title='bbox 2350 3614 2414 3643; x_wconf 59' lang='lat' dir='ltr'>md,</span> 
     </span>
     <span class='ocr_line' id='line_1_183' title="bbox 1282 3642 2298 3688; baseline -0.008 -9"><span class='ocrx_word' id='word_1_1438' title='bbox 1282 3648 1380 3679; x_wconf 84' lang='lat' dir='ltr'>Ecce!</span> <span class='ocrx_word' id='word_1_1439' title='bbox 1404 3647 1499 3678; x_wconf 85' lang='lat' dir='ltr'>Patres</span> <span class='ocrx_word' id='word_1_1440' title='bbox 1520 3647 1697 3686; x_wconf 85' lang='lat' dir='ltr'>Reverendi,</span> <span class='ocrx_word' id='word_1_1441' title='bbox 1714 3648 1793 3688; x_wconf 90' lang='lat' dir='ltr'>super</span> <span class='ocrx_word' id='word_1_1442' title='bbox 1811 3658 1865 3686; x_wconf 86' lang='lat' dir='ltr'>eo,</span> <span class='ocrx_word' id='word_1_1443' title='bbox 1884 3644 1961 3685; x_wconf 88' lang='lat' dir='ltr'>quod</span> <span class='ocrx_word' id='word_1_1444' title='bbox 1981 3642 2071 3675; x_wconf 83' lang='lat' dir='ltr'>vestra</span> <span class='ocrx_word' id='word_1_1445' title='bbox 2085 3642 2231 3688; x_wconf 81' lang='lat' dir='ltr'>Sinceritas</span> <span class='ocrx_word' id='word_1_1446' title='bbox 2241 3653 2298 3686; x_wconf 26' lang='lat' dir='ltr'>*no-</span> 
     </span>
     <span class='ocr_line' id='line_1_184' title="bbox 1245 3680 2300 3728; baseline -0.005 -11"><span class='ocrx_word' id='word_1_1447' title='bbox 1245 3687 1287 3717; x_wconf 89' lang='lat' dir='ltr'>bis</span> <span class='ocrx_word' id='word_1_1448' title='bbox 1306 3687 1426 3728; x_wconf 87' lang='lat' dir='ltr'>scripsit,</span> <span class='ocrx_word' id='word_1_1449' title='bbox 1444 3686 1613 3726; x_wconf 87' lang='lat' dir='ltr'>requirendo</span> <span class='ocrx_word' id='word_1_1450' title='bbox 1635 3694 1665 3716; x_wconf 91' lang='lat' dir='ltr'>ut</span> <span class='ocrx_word' id='word_1_1451' title='bbox 1685 3696 1754 3724; x_wconf 88' lang='lat' dir='ltr'>vos,</span> <span class='ocrx_word' id='word_1_1452' title='bbox 1772 3685 1943 3722; x_wconf 73' lang='lat' dir='ltr'>caeterosque</span> <span class='ocrx_word' id='word_1_1453' title='bbox 1961 3683 1997 3713; x_wconf 88' lang='lat' dir='ltr'>de</span> <span class='ocrx_word' id='word_1_1454' title='bbox 2012 3680 2146 3725; x_wconf 65' lang='lat' dir='ltr'>Collegit&gt;</span> <span class='ocrx_word' id='word_1_1455' title='bbox 2161 3680 2300 3724; x_wconf 44' lang='lat' dir='ltr'>Cardi-na-</span> 
     </span>
     <span class='ocr_line' id='line_1_185' title="bbox 1244 3719 2299 3764; baseline -0.005 -8"><span class='ocrx_word' id='word_1_1456' title='bbox 1244 3725 1301 3762; x_wconf 71' lang='lat' dir='ltr'>les,</span> <span class='ocrx_word' id='word_1_1457' title='bbox 1318 3727 1346 3756; x_wconf 91' lang='lat' dir='ltr'>in</span> <span class='ocrx_word' id='word_1_1458' title='bbox 1370 3726 1474 3764; x_wconf 82' lang='lat' dir='ltr'>Regno</span> <span class='ocrx_word' id='word_1_1459' title='bbox 1496 3724 1594 3755; x_wconf 90' lang='lat' dir='ltr'>nostro</span> <span class='ocrx_word' id='word_1_1460' title='bbox 1616 3724 1753 3756; x_wconf 84' lang='lat' dir='ltr'>Beneficia</span> <span class='ocrx_word' id='word_1_1461' title='bbox 1771 3725 1944 3763; x_wconf 84' lang='lat' dir='ltr'>optinentes,</span> <span class='ocrx_word' id='word_1_1462' title='bbox 1961 3720 1996 3751; x_wconf 93' lang='lat' dir='ltr'>de</span> <span class='ocrx_word' id='word_1_1463' title='bbox 2018 3719 2164 3763; x_wconf 66' lang='lat' dir='ltr'>Decimis,</span> <span class='ocrx_word' id='word_1_1464' title='bbox 2183 3719 2265 3749; x_wconf 87' lang='lat' dir='ltr'>nobis</span> <span class='ocrx_word' id='word_1_1465' title='bbox 2283 3730 2299 3751; x_wconf 90' lang='lat' dir='ltr'>a</span> 
     </span>
     <span class='ocr_line' id='line_1_186' title="bbox 1245 3757 2300 3802; baseline -0.005 -9"><span class='ocrx_word' id='word_1_1466' title='bbox 1245 3762 1333 3794; x_wconf 93' lang='lat' dir='ltr'>Clero</span> <span class='ocrx_word' id='word_1_1467' title='bbox 1352 3763 1448 3802; x_wconf 83' lang='lat' dir='ltr'>Regni</span> <span class='ocrx_word' id='word_1_1468' title='bbox 1461 3763 1565 3800; x_wconf 84' lang='lat' dir='ltr'>nostri,</span> <span class='ocrx_word' id='word_1_1469' title='bbox 1585 3771 1698 3802; x_wconf 89' lang='lat' dir='ltr'>propter</span> <span class='ocrx_word' id='word_1_1470' title='bbox 1714 3771 1845 3800; x_wconf 83' lang='lat' dir='ltr'>urgentes</span> <span class='ocrx_word' id='word_1_1471' title='bbox 1857 3758 2042 3794; x_wconf 73' lang='lat' dir='ltr'>neceffitates,</span> <span class='ocrx_word' id='word_1_1472' title='bbox 2057 3757 2220 3788; x_wconf 59' lang='lat' dir='ltr'>auctoritate</span> <span class='ocrx_word' id='word_1_1473' title='bbox 2236 3757 2300 3788; x_wconf 89' lang='lat' dir='ltr'>Do-</span> 
     </span>
     <span class='ocr_line' id='line_1_187' title="bbox 1247 3795 2301 3839; baseline -0.005 -8"><span class='ocrx_word' id='word_1_1474' title='bbox 1247 3803 1319 3831; x_wconf 91' lang='lat' dir='ltr'>mini</span> <span class='ocrx_word' id='word_1_1475' title='bbox 1332 3802 1444 3832; x_wconf 90' lang='lat' dir='ltr'>Summi</span> <span class='ocrx_word' id='word_1_1476' title='bbox 1460 3801 1622 3839; x_wconf 81' lang='lat' dir='ltr'>Pontificis,</span> <span class='ocrx_word' id='word_1_1477' title='bbox 1635 3803 1669 3833; x_wconf 90' lang='lat'>&amp;</span> <span class='ocrx_word' id='word_1_1478' title='bbox 1686 3799 1925 3832; x_wconf 78' lang='lat' dir='ltr'>Praedecefforum</span> <span class='ocrx_word' id='word_1_1479' title='bbox 1939 3797 2139 3838; x_wconf 86' lang='lat' dir='ltr'>suorum,ante</span> <span class='ocrx_word' id='word_1_1480' title='bbox 2154 3795 2215 3839; x_wconf 71' lang='lat' dir='ltr'>haec</span> <span class='ocrx_word' id='word_1_1481' title='bbox 2230 3804 2301 3827; x_wconf 90' lang='lat' dir='ltr'>tem-</span> 
     </span>
     <span class='ocr_line' id='line_1_188' title="bbox 1246 3833 2301 3878; baseline -0.003 -10"><span class='ocrx_word' id='word_1_1482' title='bbox 1246 3849 1315 3877; x_wconf 91' lang='lat' dir='ltr'>pora</span> <span class='ocrx_word' id='word_1_1483' title='bbox 1335 3839 1470 3870; x_wconf 82' lang='lat' dir='ltr'>Conceffis</span> <span class='ocrx_word' id='word_1_1484' title='bbox 1487 3841 1496 3875; x_wconf 87' lang='lat'>(</span> <span class='ocrx_word' id='word_1_1485' title='bbox 1506 3841 1640 3877; x_wconf 77' lang='lat' dir='ltr'>quatenus</span> <span class='ocrx_word' id='word_1_1486' title='bbox 1659 3839 1764 3878; x_wconf 87' lang='lat' dir='ltr'>vestra,</span> <span class='ocrx_word' id='word_1_1487' title='bbox 1779 3839 1813 3869; x_wconf 70' lang='lat' dir='ltr'>«Sc</span> <span class='ocrx_word' id='word_1_1488' title='bbox 1835 3843 2005 3877; x_wconf 75' lang='lat' dir='ltr'>caeterorum</span> <span class='ocrx_word' id='word_1_1489' title='bbox 2019 3833 2213 3864; x_wconf 80' lang='lat' dir='ltr'>Cardinalium</span> <span class='ocrx_word' id='word_1_1490' title='bbox 2229 3845 2301 3872; x_wconf 82' lang='lat' dir='ltr'>prae-</span> 
     </span>
     <span class='ocr_line' id='line_1_189' title="bbox 1245 3872 2302 3918; baseline -0.004 -11"><span class='ocrx_word' id='word_1_1491' title='bbox 1245 3878 1388 3908; x_wconf 66' lang='lat' dir='ltr'>dierorum</span> <span class='ocrx_word' id='word_1_1492' title='bbox 1410 3877 1567 3918; x_wconf 87' lang='lat' dir='ltr'>Beneficia,</span> <span class='ocrx_word' id='word_1_1493' title='bbox 1592 3880 1622 3909; x_wconf 88' lang='lat' dir='ltr'>in</span> <span class='ocrx_word' id='word_1_1494' title='bbox 1641 3879 1746 3909; x_wconf 82' lang='lat' dir='ltr'>eodem</span> <span class='ocrx_word' id='word_1_1495' title='bbox 1766 3876 1891 3913; x_wconf 87' lang='lat' dir='ltr'>Regno,</span> <span class='ocrx_word' id='word_1_1496' title='bbox 1909 3872 2302 3911; x_wconf 57' lang='lat' dir='ltr'>contingebam—faceremus</span> 
     </span>
     <span class='ocr_line' id='line_1_190' title="bbox 1245 3916 1795 3955; baseline 0 -9"><span class='ocrx_word' id='word_1_1497' title='bbox 1245 3916 1346 3946; x_wconf 86' lang='lat' dir='ltr'>liberos</span> <span class='ocrx_word' id='word_1_1498' title='bbox 1357 3918 1390 3947; x_wconf 68' lang='grc' dir='ltr'>ὃς</span> <span class='ocrx_word' id='word_1_1499' title='bbox 1401 3918 1524 3955; x_wconf 85' lang='lat' dir='ltr'>quietos,</span> <span class='ocrx_word' id='word_1_1500' title='bbox 1787 3926 1795 3932; x_wconf 56' lang='lat'>⁸</span> 
     </span>
    </p>
   </div>
   <div class='ocr_carea' id='block_1_31' title="bbox 1281 3950 2305 4064">
    <p class='ocr_par' dir='ltr' id='par_1_54' title="bbox 1281 3950 2305 4064">
     <span class='ocr_line' id='line_1_191' title="bbox 1281 3950 2127 3994; baseline -0.007 -11"><span class='ocrx_word' id='word_1_1501' title='bbox 1281 3953 1441 3985; x_wconf 89' lang='lat' dir='ltr'>Paternitati</span> <span class='ocrx_word' id='word_1_1502' title='bbox 1454 3954 1554 3985; x_wconf 86' lang='lat' dir='ltr'>vestrae</span> <span class='ocrx_word' id='word_1_1503' title='bbox 1569 3954 1755 3993; x_wconf 82' lang='lat' dir='ltr'>significamus</span> <span class='ocrx_word' id='word_1_1504' title='bbox 1770 3950 1866 3990; x_wconf 81' lang='lat' dir='ltr'>quod,</span> <span class='ocrx_word' id='word_1_1505' title='bbox 1925 3987 1930 3993; x_wconf 29' lang='grc' dir='ltr'><strong>ι</strong></span> <span class='ocrx_word' id='word_1_1506' title='bbox 1975 3987 1980 3992; x_wconf 34' lang='lat'>¹</span> <span class='ocrx_word' id='word_1_1507' title='bbox 2121 3987 2127 3994; x_wconf 36' lang='lat'>¹</span> 
     </span>
     <span class='ocr_line' id='line_1_192' title="bbox 1283 3985 2305 4064; baseline -0.006 -42"><span class='ocrx_word' id='word_1_1508' title='bbox 1283 3991 1366 4023; x_wconf 87' lang='lat' dir='ltr'>Licet</span> <span class='ocrx_word' id='word_1_1509' title='bbox 1385 3994 1415 4023; x_wconf 85' lang='lat' dir='ltr'>iri</span> <span class='ocrx_word' id='word_1_1510' title='bbox 1434 3992 1605 4030; x_wconf 85' lang='lat' dir='ltr'>Apostolicis</span> <span class='ocrx_word' id='word_1_1511' title='bbox 1624 3992 1740 4029; x_wconf 84' lang='lat' dir='ltr'>Literis‚</span> <span class='ocrx_word' id='word_1_1512' title='bbox 1755 3990 1791 4020; x_wconf 82' lang='lat' dir='ltr'>de</span> <span class='ocrx_word' id='word_1_1513' title='bbox 1807 3986 2033 4028; x_wconf 83' lang='lat' dir='ltr'>Irnpofitionibus</span> <span class='ocrx_word' id='word_1_1514' title='bbox 2052 3985 2305 4064; x_wconf 45' lang='lat' dir='ltr'>Demmajruusiii‘okdil,</span> 
     </span>
    </p>
   </div>
  </div>
 </body>
</html>
