2562 4279
599 170 729 214 ET
836 170 1229 213 ACTA*

30 262 104 302 Arm.
117 259 299 301 D.quirunt,
318 261 423 293 etiamfi
435 257 597 291 mandatum
609 258 722 294 exigant
734 255 866 301 speciale:
906 295 911 301 ⁶
1116 294 1120 300 ⁵
1182 294 1187 299 q
1219 284 1221 286 ,

19 302 22 306 ’
50 308 133 341 1313.
205 299 313 331 Ratum
322 323 332 338 ,
351 308 476 338 gramm,
494 297 625 334 firmum,
642 296 675 327 &
687 295 783 326 stabile
793 296 913 325 habituri
925 295 1061 333 perpetuo
1075 293 1227 332 quicquid,

27 338 92 368 Ξάν-
110 347 137 366 2·
168 348 216 376 per
231 339 350 369 eundem
373 338 562 373 Vifitatorem,
578 334 790 372 Inquisitorem,
807 332 1028 371 (brrectorem,
1046 331 1229 362 Reformato-

164 388 243 417 rem,
258 376 519 407 Administratorem
535 381 604 403 cum
618 372 721 410 libera,
735 372 834 402 locum
847 370 973 401 nostrum
989 368 1229 407 tenentem,Pro—

165 425 330 452 curatorem,
337 415 502 456 Syndicum,
509 410 710 448 Yconomum,
716 410 852 441 Aetorem
860 432 871 448 ,
878 411 911 440 &
918 408 1043 439 nostrum
1051 431 1061 447 ,
1069 418 1102 438 ac
1113 406 1227 438 Domus

164 455 268 487 nostrae
276 453 311 484 N
313 455 426 484 uncium
435 448 584 488 specialem
592 471 602 487 ,
619 448 665 479 vel
677 448 912 485 substituendum,
925 457 971 477 aut
979 446 1179 488 substituendos
1190 446 1225 475 ab

167 504 219 532 eo,
237 491 412 532 inpraediffis
425 490 458 520 &
472 487 606 526 praedicta
617 486 821 526 quoquomodo
828 486 1018 524 tangentibus,
1036 486 1072 515 de
1085 484 1228 522 Connlio,

170 542 239 564 cum
254 531 408 567 voluntate,
421 537 456 558 ac
467 524 598 557 consensu
609 526 753 556 dictorum
765 525 935 562 Sociorum,
952 525 998 554 vel
1021 524 1133 562 majoris
1147 524 1227 560 partis

169 580 288 609 eorum,
305 577 371 599 tunc
392 567 418 596 ei
438 563 637 601 assistentium,
661 564 775 601 actum,
792 563 919 600 dietum,
941 563 1094 600 vilitatuni,
1113 561 1227 598 inquifi-

168 617 247 646 tum,
269 605 447 642 correnum,
465 601 667 640 reformatum,
683 601 921 638 administratum,
938 600 1091 637 donatum,
1111 599 1227 629 conces-

167 647 244 684 sum,
259 645 394 683 petitum,
412 642 558 678 exaCtum,
576 648 736 678 receptum,
755 639 892 677 solutum,
911 641 1076 677 quittatum,
1094 647 1226 676 procura-

166 694 227 716 tum
235 706 245 722 ,
262 682 462 718 tractatumque
476 680 575 717 fuerit,
594 678 638 708 vel
652 678 727 708 aliter
741 677 918 715 ordinatum,

202 721 395 752 Promittentes
406 729 466 749 rem
481 726 568 747 ratam
584 717 694 754 haberi,
711 716 744 746 ec
761 715 916 753 judicatum
938 715 1024 754 solvi,
1042 724 1109 745 cum
1131 715 1227 744 omni-

166 762 216 791 bus
235 757 287 789 suis
306 757 443 795 clausulis,
460 756 509 786 sub
528 756 666 793 ypotheca
686 756 719 785 &
737 755 912 791 obligatione
932 754 1074 795 bonorum
1099 754 1227 794 omniurn

166 795 280 829 Domfis
294 795 413 833 nostrae,
430 793 606 832 praesentium
626 803 659 823 ac
674 795 756 823 etiam
777 793 952 830 futurorum,
970 796 1074 829 nolque
1089 791 1227 829 fidejusso-

164 846 205 866 res
219 835 413 866 constituentes
428 842 480 870 pro
495 832 598 862 eorem
621 830 802 862 Procuratore
820 831 932 869 nostro,
951 831 1091 870 Syndico,
1110 830 1229 859 Ycono—

165 883 235 912 rn0,
254 874 286 904 δε
309 872 429 909 Αᾶοτε,
448 871 481 901 &
505 869 693 900 substituendo
717 880 750 900 ac
775 869 966 900 substituendis
985 869 1020 898 ab
1036 878 1086 898 eo:
1106 868 1177 906 ipsos
1195 869 1228 899 &

164 911 288 950 ipsorum
303 909 453 948 quemlibet
459 908 580 939 relevare
593 908 716 938 volentes
730 908 767 938 ab
781 910 862 938 omni
876 918 961 938 onere
974 907 1123 937 satisdandi.

203 949 254 987 Et,
271 959 306 979 ne
320 947 411 978 forsan
421 970 431 986 ,
445 947 537 985 aliquo
552 946 613 977 casu
628 947 843 984 interveniente,
863 946 939 984 quod
955 946 1038 983 abiit,
1058 944 1147 982 posset
1166 954 1230 975 exe-

168 989 247 1020 cutio
258 987 397 1025 potestatis
411 995 492 1023 atque
507 985 674 1016 auetoritatis
695 984 870 1023 hujusmodi,
891 995 938 1022 per
959 994 1009 1015 nos
1030 984 1121 1014 eidem
1147 983 1230 1013 Fratri

167 1025 286 1058 Alberto
300 1025 490 1055 attributarutn
506 1023 699 1062 praesentibus,
717 1025 746 1053 in
761 1023 958 1054 detrimentum
979 1022 1102 1053 nostrum
1119 1022 1151 1052 ὃ(
1168 1021 1232 1051 Do-

166 1062 231 1095 mus
247 1063 395 1100 annullari,
412 1063 498 1093 autin
515 1063 607 1100 aliquo
623 1062 768 1100 retardari,

204 1101 344 1132 Volumus
365 1102 398 1132 δε
419 1101 618 1138 concedimus,
643 1109 739 1131 tenore
756 1099 948 1138 praesentium,
966 1099 1046 1130 dieto
1066 1098 1150 1128 Fratri
1166 1096 1233 1127 Phi-

166 1140 245 1179 lippo
265 1140 302 1170 de
315 1140 487 1177 Gragnana,
504 1138 595 1169 Priori
612 1138 716 1176 Urbis,
742 1138 837 1176 quod,
863 1140 891 1167 in
910 1137 1023 1168 defectu
1046 1136 1115 1180 dieti
1135 1136 1232 1166 Fratris

166 1178 293 1216 Alberti‚
310 1179 403 1216 aliquo
421 1177 483 1208 casu
497 1178 715 1214 interveniente,
733 1176 898 1214 potestatem
921 1177 954 1206 &
969 1176 1162 1206 auetontatem
1180 1183 1232 1204 no-

166 1217 231 1248 stras
246 1217 396 1255 praemissas
411 1215 540 1253 perficere
553 1216 726 1253 nequiuntis,
745 1213 845 1252 poffit,
863 1214 899 1244 de
921 1214 1054 1251 connlio,
1072 1213 1231 1251 voluntate,

165 1266 200 1287 ac
220 1254 346 1293 expresso
368 1254 470 1285 assensu
490 1253 632 1284 dierorum
648 1253 765 1283 aliorum
780 1252 931 1283 Sociorum
954 1252 1086 1290 suorum,
1104 1251 1149 1281 vel
1172 1261 1231 1281 ma-

164 1294 235 1334 joris
250 1295 347 1332 partis,
366 1302 433 1323 tunc
449 1292 498 1322 fibi
513 1291 709 1330 affistentium‚
730 1291 866 1329 praedicta
887 1292 988 1320 omnia
1005 1291 1038 1321 &
1055 1289 1160 1326 fingula
1181 1289 1230 1319 fibi

167 1332 325 1371 assumere,
344 1332 451 1369 ipsaque
469 1331 579 1368 facere,
596 1329 705 1368 dicere,
721 1339 884 1367 procurare,
909 1331 1023 1367 exequi,
1039 1329 1169 1366 tractare,
1186 1338 1233 1357 or-

166 1370 281 1409 dinare,
299 1372 438 1408 incipere,
458 1368 598 1406 mediare,
616 1368 776 1406 complere,
794 1377 826 1398 ac
839 1368 949 1407 incepta
968 1378 1015 1405 per
1032 1368 1155 1397 eundem
1170 1366 1233 1397 Fra-

167 1417 241 1441 trem
256 1408 401 1440 Alberturu
415 1408 444 1437 in
456 1407 592 1437 omnibus
606 1407 638 1437 ὃ(
653 1417 700 1444 per
714 1407 814 1436 omnia
822 1404 936 1436 effectui
952 1406 1127 1444 mancipare,

209 1447 341 1478 Eundem
357 1445 485 1476 Priorem
498 1445 608 1484 Urbis,
628 1446 658 1475 in
674 1444 735 1475 casu
749 1444 904 1482 praedieto,
926 1444 969 1474 vel
986 1444 1081 1481 limili,
1099 1444 1165 1473 loco
1188 1442 1233 1473 di-

170 1486 212 1517 &i
234 1486 329 1516 Fratris
352 1484 459 1515 Alberti
478 1493 606 1521 exnunc,
624 1491 653 1513 ut
673 1491 793 1521 extunC,
810 1482 887 1520 super
905 1482 1035 1512 universis
1051 1482 1084 1512 &
1103 1482 1232 1520 smgulis,

170 1524 291 1562 superius
312 1523 485 1561 expreffatiS,
502 1523 535 1553 &
551 1532 581 1552 ea
605 1522 801 1559 tangentibus,
819 1531 866 1558 per
884 1520 1043 1558 praesenteS,
1060 1531 1128 1551 cum
1150 1522 1234 1550 omni

169 1562 309 1602 potestatis
321 1561 491 1601 plenitudine
506 1560 703 1600 subrogantes,
721 1560 754 1592 &
768 1559 899 1591 fibivices
912 1558 1015 1589 nostras
1021 1558 1141 1589 totaliter
1150 1568 1235 1589 com-

169 1610 310 1632 mittentes

246 1641 375 1678 uocirca,
392 1638 516 1669 districte
532 1637 740 1676 praecipiendo,
760 1637 940 1676 mandamus,
959 1639 987 1667 in
1010 1638 1110 1668 virtute
1124 1636 1237 1667 Sanetae

171 1677 224 1708 Ob
259 1679 352 1709 ientiae
370 1677 584 1709 Nichilominus
603 1677 795 1714 injungentes,
815 1675 980 1715 Religiofis,
997 1676 1026 1705 in
1044 1674 1160 1706 Christo
1182 1685 1236 1705 no-

171 1717 215 1747 bis
229 1717 388 1754 cariffimis,
405 1715 550 1745 Univerfis
563 1715 595 1745 δε
612 1713 724 1752 singulis
740 1713 898 1753 Prioribus,
916 1714 1142 1752 Viceprioribus,
1161 1712 1236 1743 Prae-

169 1755 344 1793 ceptoribus,
362 1755 396 1785 &
411 1753 543 1792 Baylivis‚
561 1753 593 1783 &
607 1763 723 1791 eorum,
739 1762 784 1783 aut
798 1752 883 1782 nostri
907 1752 1038 1791 Magistri
1055 1752 1119 1783 loca
1140 1762 1238 1782 tenen-

171 1794 211 1832 ti,
229 1793 385 1830 Fratribus,
401 1791 568 1829 Sororibus,
588 1791 709 1822 Donatis
743 1791 938 1829 Hominibus,
957 1790 1099 1829 Vass‘allis,
1116 1791 1148 1821 ὃς
1165 1790 1238 1821 Sub-

169 1831 233 1862 ditis
247 1830 455 1869 quibuscunque
475 1828 595 1868 nostris,
614 1830 634 1850 *²
657 1830 690 1861 &
714 1813 765 1859 Do

45 1849 66 1869 ῃ
81 1849 125 1877 111
571 1869 576 1874 ¹
618 1869 623 1875 .
742 1869 746 1874 -
767 1828 830 1874 mus
852 1840 884 1860 ac
906 1829 1041 1874 Ordinis,
1067 1830 1100 1860 &
1122 1828 1238 1859 Domus

66 1888 81 1914 6
130 1871 136 1877 ⁸
191 1871 313 1901 uondam
330 1867 446 1899 Militiae
458 1867 593 1912 Templi,
616 1879 644 1898 in
662 1867 802 1906 praedic'tis
824 1868 1006 1912 transmarinis
1029 1868 1147 1905 partibus
1166 1878 1238 1898 con-

45 1897 64 1923 4
87 1896 112 1925 3⁸
169 1880 285 1947 Ritutis,
303 1916 434 1946 quatenus
449 1906 617 1945 praedictum
633 1906 757 1937 Fratrem
773 1907 938 1945 Albenum,
956 1906 1132 1937 Vifitatorem
1148 1907 1181 1937 &
1197 1906 1239 1936 lo-

170 1957 239 1978 cum
253 1946 380 1977 nostrum
393 1954 554 1983 tenentem,
573 1944 634 1984 vel,
653 1946 681 1976 in
704 1944 817 1976 defee‘cu
839 1945 980 1983 ejusdem,
999 1954 1028 1975 ut
1049 1946 1240 1982 praemittitur,

171 1985 282 2017 dietum
302 1985 422 2015 Fratrem
445 1984 626 2022 Philippum,
644 1983 774 2014 Priorem
796 1984 903 2022 Urbis,
930 1984 1056 2020 benigne
1075 1983 1240 2021 admittant,

172 2022 373 2062 caritativeque
387 2023 521 2059 tranent,
541 2023 574 2053 ὃς
587 2023 654 2061 fibi,
672 2032 704 2053 ac
719 2021 830 2053 familiis
844 2022 913 2061 suis,
933 2023 961 2052 in
974 2022 1106 2053 omnibus
1119 2021 1170 2052 suis
1192 2031 1241 2051 ne-

175 2061 310 2100 ceffiriis,
335 2061 444 2099 eundo,
465 2060 580 2099 stando,
599 2061 632 2091 &
653 2061 812 2099 redeundo,
837 2060 982 2091 liberaliter
1008 2060 1189 2098 provideant,
1207 2069 1240 2090 ac

175 2102 219 2139 ei,
237 2108 368 2138 tanquam
381 2100 477 2138 nobis,
493 2101 521 2129 in
536 2100 688 2137 omnibus,
704 2099 935 2137 spiritualitatem,
959 2100 992 2129 &
1007 2098 1241 2135 temporalitatem

175 2138 382 2178 quoquomodo
395 2138 587 2175 tangentibus,
606 2138 747 2167 intendant
761 2138 794 2167 &
810 2146 919 2175 pareant
932 2145 1106 2174 reverenter,
1122 2136 1170 2165 sibi
1187 2136 1242 2165 im-

201 2179 281 2207 ertire
295 2175 431 2207 studentes
443 2177 473 2206 in
488 2175 556 2213 hiis,
575 2185 638 2213 quae
654 2175 687 2205 ad
701 2174 806 2205 Curam
823 2177 856 2206 ὅ(
872 2175 1032 2214 Regimen,
1055 2174 1087 2204 &
1110 2174 1244 2204 Admini-

178 2187 342 2246 lirationem
362 2214 505 2245 dictorum
525 2214 684 2252 bonorum,
699 2223 732 2244 ac
756 2213 966 2250 expeditionem
980 2212 1096 2243 felicem
1118 2212 1151 2242 &
1171 2211 1243 2242 cele-

179 2263 241 2284 rem
255 2253 436 2289 negotiorum
449 2251 626 2290 nostrorum,
643 2252 676 2282 &
692 2250 824 2289 Domfis,
843 2251 920 2282 suum
937 2250 1052 2281 fideliter
1067 2250 1226 2281 Consilium
1236 2274 1245 2290 ,

180 2291 344 2328 Auxilium,
361 2291 394 2321 &
407 2290 553 2328 favorem,
570 2289 624 2327 fic,
641 2297 772 2328 tanquam
795 2289 857 2319 Filii
874 2289 1071 2327 Obedientiae,
1087 2288 1114 2319 se
1139 2289 1239 2318 baben*

178 2337 219 2362 tes
232 2331 260 2359 in
275 2328 432 2367 praedietis,
450 2327 529 2366 quod
543 2327 702 2358 devotionis
714 2337 812 2358 eorum
823 2327 1076 2366 promptitudinem
1094 2326 1244 2364 condignis

179 2369 211 2399 in
227 2367 361 2398 Domino
375 2366 500 2397 laudibus
515 2365 637 2397 attollere
652 2365 792 2396 valeamus

218 2405 252 2436 In
267 2415 387 2444 quorum
404 2405 537 2435 omnium
553 2403 748 2435 testimonium
763 2405 796 2435 &
820 2404 1036 2443 certitudinem,
1057 2402 1132 2435 Bulla
1155 2402 1247 2434 nostra

166 2444 361 2486 communis,
379 2443 526 2484 plumbea,
544 2442 719 2481 praesentibus
733 2442 773 2474 est
788 2443 915 2482 appenia.

219 2519 295 2552 Data
311 2519 408 2559 Rodi,
424 2519 471 2550 die
483 2519 601 2558 septima
612 2519 725 2551 decima
739 2518 844 2551 Mensis
857 2520 1013 2559 octobris,
1031 2520 1119 2552 Anno
1141 2518 1250 2553 Domi-

182 2559 214 2590 ni
228 2559 400 2597 Millefimo,
417 2559 629 2598 trecentesimo,
647 2558 830 2590 duodecimo.

361 2695 410 2727 De
432 2692 674 2737 transfretatione
700 2694 787 2739 Regis
809 2695 846 2731 ὠ
869 2694 934 2739 ejus
956 2691 1067 2726 reditu.

42 2784 117 2817 Ann.
130 2782 172 2814 D.

189 2778 317 2847 MEM
326 2787 346 2809 ο
357 2788 380 2809 R
390 2788 410 2809 A
420 2787 442 2809 N
453 2788 474 2809 D
482 2787 505 2809 U
517 2786 560 2817 M,
576 2778 648 2819 quod
659 2781 790 2809 Dominus
813 2781 874 2808 Rex
896 2776 1099 2818 transfretavit
1121 2781 1150 2807 in
1167 2779 1253 2807 Portu

64 2832 77 2853 1
83 2832 98 2863 3
105 2831 117 2851 1
123 2830 150 2860 3.

279 2820 414 2847 Dovorrae
430 2817 523 2856 versus
537 2821 672 2847 Bononem
685 2821 713 2846 in
727 2820 963 2856 Peregrinatione,
981 2817 1022 2846 die
1038 2819 1169 2846 Mercurii
1178 2825 1255 2855 ²pro-

41 2865 95 2890 An.
111 2870 137 2895 7.
189 2857 261 2883 ximo
276 2863 341 2885 ante
356 2854 460 2893 Festum
476 2858 580 2885 Sanflae
597 2857 688 2885 Luciae
703 2857 835 2895 Virginis,
857 2858 944 2885 Anno
960 2858 1045 2893 Regni
1053 2853 1100 2894 fici
1106 2853 1236 2895 septimo:

42 2904 73 2927 Ε.
99 2908 125 2925 2.
232 2894 273 2921 Et
287 2893 329 2922 die
342 2892 444 2934 Jovis,
461 2898 491 2924 in
512 2893 610 2932 ‘vigilia‘
632 2895 726 2923 Sanffl'
738 2893 845 2923 Thomae
860 2893 981 2934 Apostoli
992 2897 1113 2931 proximo
1130 2892 1255 2933 sequenti

43 2937 131 2973 Claus.
147 2946 173 2972 7,
192 2931 274 2960 rediit
287 2934 317 2960 in
333 2931 484 2972 Angliam,
501 2930 540 2967 &¹
554 2931 679 2971 applicuit
695 2935 723 2961 in
738 2933 824 2962 Portu
838 2932 869 2961 de
886 2931 1028 2961 Sandwico
1038 2955 1047 2970 ,
1063 2943 1157 2969 magno
1168 2930 1256 2971 figillo

42 2980 156 3003 1,2,m,
193 2972 204 2998 i
213 2968 271 3009 fius
287 2972 396 2999 Domini
411 2973 504 3008 Regis,
523 2973 552 3000 in
565 2969 679 3009 custodia¹
694 2973 806 3000 Domini
822 2969 957 3008 Walteri,
975 2969 1065 3000 Elem
1073 2973 1257 3000 cantuarien-

49 3013 124 3051 13.d.
203 3017 242 3045 ts,
253 3005 325 3047 ficut
334 3008 410 3046 prius
419 3031 429 3047 ,
446 3011 555 3038 interim
569 3007 708 3048 extstente.

200 3082 1256 3092 ffl—

324 3133 373 3164 De
395 3133 630 3164 Summonitione
655 3134 782 3165 Servitia·
797 3141 853 3177 pro
870 3142 987 3178 guerra
1008 3134 1118 3165 Scotiae.

48 3224 126 3256 Am,
138 3222 180 3254 D,
195 3215 313 3275 REX
322 3239 332 3256 ,
350 3216 454 3247 dilecto
468 3215 689 3255 Confimguineo
701 3216 735 3248 δε
750 3215 825 3246 fideli
836 3216 886 3248 suo
895 3240 904 3255 ,
923 3216 1054 3247 Thomae
1065 3215 1175 3248 Comiti
1184 3216 1258 3248 Lan-

52 3296 56 3301 *
68 3271 154 3303 1313,
268 3254 392 3299 cainiaq,
409 3254 531 3286 salutem.
678 3295 682 3300 Ι
877 3295 882 3300 ¹

48 3305 99 3330 An.
115 3311 141 3336 7·
180 3316 183 3317 γ
231 3292 301 3337 Satis
311 3293 531 3362 vogiltsr'const2i7
548 3294 581 3325 &
593 3293 771 3363 pqrdffiyegas
784 3293 1195 3363 rgistffgliupartgsegerciopeabsqgce
1207 3305 1259 3325 no-

47 3344 135 3414 {iai-cs
146 3387 171 3414 7,
193 3331 354 3413 ἀίξῖὖὶέξτζ
366 3341 478 3414 ςυᾞίῑέξ
492 3342 633 3401 Κιὲἑὲζῗυε
646 3370 682 3401 de
687 3343 789 3401 nll3rusn
803 3343 1085 3411 suiqiiemcompliges
1094 3343 1152 3402 ’δία
1159 3343 1261 3402 Ρὲιῗέἓέ

48 3420 82 3444 Ε,
96 3425 122 3442 2.
135 3426 174 3445 m,
196 3419 253 3447 ree,
272 3408 388 3438 inimici
406 3408 439 3438 &
459 3408 587 3440 Rebelles
601 3409 706 3447 nostri,
723 3408 762 3440 du
782 3419 833 3439 um
853 3418 969 3447 contra,
987 3409 1069 3440 clarae
1091 3411 1259 3448 memoriae,

36 3487 39 3490 Α
53 3463 95 3491 ¹4·
111 3454 138 3482 d.
197 3447 365 3478 Dominum
378 3444 412 3475 E.
427 3446 566 3484 quondam
580 3447 698 3485 Regem
713 3447 846 3485 Angliae,
862 3448 1018 3484 genitorem
1033 3446 1160 3478 nostrum
1168 3471 1182 3493 ,y
1196 3458 1262 3486 pro-

197 3485 364 3517 ditionaliter
375 3483 560 3523 insurgentes,
576 3486 610 3516 &
623 3485 715 3516 adhuc
727 3487 756 3515 in
771 3485 927 3521 huiusmodi
941 3486 1096 3516 rebellione
1175 3488 1261 3517 inaci-

193 3532 240 3569 Ἢ·
250 3523 425 3592 Rerduv‘ffiae
430 3523 605 3591 ’8ἰῇῗὲῗὲ
606 3534 648 3592 ²132
656 3525 740 3592 ἳὲῗὲἒ
747 3522 848 3592 3353?
850 3523 1052 3593 ‘Ecssssssfflm
1060 3524 1105 3592 9²
1116 3535 1158 3593 5²
1164 3547 1180 3569 ’-
1194 3524 1262 3555 Μ’

195 3563 642 3643 fflffifijacentiss30521ny3sespnt
665 3601 698 3631 &
719 3601 908 3639 occuparunt:
929 3573 1104 3639 ho’rnaiinciiil,S
1117 3573 1261 3639 deerpisaerdg:

194 3641 300 3677 tiones,
317 3637 463 3675 incendia,
478 3635 636 3676 sacrilegia,
650 3638 684 3669 ὅ(
696 3637 746 3669 alia
759 3640 904 3670 innumera
926 3639 1054 3670 facinora
1075 3639 1261 3671 inhumaniter

193 3688 242 3716 Per
260 3676 358 3756 rtirpatlgi51
359 3687 430 3753 cquae
443 3713 649 3752 ordinavimus,
664 3714 698 3745 &
713 3714 769 3746 effiz
783 3717 968 3755 proponimus
1003 3715 1139 3747 Domino
1154 3727 1260 3748 conce-

197 3753 299 3798 dente,
315 3753 360 3784 die
378 3753 466 3783 Lunae
475 3775 485 3791 ,
505 3753 638 3790 proximo
651 3762 713 3798 ante
727 3753 838 3785 Festum
851 3754 947 3786 Sancti
961 3739 1092 3785 &arnabae
1113 3756 1261 3794 Apostoli,

193 3795 333 3830 rproximo
348 3791 473 3823 futurum
509 3790 582 3835 apud
596 3789 771 3835 Berewmum
785 3792 863 3831 super
877 3793 1036 3831 Twedam,
1053 3803 1122 3824 cum
1137 3796 1214 3832 equis
1226 3795 1260 3825 δι’.

197 3832 282 3861 armis
297 3853 307 3868 ,
332 3830 365 3860 &
386 3839 447 3860 toto
478 3838 579 3860 ervrno
598 3828 682 3859 nobis
701 3828 799 3860 debito
814 3854 824 3870 ,
849 3831 885 3862 ad
905 3830 1137 3869 proficiscendum
1158 3832 1260 3863 exinde

193 3876 294 3899 contra
305 3868 457 3906 praedictos
471 3867 607 3898 inimicos
618 3868 652 3898 &
665 3866 793 3898 Rebelles
804 3868 929 3908 nostros,
949 3869 982 3900 ad
996 3869 1118 3906 ipsorum
1131 3870 1263 3901 rebellio-

194 3906 337 3975 nemdficm
331 3907 484 3944 nequitiam
501 3905 613 3937 viriliter
626 3905 660 3936 &
678 3911 822 3946 potenter,
838 3917 907 3950 cum
923 3907 981 3938 Dei
1001 3907 1157 3948 adjutorio,
1175 3909 1263 3947 repri-

199 3952 350 4026 rneEntideo
367 3983 449 4014 vobis
463 3983 647 4021 mandamus,
663 3984 691 4012 in
705 3981 760 4012 fide
774 3984 807 4014 &
827 3983 985 4022 homagio,
1022 3984 1101 4015 uibus
1120 3987 1204 4017 nobis
1220 3988 1281 4016 te-‘

201 4027 326 4062 netmm,
342 4019 456 4052 firmiter
469 4022 664 4060 injungentes,
682 4020 772 4059 quod,
788 4020 823 4051 ad
840 4022 990 4059 praedictos
1028 4023 1083 4053 'em
1097 4023 1130 4055 δε
1152 4024 1261 4062 locum,

205 4056 259 4090 sius
273 4057 469 4130 αῑὰὦοεῂειιὲυ
478 4061 568 4130 Ιεςιιὶε
579 4060 614 4093 δι
627 4060 727 4100 atmiS,
743 4059 776 4094 ὃς
799 4066 860 4094 toto
872 4059 1000 4102 ἱεῖνὶιίο,
1016 4060 1094 4101 quod
1116 4062 1199 4095 nobis
1215 4061 1266 4102 ἀεῖ

344 4118 352 4127 0
404 4119 411 4129 0
457 4120 464 4131 F
496 4121 505 4136 ι

1265 168 1843 213 PUBLIG2A.
2283 184 2335 225 59

1268 256 1337 285 betis
1354 277 1364 293 ,
1389 256 1514 298 prompti
1535 256 1567 285 &
1587 257 1671 293 parati
1692 257 1725 287 ad
1747 255 1976 294 proficiscendum
1996 256 2095 289 exinde
2115 259 2280 298 nobiscum,
2298 261 2332 291 ὃς
2349 257 2426 290 Ann.
2442 260 2484 297 Β,-

1268 292 1408 336 cumaliis
1422 292 1545 338 fidelibus
1561 296 1675 337 nostris,
1691 305 1789 326 contra
1806 296 1942 326 inimicos
1962 297 1994 327 ὃς
2011 296 2140 327 Rebelles
2159 297 2266 327 nostros
2288 298 2331 329 su-
2369 307 2455 339 1313.

1268 331 1420 374 pradicios,
1438 335 1609 374 antii->lorum
1625 334 1777 363 induratam
1801 334 1934 365 malitiam
1957 336 1989 366 &
2011 336 2181 373 proterviam
2206 346 2330 373 porenter
2351 340 2417 367 Ed‘v.
2436 347 2464 367 2.

1266 370 1299 399 &
1317 369 1440 406 Viriliter‚
1456 369 1555 398 divmo
1572 369 1679 400 favente
1696 372 1835 410 praesidio,
1854 373 2118 412 comprimendum,
2134 374 2167 404 &
2184 374 2260 413 hoc,
2278 376 2330 405 lic·
2456 371 2464 375 Δ

1267 416 1295 437 ut
1311 417 1377 444 nos,
1397 408 1429 450 ὃς
1442 407 1585 450 ‘honorem
1608 409 1749 447 nostrum,
1767 412 1798 440 &
1822 413 1963 450 vestrum,
1981 422 2014 443 ac
2030 412 2127 450 Regni
2141 413 2229 443 nostri
2244 422 2327 444 com-
2374 438 2378 441 ,

1265 447 1386 475 modum
1401 445 1531 483 diligitis,
1549 446 1624 476 nullo
1640 447 1729 476 modo
1741 450 1878 479 omittatis.
2324 448 2328 451 ⁴

1301 524 1389 555 Teste
1398 524 1485 563 Rege
1499 526 1571 564 apud
1586 525 1887 569 Westmonasterium,
1904 538 1951 570 23.
1967 531 2015 561 die
2028 530 2207 563 Decembris.

1396 608 1562 643 Consimiles
1576 613 1660 644 litene
1674 613 1831 651 diriguntur
1855 614 2023 657 subscriptis,
2041 618 2190 659 videlicet,

1266 688 1372 719 Thomae
1394 690 1427 719 de
1455 691 1621 723 Brotherton
1636 716 1647 733 ,
1682 697 1780 725 comiti
1820 694 1960 724 Wllielmo
1976 697 2093 736 Paynel,

1303 726 1475 766 Norffblciae,
1818 734 1933 761 Henrico
1949 735 1980 763 de
1994 737 2020 763 E
2023 737 2130 767 rdmton

1267 766 1409 796 Adamaro
1435 767 1466 812 ase
1477 766 1482 772 '
1493 768 1619 799 V..lentia
1638 794 1648 809 ,
1681 775 1779 802 Comiti
1817 770 1946 808 Jvhatmt'
1960 774 1991 800 de
2007 774 2118 814 Sulleie,
2137 761 2149 777 ⁷

1305 804 1467 835 Pembrokaae
1476 829 1485 844 ,
1817 810 1934 838 Henrito
1948 813 2051 846 Trcgoz
2059 835 2067 849 ,

1268 841 1413 883 Humsrra'o
1429 850 1459 873 de
1475 845 1587 884 Bohun,
1608 851 1705 878 Comiti
1723 852 1781 880 He-

1307 882 1446 921 resora'iae,
1464 882 1502 916 ὠ·
1521 885 1658 925 Εβὲκκιε,

1270 920 1392 987 Galilaia
1402 921 1433 950 de
1455 921 1532 951 Bello
1547 928 1662 964 Campo,
1684 930 1781 957 Comiti

1271 982 1431 1035 Edmundo,
1451 1001 1549 1028 Comiti
1563 1003 1711 1033 Arundell.

1272 1035 1386 1064 Roberto
1401 1037 1432 1064 de
1443 1039 1525 1075 b'eer,
1544 1042 1639 1070 Comiti
1655 1045 1782 1082 Oxoniae,

1271 1072 1378 1102 Thomae
1392 1074 1424 1103 de
1444 1075 1559 1114 Beikle,

1272 1111 1291 1129 ²*
1306 1111 1421 1141 Ruberto
1437 1113 1504 1143 Filio
1521 1115 1652 1155 maeri,

1271 1149 1419 1180 Theobaldo
1434 1152 1465 1181 de
1480 1154 1584 1184 Verdun
1592 1177 1603 1193 ,

1271 1188 1404 1217 Nicholao
1418 1192 1450 1219 de
1466 1190 1563 1231 Astle‚

1274 1226 1415 1258 Wdlielmo
1430 1231 1461 1258 de
1475 1233 1528 1259 Ros
1543 1232 1575 1260 de
1590 1232 1727 1264 Hamelak
1736 1257 1746 1273 ,

1274 1265 1418 1296 Wsllielmo
1434 1270 1568 1308 Martyn,

1272 1303 1378 1333 Thomae
1395 1306 1507 1336 Multon
1521 1309 1552 1337 de
1567 1310 1741 1350 Egremund,

1272 1341 1378 1372 Thomae
1395 1344 1505 1375 Multon
1519 1348 1550 1375 de
1565 1348 1710 1389 Gillessona'
1716 1374 1725 1388 ,

1273 1383 1453 1412 Marmad'uco
1469 1385 1500 1413 de
1516 1388 1635 1426 Tweng,

1273 1418 1370 1449 Alana
1384 1420 1413 1450 la
1429 1423 1550 1461 Zoushe,

1274 1456 1380 1488 Thomae
1397 1461 1428 1489 de
1443 1463 1609 1502 furnivall,

1275 1495 1417 1527 Wllzelmo
1432 1500 1464 1528 de
1481 1502 1630 1541 Brewosa,

1275 1536 1357 1564 Petro
1374 1536 1405 1565 a'e
1422 1538 1501 1567 Malo
1516 1541 1610 1578 Lacu,

1275 1574 1372 1610 Rogero
1388 1575 1419 1604 de
1436 1579 1548 1607 Mortuo
1573 1581 1654 1609 Mari
1675 1581 1706 1610 de
1723 1583 1787 1622 Wy-

1311 1623 1414 1652 gomor,

1276 1652 1375 1687 Rogero
1392 1654 1424 1681 de
1431 1656 1544 1683 Mortuo
1560 1658 1639 1687 Mari
1653 1658 1684 1687 de
1694 1657 1788 1697 chirk,

1276 1688 1407 1727 Jahanni
1420 1692 1452 1720 de
1468 1696 1602 1732 Segrave,

1278 1729 1393 1758 Henrico
1408 1731 1440 1759 de
1455 1731 1623 1772 Lamastre,

1279 1768 1386 1803 Hugons
1401 1767 1425 1797 le
1441 1769 1603 1809 Despenser,

1279 1804 1406 1844 Johannz
1422 1809 1534 1848 Tyhotot
1543 1832 1553 1848 ,

1280 1846 1388 1880 Hugoni
1404 1846 1434 1874 de
1450 1847 1567 1886 Nevill,

1281 1882 1396 1912 Roberto
1412 1885 1444 1913 de
1462 1889 1558 1916 Monte
1572 1886 1662 1926 Alto,

1819 847 1934 876 Roberto
1949 850 1980 876 a'e
1998 849 2107 888 ufford,

1819 886 1936 914 Henrtco
1950 889 2041 925 Tyeis,

1819 925 1935 953 Henrico
1950 927 2042 963 Huse,

1819 963 1895 991 Adae
1911 963 1943 991 de
1959 964 2164 1004 Everingham,
2323 988 2325 991 .

1822 999 1971 1030 Willielmo
1987 1001 2010 1030 le
2018 1003 2136 1033 BotiLer
2150 1006 2182 1035 de
2198 1009 2328 1042 Wemme‘

1820 1040 1902 1068 Petro
1918 1039 2031 1078 Corbet,
2316 1034 2327 1050 ³

1821 1076 1950 1115 Johanni
1968 1081 1995 1107 E
1999 1083 2080 1114 ngam'
2088 1103 2098 1118 ,

1821 1115 1950 1153 Johannt
1964 1118 1995 1146 de
2011 1117 2114 1157 Thorp,

1823 1156 1864 1183 W
1865 1153 1970 1183 illielmo
1985 1154 2008 1184 le
2026 1158 2205 1198 Maresihall,

1822 1192 1955 1221 Njcholao
1969 1195 2000 1222 ae
2016 1198 2150 1235 Segrave,

1823 1231 1929 1260 Thomae
1944 1231 1967 1260 le
1985 1235 2129 1271 Latymer,

1823 1268 1953 1307 Johanni
1966 1275 1996 1298 de
2013 1272 2194 1313 Lanrastria²

1826 1309 1868 1336 W
1868 1307 1956 1336 altero
1972 1312 2004 1337 de
2017 1311 2224 1351 Fauian-berge,

1825 1347 1868 1375 W
1867 1344 1975 1376 illielmo
1991 1349 2024 1376 de
2039 1347 2190 1387 flamvill,
2209 1368 2213 1371 s

1823 1383 1950 1421 Galfrido
1969 1390 2001 1415 de
2016 1390 2084 1426 Say,

1824 1423 1938 1452 Roberta
1955 1423 2022 1453 Filio
2037 1426 2164 1464 pagani,

1824 1463 1934 1498 Hugom·
1949 1465 2030 1501 Veer,

1824 1500 1946 1530 Gilberto
1962 1500 2077 1541 Pecclae,

1779 1539 1782 1541 ⁴
1825 1538 1945 1577 Philippo
1960 1542 2031 1570 Dan
2033 1552 2067 1581 y,

1826 1578 1934 1613 Hugoni
1951 1579 1983 1607 de
1997 1583 2016 1607 C
2018 1586 2157 1620 ourteneye
2162 1603 2173 1619 ,

1826 1615 1955 1653 Johanni
1969 1616 1996 1645 la
2013 1619 2055 1646 W
2053 1629 2133 1656 cirre,

1827 1654 1958 1692 Johanni
1972 1660 2004 1684 de
2019 1655 2192 1697 Claveryng,
2201 1673 2210 1679 ν

1827 1692 1885 1722 Fuh
1893 1697 1936 1722 oni
1950 1695 2111 1733 Extraneo,

1828 1730 1935 1760 Falconi
1951 1735 2018 1761 Filio
2035 1735 2077 1761 W
2077 1737 2166 1772 arini,

1830 1772 1966 1799 Mauritio
1987 1772 2019 1800 de
2036 1772 2165 1810 Eerkele,

1832 1807 1961 1846 Johanni
1975 1810 2007 1838 de
2024 1810 2115 1845 Insulvs
2130 1811 2163 1839 de
2181 1810 2295 1850 Wght,

1832 1847 1962 1885 Johanni
1977 1859 2008 1877 ae
2024 1848 2186 1885 Cherleton,

1832 1885 1964 1923 Johanni
1984 1887 2016 1915 a'e
2039 1886 2114 1916 Bello
2134 1891 2230 1925 Campo
2251 1888 2284 1918 de
2297 1891 2343 1923 So-]

2373 1131 2393 1150 ’Β
2411 1131 2467 1158 1112

2389 1171 2452 1204 464..

1281 1920 1410 1959 Johanni
1420 1923 1533 1962 Gffira'
1545 1927 1576 1954 de
1585 1924 1794 1966 Brummesfeld,
1871 1926 1966 1963 merset
1974 1948 1983 1962 ,

1281 1959 1387 1990 Thomae
1403 1961 1434 1991 de
1450 1963 1597 2003 Bardolse,
1834 1961 1964 2004 Johanni
1979 1965 2011 1993 de
2025 1966 2148 2004 Rypariis

1282 1997 1415 2045 Richardo
1431 2002 1463 2030 de
1475 2004 1562 2041 Grey,
1834 2001 1962 2069 GaZ‘rido
1976 2002 2118 2041 Luterell,
2154 1988 2163 2004 ³

1280 2035 1409 2074 Johannt
1424 2041 1455 2068 de
1468 2043 1553 2079 Grey,
1834 2041 1875 2080 Jo
1897 2045 1964 2070 anni
1982 2042 2013 2070 de
2035 2043 2132 2070 Sanfft‘o
2155 2041 2288 2080 Johanne
2311 2044 2341 2072 de

1283 2075 1423 2113 Radulpho
1437 2077 1531 2116 Baffit
1545 2079 1578 2108 de
1592 2083 1732 2118 Draiton,

1285 2114 1365 2142 Radu
1393 2113 1426 2142 ho
1440 2117 1471 2144 de
1484 2119 1600 2156 Gorgos,

1282 2122 1423 2190 Radulgho
1438 2154 1535 2194 Baffet
1552 2156 1584 2185 de
1605 2159 1742 2194 Sapecote,

1284 2191 1399 2220 Henrico
1416 2192 1447 2220 de
1463 2193 1540 2222 Bello
1552 2196 1667 2233 Monte,

1286 2230 1442 2259 Henricode
1458 2233 1524 2260 Pers
1548 2255 1558 2270 ,

1286 2267 1400 2297 Roberto
1415 2270 1447 2298 de
1460 2270 1503 2308 Cli
1539 2271 1590 2309 rd,

1284 2304 1412 2342 Johanni
1428 2307 1460 2336 de
1475 2306 1593 2348 0rreby‚

1286 2346 1385 2380 Rogero
1399 2346 1430 2374 de
1446 2348 1528 2376 Novo
1546 2350 1685 2387 Mercatog

1289 2382 1430 2412 W'llielmo
1444 2383 1472 2412 la
1489 2384 1611 2423 Zusshe,

1288 2421 1416 2451 Auchero
1434 2422 1500 2452 Filio
1515 2425 1642 2461 Henrici,

1289 2459 1410 2498 Philippo
1427 2461 1459 2490 de
1473 2463 1575 2501 Kyme,

1289 2498 1432 2528 Edmundo
1448 2503 1618 2539 Deyncourt,
1675 2524 1677 2526 -

1289 2535 1419 2574 Johanm'
1429 2540 1574 2568 Botecurte
1581 2562 1591 2578 ,

1290 2574 1397 2606 Thomae
1411 2579 1533 2607 Maudut
1541 2600 1553 2617 ,

1871 2079 2030 2116 Lageham,

1835 2120 1933 2147 Simoni
1951 2118 1982 2147 de
1996 2121 2094 2147 Monte
2105 2120 2216 2157 Acuto,

1838 2157 1881 2185 W
1881 2155 1966 2184 altero
1983 2157 2015 2185 de
2029 2159 2107 2195 Teie,

1837 2196 1952 2224 Roberto
1967 2195 1999 2223 de
2015 2196 2157 2234 Grendon,

1838 2235 1937 2269 Bogom
1951 2235 1983 2262 de
1998 2233 2130 2271 Kmvill,

1838 2271 1944 2300 Thomae
1959 2272 1991 2300 de
2006 2271 2033 2300 la
2048 2272 2151 2310 Roche,

1842 2310 1885 2337 W
1884 2308 1991 2337 illielmo
2007 2310 2123 2348 Turloet,

1841 2346 1939 2375 Alano
1957 2346 2104 2385 Plukenet,

1842 2384 2007 2414 Alexandro
2021 2388 2053 2414 de
2068 2385 2189 2425 Fri-vill,

1839 2422 1997 2461 Randolpho
2010 2427 2196 2463 Saunzaver,

1841 2461 1948 2491 Thomfe
1965 2463 1997 2491 de
2009 2462 2130 2501 Greleie,

1844 2499 1995 2530 Willielmo
2011 2502 2043 2530 de
2055 2499 2236 2542 Havynfi’ld,

1843 2537 1958 2568 Roberto
1972 2540 2004 2569 de
2020 2538 2113 2578 Insula
2123 2563 2132 2578 ,

1844 2575 1973 2614 Johanni
1987 2578 2020 2607 de
2033 2578 2174 2612 Moubray.

1501 2721 1552 2754 De
1573 2720 1810 2754 Proclamatione
1826 2730 1882 2766 pro
1907 2719 1985 2753 disto
2006 2723 2148 2755 Servitia.

1294 2815 1425 2887 REX
1443 2815 1618 2848 Vieecomiti
1630 2817 1776 2856 Eborum,
1793 2816 1924 2856 salutem,
1942 2817 2003 2854 &c.
2022 2824 2054 2847 ut
2065 2817 2161 2857 supra.
2385 2824 2460 2856 Arm,
2474 2823 2515 2856 Dg

1398 2855 1434 2886 Et
1449 2855 1515 2887 ideo
1530 2856 1582 2887 tibi
1596 2858 1792 2895 praecipimus,
1809 2857 1839 2886 in
1856 2856 1928 2895 fide,
1949 2867 2003 2895 qua
2017 2856 2100 2887 nobis
2117 2857 2234 2896 teneris,
2251 2855 2364 2887 firmiter
2414 2856 2496 2903 13¹3·

1294 2895 1465 2933 injungentes
1479 2917 1488 2932 ,
1515 2894 1591 2933 quod
1613 2894 1788 2925 summoneri
1808 2895 1892 2925 facias
1921 2894 2166 2933 Archiepiscopos,
2192 2895 2363 2933 Episcopos,
2386 2907 2424 2929 Aa
2450 2900 2475 2929 6.

1298 2933 1434 2970 Abbates,
1454 2932 1575 2972 Priores,
1593 2933 1625 2964 &
1641 2933 1704 2963 alias
1719 2933 1847 2972 personas
1862 2932 2084 2972 Ecclefiasticas‚
2100 2934 2134 2964 &
2154 2934 2236 2964 etiarn
2253 2934 2364 2971 viduas,
2389 2946 2416 2968 E.
2434 2950 2459 2966 2,

1295 2972 1329 3002 &
1344 2971 1406 3001 alias
1422 2971 1552 3002 mulieres
1564 2971 1600 3001 de
1618 2971 1717 3002 Balliva
1730 2980 1794 3010 tua,
1818 2974 1865 3010 qui
1880 2972 1916 3002 de
1939 2973 2021 3002 nobis
2035 2980 2130 3003 tenent
2153 2982 2200 3010 per
2223 2972 2365 3002 servitium
2416 2977 2477 3006 md.

1298 3010 1437 3048 Militare,
1456 3010 1500 3039 vel
1513 3020 1560 3048 per
1575 3010 1755 3048 Serjantiam,
1770 3009 1815 3040 vel
1831 3010 1866 3040 de
1890 3009 2034 3041 Custodiis
2050 3009 2361 3048 Archiepiscoparuum,

1296 3047 1512 3116 Epiplc'copaguum
1527 3072 1536 3086 ,
1558 3048 1602 3078 seu
1623 3048 1680 3079 aliis
1700 3048 1864 3087 Custodiis‚
1881 3049 1937 3079 five
1958 3048 2092 3087 Wardis,
2110 3050 2140 3079 in
2163 3059 2247 3079 manu
2269 3049 2363 3079 mim

1295 3096 1340 3117 exi
1365 3095 1421 3116 enti
1444 3097 1489 3124 us,

1339 3124 1446 3163 Qod,
1463 3125 1498 3155 ad
1514 3124 1608 3156 dictos
1623 3125 1703 3156 diem
1725 3126 1759 3156 &
1772 3125 1888 3164 locum,
1905 3126 2023 3156 habeant
2045 3124 2078 3155 ad
2103 3135 2153 3156 nos
2176 3132 2265 3155 totum
2285 3124 2367 3155 servi-

1298 3164 1371 3194 tium
1385 3163 1482 3202 suum,
1500 3165 1582 3195 nobis
1603 3164 1750 3202 debitum,
1767 3174 1836 3195 cum
1861 3166 1938 3202 equis
1961 3165 1993 3194 &
2009 3166 2092 3194 armis
2113 3164 2186 3193 bene
2206 3164 2367 3201 munium,

1298 3202 1332 3232 &
1347 3210 1469 3240 paratum
1485 3202 1517 3232 ad
1532 3201 1766 3241 proficiscendum
1782 3202 1882 3232 exinde
1898 3203 2065 3240 nobiscum,
2083 3202 2115 3233 &
2131 3211 2201 3231 cum
2220 3201 2278 3231 aliis
2298 3201 2366 3231 fide-

1298 3240 1370 3270 libus
1387 3239 1485 3277 Regni
1500 3241 1586 3271 nostri
1600 3250 1696 3272 contra
1711 3241 1813 3272 Scoros
1830 3241 1988 3278 praedictos.

1335 3278 1516 3309 Summoneri
1535 3281 1621 3310 etiam
1643 3279 1726 3310 facias
1745 3279 1875 3309 Comites
1882 3302 1893 3317 ,
1918 3278 2049 3316 Barones⁷
2075 3278 2108 3310 &
2129 3287 2229 3308 omnes
2248 3277 2313 3308 alios
2330 3276 2364 3307 de

1299 3316 1482 3356 Ballivatua,
1501 3319 1548 3356 qui
1564 3318 1600 3349 de
1618 3319 1700 3348 nobis
1721 3326 1815 3349 tenent
1837 3319 1866 3347 in
1886 3316 2004 3356 Capite,
2022 3317 2098 3355 quod
2119 3316 2169 3347 sint
2191 3316 2224 3346 ad
2247 3326 2315 3354 nOS,
2330 3314 2364 3346 ad

1300 3355 1430 3393 praefatos
1444 3355 1520 3386 diem
1537 3357 1570 3388 &
1585 3358 1701 3395 locum,
1718 3367 1786 3387 cum
1801 3357 1878 3394 equis
1892 3356 1925 3387 &
1942 3357 2040 3393 armis,
2058 3356 2091 3386 &
2106 3354 2293 3396 toto-servitio
2305 3352 2363 3392 suo,

1301 3393 1377 3432 quod
1393 3395 1478 3425 nobis
1492 3395 1596 3426 debent
1609 3419 1619 3434 ,
1638 3395 1671 3425 ad
1691 3394 1928 3432 progrediendum
1950 3394 2070 3424 {imiliter
2095 3393 2243 3422 nobilcum
2265 3401 2365 3423 contra

1302 3442 1474 3502 memoratcps
1495 3433 1613 3473 Scotos,
1637 3433 1672 3464 ad
1698 3443 1796 3464 eorum
1815 3432 1949 3463 malitiam
1974 3433 2007 3463 &
2031 3431 2210 3462 rebellionem
2233 3428 2367 3467 perfidam

1301 3479 1433 3501 conteren
1454 3482 1513 3502 um.

1335 3509 1354 3529 ²*
1363 3508 1507 3541 Praemiffa
1521 3512 1550 3541 in
1566 3509 1651 3549 locis,
1671 3511 1701 3540 in
1710 3509 1811 3541 Balliva
1818 3518 1862 3541 tua
1877 3510 1925 3540 ubi
1936 3507 2066 3546 expedire
2078 3505 2194 3543 videris,
2202 3506 2367 3537 nichilomi-

1300 3558 1349 3579 nus
1372 3557 1406 3578 ex
1425 3557 1502 3586 parte
1523 3548 1614 3579 nostra
1630 3549 1744 3587 publice
1759 3547 1977 3589 proclamando,
1996 3547 2081 3576 &ita
2092 3553 2119 3574 te
2135 3544 2242 3587 'habeas
2263 3545 2292 3575 in
2311 3545 2365 3575 hiis

1299 3586 1432 3617 mandatis
1445 3587 1545 3618 nostris
1557 3587 1741 3625 exequendis,
1758 3587 1833 3624 quod
1847 3585 2037 3616 Summonitio
2052 3581 2187 3613 exercitiis
2199 3581 2286 3613 nostri
2304 3593 2362 3614 non

1299 3625 1447 3656 retardetur
1461 3635 1514 3663 pro
1528 3625 1642 3657 defectu
1657 3627 1713 3664 tui,
1731 3635 1782 3663 pro
1798 3633 1854 3661 quo
1876 3622 1909 3652 ad
1923 3631 2022 3659 corpus
2041 3629 2140 3660 tuum,
2157 3621 2191 3652 &
2204 3621 2241 3653 ad
2262 3630 2363 3654 ornnes

1299 3672 1395 3701 terras,
1412 3664 1445 3695 &
1461 3664 1557 3695 catalla
1570 3673 1632 3703 tua,
1649 3664 1769 3702 graviter
1780 3671 1877 3699 capere
1889 3659 2048 3691 debeamus.

2402 3518 2422 3538 ¹¹
2445 3520 2502 3555 ιιι.-1

2420 3557 2486 3594 4⁶5⁸.

1334 3739 1424 3770 Teste
1436 3748 1466 3771 ut
1483 3739 1569 3779 supra.

1333 3824 1444 3858 Eodem
1455 3826 1544 3858 modo
1556 3826 1720 3859 mandatum
1729 3824 1778 3875 est?
1785 3824 1897 3865 singulis
1908 3823 2136 3857 vicecomitibus
2150 3831 2200 3864 per
2220 3823 2365 3864 Angliaml

1787 4093 1858 4125 Hz
2326 4090 2370 4123 ²³3
