2562 4279
77 219 155 252 Ann.
169 217 209 249 D.

105 267 189 299 1324.

77 300 147 325 nv.
163 306 191 325 2.

80 549 211 579 *1v.81.

78 626 158 657 Ann.
172 624 214 656 D.

77 675 195 733 Αῗὲἶῒέ.

78 748 109 772 Ε.
134 753 160 772 2.

77 786 138 810 Par.
152 781 195 811 18.

78 824 110 848 E.
131 830 157 848 2.

79 907 115 926 m.
130 907 176 934 29.

77 1502 207 1538 AnnrD.

96 1553 182 1585 1324.

74 1590 129 1614 Alli
149 1585 189 1611 18·

74 1629 105 1652 Ε.
128 1634 152 1651 2.

73 1665 130 1692 fin.
149 1660 189 1689 18.

73 1706 105 1730 15.
124 1712 148 1729 2.

72 1750 109 1771 m.
127 1750 174 1777 24.

81 2723 157 2758 Ann.
167 2725 209 2757 D.

100 2774 185 2803 1324.

80 2809 134 2833 Ari.
157 2805 199 2831 18.

79 2847 111 2871 E.
131 2853 156 2870 2.

79 2881 200 2909 Aleman.

83 2920 125 2947 18.
139 2923 171 2947 E.
187 2929 213 2946 2.

78 2967 115 2987 m.
135 2967 162 2994 7.

80 3496 216 3527 *1v.82.

774 143 886 185 ET
970 143 1242 185 ACTA
1324 140 1803 191 PUBLICA‚

262 227 354 260 Teste
369 229 451 270 Rege
464 231 538 269 apud
553 229 723 260 Guldeford⁴
737 229 757 259 6
771 228 815 260 die
830 228 959 269 Augusti.

924 306 977 334 Per
988 304 1070 344 ipfimz
1083 307 1188 342 Regem.

246 382 379 452 1'Eodem
403 383 494 417 modo
516 383 698 421 Praeceptum
719 381 760 412 est
782 381 891 421 singulis
911 381 1140 412 vicecomitibus
1163 391 1212 419 pei·
1231 380 1294 412 An-

228 431 322 461 giam.

325 545 353 573 ’ἦ
366 549 423 580 Pro
440 543 597 580 Edwardo
617 543 653 577 de
670 542 792 577 Balliolo
804 568 815 584 ‚
841 544 873 576 in
888 541 1036 586 Angliam
1053 551 1193 576 venturo.

234 631 364 687 REX
382 631 519 662 omnibus
539 630 648 661 Ballivis
666 628 701 658 &
720 626 848 657 fidelibus
867 625 919 656 suis
931 648 941 664 ,
965 625 1000 656 ad
1015 636 1086 666 quos
1099 649 1109 665 ,
1130 628 1193 659 &c.
1215 627 1296 658 Salu-

268 679 368 747 Ct‘itenn:
385 707 504 739 dilectus
522 707 556 737 ὅτ
576 703 662 734 fidelis
682 702 790 740 noster,
809 701 962 733 Edwardus
977 703 1014 733 de
1029 703 1164 742 Balliolo,
1181 703 1218 735 de
1231 715 1293 744 par-

229 747 304 778 tibus
325 745 552 781 Transmarinis,
567 742 601 774 ad
622 751 689 780 n03,
705 741 742 771 de
762 741 897 772 mandato
917 740 1034 780 nostro,
1051 744 1081 773 in
1104 742 1240 783 Angliam
1263 744 1294 774 sit

268 796 285 815 n
374 795 381 814 :

230 795 364 855 vexssgffij
382 819 553 853 Mandamus
565 817 644 857 quod
657 817 751 849 eidem
763 817 923 858 Edwardo,
941 828 988 851 aut
1003 818 1179 850 Hominibus
1193 820 1230 850 de
1243 819 1267 850 F
1268 831 1297 851 a-

230 862 309 894 milia
328 862 390 900 sua,
411 862 441 890 in
465 858 611 896 Personis,
629 857 736 896 Equis,
756 855 916 896 Hernesiis,
931 867 978 889 aut
997 857 1056 888 aliis
1078 858 1159 889 rebus
1179 859 1247 897 suis,
1267 860 1294 889 in

231 901 374 932 veniendo
387 896 476 929 versus
495 906 564 933 ῃοε,
582 906 641 926 non
661 896 799 934 inferatis,
816 897 877 933 seu,
895 905 1032 935 quantum
1045 897 1072 927 in
1085 898 1167 927 vobis
1182 897 1240 936 est,
1258 898 1293 928 ab

232 941 289 972 aliis
308 937 400 970 inferri
417 935 581 975 permittatis
600 934 752 973 Injuriam,
776 934 952 973 molestiam,
975 935 1151 974 dampnum,
1175 936 1294 976 impedi-

227 985 358 1010 mentum
378 973 510 1012 aliquod,
529 972 574 1004 seu
595 982 764 1018 gravamem
780 973 820 1004 set
836 975 873 1004 eis
890 975 984 1011 potius
996 973 1103 1004 salvum
1118 975 1152 1005 &
1166 975 1294 1005 securum

226 1015 416 1048 Conductum
437 1012 539 1043 habere
557 1012 679 1050 faciatis,
702 1020 773 1043 cum
793 1021 842 1050 per
863 1012 953 1049 ipsum
973 1011 1163 1051 Edwardum,
1181 1014 1226 1044 vel
1245 1013 1295 1044 ali-

224 1049 311 1095 quem
326 1053 363 1083 de
381 1052 453 1090 suis,
471 1051 550 1090 super
565 1051 641 1089 hoc,
660 1059 694 1081 ex
707 1059 786 1088 parte
800 1050 913 1089 nostra,
928 1051 1035 1081 fueritis
1047 1053 1217 1089 praemuniti.

261 1091 296 1122 In
311 1091 473 1129 cujus,&c.
486 1089 573 1128 usque
586 1089 621 1120 ad
635 1088 739 1120 festum
754 1088 960 1120 Purificationis
976 1091 1066 1121 beatae
1080 1089 1185 1121 Mariae
1198 1091 1295 1130 proxi-

226 1133 280 1162 mo
290 1130 418 1160 futurum
430 1128 579 1159 duraturas.

258 1168 350 1201 Teste
362 1168 445 1208 Rege
459 1166 533 1208 apud
546 1165 836 1198 Westmonasterium
844 1189 854 1205 ,
869 1175 908 1196 20
919 1166 1049 1206 Augusti.

843 1245 897 1274 Per
913 1243 994 1282 ipsicm
1009 1246 1113 1281 Regem.

844 1322 969 1325 ,ἡ
981 1323 1291 1330 ΚΫἿΫᾉἨ

226 1374 275 1411 De
298 1368 479 1418 quibusdam
505 1370 662 1405 lilaneriis
674 1395 684 1412 ‚
710 1380 772 1414 qnae
784 1367 915 1420 fuerunt
930 1368 1193 1415 Templariorum,
1220 1373 1295 1417 Regi

331 1493 361 1535 Χ
378 1502 555 1535 Vicecomiti
569 1502 700 1539 Eborum
709 1524 719 1540 ,
739 1501 862 1532 salutem.

684 1415 829 1460 Conceffis.

227 1502 322 1576 RE
751 1535 753 1537 .

344 1541 443 1580 Cum,
461 1542 557 1573 dileeti
579 1543 660 1572 nobis
672 1543 701 1572 in
716 1539 852 1578 Christo,
872 1539 957 1571 Prior
971 1540 1004 1572 &
1018 1541 1126 1574 Fratres
1141 1541 1292 1580 Hospitalis

228 1579 324 1612 Sane‘ti
335 1580 633 1649 JohannissJerusalem
647 1581 677 1611 in
690 1580 736 1611 An
757 1578 810 1618 lia,
825 1580 923 1617 nobis,
936 1589 985 1618 per
999 1579 1115 1611 Cartam
1130 1580 1206 1611 suam
1216 1604 1226 1619 ‚
1241 1581 1292 1611 de-

226 1619 338 1658 derint,
369 1629 462 1651 conce
486 1620 557 1650 erint
571 1643 581 1658 ,
612 1620 645 1650 &
665 1629 723 1649 con
744 1618 896 1648 rmaverint
916 1617 1081 1648 Manerium
1103 1618 1139 1649 de
1162 1620 1292 1659 Templo

226 1657 376 1698 Neusem,
400 1668 471 1690 curn
492 1659 680 1696 pertinentiis,
703 1658 735 1686 in
756 1655 905 1693 Comitatu
923 1657 1060 1694 praedieto
1083 1657 1181 1695 (quod
1201 1668 1290 1698 quon-

226 1696 293 1728 dam
313 1698 365 1727 fuit
383 1697 616 1735 Templariorum
628 1699 635 1726 i
656 1695 689 1725 H
700 1706 720 1725 Α
730 1704 749 1725 Β
759 1703 776 1724 E
785 1703 808 1724 N
819 1702 869 1723 DU
880 1702 906 1723 M
927 1696 1010 1725 nobis
1019 1718 1028 1733 ,
1051 1695 1238 1734 Haeredibus,
1257 1698 1290 1728 &

225 1735 375 1775 Affignaiis
395 1735 496 1767 nostris
505 1758 515 1774 ,
529 1735 543 1765 I
550 1743 576 1770 M
585 1743 603 1764 P
613 1743 631 1764 Ε
641 1744 664 1764 R
673 1742 692 1763 P
700 1743 718 1764 Ε
727 1741 781 1763 τυ
791 1741 814 1762 υ
825 1740 851 1763 M
859 1755 868 1771 ,
888 1742 955 1762 cum
976 1734 1111 1764 omnibus
1131 1734 1165 1765 ad
1186 1735 1291 1766 Mane-

225 1776 300 1806 rium
321 1774 488 1815 praedurum
508 1773 751 1811 qualitercumque
762 1771 965 1809 spectantibus3
979 1774 1101 1810 exceptis
1114 1782 1291 1805 tantummo-

223 1813 264 1847 do
282 1812 413 1844 Ecclefiis
433 1813 502 1845 infra
524 1813 623 1842 limites
640 1810 764 1842 Manetii
773 1809 924 1850 praediffl,
943 1810 963 1841 si
976 1821 1042 1851 quae
1055 1811 1139 1843 dictis
1153 1813 1293 1854 Templa·

225 1853 270 1883 riis
282 1852 396 1885 fuissent
411 1851 593 1890 apropriatae3

260 1891 331 1920 Tibi
351 1891 536 1927 praecepimus
557 1887 637 1928 quod
661 1887 827 1924 Manerium
848 1886 932 1926 illud,
952 1898 1020 1925 cum
1044 1890 1213 1927 pertinentiis
1226 1891 1293 1923 (ex-

222 1930 309 1966 ceptis
329 1928 459 1959 Eccleliis
481 1927 659 1966 hujusmodi,
677 1926 695 1956 si
715 1936 779 1965 quae
800 1927 919 1963 fuerint)
942 1925 998 1957 fine
1011 1927 1143 1963 dilatione
1157 1931 1246 1967 capias
1261 1931 1290 1960 in

222 1977 341 1998 manum
353 1967 493 2005 nostram,
511 1968 544 1998 ὃς
559 1967 626 1997 illud
640 1964 716 1996 salvo
731 1965 865 1995 custodiri
881 1965 985 2002 facias,
1024 1963 1063 1997 Ita
1080 1968 1158 2004 quod
1172 1968 1209 1998 de
1224 1968 1292 1998 Exi-

223 2007 297 2036 ἠως
307 2029 316 2044 ‚
330 2006 396 2036 inde
409 2007 655 2043 provenientibus,
670 2004 752 2033 nobis
764 2003 927 2042 respondeas
939 2005 969 2033 in
983 2003 1139 2035 Cameram
1153 2007 1292 2046 nostram,

223 2045 367 2083 quousque
383 2044 456 2074 aliud
472 2045 487 2074 a
500 2046 582 2074 nobis
597 2043 662 2074 inde
674 2042 800 2072 habueris
817 2044 846 2072 in
860 2041 1003 2073 mandatis.

259 2083 348 2113 Teste
363 2083 445 2122 Rege
456 2083 529 2120 apud
543 2081 845 2120 Westmonasteriurn,
863 2081 998 2112 vicesimo
1010 2081 1056 2112 die
1072 2081 1202 2121 Augusti.

861 2159 915 2187 Per
928 2155 1010 2196 apficm
1025 2160 1129 2196 Regem.

225 2230 339 2266 Eodem
355 2235 448 2267 modo
460 2236 586 2267 scribitur
598 2230 825 2266 vicecomitibus
839 2233 1012 2274 subscriptis,
1026 2234 1062 2265 de
1080 2234 1216 2268 Maneriis
1228 2234 1292 2267 sub-

383 2275 506 2313 scriptis,
524 2276 554 2305 in
573 2284 690 2309 manum
704 2275 793 2314 Regis
806 2273 967 2314 capiendis,
985 2274 1133 2313 videlicet,

239 2392 244 2396 ἡ
263 2349 440 2397 Vicecomiti
454 2350 566 2383 Kantiae
576 2351 613 2382 de
628 2350 762 2383 Manerio
776 2350 812 2382 de
824 2349 925 2381 Strode
938 2351 1013 2389 juxta
1027 2349 1134 2390 Roff’,
1147 2361 1216 2382 curn
1228 2361 1293 2393 per-

225 2397 357 2421 tinentiis.

237 2467 438 2512 „vicecomiti
454 2467 650 2508 Cantebtigiae
662 2467 699 2498 de
716 2466 850 2502 Manerio
863 2466 900 2498 de
918 2466 1054 2508 Daneye,
1070 2474 1137 2498 cum
1151 2468 1294 2506 pertinen-

220 2512 276 2538 tiis.

429 2631 538 2663 Litera
563 2628 684 2675 Papalis
709 2626 754 2661 ad
778 2630 887 2665 Pacem
911 2626 1091 2667 hortatoria.

224 2714 396 2787 JOhannes
415 2713 586 2755 Episcopus,
600 2714 691 2747 servus
714 2713 858 2745 servorum
873 2713 947 2753 Dei,
967 2709 1110 2747 cariffimo
1120 2711 1154 2745 in
1173 2711 1292 2746 Christo

272 2753 333 2784 filio
355 2753 509 2791 Edwardo,
534 2752 612 2792 Regi
631 2752 742 2792 Angliae
763 2749 879 2792 illustri,
905 2753 1020 2785 salutem
1041 2754 1075 2786 ὃς
1095 2753 1293 2792 Apostolicam

232 2791 475 2825 Benedrffionem.

268 2830 373 2869 Nosti,
393 2829 432 2860 fili
450 2828 602 2867 carissime,
621 2839 691 2868 nos,
706 2829 833 2868 dudum,
857 2829 966 2861 infausti
987 2832 1107 2862 rumoris
1130 2831 1293 2870 assertione,

233 2874 368 2905 percepto
387 2868 465 2906 quod
485 2867 570 2898 hostis
591 2868 707 2901 humani
728 2870 836 2907 generis
856 2870 928 2899 inter
942 2878 985 2906 te,
1003 2880 1051 2909 ac,
1074 2869 1249 2900 carissimum
1263 2871 1291 2900 in

231 2906 347 2937 Christo
366 2905 456 2936 filium
470 2905 599 2936 nostrum
613 2905 750 2936 Carolum
760 2929 769 2944 ,
786 2906 900 2946 Regem
913 2907 1041 2938 Franciae
1056 2908 1089 2937 &
1104 2907 1244 2938 Navarra:
1259 2908 1294 2938 il-

229 2944 362 2983 lustrem,
379 2945 435 2976 tibi
455 2944 597 2983 Sanguine
616 2946 650 2976 &
672 2944 814 2976 Affinitate
828 2947 1036 2984 conjunetum,
1053 2945 1241 2981 Zizanioruin
1250 2948 1293 2985 je-

230 2992 305 3014 cerat
327 2984 459 3023 Semina,
478 2991 509 3013 ut
530 2983 597 3021 suo,
618 2993 655 3012 ne
678 2983 707 3012 in
727 2983 912 3020 perniciosam
934 2984 1121 3015 coalescerent
1141 2984 1293 3024 Segetem,

227 3022 445 3059 praefocarentur
466 3022 495 3051 in
516 3030 598 3059 ortu,
623 3020 804 3051 Excellentiae
825 3019 944 3061 Regiae,
970 3022 1088 3052 Litteras
1108 3023 1215 3053 nostras
1237 3023 1294 3053 Ex-

227 3061 390 3130 }iortatorias
411 3059 536 3092 secundo
559 3058 722 3097 destinasse,
738 3059 801 3099 post
816 3060 994 3095 Salutationis
1007 3060 1160 3103 Elogium,
1174 3062 1293 3096 subhac

240 3109 336 3130 orma·

267 3123 409 3176 Perc’epto
428 3137 539 3169 dudum
559 3136 639 3175 quod
661 3137 736 3174 pacis
757 3135 894 3168 AEmulus
917 3137 989 3168 inter
1010 3145 1054 3175 te,
1073 3137 1111 3168 fili
1137 3137 1294 3176 cariffime,

229 3185 262 3206 ac
285 3178 357 3206 inter
377 3176 551 3208 carissimum
570 3177 600 3206 in
616 3174 733 3208 Christo
746 3175 832 3205 filium
848 3175 976 3207 nostrum
990 3175 1128 3212 Carolum
1139 3199 1149 3214 ,
1167 3176 1294 3210 Franciae

229 3215 262 3245 ὅ(
283 3214 420 3245 Navartae
440 3214 555 3252 Regem
576 3214 713 3244 illustrem
744 3215 892 3244 occasione
911 3215 1088 3254 quorundam
1103 3213 1294 3255 Exceffuum,

230 3252 260 3283 in
281 3252 389 3284 Bastida
410 3253 506 3284 Sanffl
527 3252 684 3283 Sacerdotis
725 3252 957 3292 ‘ommissorum,
980 3253 1040 3289 &a
1058 3260 1139 3292 prout
1153 3252 1240 3293 fitpra
1261 3255 1293 3284 de

229 3294 291 3321 An.
308 3300 351 3328 17.
368 3290 406 3326 ὠ·
420 3301 439 3322 2
453 3291 608 3331 Julachue
623 3291 679 3322 haec
697 3290 801 3328 verba‚·
821 3295 883 3321 viz.

266 3330 356 3368 Sane,
373 3331 516 3369 quamvis,
535 3329 603 3367 quid
616 3329 695 3367 super
710 3330 762 3360 hiis
774 3330 924 3362 intenderit
936 3328 1168 3369 Circumspeffio
1183 3329 1292 3371 Regia,

228 3368 405 3406 Responsum
425 3377 483 3398 non
504 3369 690 3407 receperimus
712 3367 898 3405 postmodum
920 3369 956 3399 ab
971 3369 1087 3405 eadem,
1104 3370 1140 3399 set
1156 3369 1292 3400 audiveri-

231 3417 311 3441 mus,
330 3406 417 3437 Fama
438 3406 613 3444 praenuncia,
631 3406 810 3444 displicentet
824 3407 903 3445 quod
924 3408 1054 3448 praefatus
1069 3407 1133 3438 Rex
1146 3408 1290 3449 Franciae,

228 3446 273 3477 seu
293 3446 402 3478 Gentes
423 3445 493 3483 suae,
511 3444 544 3475 ad
565 3445 726 3477 intrandum
745 3443 894 3477 Ducatum
919 3446 1094 3486 Aquitanae,
1113 3457 1165 3484 pro
1188 3457 1291 3483 execu-

230 3485 310 3515 tione
331 3493 472 3515 certorum
490 3482 669 3520 Arestorum,
688 3492 787 3513 contra
801 3482 821 3502 ³*
834 3483 968 3522 quosdam
983 3484 1127 3517 Officiales
1141 3485 1210 3516 dieti
1223 3486 1291 3517 Du-

231 3522 310 3555 catus
330 3523 440 3554 dudum
456 3522 634 3558 habitorum,
653 3530 681 3553 ut
697 3521 837 3563 afferitur,
856 3521 1002 3561 facienda,
1016 3523 1050 3554 ὃς
1062 3523 1212 3555 occasione
1225 3525 1293 3556 Ho-

229 3563 339 3600 magii,
359 3561 409 3594 sibi
431 3571 483 3597 pro
504 3559 584 3590 dieto
602 3558 720 3590 Ducatu
744 3570 804 3590 non
826 3560 957 3604 praestiti3
980 3569 1091 3600 tuaeque
1112 3561 1237 3602 Gentes,
1256 3564 1292 3596 ad

228 3599 414 3635 resistendum
433 3597 625 3638 congreisibus
645 3598 753 3628 Bellicis
767 3599 794 3629 se
806 3598 955 3638 disponunt
971 3609 977 3628 :

270 3639 339 3670 Nos
360 3648 454 3669 tamen
470 3661 479 3676 ‚
508 3637 588 3668 variis
607 3636 754 3676 dispendiis
769 3661 779 3676 ,
801 3647 865 3675 quae
886 3636 1112 3669 Commodones
1130 3638 1291 3678 hujusmodi

230 3677 412 3717 probabiliter
435 3685 662 3714 comminantur,
685 3676 712 3705 in
734 3675 958 3707 consideratione
977 3676 1108 3708 deduffis
1122 3701 1131 3715 ,
1159 3688 1219 3708 non
1239 3679 1292 3709 ob-

230 3717 321 3748 stante
340 3717 436 3755 quiid,
455 3716 532 3754 super
551 3715 652 3745 eisdem
675 3713 774 3744 nostris
790 3713 901 3752 litteris,
919 3726 934 3746 a
946 3724 990 3755 te,
1008 3715 1076 3746 sicut
1093 3717 1292 3756 praemittitur,

231 3765 291 3786 non
306 3756 484 3787 habuerimus
498 3753 674 3791 responsale,
690 3762 750 3783 non
765 3753 933 3785 cessavimus
968 3763 1022 3784 nec
1035 3754 1172 3787 cessamus
1184 3757 1240 3786 vias
1257 3757 1290 3788 ὃς

233 3794 337 3826 modos
351 3795 493 3834 exquirere
503 3816 512 3831 ,
527 3793 625 3832 quibus
638 3791 742 3822 eisdem
757 3792 913 3829 periculolis
929 3778 1088 3830 ffiispendiis
1101 3793 1208 3824 obviari
1223 3795 1292 3826 salu-

233 3832 319 3863 briter
333 3833 436 3869 valeat,
454 3842 487 3863 ac
498 3833 570 3863 inter
583 3840 612 3862 te
626 3832 658 3862 &r
673 3830 796 3862 eundem
810 3829 923 3869 Regem
934 3831 1061 3862 Franciae
1077 3832 1152 3869 pacis
1165 3832 1292 3865 serenitas

234 3872 382 3907 (odiorum
404 3871 543 3909 extirpatis
562 3870 707 3901 fomitibus
739 3867 900 3900 reformari.

268 3909 323 3948 Et,
341 3910 421 3941 ecce!
442 3910 518 3949 quod
536 3909 655 3948 praefato
670 3907 743 3948 Regi
760 3907 884 3937 Franciae
899 3907 1045 3939 scribimus
1055 3908 1135 3946 super
1145 3907 1219 3950 hoc,
1239 3910 1292 3941 sic-

228 3954 263 3978 ut
287 3949 416 3986 expedire
440 3948 566 3979 vidimus
580 3972 590 3988 ,
613 3949 714 3978 iterato
740 3945 941 3976 Celsitudinern
959 3955 1038 3978 tuam
1059 3956 1183 3988 rogantes
1202 3957 1292 3980 atten-

224 3985 304 4030 tius,
321 3988 356 4020 &
368 3987 530 4026 ,hortanteffi
547 3997 581 4021 ac
601 3995 650 4027 per
671 3985 731 4017 Dei
752 3984 972 4022 misericordiam
992 3984 1183 4026 obsecrantes,
1200 3988 1293 4027 quati—

229 4032 283 4053 nus
296 4046 306 4062 ,

2307 170 2390 212 109

1370 225 1521 270 Contentis
1539 233 1567 262 in
1589 234 1691 278 eisdem
1713 236 1814 279 nostris
1832 236 1927 269 litteris
1958 237 1992 270 δε
2009 239 2083 279 aliis,
2102 250 2167 279 quae
2183 249 2211 272 te
2225 243 2329 275 merito
2342 245 2391 276 de·
2407 240 2484 273 Ann-
2497 240 2539 275 D„

1333 263 1401 294 bent
1422 267 1555 308 inducere
1571 272 1610 314 ,ad
1633 272 1822 317 Dissensiones
1842 260 1966 308 vitandas
1979 278 2152 318 hujusmodi,
2172 281 2204 311 &
2222 284 2276 313 vias
2289 282 2390 315 Pacifi-
2426 290 2512 321 1324»

1333 310 1379 331 cas
1398 303 1552 346 eligendas,
1569 319 1598 337 in
1613 310 1742 342 scrutinio
1757 313 1860 349 Regiae
1873 316 2098 348 considerationis
2110 319 2234 350 adductis
2251 341 2260 359 ,

1355 339 1438 383 *Vias
1461 343 1493 373 St
1515 347 1618 376 modos
1637 352 1780 394 exquirere
1793 352 1916 392 studeas,
1931 355 1964 386 ὃ(
1979 355 2098 393 offerre,
2117 358 2216 395 quibus
2230 360 2283 399 ipse
2296 359 2330 391 ad
2346 368 2395 399 pa-

1333 387 1374 408 cis
1387 380 1597 426 reformandam
1614 389 1801 431 concordiam
1816 392 1943 423 inclinari
1954 393 2052 425 debeat
2067 395 2100 425 ὃς
2114 397 2223 435 induci,
2239 398 2319 438 super
2333 402 2396 437 qui-

1333 416 1394 484 {33ss1
1408 418 1583 489 ἓὲεζζξοὴεπ
1597 423 1776 457 solicitudinis
1790 427 1929 469 studium,
1947 440 2085 470 quantum
2099 436 2260 467 commode
2274 440 2395 479 poterit,

1476 469 1485 488 i
1501 483 1506 488 .

1371 492 1411 541 lit
1425 519 1433 533 ,
1458 506 1522 535 quia
1542 508 1598 528 vox
1619 501 1684 531 viva
1699 503 1735 545 'in
1758 505 1891 535 cordibus
1911 508 2085 540 audientium
2108 513 2194 551 magis
2215 514 2395 554 imprimere,

1333 541 1421 576 quarn
1443 543 1554 568 mortua
1568 539 1738 582 consuevit,
1758 542 1843 581 Nos,
1860 547 2030 578 venerabiles
2051 549 2145 580 fratres
2165 551 2275 582 nostros
2310 553 2396 584 Guil-

1334 570 1463 602 lielmum
1487 572 1738 619 Archiepilcopum
1757 579 1963 620 Viennensem,
1981 586 2014 616 &
2035 586 2084 617 H=i
2107 598 2194 619 onem
2212 575 2390 630 Episssopum

1335 609 1562 654 Aurasicensem,
1580 624 1654 661 Viros
1675 619 1770 655 utique
1790 620 1917 658 probatae
1936 622 2012 653 Fidei
2031 625 2063 654 ὃς
2087 596 2235 658 ῗτοὺίῐαῑίε
2255 639 2374 669 expertae

1336 657 1369 677 ac
1387 648 1497 680 Meritis
1516 651 1549 681 &
1564 652 1651 684 Fama
1666 655 1819 694 pollentes,
1835 657 1913 688 Pacis
1928 660 1961 690 &
1978 660 2152 696 Concordiae
2166 665 2323 704 hujufinodi
2338 655 2394 699 fer³

1335 686 1417 730 vidos
1438 688 1601 736 ZelatoreS,
1612 701 1673 735 ⁸pro
1695 692 1771 737 Pace
1784 695 1858 734 ipsa,
1876 707 1940 735 quae
1953 701 2033 730 cordi
2048 703 2130 733 nobis
2145 705 2266 735 multum
2280 707 2377 738 insidet

1336 735 1400 755 Vice
1421 726 1532 766 nostra,
1550 727 1630 760 Pacis
1646 730 1759 762 Adtoris
1771 732 1934 774 suffragante
1948 738 2050 776 gratia,
2069 743 2243 778 procuranda
2275 744 2310 775 de
2326 745 2348 775 F
2350 730 2393 776 ra3

1335 771 1410 794 trum
1429 765 1593 811 nostrorum
1615 767 1742 813 Consilio
1755 794 1765 808 ,
1791 780 1924 810 tanquam
1946 776 2018 811 pacis
2040 778 2180 819 Angelos,
2205 767 2338 813 dui'rimus
2359 783 2395 815 ad

1335 810 1429 847 tuam,
1449 804 1482 834 &
1502 806 1582 844 ipsius
1602 806 1689 846 Regis
1708 810 1883 846 praesentiam
1904 812 2106 854 destinandos,
2129 829 2252 856 quorum
2274 822 2395 853 Monitis

1333 840 1500 888 salubribus,
1519 844 1552 875 δί
1573 845 1791 889 persuasionibus
1813 849 1942 888 utilibus,
1960 852 1997 881 sic
2019 858 2152 894 prompte
2173 868 2205 888 ac
2221 861 2338 896 provide
2353 871 2396 891 re<

1334 887 1378 917 gia
1395 879 1627 928 Magnificentia,
1645 885 1820 929 quaesumuS,
1836 889 2007 927 acquiescat,
2045 893 2121 931 uod,
2140 895 2266 928 Auctore
2284 899 2331 929 illo
2345 902 2396 939 qui

1335 918 1427 956 potest
1442 922 1652 960 (quorumlibet
1665 923 1844 955 diffidiorum
1859 928 1988 966 vepribus
2000 901 2128 966 radicitus
2142 938 2285 970 amputatis
2295 953 2303 972 )
2323 939 2394 969 inter

1334 964 1362 986 te
1381 967 1415 988 ac
1438 957 1556 1005 Regem·
1576 962 1723 1005 praefatum
1742 964 1849 994 votivae
1863 966 1937 1002 pacis
1951 966 2059 997 foedera
2071 969 2264 1003 reformentur.

1374 994 1484 1041 Porro,
1503 998 1558 1028 Fili
1571 1000 1733 1044 carissime,
1752 1002 1772 1031 fi
1794 1002 1862 1039 quid
1875 1003 1987 1034 forsitan
2001 1006 2072 1035 iuter
2085 1015 2112 1037 te
2127 1009 2159 1038 &
2174 1010 2263 1046 ipsum
2280 1013 2394 1054 Regem

1333 1033 1464 1073 supererit
1479 1037 1659 1077 quaestioniS,
1668 1038 1845 1077 Apostolicae
1860 1041 1928 1072 sedis
1942 1043 2091 1075 solicitudo
2104 1056 2162 1076 non
2176 1048 2277 1088 deerit,
2292 1051 2328 1082 set
2346 1063 2394 1093 pa-

1334 1081 1420 1103 ratam
1441 1074 1468 1118 se
1489 1074 1590 1113 offert,
1606 1077 1658 1107 suis
1671 1088 1730 1108 non
1745 1079 1889 1122 parcendo
1902 1081 2057 1121 laboribus,
2077 1084 2103 1113 in
2121 1085 2171 1115 liiis
2186 1087 2219 1116 ὃ(
2234 1088 2307 1127 aliis,
2326 1092 2397 1121 inter

1335 1119 1364 1141 te
1384 1111 1417 1141 &
1439 1112 1551 1144 dictum
1572 1115 1704 1160 Regem,
1721 1126 1774 1156 pro
1796 1118 1917 1158 Viribus,
1932 1129 2049 1151 omnem
2066 1122 2198 1154 fomitem
2215 1124 2399 1160 Dissensionis

1332 1157 1510 1190 extinguere,
1529 1162 1562 1183 ac
1574 1152 1727 1185 Unitatem
1744 1154 1839 1186 studiis
1851 1167 2002 1196 procurare
2014 1160 2126 1191 solicitis
2139 1162 2172 1192 ὃ(
2187 1163 2293 1195 fovere.

1331 1187 1442 1259 οᾶἷέἒιῑ).
1465 1190 1594 1222 Avinion
1610 1215 1620 1231 ,
1653 1201 1668 1232 3
1695 1192 1759 1224 Kal.
1781 1193 1955 1234 Septembris
1969 1219 1979 1235 ,
2004 1197 2192 1232 Pontificatfis
2211 1202 2302 1234 nostri
2322 1214 2399 1236 anno

2408 321 2476 349 Edv.
2496 331 2521 349 2.

1331 1315 2160 1328 *mh—*Q

1572 1367 1631 1398 Pro
1648 1365 1806 1399 Gaillardo
1820 1365 1856 1400 de
1873 1370 1969 1401 Mota
1989 1368 2159 1404 cardinali.

1331 1449 1385 1504 R
1395 1446 1461 1492 EX
1476 1450 1628 1489 omnibus,
1646 1451 1681 1481 ad
1695 1461 1782 1491 quOS,
1801 1452 1862 1483 &c
1881 1452 2014 1484 Salutem.
2542 1488 2546 1492 .

1397 1525 1402 1530 .
1424 1487 1508 1518 Licet
1523 1498 1610 1528 nuper
1615 1512 1626 1533 ,³
1645 1490 1673 1521 in
1687 1490 1780 1534 Curia
1791 1490 1903 1535 nostrii,
1930 1503 1979 1531 per
2000 1493 2255 1528 considerationem
2277 1497 2398 1529 e‘usdem
2414 1480 2491 1512 Am·
2505 1480 2547 1515 D·

1331 1521 1444 1562 Curiae,
1463 1536 1686 1570 recuperavimus
1699 1527 1946 1560 Praeientationem
1961 1531 2087 1564 nostram
2100 1535 2134 1564 ad
2158 1534 2277 1566 Praebcn
2299 1546 2346 1566 arn
2363 1538 2398 1568 de
2439 1530 2522 1561 ¹3²4*

1331 1560 1487 1609 Aylesbury
1502 1566 1530 1594 iu
1542 1565 1670 1597 Ecclelia
1685 1568 1774 1597 beatae
1790 1567 1892 1598 Mariae
1909 1569 2088 1609 Lincolniae,
2108 1573 2187 1605 simul
2201 1583 2269 1605 curn
2284 1574 2398 1606 Portio-
2416 1563 2467 1587 An.
2487 1561 2529 1590 ¹8⁵

1330 1611 1367 1645 ne
1379 1602 1415 1632 de
1431 1601 1558 1647 Μιιῑᾳη,
1577 1604 1611 1634 ad
1627 1605 1746 1635 eandem
1761 1605 1947 1637 Praebendam
1969 1611 2125 1646 pertinente
2140 1635 2150 1650 ,
2168 1622 2253 1651 quam
2278 1614 2397 1654 integra·
2418 1602 2448 1625 E.
2468 1608 2494 1627 ²·
2534 1642 2536 1649 .

1330 1640 1391 1670 liter
1407 1642 1581 1672 contulimus
1594 1665 1604 1680 ,
1628 1643 1735 1673 dilecto
1757 1643 1875 1675 Clerico
1896 1646 2013 1685 nostr0,
2038 1647 2180 1688 Magistro
2205 1651 2341 1684 Roberto
2362 1654 2398 1685 de
2414 1640 2471 1664 Par.
2492 1636 2535 1671 ¹8*

1330 1678 1454 1717 ssaidok,
1474 1680 1689 1712 Archidiacono
1705 1681 1910 1724 Middeisexiae‚
2414 1679 2444 1702 E·
2466 1684 2492 1703 2·

1352 1718 1618 1764 ‘Obtreverentiam
1630 1720 1708 1751 Sedis
1725 1721 1900 1759 Apostolicae
1912 1746 1922 1762 ,
1937 1733 1971 1755 ac
1985 1726 2152 1758 venerabilis
2165 1727 2270 1768 Patris,
2289 1729 2398 1761 Domi·
2415 1720 2440 1750 P‘
2466 1723 2488 1741 ¹·
2514 1754 2518 1762 v

1329 1767 1359 1786 ni
1372 1756 1507 1803 Gaillardi
1519 1758 1554 1792 de
1574 1758 1674 1796 Mota,
1692 1759 1806 1790 Sanetae
1820 1761 1921 1793 Luciae
1934 1763 1964 1792 in
1978 1763 2071 1795 Cilice
2084 1764 2210 1798 Diaconi
2232 1767 2400 1809 Cardinalis,
2413 1762 2449 1780 m*
2474 1760 2515 1787 ¹⁷⁴

1330 1796 1366 1826 de
1380 1805 1470 1834 gratis
1483 1797 1580 1828 nostra
1594 1798 1721 1837 speciali,
1737 1800 1771 1830 ὃς
1784 1799 1820 1830 de
1834 1799 1980 1833 Consensu
1992 1802 2063 1832 dieti
2085 1802 2191 1835 Clerici
2210 1807 2298 1837 nostri
2316 1809 2399 1840 volu·

1332 1845 1395 1866 mus
1412 1835 1444 1865 &
1458 1836 1669 1874 consentimus,
1688 1847 1741 1875 pro
1757 1837 1854 1869 Nobis
1871 1862 1880 1877 ,
1898 1840 1932 1870 ὃς
1946 1840 2116 1872 Haeredibus
2136 1843 2238 1875 nostris
2254 1868 2263 1884 ,
2280 1846 2360 1884 quod
2376 1848 2400 1877 i-

1330 1873 1397 1904 dem
1414 1872 1567 1919 Cardinalis
1579 1875 1673 1914 quoad
1691 1877 1808 1914 vixerit,
1826 1878 1860 1909 &
1875 1878 1925 1908 fibi
1941 1879 2090 1917 placuerit,
2105 1882 2271 1919 praediCtam
2288 1885 2403 1917 Portio-

1330 1922 1397 1943 nem
1414 1913 1449 1943 de
1466 1912 1594 1952 Milton,
1612 1924 1680 1944 cum
1694 1914 1845 1946 Fruetibus
1858 1916 1891 1947 &
1906 1916 2140 1951 obventionibus
2153 1921 2292 1962 ejusdem,
2310 1933 2403 1955 teneat

1331 1952 1433 1994 absque
1445 1953 1657 1991 impedimento
1671 1952 1780 1992 nostri,
1804 1955 1849 1985 vel
1871 1955 2019 1986 haeredum
2039 1956 2202 1989 nostrorum
2218 1971 2228 1998 .·,
2252 1960 2292 1992 Ita
2307 1963 2403 2003 quod,

1330 1992 1336 2020 i
1359 1994 1388 2021 10
1402 1990 1539 2029 cedente,
1557 1991 1602 2021 vel
1618 1991 1791 2031 decedente,
1812 1993 1883 2025 nihil
1896 1995 2021 2025 omnino
2034 1994 2097 2033 Juri
2111 1996 2228 2036 nostro,
2248 1999 2294 2031 seu
2309 2001 2401 2031 consi-

1350 2030 1466 2065 crationi
1473 2051 1485 2068 ,
1510 2030 1544 2065 &
1566 2031 1771 2068 recuperationi
1800 2032 1907 2071 nostrae
1921 2057 1931 2070 ,
1957 2033 2120 2074 praedietis,
2145 2035 2276 2075 depereat
2296 2039 2327 2070 in
2348 2039 2404 2071 hac

1351 2077 1417 2098 arte.

1330 2078 1350 2108 p
1367 2105 1401 2138 In
1417 2107 1510 2145 cuius,
1528 2107 1588 2137 &c.

1329 2182 1367 2215 Se
1404 2143 1494 2214 Ἱιξὲὲς
1519 2144 1605 2184 Rege
1623 2146 1698 2186 apud
1718 2145 1841 2184 Turrim
1862 2144 2026 2179 Londoniae
2039 2172 2050 2188 ,
2075 2148 2193 2185 decimo
2213 2152 2334 2191 septimo
2354 2152 2402 2185 di'e

1367 2191 1431 2223 pte>
1453 2193 1515 2221 tris.

1907 2265 1961 2294 Per
1975 2264 2057 2304 ipfiaem
2072 2267 2179 2303 Regem.

1423 2385 1482 2420 Ad
1501 2389 1610 2434 Regem
1629 2388 1861 2468 Majoricarulrgz
1873 2415 1883 2431 ‚
1901 2390 1994 2436 fhper
2012 2391 2151 2438 Captione
2173 2391 2307 2427 duarum

1775 2439 1823 2469 Ga
1852 2449 1955 2471 arum.

1332 2519 1545 2582 MAgnffico
1560 2519 1702 2560 principi,
1722 2520 1857 2553 Domino
1871 2521 2004 2563 sanato,
2024 2522 2082 2555 Dei
2104 2525 2204 2564 gratia,
2231 2524 2309 2566 Regi
2334 2525 2402 2558 Ma-
2417 2516 2492 2549 Ann-
2505 2518 2547 2555 Ds,

1365 2598 1370 2602 .
1423 2562 1575 2600 joricarum
1589 2560 1704 2599 illustri,
1723 2559 1837 2590 Comiti
1852 2559 2016 2593 Rosillionis
2031 2564 2064 2594 ὃς
2077 2562 2249 2604 Ceritaniae,
2279 2567 2313 2596 &
2335 2565 2401 2596 Do-
2438 2567 2521 2598 ¹324·

1331 2606 1413 2633 mino
1437 2598 1553 2629 Montis
1567 2598 1697 2637 effulan'i,
1721 2599 1829 2630 Amico
1851 2600 1900 2630 suo
1924 2601 2067 2632 carissimo
2081 2624 2092 2641 ,
2115 2601 2284 2642 Edwardus,
2301 2604 2400 2640 eadem
2414 2600 2466 2624 An.
2486 2598 2529 2626 ¹3·

1352 2637 1435 2676 ratia,
1451 2637 1517 2668 Rex
1534 2609 1845 2677 KngliaeffDominus
1856 2638 2023 2679 Hiberniae,
2033 2641 2067 2671 &
2082 2641 2152 2671 Dux
2167 2641 2401 2681 Aquitaniae,Sa-
2415 2640 2435 2663 E
2466 2645 2492 2663 ²·

1337 2684 1437 2714 tutem,
1452 2677 1486 2708 &
1502 2676 1665 2714 Successus,
1683 2677 1717 2707 ad
1731 2685 1813 2715 vota,
1832 2678 1977 2718 prosperos
1991 2680 2024 2710 &
2039 2679 2142 2710 felices.
2411 2673 2545 2711 Clavus-¹3·

1371 2714 1476 2745 Liteias
1489 2714 1667 2746 Celsitudinis
1682 2715 1799 2754 vestrae,
1817 2717 1901 2746 nobis
1916 2726 1965 2756 per
1977 2717 2095 2748 Petrum
2106 2717 2228 2758 Jacobi,
2248 2718 2399 2751 Mercato-
2414 2717 2441 2740 E.
2465 2722 2490 2744 2·

1332 2762 1392 2783 rem
1409 2754 1443 2784 &
1457 2753 1563 2784 Civem
1579 2753 1745 2793 Majoricae,
1762 2755 1913 2794 exhibitas,
1931 2757 2107 2796 recepimus,
2131 2757 2164 2787 &
2206 2767 2249 2787 uae
2269 2760 2398 2790 contine·
2412 2761 2448 2779 m·
2464 2761 2508 2788 33-
2519 2753 2545 2781 d·

1333 2792 1434 2822 bantur
1448 2793 1476 2822 in
1489 2793 1607 2831 eisdem,
1626 2802 1659 2823 ac
1675 2794 1759 2823 etiam
1776 2803 1840 2831 quse
1855 2793 1933 2824 idem
1954 2793 2071 2832 Petrus,
2092 2795 2172 2833 quta
2224 2797 2396 2836 redentiam,
2412 2790 2547 2829 *IV-⁸3¹⁴

1333 2831 1383 2861 sibi
1397 2832 1411 2861 a
1423 2831 1507 2861 vobis
1521 2831 1668 2870 traditam,
1685 2831 1780 2862 dicere
1794 2832 1900 2871 voluit,
1918 2832 2074 2863 audivimus
2110 2835 2174 2863 uam
2199 2834 2342 2874 benigne,

1369 2868 1525 2900 Sinceritati
1540 2869 1640 2900 vestrae
1655 2868 1839 2908 significantes
1853 2870 1949 2910 quod,
1968 2872 2063 2910 qnoad
2086 2843 2260 2910 &amionem
2279 2874 2399 2907 duarum

1332 2905 1504 2946 Galearum,
1523 2918 1554 2938 ac
1572 2908 1721 2938 Bonorum
1757 2908 1790 2939 &
1808 2907 1972 2948 Mercium,
1990 2909 2170 2941 existentium
2185 2912 2214 2942 in
2230 2912 2340 2950 eisdem,
2350 2923 2399 2951 per

1331 2946 1466 2985 quosdam
1482 2946 1680 2977 Malefaelmres
1691 2970 1701 2985 ,
1739 2957 1754 2977 e
1768 2946 1912 2978 Dominio
1926 2948 2040 2986 nostro,
2060 2957 2091 2980 ut
2103 2949 2326 2990 afferitur,supra
2334 2951 2400 2982 Ma-

1332 2986 1362 3014 re
1377 2984 1512 3015 hostiliter
1527 2985 1630 3015 faeta-m
1645 2996 1651 3015 :
1678 2986 1719 3015 ob
1737 2995 1822 3023 quam
1846 2986 1956 3017 causam
1969 2987 2124 3027 solempnes
2138 2988 2245 3020 vestros
2258 2989 2295 3019 N
2296 2991 2396 3021 uncios

1331 3023 1395 3053 alias
1408 3023 1442 3053 ad
1457 3023 1583 3053 nostram
1597 3023 1771 3062 praesentiam
1785 3024 1943 3056 destinastis
1957 3036 2010 3066 pro
2031 3025 2240 3065 Restitutione,
2259 3027 2398 3067 videlicet,

1332 3061 1401 3092 inde
1415 3062 1586 3101 optinenda,
2383 3070 2386 3073 ’

1368 3100 1627 3168 Qemadmodum
1641 3101 1702 3132 alias
1716 3101 1800 3132 vobis
1815 3102 1984 3141 scripsimus,
2000 3103 2062 3143 ipsis
2076 3102 2173 3134 vestris
2186 3103 2309 3134 Nunciis
2323 3113 2394 3136 tunc

1331 3147 1401 3178 optu
1412 3140 1484 3169 imus
1499 3149 1551 3170 nos
1565 3149 1673 3179 paratos
1685 3139 1740 3171 esse
1754 3141 1788 3171 ad
1801 3140 1962 3172 faciendum
1981 3144 2034 3179 eis,
2051 3151 2119 3171 cum
2132 3143 2212 3172 omni
2225 3142 2331 3181 favore,
2348 3143 2391 3174 su-

1333 3186 1383 3214 per
1397 3177 1557 3216 praemiffis,
1575 3178 1690 3216 plenum
1707 3180 1740 3210 &
1763 3179 1852 3210 celere
1869 3180 1989 3219 Justitiae
2011 3180 2277 3219 complementum,
2296 3181 2394 3213 secun-

1332 3214 1402 3246 dum
1417 3215 1508 3256 Leges
1523 3217 1556 3247 &
1573 3215 1799 3248 Consuetudines
1813 3217 1914 3256 Regni
1931 3218 2037 3248 nostri:

1369 3253 1407 3285 Et
1420 3256 1484 3293 quia
1497 3256 1547 3292 ipfi
1562 3256 1787 3293 prosecutionem
1802 3257 1837 3287 ali
1858 3267 1923 3287 uam
1937 3257 2016 3294 super
2029 3257 2088 3287 hoc
2107 3257 2200 3287 facere
2222 3259 2391 3298 renuebant,

1331 3302 1385 3324 nec
1400 3290 1485 3332 Nos,
1505 3293 1540 3324 dc
1552 3295 1714 3325 nominibus
1730 3295 1853 3326 Malesac
1867 3305 1950 3325 orum
1965 3295 2082 3325 illorum
2093 3317 2102 3332 ,
2120 3295 2272 3325 voluerunt
2288 3298 2390 3335 aliqua-

1330 3330 1391 3362 liter
1405 3332 1575 3370 informare,
1614 3344 1782 3373 uamquam,
1799 3334 1834 3363 de
1842 3333 1928 3372 Jure,
1951 3333 1985 3364 ad
2007 3333 2094 3364 Partis
2115 3334 2291 3372 instantiam,
2306 3335 2391 3372 esset,

1329 3369 1359 3399 in
1375 3369 1448 3402 Casu
1464 3371 1594 3408 hujusmo
1614 3373 1638 3410 i,
1658 3371 1896 3409 procedendum,
1916 3381 1949 3401 ex
1964 3370 2078 3402 Officio
2098 3380 2193 3403 tamen
2215 3372 2311 3402 nostro
2335 3374 2391 3410 (ne

1330 3409 1412 3439 nobis
1425 3409 1517 3448 poffet
1531 3410 1583 3440 ulla
1597 3411 1713 3450 impingi
1729 3410 1909 3441 diffimulatio
1925 3410 1969 3441 seu
1981 3410 2122 3448 desectus)
2136 3411 2170 3441 ad
2183 3410 2391 3452 inquirendum,

1328 3445 1364 3477 de
1378 3446 1522 3486 Captione
1534 3448 1672 3480 dietarum
1694 3448 1865 3486 Galearum,
1883 3459 1915 3479 ac
1929 3448 2076 3480 Bonorum
2089 3471 2099 3486 ,
2118 3450 2150 3479 δε
2172 3447 2332 3490 Mercium,
2347 3451 2392 3480 in-

1329 3494 1482 3516 ventorum
1500 3487 1530 3517 in
1544 3487 1667 3526 eisdem,
1686 3498 1719 3518 ac
1738 3488 1773 3517 de
1787 3488 1951 3518 nominibus
1963 3488 2092 3524 illorum,
2117 3487 2165 3522 qui
2186 3486 2322 3518 Facinora
2343 3488 2388 3519 illa

1330 3534 1574 3565 perpetraverant,
1593 3536 1686 3556 certos
1697 3525 1871 3565 Jtisticiarios
1885 3526 2012 3564 nostros,
2028 3526 2068 3555 ob
2081 3524 2162 3554 vestri
2187 3528 2390 3565 reverentiam,

1330 3565 1489 3595 curavimus
1504 3574 1573 3595 curn
1589 3564 1730 3595 Potestate
1743 3564 1864 3602 plenaria
1880 3564 2027 3602 assignare3
2045 3573 2141 3593 coram
2163 3563 2264 3600 quibus
2285 3566 2393 3602 pendet-

1329 3601 1423 3670 {dhuc
1436 3601 1599 3641 Negotium
1611 3603 1677 3633 illud
1686 3626 1696 3642 ,
1713 3613 1828 3642 propter
1841 3602 2015 3633 difficultates
2029 3611 2094 3639 quae
2106 3602 2327 3642 intervenerunt,
2341 3602 2392 3634 In.-

1351 3642 1469 3671 ecisum:

1369 3680 1484 3719 Qibus
1494 3680 1623 3711 districi-e
1634 3681 1693 3718 jam
1708 3679 1834 3710 dedimus
1849 3679 1877 3708 in
1890 3677 2040 3716 mandatis,
2059 3678 2139 3716 quod
2150 3678 2188 3709 ad
2201 3678 2392 3718 indagandum

1327 3717 1394 3749 inde
1408 3720 1566 3757 veritatem,
1585 3729 1653 3749 cum
1668 3719 1749 3748 omni
1759 3740 1768 3755 ,
1787 3716 1841 3754 qua
1857 3725 1989 3754 poterunt
2002 3741 2012 3755 ,
2032 3717 2173 3748 celeritate
2185 3739 2195 3755 ‚
2220 3718 2391 3759 procedant,

1329 3766 1379 3794 ut,
1398 3758 1512 3787 veritate
1528 3756 1694 3794 comperta,
1714 3754 1945 3793 ulteriusJustitia
1960 3755 2019 3785 fieri
2036 3756 2123 3787 valeat
2137 3755 2174 3786 de
2214 3757 2348 3788 raemiffis.

1368 3795 1406 3826 Et
1420 3796 1547 3833 praefatus
1560 3794 1672 3832 Petrus,
1691 3792 1838 3831 praemiffls
1853 3793 1902 3823 fibi
1916 3794 2058 3831 expositis,
2075 3803 2168 3825 conce
2191 3803 2212 3825 it
2228 3793 2259 3826 se
2269 3795 2343 3826 velle
2356 3797 2387 3827 in

1322 3832 1438 3867 ,Recrno
1451 3833 1549 3864 nostro
1562 3842 1671 3863 moram
1684 3833 1792 3869 facere,
1809 3832 1982 3870 expectando
1993 3832 2137 3871 justitiam
2146 3858 2155 3872 ‚
2171 3842 2270 3864 coram
2288 3835 2386 3872 praefa-

1330 3872 1364 3902 tis
1398 3870 1539 3901 usticiariis
1550 3871 1667 3908 nostris,
1685 3870 1764 3909 super
1776 3870 1860 3901 Bonis
1873 3871 1905 3901 &
1927 3867 2076 3902 Mercibus
2096 3871 2124 3901 su
2145 3871 2275 3912 radistis3
2294 3873 2386 3904 cuili⁴

1329 3919 1398 3941 teras
1412 3908 1516 3940 nostras
1529 3909 1564 3940 de
1576 3909 1759 3940 Protee'tione
1772 3910 1806 3939 &
1822 3907 1979 3939 Conduetu
1999 3910 2099 3940 nostris
2137 3910 2178 3942 eri
2199 3911 2335 3951 fecimus,
2353 3911 2387 3943 ὅ(

1330 3950 1355 3980 ei
1368 3949 1501 3979 faciemus
1514 3947 1544 3978 in
1557 3948 1690 3979 omnibus
1699 3948 1844 3988 Justitiam
1858 3948 1992 3980 exhiberi.

1369 3987 1503 4023 Advertat
1523 3987 1606 4027 igitur
1625 3986 1715 4017 vestra
1744 3984 1958 4030 Magnificentia
1969 4011 1980 4027 ,
2005 3987 2038 4019 &
2061 3988 2213 4034 prudenter
2240 3986 2389 4026 attendat,

1330 4025 1412 4067 quod
1424 4025 1568 4063 digitorum
1587 4025 1749 4059 vestrorum
1760 4024 2185 4094 ‚Subgtorum*1ncuiiaef„seu
2207 4027 2386 4098 negligeretia'e⁵
