2562 4279
751 211 868 253 ET
953 208 1226 251 ACTA

33 305 110 339 Ann.
123 303 166 335 D.
219 300 310 331 Vobis
331 300 557 331 mandaverimus
579 298 660 338 quod
685 297 778 329 eidem
798 297 895 334 Duci‚
913 295 958 327 vel
979 297 1036 335 ejus
1048 297 1083 325 in‘
1092 295 1146 325 hac
1168 301 1244 332 parte

54 353 138 383 1334.
181 337 353 379 Attornato,
371 340 407 370 de
422 339 570 370 Coniitatu
583 338 739 376 praedicto,
755 339 789 368 ὃς
801 337 838 366 de
851 336 986 367 omnibus
1008 334 1107 364 Terris
1128 334 1161 364 ὃς
1182 333 1245 376 Te-

33 386 97 413 Edv.
120 392 146 419 3.
181 380 338 416 nementis,
355 378 391 408 de
413 378 517 408 eodem
540 376 708 412 Comitatu,
726 375 763 405 de
785 376 885 413 quibus
907 373 1036 411 praefatus
1059 371 1169 415 Comes
1190 370 1244 401 fuit

181 417 292 448 Seisitus
306 419 334 447 in
351 416 512 447 Dominico
526 415 591 454 suo,
610 424 639 445 ut
654 415 690 445 de
702 413 819 452 Feodo,
837 415 868 443 in
882 410 989 442 Balliva
1000 410 1110 454 vestra,
1125 410 1170 440 die
1183 419 1242 447 quo

181 456 273 493 obiit,
288 456 321 486 ὃς
341 465 405 493 quae
430 454 579 485 occasione
596 454 695 484 mortis
713 452 835 490 ejusdem
860 458 941 488 capta
955 449 1068 479 fuerunt
1082 459 1112 478 in
1126 457 1245 478 manum

181 494 324 532 nostram,
341 494 454 531 plenam
469 493 601 523 Seisinam
616 492 721 522 habere
733 491 875 527 faceretis,
893 488 962 518 ficut
976 497 1026 525 per
1038 487 1243 527 inspectionem

182 533 361 563 Rotulorum
374 531 555 562 Cancellariae
569 530 675 560 nostrae
690 529 772 558 nobis
785 527 908 557 constat:

223 571 268 601 Ac
294 581 339 600 am
354 571 482 608 praefatus
498 569 568 599 Dux
581 568 662 598 nobis
676 566 869 604 supplicaverit
881 574 929 602 ut,
946 564 1017 594 cum
1033 564 1106 602 ipse,
1126 563 1245 594 oeravo

185 609 231 639 die
294 610 343 647 aii,
361 610 497 648 proximo
516 608 673 645 praeterito,
692 605 868 635 Fidelitatem
889 603 926 633 de
947 602 1113 641 Comitatu,
1130 602 1245 640 Terris,

184 649 219 679 &
231 648 417 678 Tenementis
430 646 586 684 praedietis,
605 645 686 675 nobis
700 643 814 680 fecerit,
832 641 952 672 velimus
967 643 993 671 ei
1005 651 1107 672 omnes
1130 641 1227 671 Exitus
1237 663 1245 678 ,

184 686 221 716 de
245 686 411 723 Comitatu,
437 695 469 715 ac
490 684 602 720 Terris,
628 683 662 713 &
681 681 883 718 Tenementis,
908 679 1067 720 praedictis,
1084 680 1120 709 ab
1141 679 1245 710 eodem

183 725 303 755 Oecavo
317 724 363 754 die
379 723 451 754 Maii
462 731 608 762 perceptos
625 720 686 758 (qui
699 719 793 750 eidem
807 718 887 750 Duci
899 719 992 749 adhuc
1006 718 1176 755 detinentur)
1204 717 1244 748 sa-

185 773 251 794 cere
263 763 392 800 liberari,

221 801 306 840 Nos,

223 839 290 877 Ejus
305 837 507 876 Supplicationi
519 837 547 865 in
562 835 614 865 hac
627 841 706 872 parte
717 836 837 874 gratiose
851 842 1019 872 annuenteS,

223 879 316 909 Vobis
335 875 500 907 mandamus
524 874 604 911 quod
622 873 715 903 eidem
737 874 832 912 Duci,
849 874 894 905 vel
917 874 974 910 ejus
988 874 1017 903 in
1032 873 1085 903 hac
1100 880 1178 910 parte
1193 871 1247 902 At-

185 924 319 954 tornato,
337 915 448 945 Omnes
467 912 581 950 Exitus,
598 911 633 942 de
653 912 734 942 diclis
750 912 847 943 Terris
861 914 895 943 δε
908 912 1116 949 Tenementis,
1133 911 1169 941 de
1184 910 1248 941 Co-

187 957 286 986 mitatu
307 952 461 991 praedieto,
479 950 515 980 de
536 951 636 988 quibus
660 950 789 989 praefatus
810 951 920 981 Comes
940 950 978 980 fic
999 951 1070 981 obiit
1083 950 1194 980 Seisitus
1218 950 1248 979 in

188 993 349 1024 Dominico
363 990 429 1028 suo,
447 997 477 1020 ut
491 989 526 1019 de
542 990 657 1026 Feodo,
675 991 703 1019 in
717 989 823 1020 Ballivfi
835 989 946 1027 vestra,
965 999 980 1019 a
1000 988 1139 1027 praedicto
1157 988 1249 1018 oeta-

188 1043 228 1062 vo
243 1031 288 1061 die
303 1037 465 1067 perceptos,
484 1029 529 1058 seu
552 1029 767 1067 provenientes,
786 1029 924 1066 liberetis,
943 1027 1078 1059 volumus
1099 1028 1176 1057 enim
1197 1036 1249 1058 vos

189 1069 256 1100 inde
270 1076 334 1106 erga
350 1077 402 1097 nos
417 1068 576 1097 exonerari:

224 1106 437 1143 Praefatumque
450 1105 588 1144 Ducem,
606 1115 660 1143 pro
673 1105 821 1145 Homagio
837 1105 903 1144 suo,
918 1105 1018 1142 nobis,
1035 1103 1071 1134 de
1083 1103 1250 1141 Comitatu,

185 1146 301 1184 Terris,
315 1154 348 1175 ac
360 1143 563 1182 Tenementis,
581 1144 738 1183 praedietis,
755 1145 871 1183 debito,
889 1143 967 1182 quod
982 1153 1072 1181 nuper
1093 1142 1128 1172 ad
1147 1142 1250 1174 volun-

187 1192 275 1214 tatem
295 1182 421 1214 nostram
446 1184 464 1202 ἃς
487 1183 745 1220 respectuavimus,
770 1185 803 1214 δε
825 1183 899 1221 quod
918 1183 978 1220 jam
1000 1182 1143 1219 cepimus,
1167 1181 1250 1211 nobis

188 1222 335 1259 faciendo,
354 1222 507 1252 nullatenus
521 1221 707 1260 distringatis,
725 1223 770 1252 seu
782 1221 933 1258 aliqualiter
948 1220 1112 1250 molestetis.

223 1260 314 1292 Teste
326 1260 410 1299 Rege
422 1261 495 1299 apud
510 1261 639 1291 Eborum
647 1283 657 1299 ,
675 1269 776 1299 quarto
791 1260 838 1290 die
849 1260 925 1299 Julii.

39 1187 171 1216 *1V.l

39 1229 105 1255 620.

214 1337 380 1369 Confimilia
396 1338 496 1370 Brevia
508 1337 662 1377 diriguntur
675 1336 868 1368 Escaetoribus
883 1335 1056 1375 subscriptis,
1075 1334 1227 1372 videlicet,

1308 209 1790 254 PUBLICA.
2284 225 2364 268 117

1391 334 1407 336 -
1457 335 1462 337 ,
1532 336 1566 338 u
2365 299 2492 333 Ann.D⁴

1430 378 1451 400 ᾖ
1716 383 1721 389 ¹
1822 386 1827 391 Ι
1909 386 1914 391 ¹
2382 348 2469 379 1334·

1474 382 1569 425 Super
1588 378 1772 423 Arcstattone
1789 381 1913 415 Ricardi
1932 382 1968 417 de
1983 381 2203 426 Thurmerston.
2361 380 2476 445 {qv-3

1288 462 1423 532 REPX,
1447 462 1565 517 piretro
1588 464 1656 509 abi,
1680 465 1853 506 Senescaiio,
1876 467 1925 512 ssu,
1940 468 2059 513 ‚Locum
2082 470 2205 514 tenenti,
2230 468 2345 515 iiiustfis
2363 456 2450 520 δὲῃ

1385 511 1455 532 rinci
1478 513 1516 539 is,
1532 502 1622 540 Regis
1641 503 1791 541 Jerusalem
1813 506 1846 536 δε
1870 506 1986 545 Siciliae,
2005 517 2035 536 in
2055 506 2204 539 Comitatu
2226 508 2348 540 Provin-
2367 497 2420 521 Aa.
2455 513 2462 520 '

1289 538 1359 577 cire,
1386 542 1419 571 ὃς

1288 577 1378 608 ctum.

1324 615 1407 647 Cum
1427 617 1462 662 ad
1483 618 1642 662 vindidtam
1665 619 1829 658 Malorum,
1847 621 1958 652 laudem
1974 624 2044 653 vero
2060 623 2225 663 Bonorum,
2241 623 2349 655 consti-

1289 661 1358 685 tutae
1374 656 1426 685 sint
1440 666 1468 686 in
1483 657 1582 687 Terris
1595 658 1728 688 divinitus
1742 658 1917 697 Principium
1929 662 1963 692 ὃς
1986 660 2200 693 Praefidentium
2221 663 2349 694 Potesta-

1289 701 1329 723 tes
1344 717 1353 731 ,
1377 694 1459 738 decet
1479 695 1657 733 Populorum
1679 695 1856 728 Praefidentes
1874 699 2026 737 regimini,
2049 700 2082 730 ad
2103 700 2348 739 compescendum

1290 731 1453 764 Rebellium
1468 736 1640 771 proterviam
1651 759 1660 772 ,
1677 734 1703 765 se
1717 737 1821 765 mutuis
1834 737 1938 766 auxiliis
1953 740 2114 774 praevenire.

1291 809 1297 814 .
1328 770 1402 801 Sane
1414 773 1483 803 cum
1505 772 1638 811 quidam,
1657 772 1796 803 Ricardus
1814 774 1851 804 de
1869 774 2084 815 Thurmarton,
2104 777 2232 809 Rebellis
2253 778 2350 810 noster

1289 809 1360 839 infra
1382 810 1553 842 Potestatem
1574 811 1620 842 seu
1632 811 1861 849 jurisdictionem
1882 813 2020 852 vestram,
2044 824 2075 845 ut
2096 816 2270 856 audivimus,
2289 819 2349 856 jam

1290 857 1437 888 moretur,
1461 850 1594 881 nostrum
1617 850 1753 880 malitiose
1771 849 1914 881 declinans
1935 861 2068 890 examen,
2091 854 2123 884 &
2146 855 2351 894 subterfugiens

1292 884 1391 965 gun-2}
1410 888 1514 932 nostrae
1528 888 1694 928 Judicium,
1710 889 1738 918 in
1758 887 1814 927 qua
1827 889 1930 927 habet,
1947 899 2000 927 pro
2014 892 2168 923 commissis
2184 895 2212 923 in
2228 894 2350 934 Anglii,

1318 935 1362 956 are
1391 937 1448 964 uri,

1329 964 1363 995 In
1374 965 1450 1003 Juris
1466 965 1627 997 Subsidium
1637 989 1646 1004 ,
1665 966 1698 997 &
1713 973 1832 1004 optentu
1847 974 1955 997 mutuae
1975 966 2183 1007 vicissitudinis,
2200 970 2351 1009 specialiter

1292 1013 1344 1034 vos
1358 1013 1504 1043 rogamus,
1524 1014 1675 1043 quatenuS,
1694 1005 1765 1034 cum
1778 1004 1903 1041 expediat
1920 1004 2098 1043 Reipublicae
2117 1009 2154 1036 ne
2177 1007 2291 1039 Delicta
2308 1020 2352 1040 re-

1292 1050 1422 1072 maneant
1437 1044 1589 1081 impunita,
1606 1043 1717 1073 dietum
1732 1043 1906 1081 Ricardum,
1925 1045 1972 1081 qui
1988 1053 2052 1083 erga
2067 1054 2118 1074 nos
2132 1046 2160 1074 in
2176 1047 2268 1077 multis
2284 1048 2355 1078 dici-

1293 1087 1339 1111 tur
1353 1081 1499 1120 deliquisse
1515 1081 1547 1120 (fi
1561 1081 1631 1112 infra
1645 1080 1818 1111 Distrietum
1831 1081 1956 1112 vestrum
1971 1083 2061 1121 ipsum
2077 1085 2227 1121 contigerit
2246 1087 2355 1116 inveni-

1293 1120 1328 1156 ri)
1343 1129 1460 1158 capere,
1478 1121 1511 1152 ὃς
1526 1119 1642 1151 arestare
1655 1119 1774 1156 faciatis,
1792 1120 1939 1150 liberantes
1958 1121 2097 1159 eundem,
2116 1121 2234 1153 Dilecto
2255 1124 2287 1153 ὃς
2310 1125 2355 1154 Fi-

1294 1157 1349 1188 deli
1359 1158 1459 1189 nostro
1469 1182 1479 1197 ,
1494 1159 1656 1189 Willielmo
1667 1158 1800 1195 Trusiel,
1814 1158 1849 1188 ad
1864 1158 1933 1188 Nos
1947 1159 1976 1188 in
1990 1159 2124 1197 Angliam
2137 1161 2213 1192 salvo
2230 1162 2262 1192 δε
2275 1162 2353 1192 secu-

1294 1198 1344 1234 re,
1362 1207 1416 1235 pro
1428 1196 1587 1236 recipienda
1598 1195 1726 1235 Justitia,
1744 1196 1982 1235 conducendum,
2002 1206 2032 1228 ut
2044 1197 2077 1228 ad
2094 1199 2262 1237 complenda
2285 1200 2354 1230 desi-

1295 1235 1370 1304 delria¹
1385 1235 1491 1275 vestra,
1511 1238 1540 1266 in
1555 1237 1619 1267 casu
1633 1235 1792 1274 consimili,
1808 1235 1854 1267 vel
1867 1236 1984 1273 majori,
2002 1246 2053 1266 nos
2072 1238 2170 1269 invitet
2192 1238 2353 1270 viciffitudo

1295 1284 1326 1305 re
1336 1282 1417 1305 ativa.

1334 1312 1409 1343 Data
1423 1313 1498 1351 apud
1510 1312 1708 1354 Wyndesore,
1725 1311 1850 1343 secundo
1864 1311 1910 1343 die
1925 1311 2055 1350 Augusti.

1471 541 1564 572 ivitate
1582 541 1724 580 Avinion,
1743 543 1882 582 Salutem,
1908 546 1942 577 &
1964 545 2078 576 fincerae
2100 546 2259 578 dileetionis
2277 547 2347 578 affe·
2366 536 2452 607 {ds
2469 569 2487 596 3

2371 614 2400 636 E.
2419 619 2445 646 3.

2368 646 2497 683 m.17.d„

190 1413 339 1445 Vsillielm‘?
353 1415 384 1445 de
400 1413 546 1455 Rosteleye,
566 1413 704 1452 Escaetori
719 1416 746 1442 in
761 1411 938 1442 comitatibus
962 1410 1135 1450 Noiffolciae,
1154 1408 1253 1449 Suffil-
1296 1391 1319 1393 ἦ
1333 1391 1349 1393 Ἀ
1376 1391 1390 1393 γ’

227 1456 289 1497 ciae,
308 1453 510 1491 Cantabrigiae,
526 1455 751 1492 Huntingtoniae,
768 1451 885 1490 Effi’xiae
899 1448 936 1485 &¹
952 1449 1129 1495 Hertfordiae.
1207 1490 1212 1494 .

192 1490 340 1537 Wzllzelnro
359 1492 391 1521 de
411 1491 539 1538 Northo,
559 1490 699 1537 Ijjscaetori
721 1495 750 1520 in
771 1490 948 1520 Comitatzbus
969 1492 1089 1526 Surrzae,
1107 1487 1255 1527 Suffixtae,

193 1532 344 1614 ΨΙῧΙα-ἱῖἷνζῑῖ
358 1530 396 1598 ἵζ’
407 1529 708 1615 ffiffiffifhg'saetori
723 1570 751 1614 i.⁷²
763 1566 939 1597 eomitatibus
951 1565 1071 1596 Eborum
1079 1588 1089 1603 ,
1102 1563 1257 1594 Northum-

190 1605 320 1683 JothZZ
331 1605 884 1684 gfflzssuZhfiVZengglffde·Honore
897 1643 929 1673 de
941 1640 1144 1672 Richemundid.

193 1686 235 1714 W
235 1682 342 1713 illielmo
355 1685 387 1715 de
402 1688 545 1715 Scurueton
559 1685 590 1714 de
602 1683 644 1724 iis
652 1695 692 1713 em
707 1682 800 1722 castro
813 1681 851 1717 &¹
866 1684 983 1712 Honore.

218 1805 277 1839 Pr'o
292 1806 405 1840 C‘o'mit'e
423 1803 588 1848 Cornu‘biae‚
615 1807 862 1838 Procuratorium
879 1802 924 1836 ad
936 1801 1133 1835 traflandnm
1143 1801 1236 1848 fhper

378 1851 572 1900 *Sponstzlibus
589 1865 661 1887 cum
678 1854 762 1887 Filia
780 1854 908 1886 Domini
922 1850 959 1885 de
975 1854 1079 1900 Coucy.

47 1962 178 1997 AmmD.
194 1938 412 2001 UNiverfis,
430 1938 579 1978 praesentes
593 1938 700 1970 Literas
716 1937 893 1978 inspeeturis,
912 1935 1086 1974 Edwardus,
1104 1936 1166 1967 &c.
1181 1935 1260 1966 Salu-

45 2012 158 2071 Ass324·
232 1986 560 2056 Detectiicumspec‘tione
582 2015 703 2054 providi
725 2015 759 2046 &
780 2014 910 2045 fidelitate
929 2013 1064 2053 probata,
1089 2013 1262 2044 dilectorum

191 2055 297 2092 nobis,
314 2055 465 2087 willielmi
479 2055 515 2085 de
529 2054 676 2092 Cusantia,
694 2052 836 2084 Canonici
849 2055 877 2083 in
892 2052 1018 2084 Ecclesia
1033 2052 1108 2083 Beati
1131 2051 1263 2083 Wilfridi

200 2093 353 2130 Riponiae,
369 2093 513 2130 &Jacobi
525 2093 562 2124 de
575 2093 687 2131 Lukes,
706 2091 828 2130 plenarie
843 2091 1035 2128 considentes,

239 2131 286 2161 Ad
301 2131 479 2161 trastandum
493 2141 578 2169 cum,
596 2131 704 2161 Nobili
717 2130 807 2170 Viro,
825 2130 987 2160 Wiilielmo
1005 2128 1042 2158 de
1062 2128 1178 2167 Gynes,
1197 2128 1265 2159 Do-

202 2170 286 2200 mino
303 2169 341 2199 de
359 2168 478 2210 Coucy,
496 2170 542 2200 seu
562 2169 737 2208 Deputandis
758 2170 794 2199 ab
817 2179 870 2206 eo,
889 2168 969 2206 super
990 2167 1201 2206 Matrimonio,
1218 2168 1266 2198 seu

199 2205 396 2246 Sponsalibus,
422 2209 494 2239 inter
511 2208 673 2246 johannem
694 2207 846 2238 Comitem
868 2206 1045 2244 Cornubiae,
1064 2206 1189 2236 Fratrem
1210 2216 1266 2236 no-

200 2246 289 2278 strum
302 2246 503 2315 heardffimum'
522 2248 556 2278 δε
575 2246 716 2285 Mariam,
735 2246 835 2276 Filiam
857 2245 926 2276 dicti
947 2245 1074 2275 Domini
1094 2244 1130 2275 de
1143 2243 1266 2285 Coucy,

199 2294 301 2317 contra
322 2295 356 2315 en
377 2295 398 2315 o

237 2323 370 2354 Necnon
390 2309 470 2361 super
490 2323 572 2355 Dote
585 2347 595 2362 ,
619 2323 664 2354 seu
685 2323 824 2354 Dotalitio
840 2346 851 2362 ,
876 2332 911 2354 ac
934 2321 1121 2360 Donatione,
1151 2330 1267 2361 propter

200 2361 324 2399 Nuptias
337 2364 366 2392 in
381 2362 433 2393 hac
448 2364 525 2400 parte
538 2362 725 2401 affignandis,

241 2400 278 2431 Et
300 2400 334 2430 ad
355 2400 414 2439 Ea,
432 2411 496 2439 quae
519 2401 557 2432 fic
579 2401 692 2432 tractata
711 2402 745 2433 &
763 2399 936 2431 concordata
948 2399 1066 2437 fuerint,
1085 2408 1269 2438 quacumque

200 2437 333 2469 firmitate
345 2440 506 2470 valland'um
520 2442 554 2471 &
569 2439 758 2478 firmandum,

238 2476 399 2516 Praedictis,
424 2478 588 2508 Willielmo
606 2479 640 2509 &
655 2478 785 2516 Jacobo,
811 2478 941 2516 plenam,
956 2484 1057 2508 tenore
1071 2476 1269 2516 praesentium,

200 2517 412 2546 committimus
427 2518 460 2547 ὃς
473 2517 660 2548 concedimus
673 2516 866 2554 Potestatem3

237 2553 442 2585 Promittentes
461 2555 530 2585 Nos
545 2579 555 2594 ,
581 2564 719 2623 guantum
739 2555 773 2585 ad
795 2555 865 2586 Nos
885 2554 1000 2594 attinet,
1024 2553 1134 2584 Rarum
1155 2556 1190 2586 ὅτ.
1210 2554 1270 2584 Fir-

47 2085 158 2146 {lugd

48 2160 147 2193 E.3.p.
161 2164 184 2182 i.

49 2204 88 2225 m.
102 2203 130 2230 4.

203 2598 287 2623 mum
309 2593 451 2624 habituros
466 2595 583 2632 quicqui
618 2604 667 2632 per
684 2594 833 2632 praefatos,
851 2588 1045 2623 Willielmum
1059 2594 1093 2624 &
1104 2592 1249 2631 Jacobum
1261 2618 1271 2631 ,

201 2630 367 2676 tractatum,
385 2632 614 2672 concordatum,
632 2632 792 2672 firmatum,
811 2634 846 2664 &
867 2631 1016 2670 vallatum,
1040 2632 1124 2663 fuerit
1145 2633 1176 2662 in
1198 2641 1272 2670 prae-

202 2668 384 2746 ml{gs-cujus,
402 2709 463 2740 &c-

278 2745 347 2778 Dat.
366 2747 439 2788 apud
452 2746 487 2777 N
489 2747 645 2787 otyngham
654 2772 664 2787 ,
681 2748 798 2780 decimo
813 2747 890 2780 sexto
903 2745 948 2777 die
957 2745 1034 2785 Julii.

264 2873 312 2904 De
330 2865 471 2916 Potistase
489 2863 568 2906 *data
586 2872 744 2919 recipiendi
760 2870 952 2920 Homagitim
970 2875 1008 2912 ὠ·
1025 2871 1219 2907 fidelitatem

589 2923 712 2954 Comitis
727 2919 895 2956 Sabaudiae.

64 3001 192 3037 Arm-D·
202 3005 428 3068 ¹,⁴⁴[J'N1iverfis,
454 3006 601 3045 praesentes
620 3006 709 3038 literas
727 3006 906 3046 inspecturis,
928 3006 1102 3046 Edwardus,
1116 3009 1177 3040 &c.
1194 3007 1275 3038 Salu-

61 3051 169 3110 Aln3.384.”
248 3054 567 3129 Detgffe'urnspec‘iione
586 3083 707 3123 provida
739 3078 923 3129 Dilecioru'm
936 3084 978 3128 ⁸&
1000 3083 1138 3114 Fidelium
1160 3084 1276 3115 nostro-

62 3124 94 3148 Ε.
117 3129 142 3157 3.
215 3130 296 3158 rum,
312 3122 466 3153 Willielmi
481 3123 612 3162 Truffel,
633 3124 666 3155 &
680 3106 812 3162 Magistn
825 3121 943 3153 Ricardi
955 3122 990 3153 de
1010 3121 1210 3162 Bynteworrh,
1223 3123 1276 3163 Ju-

63 3162 122 3187 Pat-
131 3158 159 3185 8·
213 3160 249 3190 ris
263 3158 364 3191 Civilis
376 3160 558 3202 Profefforis,
575 3162 697 3201 plenarie
709 3160 900 3199 confidentes,

63 3200 95 3224 E·
106 3202 157 3233 3-p·
167 3205 194 3224 2·
252 3197 300 3228 Ad
311 3199 502 3236 recipiendum
533 3201 590 3232 ‘hac
603 3202 688 3239 vice,
706 3200 825 3231 nomine
840 3200 960 3237 nostro,
974 3199 1155 3238 Homagium
1174 3200 1208 3231 &
1229 3199 1277 3230 Fi-

63 3243 101 3263 m.
119 3235 164 3273 38.
212 3235 353 3267 deliratem
367 3237 486 3268 Nobilis
498 3224 563 3270 Viri
675 3238 803 3270 Comitis
817 3237 963 3269 Sabaudiae
973 3262 982 3277 ,
1000 3236 1210 3277 Consanguinei
1223 3248 1277 3269 no-

214 3274 264 3306 stri
283 3275 431 3321 carissimi,
448 3285 502 3317 pro
522 3278 642 3318 Terris,
657 3276 780 3317 Castris,
798 3278 832 3314 ὃς
851 3278 1015 3316 Dominiis,
1033 3277 1278 3317 quibuscumque,

215 3323 282 3352 quae
298 3313 389 3344 dictus
402 3313 512 3346 Comes
527 3314 564 3346 de
575 3316 675 3347 Nobis
695 3324 772 3347 tenet
792 3318 822 3347 in
843 3316 966 3356 partibus
987 3315 1149 3353 Sabaudiae,
1167 3318 1200 3348 &
1221 3317 1277 3347 aliis

212 3352 463 3422 &gigebtitilsrcu'mquffi
474 3364 528 3392 pro
541 3354 643 3393 quibus
656 3353 837 3394 Homagium
851 3356 885 3387 &
896 3354 1074 3385 Fidelitatem
1088 3355 1171 3385 nobis
1185 3355 1277 3386 facere

228 3469 233 3475 ⁸
254 3429 300 3460 Ac
314 3415 365 3460 asia
376 3430 472 3474 omnia
485 3431 519 3461 &
533 3430 658 3468 singula,
675 3430 759 3461 nobis
772 3432 802 3461 in
812 3431 866 3462 hac
882 3440 960 3469 parte
979 3431 1089 3470 debita,
1108 3442 1223 3463 necnon
1243 3432 1279 3463 ad

215 3468 392 3506 liberandum
406 3467 497 3499 eidem
513 3468 720 3499 Posseffionem
733 3479 872 3507 vacuam,
889 3470 923 3500 &
946 3469 1080 3500 Seisin'am
1103 3470 1280 3509 Terrarum,

214 3505 402 3552 Castrorum,
419 3507 453 3575 &sc
467 3505 675 3538 Dominiorum
688 3506 865 3546 hujusmodi,
874 3509 943 3538 cum
960 3508 1010 3538 suis
1019 3508 1133 3546 Ju'ribus
1146 3510 1179 3540 &
1193 3511 1281 3548 perti-

214 3551 315 3576 nentiis
329 3555 429 3577 univer
441 3555 464 3575 is

253 3583 292 3614 Et
304 3582 401 3614 emnia
412 3583 461 3614 alia
471 3569 509 3615 ⁷&
523 3579 630 3621 singula
640 3583 803 3623 faciendum
816 3584 1072 3624 &excercendum
1087 3583 1117 3615 iri
1126 3585 1280 3624 praemiffis,

258 3633 283 3653 ae
297 3622 368 3653 Nos
379 3623 472 3653 facere
485 3621 670 3662 deberemus,
684 3623 705 3652 si
717 3622 894 3664 pei-‘sonaliter
906 3622 1052 3660 praesentes
1068 3623 1206 3663 effemus,

254 3658 417 3699 Praedieiis,
433 3660 598 3691 Willielmo
612 3661 646 3691 &
668 3660 811 3703 Magistro
832 3660 995 3700 Richardo,
1012 3661 1046 3692 &
1068 3671 1168 3692 eorum
1188 3663 1280 3702 alteri,

216 3696 650 3745 plenam'ter‘iorepraesentium
672 3700 879 3731 committimus
898 3699 1132 3731 &concedimus
1152 3700 1281 3732 Potesta—

212 3746 280 3769 tem

235 3761 458 3818 ‚Piomittentes
481 3775 552 3808 Nos
574 3776 683 3807 Ratum
703 3765 889 3813 &Firmum
907 3776 1051 3808 habituros
1072 3777 1211 3816 quicquid
1230 3787 1282 3817 per

218 3811 363 3854 praefatos,
388 3810 582 3846 Willielmum
605 3815 637 3846 &
661 3813 835 3852 Magistrum
853 3815 1029 3854 Ricardum,
1049 3815 1101 3846 'vel
1121 3825 1222 3848 eorum
1243 3817 1283 3848 al-

222 3853 332 3920 gefflgi,
353 3850 520 3894 receptum,
534 3854 709 3892 liberatum,
731 3852 846 3892 atium,
863 3853 897 3885 δε
919 3853 1034 3892 gestum
1052 3853 1135 3886 fuerit
1157 3856 1189 3886 in
1209 3865 1282 3895 prae-

253 3923 406 3998 lingulas,
421 3932 487 3969 ὅτε,
848 3970 853 3975 .
998 3969 1004 3976 ι

331 3975 366 3999 at.
384 3971 456 4010 apud
472 3969 670 4012 Wyndesore,
688 3967 812 4001 sccundo
826 3968 872 4000 die
886 3967 1014 4009 Augusti.

1353 1439 1458 1470 Litera
1482 1436 1565 1482 mtffiz
1596 1435 1725 1470 Ricardo
1748 1434 1959 1517 Thussmerston
1985 1434 2067 1483 quod
2079 1435 2113 1481 ft
2131 1434 2251 1481 festinet
2280 1441 2312 1470 in

1746 1487 1819 1531 Ang
1833 1489 1906 1519 lam.

1304 1570 1441 1629 REX,
1457 1568 1584 1600 Ricardo
1597 1568 1633 1600 de
1648 1569 1862 1608 Thurmarton,
1881 1569 2014 1601 Salutem.

1399 1609 1481 1653 Cum
1502 1617 1609 1652 nuper,
1627 1618 1676 1645 per
1696 1607 1813 1652 diversas
1827 1608 1959 1652 *Literas,
1977 1610 2028 1639 sub
2042 1608 2158 1640 Privato
2171 1608 2291 1648 Sigillo,
2309 1610 2363 1641 tibi
2382 1630 2410 1661 A

1300 1657 1518 1687 praeccperlmus
1530 1656 1675 1685 quatinus,
1690 1647 1753 1677 visis
1766 1647 1846 1677 dietis
1862 1647 1980 1685 Literis,
1998 1658 2050 1685 pro
2063 1648 2200 1686 aliquibus
2212 1648 2365 1689 Negotiis,
2412 1640 2461 1661 nn*
2475 1631 2517 1663 D‘

1301 1697 1355 1717 nos
1368 1686 1562 1727 tangentibus,
1577 1685 1612 1715 ad
1626 1695 1678 1716 nos
1693 1685 1870 1723 personaliter
1882 1685 2017 1716 accedere
2037 1696 2098 1716 non
2121 1686 2266 1726 differres,
2284 1691 2364 1727 quod
2406 1679 2493 1736 ¹333*

1301 1727 1449 1764 hucusque
1466 1724 1558 1755 facere
1579 1733 1640 1754 non
1659 1723 1779 1762 curasti,
1797 1725 1827 1754 in
1845 1723 1936 1754 nostri
1957 1733 2072 1763 gravem
2094 1723 2309 1758 Contumeliam
2331 1729 2365 1760 ὃς
2386 1713 2438 1737 ²³⁷²·
2478 1732 2485 1739 “

1302 1765 1534 1804 Contemptum,
1549 1762 1586 1793 de
1601 1772 1660 1800 quo
1672 1772 1732 1806 non
1747 1762 1930 1806 mediocriter
1945 1763 2159 1802 perturbamur,
2389 1752 2466 1816 Eb·.d3·

1341 1804 1416 1835 Tibi
1436 1802 1547 1840 adhuc,
1565 1801 1615 1831 sub
1633 1810 1710 1840 gravi
1727 1800 1904 1833 fonsfadfflrfi
1924 1801 2020 1832 nostra
2059 1804 2234 1842 raecipimus,
2251 1803 2371 1836 firmiter
2389 1791 2404 1815 Ι
2419 1797 2427 1815 ²
2446 1796 2495 1815 em.

1303 1843 1496 1881 injungentes,
1511 1839 1607 1882 quod,
1624 1840 1734 1871 semoto
1756 1840 1894 1870 ulterioris
1915 1839 2041 1872 Diffimu
2053 1842 2152 1872 ationis
2170 1843 2203 1874 &
2220 1843 2369 1879 cuiussibet

1303 1880 1496 1912 Excusationis
1517 1878 1671 1918 Distugffi,
1690 1877 1800 1916 statim,
1818 1878 1884 1916 post
1905 1880 2098 1917 receptionem
2122 1881 2300 1919 praesentium
2337 1892 2372 1913 ex

1306 1920 1393 1951 causis
1409 1919 1508 1953 certis,
1527 1918 1595 1955 tibi,
1611 1927 1680 1961 cuin
1691 1916 1852 1960 accefferiS,
1871 1918 2073 1956 exprimendis,
2087 1917 2121 1948 ad
2136 1930 2188 1950 nos
2200 1921 2230 1950 in
2237 1905 2374 1960 Angliam

1305 1959 1398 1989 redire
1417 1956 1545 1995 festines,
1560 1956 1630 1987 sicut
1653 1956 1798 1986 iminentia
1817 1957 1846 1986 in
1866 1956 1920 1987 hac
1934 1965 2011 1995 parte
2023 1957 2056 1988 ὃς
2069 1959 2161 1996 gravia
2174 1959 2298 1997 pericula
2319 1970 2374 1992 vo-

1305 1997 1387 2028 lueris
1402 1997 1516 2028 evitare.

1344 2035 1413 2066 Dat.
1433 2034 1562 2075 utsupra.

1394 2159 1445 2192 De
1462 2170 1518 2190 non
1535 2155 1708 2191 Exercenda
1729 2155 1872 2189 Studium
1890 2160 1921 2188 in
1942 2158 2031 2191 Villa
2052 2156 2088 2190 de
2103 2158 2283 2204 Smunford.

1375 2243 1434 2274 EX
1452 2242 1628 2274 Vicecomiti
1643 2241 1823 2280 Lincolniae,
1840 2241 1975 2273 Salutem.
2400 2260 2426 2292 Α
2485 2261 2518 2292 D

1414 2282 1493 2321 Quia
1515 2282 1612 2312 datum
1631 2280 1672 2311 est
1694 2281 1776 2311 nobis
1798 2280 1931 2320 intelligi,
1949 2280 2030 2320 quod
2050 2282 2228 2320 quamplures
2250 2282 2288 2313 M
2322 2282 2381 2314 istri
2427 2270 2473 2292 Μ’
2519 2286 2526 2291 ”

1311 2322 1346 2352 &
1368 2321 1495 2352 Scolares
1516 2319 1712 2351 Universitatis
1734 2318 1838 2350 nostrae
1854 2319 1998 2358 Oxoniae,
2013 2320 2111 2351 colore
2146 2321 2298 2353 uarundam
2347 2324 2382 2353 is-
2396 2309 2509 2367 ῥζξψ

1310 2360 1488 2397 senfionum,
1506 2360 1535 2389 in
1556 2357 1750 2389 Universitate
1767 2357 1921 2397 praedieca,
1945 2368 2053 2397 nuper,
2076 2367 2108 2390 ut
2146 2361 2244 2399 icitur,
2268 2369 2380 2392 exorta·
2397 2383 2419 2406 E

1312 2408 1397 2438 rum,
1414 2400 1448 2431 ὃς
1466 2398 1525 2428 aliis
1547 2396 1704 2427 Coloribus
1724 2396 1862 2436 quaesitis,
1877 2397 1905 2428 se
1923 2398 1960 2427 ab
1974 2396 2075 2428 eadem
2089 2397 2285 2430 Universitate
2299 2409 2383 2432 retra-
2403 2387 2494 2445 ibide-m

1313 2437 1426 2476 hentes,
1444 2436 1519 2475 apud
1531 2436 1638 2467 Villam
1652 2435 1689 2465 de
1703 2435 1856 2466 Staunford
1870 2434 1897 2466 se
1911 2434 2066 2474 divertere,
2084 2436 2118 2467 &
2133 2437 2240 2467 ibidem
2248 2438 2382 2469 Studium
2497 2436 2505 2444 ⁶

1313 2484 1424 2515 tenere,
1441 2486 1474 2507 ac
1491 2475 1582 2506 Actus
1595 2473 1765 2504 scolasticos
1780 2482 1913 2506 exercere
1923 2474 2115 2513 praesumunt,
2135 2475 2253 2506 Affensu
2266 2476 2383 2516 nostro,

1314 2515 1360 2546 seu
1376 2514 1522 2553 Licentia,
1541 2513 1660 2544 minime
1674 2512 1830 2551 requisitis,

1351 2553 1462 2593 Qiod,
1480 2553 1501 2584 fi
1514 2552 1693 2588 toleraretur,
1711 2561 1770 2581 non
1783 2559 1893 2582 tantum
1907 2552 1937 2581 in
1951 2551 2040 2582 nostri
2054 2560 2257 2591 contemptum
2275 2553 2310 2585 &
2330 2554 2381 2585 de-

1315 2592 1419 2630 decus,
1443 2593 1482 2623 set
1503 2592 1586 2622 etiam
1608 2592 1638 2620 in
1656 2590 1854 2629 dispersionem
1875 2589 2074 2624 Univerfitatis
2091 2591 2196 2622 nostrae
2217 2592 2382 2631 praedictae,

1316 2631 1429 2663 cederet
1444 2629 1605 2668 manifeste,

1354 2670 1422 2700 Nos

1354 2693 1499 2739 Nolgntes
1520 2706 1617 2738 Scolas
1632 2731 1642 2743 ,
1673 2705 1719 2737 seu
1741 2705 1838 2737 Studia
1852 2730 1862 2744 ,
1888 2706 1954 2737 alibi
1977 2706 2049 2737 infra
2070 2705 2207 2745 Regnum
2228 2706 2387 2746 nostrum,=

1316 2748 1404 2787 qu‘am
1419 2748 1447 2777 iii
1460 2747 1529 2777 locis
1541 2746 1591 2776 ubi
1606 2744 1812 2776 Universitates
1825 2754 1905 2775 nunc
1918 2744 1998 2783 sunt,
2017 2746 2050 2775 ali
2073 2746 2167 2776 ualiter
2183 2747 2288 2784 teneri,

1355 2786 1427 2817 Tibi
1442 2785 1641 2824 praecipimus,
1656 2783 1772 2814 firmiter
1787 2783 1978 2822 injungentes,
1993 2754 2073 2821 quod
2086 2783 2121 2814 ad
2136 2784 2303 2822 praedid'cam
2323 2783 2386 2815 Vil-

1316 2825 1376 2856 lam
1395 2824 1431 2854 de
1453 2822 1605 2855 Staunford
1628 2822 1806 2860 personaliter
1829 2821 1963 2860 accedas,
1981 2823 2015 2853 &
2029 2821 2153 2861 ibidem,
2171 2832 2204 2854 ac
2218 2822 2300 2861 alibi,
2315 2823 2390 2854 infra

1317 2863 1453 2894 Ballivam
1474 2870 1551 2893 tuam
1561 2884 1571 2900 ,
1585 2861 1634 2891 ubi
1657 2859 1788 2898 expedire
1800 2859 1904 2890 videris
1913 2882 1922 2898 ,
1941 2868 1975 2890 ex
1989 2868 2067 2898 parte
2078 2860 2175 2892 nostr&⁴
2187 2861 2302 2899 publice
2316 2871 2386 2900 pro-

1317 2902 1433 2933 clamari
1447 2901 1480 2931 ὃς
1493 2900 1615 2931 inhiberi
1630 2898 1731 2937 facias,
1747 2900 1785 2929 ne
1800 2897 1880 2938 Qi,
1897 2898 1948 2928 sub
1961 2898 2140 2930 forisfactura
2154 2900 2305 2938 omnium,
2340 2910 2386 2931 uae

1317 2940 1402 2970 nobis
1421 2939 1581 2969 forisfacere
1603 2945 1755 2977 poterunt,
1771 2936 1852 2975 alibi,
1870 2937 1959 2975 quam
1978 2938 2008 2967 in
2027 2937 2264 2969 Universitatibus
2285 2948 2324 2968 no
2350 2939 2386 2968 ris

1318 2978 1479 3017 praedietis,
1497 2976 1630 3008 Studium
1643 2984 1738 3007 tenere
1747 3000 1757 3014 ,
1773 2975 1820 3008 vel
1833 2976 1923 3007 Astus
1934 2975 2106 3007 Scolasticos
2116 2985 2263 3015 exercere,
2280 2976 2385 3014 praesu-

1320 3025 1399 3048 mant
1413 3026 1532 3054 quoquo
1546 3015 1657 3054 modo,

1358 3056 1378 3076 *ἱ
1398 3054 1435 3085 Et
1451 3054 1487 3085 de
1500 3054 1664 3085 nominibus
1677 3053 1807 3092 illorum,
1826 3062 1899 3093 quos
1913 3052 1978 3091 post
1990 3051 2248 3084 Proclamationem
2260 3052 2294 3083 &
2308 3051 2387 3084 Inhi-
2405 3068 2422 3087 4
2437 3072 2489 3098 IV-

1319 3095 1461 3125 bitionem
1482 3092 1628 3131 praedictas
1647 3093 1786 3123 inveneris
1805 3093 1835 3122 in
1857 3092 2032 3123 contrarium
2053 3092 2184 3122 facientes
2198 3114 2208 3129 ,
2240 3091 2323 3121 nobis
2356 3092 2387 3121 in
2482 3091 2490 3098 ⁶

1319 3132 1497 3203 gancquii'ilfi
1515 3131 1630 3170 nostra,
1646 3130 1696 3162 sub
1720 3130 1818 3171 sigillo
1839 3139 1909 3169 tuo,
1923 3130 2054 3162 distincte
2072 3130 2106 3161 &
2125 3132 2238 3168 aperte,
2256 3128 2386 3161 constare

1347 3181 1401 3202 eias
1415 3181 1445 3201 in
1467 3172 1546 3201 iate:

1357 3209 1500 3242 Volumus
1514 3210 1591 3242 enim
1605 3209 1742 3240 omnibus
1757 3209 1791 3240 &
1806 3207 1918 3244 singuiis
1927 3206 1994 3245 ,qui
2006 3205 2041 3236 de
2055 3205 2195 3237 violentiis
2209 3213 2256 3237 aut
2270 3207 2385 3245 injuriis,

1318 3259 1334 3281 a
1355 3249 1393 3280 ud
1404 3247 1509 3279 dietam
1522 3247 1628 3279 Villam
1650 3246 1776 3278 Oxoniae
1795 3246 1890 3284 illatis,
1912 3254 2009 3276 coram
2025 3244 2189 3283 Justiciariis
2208 3245 2310 3276 nostris
2332 3246 2384 3275 ibi-

1342 3298 1408 3326 em,
1425 3287 1460 3317 ad
1474 3287 1532 3318 hoc
1548 3285 1700 3327 specialiter
1712 3286 1863 3323 deputatis,
1880 3284 1908 3314 se
1924 3283 2063 3321 conqueri
2085 3283 2243 3322 voluerint,
2260 3284 2384 3315 celerem

1318 3327 1461 3367 Justitiam
1474 3326 1618 3363 exhiberi,
1637 3333 1722 3363 prout
1740 3325 1831 3355 decet.

1357 3365 1449 3397 Teste
1462 3363 1544 3404 Rege
1559 3363 1633 3402 apud
1650 3362 1829 3403 Wyndesore
1837 3384 1847 3400 ,
1864 3359 1987 3392 secundo
2001 3358 2046 3391 die
2059 3359 2189 3400 Augusti.

2402 3110 2469 3138 622.

1796 3440 1850 3468 Per
1864 3436 1947 3477 ipfhm
1960 3438 2056 3474 Regem
2069 3434 2107 3471 ⁴&
2125 3433 2278 3466 Concilium.

1358 3517 1518 3550 Consimile
1536 3516 1626 3548 Breve
1644 3515 1770 3555 dirigitur
1793 3513 1900 3552 Majori
1920 3514 1954 3545 &
1979 3512 2087 3545 Ballivis
2100 3511 2183 3543 Villae
2197 3511 2287 3551 Regis
2300 3509 2385 3543 Oxoss

1324 3559 1397 3595 niae,
1416 3557 1527 3587 mutatis
1536 3554 1685 3586 mutandis.

1362 3595 1453 3628 Teste
1466 3603 1497 3626 ut
1508 3595 1595 3632 supra.
2203 3629 2207 3634 ,
2224 3630 2228 3633 η

1808 3631 1859 3659 Per
1874 3628 1954 3668 ipsum
1968 3628 2063 3664 Regem
2077 3624 2115 3661 &⁴
2129 3625 2282 3657 Concilium.

1371 3767 1420 3798 De
1442 3761 1635 3809 inquirendo,
1652 3761 1744 3806 siaper
1762 3758 1864 3804 Officio
1883 3761 1921 3793 V
1918 3760 2077 3791 icecomitis
2094 3756 2130 3791 de
2147 3756 2328 3807 Roleqsburg.

1326 3848 1468 3913 REX,
1486 3846 1610 3878 Dilectis
1625 3846 1658 3877 δε
1675 3844 1818 3875 Fidelibus
1833 3843 1903 3882 suis,
1919 3842 2074 3881 Radulpho
2087 3843 2124 3874 de
2139 3843 2259 3883 Nevill,
2277 3845 2312 3877 &
2325 3844 2387 3876 An-
2402 3854 2477 3885 Ann-
2492 3855 2533 3885 D¹

1409 3889 1492 3931 tonio
1505 3886 1542 3930 de
1557 3885 1658 3929 Lucy,
1671 3883 1804 3927 Salutem.
1934 3920 1939 3925 θ
1989 3921 1994 3926 .
2276 3923 2280 3927 .
2423 3903 2509 3933 1334-

1365 3926 1405 3957 Su
1428 3926 1539 3963 plicavit
1553 3923 1644 3970 xnobis
1657 3946 1668 3960 ,
1701 3921 1832 3951 Dilectus
1852 3920 1886 3952 &
1908 3919 2009 3950 Fidelis
2028 3920 2124 3952 noster
2140 3944 2151 3960 ,
2187 3920 2334 3953 Galfridus
2353 3921 2389 3952 de
2403 3937 2454 3960 Aa.
2473 3932 2501 3959 g,

1328 3961 1589 4038 Mgliiriialpsgllffi
1598 3984 1636 4029 'de
1649 3997 1718 4037 jure
1730 3997 1852 4028 Isabellae
1860 4020 1870 4035 ‚
1881 3996 2043 4027 Comitifl'ae
2057 3997 2094 4028 de
2106 3997 2190 4036 Mar,
2198 3997 2309 4029 Uxoris
2321 3997 2386 4034 suae,
2401 3974 2478 4036 {cot}
2486 4008 2513 4036 3⁵

1329 4041 1386 4072 effe
1397 4040 1496 4070 debeat
1509 4037 1683 4069 Vicecomes
1695 4036 1732 4067 de
1748 4035 1958 4075 Rokesburgh,
1975 4036 2009 4067 &
2024 4034 2131 4067 Custos
2147 4036 2272 4068 Forestae
2286 4036 2322 4067 de
2329 4035 2389 4066 Sei·
2403 4050 2432 4073 E.
2452 4056 2476 4083 3,
2498 4056 2538 4081 ,m

1330 4079 1422 4148 kysszc,
1434 4115 1520 4147 iidem
1542 4113 1766 4146 vicecomitatus
1789 4114 1822 4146 &
1843 4111 2007 4190 Cli²ist30dia‚
2037 4114 2146 4146 ratione
2168 4111 2392 4180 Donationgofic
2407 4092 2451 4121 ¹5⁸
