2562 4279
175 92 251 120 110
604 57 1255 118 CONVENTION

28 164 101 196 Anu.
118 161 158 193 D.
177 163 234 194 mei
250 161 286 193 de
300 162 504 201 Badelesmere,
525 160 641 198 Militis,
659 159 771 197 plenam
786 155 920 187 fiduciam
933 160 1118 198 reportanteS,
1175 188 1179 192 Ι

54 211 137 246 ¹317-
215 201 261 232 Ad
277 201 510 232 consentiendum
521 223 529 237 ,
549 200 667 230 nomine
681 196 794 234 nostro,
811 201 1021 238 prorogationi,
1037 191 1082 221 seu
1103 195 1251 232 continua-

23 242 92 269 Edv.
113 250 137 268 ε..
177 241 250 270 tioni
265 241 396 278 termini,
411 239 473 270 alias
487 249 534 276 per
547 247 597 268 nos
612 236 717 272 recepti
730 235 763 265 &
778 242 932 271 acceptati,
949 231 1027 269 super
1050 227 1176 272 passagio
1197 234 1250 255 no-

178 278 235 309 stro
250 279 283 308 ad
298 287 396 309 terram
410 277 574 314 Jerusalem:
592 275 625 304 &
648 274 683 304 ad
703 273 789 303 alium
806 272 972 302 terminium
990 269 1068 313 super
1088 266 1149 306 ipso
1163 263 1250 307 passa-

177 318 229 354 gio
249 317 346 347 nostro
360 315 550 352 recipiendum
563 336 572 352 ,
598 312 630 342 &
653 311 876 350 acceptandum,
894 319 927 340 ac
943 308 978 339 ad
997 308 1161 338 facientium
1181 302 1250 340 alia,

173 365 238 394 quae
252 357 279 384 in
296 354 439 392 praemissis
454 349 601 382 necessaria
613 348 716 381 fuerint
727 349 773 380 seu
787 351 872 380 etiam
887 356 1027 386 oportuna
1037 369 1047 383 ,

212 393 338 423 Praefatis
351 391 511 429 Episcopis,
529 388 661 428 Comiti,
678 389 712 420 &
733 387 842 426 Militi,
859 388 892 418 &
908 387 995 416 tribus
1010 392 1112 415 eorum
1128 381 1252 426 plenam,

176 439 274 463 tenore
295 430 486 467 praesentium,
513 428 724 458 committimus
746 426 932 465 potestatem,
950 424 1059 454 Ratum
1079 421 1200 463 habituri
1219 418 1252 447 &

179 478 310 506 gratum,
335 467 468 506 quicquid
490 475 538 503 pet
560 466 651 504 ipsos,
675 465 847 504 Episc0p0s‚
865 463 1034 500 Comitem,
1050 461 1084 492 &
1107 458 1253 494 Militem,

180 507 223 537 vel
236 516 287 536 tres
301 517 398 536 eorum
408 527 417 543 ,
436 504 533 535 nostro
550 506 686 543 nomine,
705 505 813 535 faustum
832 503 915 533 fuerit
929 503 958 532 in
974 497 1146 542 praemiffiqs..

216 544 248 574 In
265 546 342 583 cujus
357 546 396 574 rei
412 542 608 574 testimonium
628 543 773 582 praesentes
793 542 907 573 Litteras
928 539 1010 577 sigilli
1032 536 1119 568 nostri
1139 532 1253 572 impres-

177 583 252 613 sione
266 583 384 613 fecimus
399 583 533 612 roborari.
1246 609 1251 615 .

214 621 279 651 Dat.
294 621 364 658 apud
379 619 530 659 Clipston,
548 629 576 661 4.
590 620 636 651 die
647 620 787 658 Januarii,
804 618 892 649 Anno
913 616 1036 648 Domini
1055 621 1138 652 1317.
1155 611 1253 648 Regni

178 661 250 690 vcro
264 659 351 689 nostri
366 658 490 690 decimo.

731 700 785 727 Per
803 700 896 726 Breve
916 695 947 725 de
962 696 1077 733 privato
1094 687 1195 727 sigillo.

179 773 389 836 CCnsimiles
408 775 522 807 Litterae
545 775 630 807 factae
652 776 780 812 fuerunt,
797 773 833 804 de
856 773 944 803 verbo
965 769 999 801 ad
1020 768 1157 812 verbum,
1182 773 1252 795 cum

239 813 290 844 ista
310 813 427 844 clausula
449 814 574 853 adjecta,
589 823 651 845 ante
670 818 705 844 In
721 814 810 849 cujus,
829 811 888 847 <ly-c.
928 810 1036 840 Damus
1056 806 1164 849 insuper
1179 813 1252 841 prae-

176 853 255 891 fatis,
273 851 382 883 Comiti
397 853 430 883 &
444 852 664 891 Bartholomeo,
684 853 806 882 {imiliter
822 849 987 888 potestatem
1000 844 1158 890 &speeiale
1171 851 1253 887 inan-

177 892 294 929 datum,
313 892 505 929 receptionem
518 892 563 922 seu
576 893 801 929 acceptationem
821 889 928 918 alterius
941 894 1071 928 termini,
1089 892 1141 920 pro
1157 879 1251 918 hujus-

177 930 261 961 modi
278 930 403 968 paffagio
418 931 518 960 nostro
535 930 568 960 ad
588 938 688 960 tei-ram
708 936 912 964 memoratam,
930 923 1066 960 vallandi,
1083 923 1117 952 &
1135 919 1251 963 firman-

178 969 229 1008 di,
245 970 362 999 nomine
382 969 495 1006 nostro,
506 972 683 1007 juramento,
708 977 756 1005 per
778 966 894 996 alterum
916 963 1055 1002 ipsorum,
1073 959 1200 990 Comitis
1217 957 1250 988 &

178 1007 387 1044 Bartholomei,
405 1009 434 1037 in
447 1008 568 1037 animam
584 1006 708 1037 nostram
724 1004 889 1044 praestando.

212 1046 248 1077 In
265 1046 359 1084 cujus,
377 1044 436 1079 &a
455 1053 486 1074 ut
492 1045 587 1084 fiaepra.

252 1084 320 1115 Dat.
338 1093 367 1114 ut
382 1083 470 1122 supra.

321 1211 371 1243 De
395 1207 568 1242 inhibitione
591 1210 822 1251 firmamenti,
846 1205 929 1254 apud
951 1202 1110 1250 Thetford.

30 1291 106 1323 Arm.
120 1288 161 1320 D·
184 1294 330 1351 REX,
355 1294 464 1326 dilectis
483 1296 515 1326 &
533 1294 659 1325 fidelibus
674 1294 741 1333 suis,
759 1293 940 1330 comitibus,
962 1290 1130 1327 amnibus,
1148 1285 1254 1318 Militi-

55 1338 143 1370 1317.
261 1335 312 1365 bus
346 1334 380 1365 &
391 1334 525 1377 omnibus
539 1334 597 1364 aliis
609 1334 772 1364 hominibus
785 1332 820 1363 ad
834 1330 972 1370 arma,ad
985 1327 1172 1361 torneandum
1179 1323 1252 1364 apud

29 1372 82 1397 An·
102 1379 145 1396 10·
178 1357 328 1403 Thetford'
335 1373 365 1403 in
379 1382 512 1410 proximo
527 1374 723 1410 conventuris,
740 1371 864 1402 salutem.
1076 1405 1081 1410 .
1157 1405 1162 1410 ,

30 1411 61 1434 E.
81 1416 108 1435 ²-
218 1410 388 1442 Mandamus
403 1411 500 1450 vobis,
518 1410 568 1441 sub
582 1410 756 1441 forisfaciura
771 1411 920 1446 omnium,
939 1417 1002 1446 quae
1013 1405 1096 1436 nobis
1110 1402 1254 1434 forisface-

29 1449 144 1473 Par-10·
185 1457 215 1479 re
229 1451 372 1488 poteritis,
388 1449 504 1479 firmiter
519 1449 694 1488 inhibentes,
712 1459 747 1479 ne
764 1448 837 1486 apud
857 1447 964 1478 dictam
978 1445 1083 1476 Villam
1105 1442 1141 1473 de
1159 1442 1255 1472 Thet-

30 1487 162 1520 E·2·P·2·
176 1487 250 1519 'ford
260 1512 270 1527 ,
288 1489 333 1519 seu
351 1489 417 1519 alibi
430 1489 459 1517 in
474 1487 580 1526 Regno
594 1487 690 1518 nostro
703 1488 866 1525 Torneare,
882 1485 1034 1522 Burdeare,
1048 1481 1136 1521 justas
1147 1480 1256 1518 facere,

31 1531 68 1550 ''³-
84 1523 129 1560 36·
187 1526 341 1559 Aventuras
355 1536 492 1565 quaerere,
512 1528 557 1557 seu
568 1526 604 1556 ali
625 1526 681 1556 uod
696 1525 770 1557 aliud
791 1525 902 1556 fafitum
916 1532 1064 1566 armorum
1078 1520 1169 1564 facere
1184 1528 1256 1559 prae-

182 1566 308 1604 sumatis,
326 1565 440 1596 durante
454 1565 553 1602 guerra
568 1536 663 1596 noiira
676 1564 781 1596 Scotiae
790 1587 800 1603 ,
813 1563 859 1594 vel
872 1562 1013 1602 quousque
1032 1559 1106 1591 aliud
1123 1558 1188 1589 inde
1203 1556 1256 1587 du-

180 1606 302 1636 xerimus
313 1604 525 1634 Ordinandum.
1210 1635 1215 1640 .

219 1643 275 1682 Et,
292 1642 325 1673 ad
346 1642 551 1674 inhibitionem
573 1641 732 1681 hujusmodi
754 1641 837 1672 vobis
859 1639 968 1678 plenius
988 1635 1166 1682 faciendum,
1188 1633 1258 1678 dxlef

181 1682 263 1713 Cium
275 1682 374 1720 nobis,
388 1681 549 1720 johannem
565 1680 690 1720 Squirel,
708 1680 744 1711 ad
756 1691 808 1711 vos
821 1679 950 1709 duximus
964 1675 1179 1720 destinandum,
1206 1683 1258 1717 'cui

183 1721 281 1751 damus
315 1719 423 1758 lenam,
440 1728 537 1750 tenore
551 1719 744 1757 praesentium,
763 1717 930 1757 potestatem
944 1714 1097 1759 arestandi,
1117 1713 1149 1744 ὅ(
1172 1711 1259 1755 priso-

185 1769 231 1790 nae
247 1762 298 1789 nol
327 1768 369 1797 ae,
385 1757 436 1789 sub
451 1757 578 1789 custodia
599 1758 786 1789 Vicecomitis
806 1752 1072 1798 nostri-Comitatus
1094 1749 1258 1794 Suffolciae,

187 1797 392 1828 committendi
404 1806 502 1827 omnes
513 1796 590 1835 illos,
609 1807 680 1835 quos
716 1796 777 1834 post
794 1795 996 1825 inhibitionem
1017 1790 1142 1823 nostram
1156 1787 1259 1828 praedi-

189 1837 286 1874 ctam,
302 1836 454 1866 contrarios
467 1837 606 1866 invenerit
620 1844 666 1866 aut
682 1819 822 1866 Rebelles.

223 1875 258 1906 In
272 1875 366 1913 cujus,
384 1874 443 1905 ὅτε.

260 1911 348 1944 Teste
363 1912 446 1951 Rege
459 1912 533 1951 apud
549 1912 680 1952 Clipston
690 1936 698 1952 ,
715 1922 743 1953 4.
761 1912 808 1943 die
819 1911 952 1951 Januarii.

764 1991 818 2019 Per
836 1995 923 2018 Breve
940 1987 971 2016 de
984 1988 1100 2026 privato
1120 1981 1219 2020 sigillo.

187 2058 1246 2077 *Μ

416 2118 465 2149 De
490 2116 587 2148 Dinis
611 2112 828 2149 Torneantibus
850 2110 1025 2156 arestandis.

35 2214 114 2245 Arm,
128 2212 169 2244 D,
190 2201 505 2271 ΚΕέγὶεεεοτηίἑί
522 2200 684 2239 Suffolciae,
701 2201 824 2269 salutefn.
862 2238 871 2268 ι
918 2236 966 2268 CO
1001 2238 1006 2243 ι
1093 2235 1125 2266 R
1187 2234 1195 2241 .
1208 2243 1264 2263 ΜΡ

37 2262 92 2320 A1n3
99 2262 152 2319 1¹2..
189 2277 250 2317 stri,
269 2251 385 2318 puriliiie’
398 2248 550 2307 feriteeritiisis
557 2248 940 2315 tgpggssffigrpersscmegugm
948 2244 1264 2305 nhnilttiiimfisrmietgiilinhi-

37 2335 71 2358 13.
91 2340 118 2357 2,
187 2318 249 2348 beri
283 2327 318 2348 ne
333 2317 409 2354 quis,
427 2314 554 2353 Comes,
575 2315 662 2354 Baro,
682 2315 785 2354 Miles,
802 2314 847 2344 seu
859 2314 925 2344 alius
939 2315 1118 2356 quicunque,
1134 2311 1266 2353 Tornea—

37 2368 127 2403 Cgaus,
190 2365 235 2393 re,
251 2341 404 2392 ssurdeare,
419 2353 508 2392 Justas
523 2354 634 2392 facere,
653 2355 806 2385 Aventuras
847 2362 968 2390 uterere,
986 2352 1030 2381 seu
1053 2349 1166 2388 aliquod
1189 2346 1263 2378 aliud

42 2417 86 2435 10,
100 2410 129 2433 E.
145 2415 173 2431 2⁸
191 2393 299 2438 fidium
313 2402 457 2424 armorum
473 2402 604 2423 exercere
618 2393 810 2431 praesumeret,
827 2363 941 2422 durante
965 2389 1066 2427 guerra
1081 2387 1176 2419 nostra
1192 2386 1265 2417 Sco—

39 2455 77 2475 γη.
94 2444 137 2473 ¹8.
153 2443 179 2471 d.
193 2440 253 2463 ‘¹²23

234 2471 279 2502 Ac
291 2472 349 2509 jam
366 2469 580 2500 intellexerimus
595 2467 673 2506 quod
690 2468 824 2506 quidam,
842 2466 916 2505 apud
930 2466 1089 2504 Thetford,
1107 2467 1137 2496 in
1161 2462 1268 2507 Comi-

56 2520 78 2541 *
101 2522 155 2548 111⁴
194 2518 251 2540 tatu
266 2518 333 2546 tuo,
353 2508 372 2527 '¹‘
389 2509 423 2538 ad
438 2507 639 2538 Torneandum
657 2508 685 2536 in
708 2508 839 2546 proximo
861 2507 969 2537 venturi
991 2506 1067 2543 sunt,
1084 2503 1159 2535 unde
1180 2501 1266 2541 pluri-

75 2559 143 2595 59g,
194 2549 276 2578 mum
291 2548 481 2584 admiramur,
1170 2581 1174 2585 Ι
1200 2578 1210 2587 Α

228 2587 298 2617 Tibi
343 2586 521 2623 raecipimus,
540 2583 657 2615 firmiter
677 2584 870 2622 injungentes,
888 2582 969 2621 quod
990 2583 1019 2612 in
1042 2581 1120 2612 dicta
1138 2579 1214 2610 Villa
1231 2578 1267 2608 de

190 2625 314 2656 Thetfor
343 2647 351 2662 ,
369 2624 402 2654 &
415 2624 480 2654 alibi
496 2624 526 2653 in
542 2622 645 2653 Ballivci
659 2622 721 2661 tusi,
741 2623 790 2652 ubi
804 2622 934 2659 expedire
949 2621 1065 2658 videris,
1077 2619 1191 2657 publice
1200 2627 1265 2655 pro-

190 2664 307 2695 clamari
325 2663 358 2693 &
373 2672 406 2692 ex
421 2671 498 2700 pane
513 2660 605 2691 nostra
620 2660 734 2691 firmiter
748 2661 868 2690 inhiberi
884 2660 984 2698 facias,
1002 2669 1039 2689 ne
1053 2659 1128 2697 quis,
1148 2656 1267 2694 ComcS,

189 2702 280 2741 Baro,
299 2701 404 2739 Miles,
418 2701 463 2731 seu
478 2700 545 2730 alius
560 2700 721 2738 quicunque
742 2699 833 2729 homo
852 2698 886 2729 ad
907 2708 1001 2735 arma,
1018 2696 1179 2734 Tomeare,
1197 2694 1266 2725 Bur-

189 2741 289 2778 deare,
305 2739 396 2778 justis
412 2740 519 2776 facere,
538 2737 691 2768 Aventuras
711 2747 853 2776 quaerere,
870 2737 916 2767 seu
938 2736 1012 2766 aliud
1034 2735 1142 2766 facturn
1167 2742 1265 2764 armo-

190 2789 273 2818 rum,
289 2779 319 2808 in
333 2777 435 2808 eadem
452 2777 524 2807 Villa
537 2776 571 2807 de
584 2775 797 2814 Thetford,seu
812 2776 877 2805 alibi
892 2774 965 2805 infra
972 2774 1111 2811 Regnum
1127 2772 1266 2809 nostrum,

191 2826 338 2848 excercere
351 2816 496 2854 praesumat
504 2838 514 2854 ,
532 2814 648 2845 durante
661 2814 759 2851 guerra
774 2813 866 2844 nostra
879 2813 987 2844 Scotiae
997 2836 1006 2851 ,
1024 2812 1069 2843 seu
1084 2811 1224 2850 quousque
1236 2820 1266 2840 a-

192 2855 250 2887 liud
266 2854 332 2885 inde
346 2854 505 2885 duxerimus
522 2852 732 2882 Ordinandum.

230 2893 284 2931 Et,
301 2893 320 2923 si
342 2902 427 2931 quos,
445 2891 509 2930 post
526 2890 784 2921 Proclamationem
802 2890 980 2928 hujusmodi,
996 2889 1134 2920 inveneris
1153 2896 1267 2918 contra-

192 2934 266 2964 rium
281 2931 432 2967 facientes,
450 2939 516 2960 tunc
538 2939 603 2967 eos,
619 2940 688 2960 cum
708 2931 784 2968 equis
807 2930 840 2960 ἃ
859 2929 987 2959 hernesiis
1008 2929 1077 2967 suis,
1095 2926 1212 2964 arestes,
1231 2927 1265 2956 &

187 2972 238 3003 sub
258 2969 347 3039 airesto
368 2969 444 3000 salvo
469 2967 627 3006 custodias,
652 2968 747 2999 donec
768 2968 841 2999 aliud
863 2967 929 2998 inde
952 2978 968 2998 a
989 2967 1070 2997 nobis
1092 2966 1219 2996 habueris
1234 2965 1265 2994 in

191 3020 260 3041 man
281 3018 339 3039 atis.

232 3047 269 3078 Et
283 3047 320 3077 de
336 3047 498 3077 nominibus
511 3045 622 3076 illorum
632 3067 641 3082 ,
679 3055 730 3075 uos
749 3044 787 3075 fic
800 3044 977 3083 arestaveris,
995 3044 1094 3081 nobis,
1110 3042 1160 3074 sub
1175 3040 1266 3079 sigillo

192 3095 260 3123 tuo,
276 3085 409 3115 distincte
424 3085 457 3115 δε
473 3085 582 3124 aperte,
600 3093 657 3113 con
684 3093 727 3113 are
742 3083 825 3113 facias
839 3083 961 3113 indilate.

234 3123 323 3154 Teste
339 3123 424 3161 Rege
437 3122 510 3164 apud
525 3121 675 3163 Clipston,
692 3131 720 3158 4.
734 3121 779 3151 die
789 3121 922 3160 januarii.

423 3247 481 3280 Ad
506 3251 620 3293 Papam
633 3274 642 3290 ,
664 3258 720 3293 pro
744 3243 920 3288 Dublineigsi
938 3245 1049 3279 Eleae.

54 3336 129 3368 Ann.
142 3334 181 3364 D.
248 3333 305 3366 ΑΡ
316 3331 358 3365 AE
374 3334 440 3365 Rex
453 3333 556 3364 devota
573 3333 677 3370 pedum
691 3331 783 3363 oscula
795 3332 954 3362 beatorum.

75 3382 159 3412 1317.
281 3372 397 3404 Nodies
410 3371 552 3402 insomnes
566 3371 667 3401 diutius
681 3372 713 3401 &
738 3370 814 3401 Cura
831 3369 961 3407 pervigili
981 3377 1153 3405 coartamur,
1171 3375 1202 3398 ut
1219 3375 1269 3404 m,

53 3417 106 3440 An.
129 3422 170 3439 10-
238 3422 250 3441 r
263 3422 326 3449 quae
340 3412 430 3442 Terra
444 3409 537 3441 nostra
550 3409 713 3446 Hiberniae,
730 3410 787 3445 jani
802 3409 926 3445 turbata,
943 3406 978 3437 ad
990 3407 1205 3445 tranquilitatem
1220 3404 1271 3434 de-

54 3455 85 3479 Ε.
106 3460 132 3476 2.
213 3449 344 3480 ideratam
364 3450 527 3486 reducatur,
550 3458 620 3478 cum
642 3447 786 3484 diligenda
813 3455 1008 3484 procuremus;
1031 3446 1083 3483 &,
1099 3454 1205 3483 quanto
1223 3452 1270 3480 per

55 3493 126 3517 Rom.
141 3486 174 3520 &-
203 3487 266 3517 haec
282 3488 372 3517 honor
387 3487 481 3518 noster
494 3488 527 3517 &
539 3486 728 3517 commodum
743 3485 858 3522 amplius
873 3493 1001 3521 poterunt
1014 3484 1175 3521 provenire,
1194 3489 1270 3512 tanto

56 3531 98 3554 Fr.
120 3536 161 3553 ιο.
205 3535 256 3562 pro
279 3525 383 3554 eisdem
395 3527 428 3556 ad
449 3525 547 3556 vestrae
562 3524 737 3556 beatitudinis
764 3523 1003 3554 mansuetudinem
1023 3521 1210 3552 confidentius
1229 3529 1272 3549 re-

58 3569 88 3591 Ε.
99 3574 123 3591 2.
133 3573 170 3591 m.
201 3563 337 3593 currimus
348 3563 535 3600 supplicando.

60 3612 87 3640 3.
246 3600 423 3630 Attendentes
438 3604 543 3640 itaque,
562 3601 643 3632 Pater
659 3601 761 3632 Samste
771 3625 780 3638 ,
798 3599 877 3640 quod
901 3598 1025 3629 Ecclefia
1047 3598 1143 3629 Sancti
1158 3595 1273 3627 Patricii

205 3637 399 3675 Dublinensis,
415 3642 443 3669 in
464 3641 557 3670 Terra
577 3640 729 3678 praedieta,
746 3640 805 3677 jain
820 3638 932 3668 divertis
948 3637 1149 3668 calamitatibus
1168 3636 1201 3666 &
1222 3644 1272 3664 an-

206 3676 302 3712 gustiis
317 3677 436 3715 afflfflta,
455 3689 487 3708 ac
508 3680 589 3708 variis
602 3677 795 3708 incommodis
811 3676 961 3714 supposita,
980 3685 1027 3713 per
1050 3674 1224 3713 prudentiam
1239 3673 1272 3703 &

206 3713 367 3757 industriam
383 3716 632 3754 circumspectam,
651 3717 747 3746 dilecti
764 3715 869 3746 Clerici
883 3714 987 3752 nostri,
1005 3712 1139 3751 Magistri
1154 3713 1274 3743 Alexan-

208 3752 251 3782 dri
267 3752 306 3795 de
318 3752 477 3795 Bykenore,
496 3755 576 3791 ipsius
590 3754 723 3784 Ecclesia:
739 3754 831 3784 Eleeti
841 3777 850 3791 ,

247 3790 325 3827 Qii,
343 3800 371 3819 in
387 3791 477 3822 Terra
492 3793 625 3829 praedieta
635 3815 643 3829 ,
662 3801 735 3829 tam,
752 3792 867 3822 celebris
880 3791 1048 3828 memoriae,
1066 3788 1200 3820 Domino
1214 3788 1275 3819 Ed-

207 3828 322 3871 wardo,
341 3828 470 3858 Genitori
484 3830 597 3868 nostro,
616 3832 699 3867 quam
714 3831 793 3860 nobis
806 3830 853 3860 diu
871 3840 938 3860 cum
961 3828 1036 3859 fideli
1057 3828 1202 3865 diligentia
1225 3827 1276 3857 de-

208 3867 338 3909 servrvit,
356 3866 522 3908 &Terram
539 3869 699 3904 praedictam
715 3879 747 3900 ac
765 3878 859 3898 mores
873 3869 906 3898 &
928 3867 1105 3898 conditiones
1128 3865 1224 3904 populi
1240 3866 1276 3895 il-

206 3905 258 3935 lius
269 3903 328 3934 satis
339 3912 438 3946 novn,
454 3915 519 3947 cum
536 3907 563 3934 in
582 3906 615 3936 ea
630 3906 867 3944 Archiepiscopali
880 3906 1040 3943 praefulierit
1052 3905 1200 3943 dignitate,

244 3942 289 3972 Ad
307 3941 406 3984 statum
424 3942 535 3984 felicem
552 3946 651 3984 poterit
668 3945 798 3982 relevari,
815 3945 848 3975 &
864 3945 921 3974 tam
939 3945 969 3974 in
984 3943 1173 3982 Spiritualibus
1190 3951 1275 3982 quam

203 3980 419 4019 Temporalibus
432 3980 546 4011 salubria
559 3981 693 4019 sulcipere
709 3984 898 4021 incrementa3

1284 54 1880 107 ES‚L1TERAE‚

1328 142 1474 173 Sancititati
1489 141 1588 173 vestrae
1602 142 1712 174 devotis
1726 142 1854 181 precibus
1867 138 2054 178 supplicamus
2069 138 2213 179 quatinus,
2231 140 2267 172 ad
2275 139 2373 179 filiam,
2392 133 2455 165 Am
2466 135 2509 167 D·

1292 180 1330 212 sic
1344 181 1534 212 miserabiliter
1541 182 1677 220 attritam,
1696 181 1840 219 paternalis
1858 179 2029 210 Affectionis
2043 178 2141 209 oculos
2156 188 2371 218 convertentes,
2413 183 2484 212 1¹17·

1293 220 1403 250 dietum
1419 219 1570 259 EleCmm,
1589 230 1640 257 pro
1653 221 1771 256 negotio
1788 218 1944 249 Eleenonis
1966 217 2039 255 suae,
2057 218 2086 247 in
2106 217 2196 248 vestra
2208 217 2295 248 Sacra
2309 218 2372 249 Cu·
2394 216 2450 242 Eur.
2465 223 2492 241 ²·
2536 242 2539 247 ,

1292 259 1334 289 ria
1347 259 1561 296 expediantem,
1578 259 1737 296 dignemini
1750 257 1850 287 nostris
1859 255 1988 294 precibus
2003 256 2106 286 habere
2120 255 2270 293 specialiter
2285 266 2371 287 com-

1292 298 1473 336 mendatum,
1491 297 1524 327 ὅ(
1547 296 1582 327 ad
1597 297 1704 327 dictam
1719 296 1877 327 Ecclefiam
1893 294 2097 325 Dublinensem
2118 295 2261 324 remittere
2280 295 2371 325 felici-

1292 344 1335 365 ter
1357 335 1535 374 expeditum,
1561 346 1615 366 nec
1657 344 1746 365 areant
1766 333 1912 372 quaesimus
1931 343 2007 363 aures
2030 332 2211 363 exauditionis
2232 334 2371 364 contradi-

1294 374 1436 404 titionibus
1456 375 1487 403 in
1507 375 1626 411 negotio
1681 374 1800 404 ectionis
1823 372 1968 410 praedicii3
1996 372 2131 412 quoniam
2149 381 2207 401 non
2229 371 2318 401 solum
2335 381 2370 401 ex

1294 413 1354 442 odii
1367 413 1468 442 fomite
1484 422 1706 451 praeconcepto,
1722 412 1759 442 set
1779 411 1862 441 etiam
1878 421 1929 448 pro
1944 410 2014 441 statu
2035 410 2133 440 Terrae
2156 409 2256 439 nostrae
2271 409 2370 446 praedi-

1294 451 1369 488 ctae,
1384 450 1418 480 ad
1436 450 1523 480 nostri
1538 451 1697 489 dampnum
1719 451 1752 481 &
1767 449 1908 487 dedecus,
1926 451 2017 487 magis
2036 447 2192 486 turbando,
2211 448 2371 486 hujusmodi

1296 488 1486 520 contradietio
1498 489 1558 527 jam
1572 489 1711 527 procedit.

1333 527 1507 566 Cmserver,
1527 528 1587 558 &a

1372 564 1444 596 Dat.
1460 565 1533 604 apud
1547 565 1679 605 Clipston
1688 591 1698 605 ,
1715 566 1743 596 6.
1757 564 1803 595 die
1813 564 1944 604 Januarii.

1586 691 1646 726 Ad
1667 691 1859 735 Carfinales,
1880 702 1935 738 pro
1961 689 2070 724 eodem.

1292 777 1493 845 VEnerabili
1506 778 1536 808 iri
1545 776 1663 808 Christo
1680 777 1771 817 Patri,
1788 777 1921 808 Domino
1937 777 1973 808 A.
1991 776 2048 807 Dei
2063 775 2167 814 gratia,
2184 774 2294 806 8211&ae
2303 775 2370 806 Ma·
2392 773 2518 807 Ann.D.

1370 818 1420 847 riae
1433 818 1463 846 in
1480 816 1595 847 Porticu
1613 815 1749 846 Diacono
1770 816 1930 854 Cardinali,
1948 817 2045 846 amico
2065 815 2113 845 suo
2135 813 2295 853 cariffimo,
2311 813 2370 844 Ed·
2411 822 2495 853 1317.

1292 855 1418 893 wardus,
1435 855 1496 894 δίε.
1514 854 1646 893 salutem,
1665 855 1699 885 &
1714 855 1827 885 sincerae
1841 855 2000 885 dilectionis
2014 853 2158 884 affectum.
2388 856 2443 881 An.
2463 864 2504 881 io.

1332 893 1451 933 Qanto
1465 893 1502 924 de
1514 893 1606 924 vestra
1619 893 1773 923 dilefflone
1786 893 1891 924 sincera
1910 892 2044 923 fiduciam
2059 893 2181 930 gerimus
2196 890 2369 930 pleniorem,
2391 895 2418 919 E.
2430 900 2456 919 2.

1293 939 1371 962 tanto
1387 942 1439 970 pro
1456 932 1526 970 hiis,
1545 941 1609 970 quae
1624 931 1754 962 nostrum
1771 932 1910 962 honorem
1929 932 1962 962 δε
1985 930 2181 962 commodum
2201 930 2372 969 respiciunt,
2395 934 2466 958 Rom.
2486 929 2521 963 &-

1292 980 1344 1001 vos
1357 970 1544 1001 confidentius
1559 979 1712 1001 exoramus
2396 972 2520 998 Fr.io.E.

1329 1008 1512 1040 Attendentes
1528 1010 1565 1039 ita
1586 1019 1620 1039 ue
1635 1008 1710 1046 quod
1727 1007 1851 1038 Ecclesia
1863 1008 1959 1039 Sancti
1972 1006 2089 1038 Patricii
2096 1005 2295 1044 Dublinensis,
2311 1003 2374 1040 ὡς.
2399 1016 2426 1035 2.
2440 1017 2477 1036 m.
2494 1015 2521 1048 ς.

1288 1055 1370 1087 prout
1378 1048 1464 1088 supra
1479 1046 1559 1088 usque
1592 1058 1629 1077 aec
1644 1046 1748 1085 verba,
1768 1050 1831 1076 viz.

1331 1085 1530 1117 Paternitatem
1546 1086 1665 1117 vestram
1679 1084 1833 1117 affeetuose
1847 1086 2010 1125 requirimus
2024 1084 2057 1115 &
2072 1093 2208 1121 rogamus

1293 1133 1323 1155 υτ
1336 1133 1507 1156 memoratus
1520 1124 1647 1163 Eledtus,
1665 1125 1712 1163 qui
1728 1134 1780 1162 pro
1800 1125 1920 1162 negotio
1942 1123 2098 1154 Eleffionis
2115 1121 2171 1152 suae
2193 1123 2224 1152 in

1293 1162 1384 1194 Curia
1394 1165 1455 1202 jam
1472 1164 1618 1202 expectat,
1634 1163 1765 1201 propulsis
1780 1163 2049 1200 contradictoribus,
2072 1161 2119 1199 qui
2135 1160 2184 1190 fibi
2205 1170 2265 1191 non
2279 1159 2372 1190 solum

1292 1212 1327 1233 ex
1342 1202 1403 1232 odii
1418 1202 1522 1232 fomite
1538 1202 1746 1240 praeconcepti,
1763 1201 1801 1232 set
1816 1202 1900 1233 etiam
1923 1211 1976 1239 pro
1996 1199 2065 1230 statu
2087 1199 2187 1229 Terrae
2208 1198 2374 1237 praedidiae,

1294 1241 1328 1271 ad
1344 1240 1434 1271 nostri
1454 1240 1613 1279 dampnum
1629 1241 1662 1271 &
1675 1240 1812 1277 dedecus,
1833 1241 1925 1277 magis
1942 1238 2096 1277 turbando,
2116 1238 2145 1267 in
2161 1237 2301 1276 praedieto
2320 1247 2372 1267 ne-

1294 1281 1378 1324 gotio
1391 1279 1583 1356 adggg‘samur'
1599 1279 1634 1310 ad
1655 1279 1764 1310 dictam
1779 1278 1938 1310 Ecclefiam
1950 1275 2156 1309 Dublinensem
2171 1276 2295 1306 mittatur
2309 1274 2373 1305 feli-

1296 1328 1367 1350 citer
1383 1328 1415 1348 ex
1474 1327 1524 1349 itus

1336 1357 1434 1387 Velitis
1450 1367 1479 1387 er
1499 1368 1514 1387 a
1531 1341 1744 1387 'sanctissimum
1766 1357 1795 1386 in
1819 1354 1937 1387 Christo
1959 1355 2087 1393 Patrem,
2103 1353 2268 1385 Dominum
2289 1352 2377 1383 Sum-
2539 1367 2543 1387 ;

1295 1406 1378 1426 mum
1390 1395 1475 1426 Pont'
1498 1405 1564 1426 cem
1581 1395 1600 1414 ²*
1611 1396 1670 1432 (cui
1683 1395 1762 1433 super
1774 1395 1831 1426 hoc
1846 1394 1949 1424 nostras
1963 1404 2060 1434 preces
2072 1393 2192 1424 similiter
2206 1390 2365 1431 dirigimus)
2413 1387 2434 1408 ²¹¹²
2453 1388 2509 1418 1114
2543 1397 2546 1421 J

1295 1434 1394 1465 nostris
1408 1435 1555 1475 precibuS,
1571 1433 1724 1464 efficaciter
1741 1434 1918 1472 interponere
1931 1441 2020 1471 partes
2032 1431 2142 1464 vestras-
2428 1436 2447 1463 5
2447 1436 2495 1464 99·
2540 1450 2547 1455 ·

1334 1473 1404 1504 Dat.
1424 1473 1498 1512 apud
1514 1472 1666 1512 Clipston,
1685 1472 1711 1502 8.
1727 1472 1774 1502 die
1782 1472 1913 1512 januarii.

2229 1084 2354 1151 ἳιζητίηυς
2361 1105 2372 1121 ,

2267 1131 2372 1152 omana

2542 1463 2551 1477 s

1419 1549 1590 1581 Consimiles
1606 1550 1721 1582 Litterae
1735 1549 1894 1588 diriguntur
1907 1548 2078 1588 subscriptis,
2094 1546 2244 1586 videlicet,
2539 1527 2558 1590 ἒ

1335 1631 1452 1658 Domino
1473 1629 1517 1658 W
1535 1626 1653 1668 Penestr.
2020 1639 2045 1691 }
2543 1604 2555 1617 v

2056 1625 2205 1664 Episcopis
2222 1622 2322 1655 Cardi-

1336 1670 1451 1697 Domino
1469 1669 1512 1696 A.
1533 1666 1687 1708 Sabinenfi,

2057 1664 2173 1695 nalibus.

2536 1675 2562 1715 ᾗ.

1334 1747 1451 1775 Domino
1467 1746 1509 1774 A.
1525 1743 1603 1773 tituli
1617 1744 1726 1774 Sanii‘ae
1741 1741 1856 1782 Prifiae,
1931 1782 1936 1786 ἡ
2017 1754 2043 1806 }
2054 1740 2218 1785 Presbiteris
2231 1738 2334 1772 Cardi·
2541 1764 2544 1768 .

1334 1786 1453 1814 Domino
1466 1785 1510 1813 W.
1527 1782 1620 1822 Testa,
1638 1781 1715 1813 tituli
1731 1783 1825 1812 Sanaeli
1836 1784 1953 1820 Ciriaes,
2093 1779 2213 1810 nulibus.
2542 1763 2562 1823 {a

1338 1866 1455 1894 Domino
1468 1865 1508 1894 Ν,
1524 1864 1601 1894 tituli
1615 1864 1708 1894 Sanffl
1726 1863 1867 1901 Adriani,
2063 1881 2203 1914 Diaconis
2214 1879 2313 1913 Cardi-
2495 1855 2499 1858 ⁴
2544 1827 2559 1916 ξ

1338 1905 1454 1933 Domino
1463 1903 1605 1941 J.Sanc'i¹i
1620 1906 1727 1940 Georgii
1741 1903 1781 1932 ad
1793 1901 1884 1932 Velum
1899 1910 2021 1939 aureum,

1339 1944 1456 1971 Domino
1468 1944 1500 1972 F.
1516 1943 1626 1973 Sanelae
1642 1945 1746 1972 Mariae
1763 1945 1793 1972 in
1808 1937 1967 1980 Cosmedyn,
2083 1921 2199 1953 ”anhus-

2547 1948 2562 1996 m
2545 1920 2562 1942 2!

1341 2083 1401 2117 Ad
1422 2086 1538 2131 Papam
1551 2109 1562 2128 ,
1580 2093 1637 2131 pro
1660 2083 1747 2117 eletio
1771 2081 1909 2116 Eborum
1922 2109 1932 2126 ‚
1957 2085 1994 2121 (ῤ’
2021 2091 2124 2116 contra
2153 2084 2332 2120 Malivolos.

1303 2173 1378 2243 PA
1387 2172 1461 2204 PAE
1480 2173 1547 2205 Rex
1560 2173 1661 2205 devota
1676 2174 1780 2213 pedum
1796 2172 1890 2204 oscula
1904 2174 2061 2204 beatorum.
2401 2177 2478 2210 Ann,
2492 2177 2535 2214 Dg

1386 2211 1590 2252 Intelleximus,
1611 2213 1692 2244 Pater
1705 2213 1810 2244 Sancte
1829 2211 1933 2249 (quod,
1952 2222 2010 2242 non
2032 2211 2089 2241 sine
2103 2210 2198 2242 cordis
2219 2213 2381 2245 amaritudi-
2431 2226 2518 2259 1317,
2534 2235 2538 2257 1

1303 2260 1358 2288 ne,
1373 2250 1473 2281 vestrae
1488 2250 1651 2281 Celfitudini
1672 2252 1848 2286 nunciamus)
1868 2249 2022 2287 quemdam
2045 2249 2080 2280 de
2097 2250 2197 2280 nostro
2211 2251 2378 2292 Homagio,
2400 2260 2454 2285 An.
2472 2267 2518 2289 ιο.

1304 2298 1338 2318 ex
1351 2287 1496 2327 fidelitate,
1514 2299 1547 2319 ac
1566 2288 1822 2326 circumspectione
1836 2287 1972 2326 provida,
1989 2297 2071 2326 quas,
2089 2288 2264 2326 praedilectus
2285 2290 2379 2322 Cleri·
2400 2300 2432 2323 E.
2454 2305 2481 2323 2.

1306 2337 1356 2357 cus
1375 2326 1468 2357 noster
1485 2327 1518 2357 &
1534 2327 1692 2365 familiaris,
1711 2325 1850 2364 Magister
1870 2325 2044 2356 Willielmus
2062 2326 2098 2356 de
2119 2326 2248 2366 Melton,
2266 2328 2380 2360 Electus
2399 2337 2470 2362 Rom.
2499 2335 2536 2371 ό-

1308 2364 1454 2404 Eborum,
1471 2365 1501 2395 in
1517 2364 1617 2395 nostris
1631 2365 1765 2396 hactenus
1780 2365 1918 2402 obsequiis
1933 2365 1966 2394 δε
1987 2366 2108 2401 negotiis
2122 2364 2240 2397 feliciter
2255 2366 2381 2405 dirigen-
2404 2376 2446 2399 Fr.
2469 2382 2515 2404 io.

1307 2403 1348 2434 dis
1359 2427 1368 2441 ,
1385 2403 1522 2434 laboriose
1548 2403 1651 2434 studuit
1670 2404 1818 2441 exhibere,
1837 2411 1945 2433 tantum
1966 2402 2129 2442 concepisse
2146 2403 2245 2434 odium
2267 2405 2300 2436 &
2322 2417 2384 2437 ran-
2402 2415 2433 2439 Ε,
2451 2421 2478 2441 2,
2547 2434 2550 2437 .

1307 2452 1424 2481 eorem,
1442 2443 1522 2480 quod
1537 2443 1593 2472 tam
1610 2452 1658 2480 per
1671 2442 1717 2473 sua
1732 2443 1879 2479 rogamina
1895 2450 1976 2480 atque
1989 2451 2101 2479 preces,
2119 2442 2206 2480 quarn
2228 2452 2276 2481 per
2291 2443 2384 2476 Cleri·
2403 2459 2440 2478 m.
2465 2460 2491 2489 3.
2509 2451 2538 2482 l·

1308 2491 1358 2512 cos
1378 2482 1459 2519 (quos
1475 2490 1508 2511 ex
1523 2490 1599 2518 parte
1613 2481 1660 2511 su'a
1675 2483 1703 2511 in
1718 2480 1806 2511 Curia
1819 2479 1950 2510 substinet
1988 2479 2084 2510 eidem
2099 2479 2219 2519 Elec‘to,
2245 2483 2383 2521 exquisitis
2528 2472 2538 2488 ⁶

1308 2519 1452 2550 coloribus
1464 2530 1498 2550 ac
1512 2519 1757 2550 adinventionibus
1771 2518 1946 2555 malivolis,a
1967 2517 2112 2555 versantes)
2123 2519 2245 2557 ejusdem
2254 2521 2383 2553 Eleffio-

1308 2559 1351 2588 nis
1372 2559 1535 2598 negotium,
1553 2557 1705 2588 secundum
1727 2557 1825 2588 Deum
1862 2557 1895 2587 &
1915 2566 1967 2594 pro
1982 2557 2149 2588 relevatione
2170 2558 2255 2589 dietae
2278 2559 2384 2592 Eccle-

1309 2596 1355 2626 siae
1378 2596 1560 2627 concorditer
1576 2596 1738 2635 celebratae,
1763 2605 1798 2626 ne
1819 2580 1890 2625 d³*m
1912 2595 2069 2633 impedire,
2086 2596 2187 2626 verum
2208 2598 2314 2638 etiam,
2368 2611 2384 2631 r

1309 2634 1474 2665 Dominum
1491 2634 1521 2665 F.
1536 2634 1679 2674 Gaytani,
1695 2644 1729 2665 ac
1743 2633 1893 2664 nonnullos
1906 2633 1976 2664 alios
1990 2633 2170 2673 CardinaleS,
2188 2635 2221 2666 δε
2235 2636 2304 2667 alios
2342 2647 2384 2670 ta-

1308 2673 1396 2711 licos,
1414 2675 1478 2712 qui,
1496 2682 1593 2703 contra
1609 2673 1717 2703 bonum
1733 2672 1928 2711 conscientiae,
1945 2671 1995 2702 suis
2010 2673 2039 2703 in
2053 2672 2106 2704 hac
2122 2682 2199 2712 parte
2221 2674 2365 2708 obtutibus
2371 2700 2383 2716 ‚

1307 2721 1337 2742 ut
1352 2714 1532 2750 accepimus,
1547 2713 1574 2741 in
1589 2712 1678 2742 nostri
1692 2712 1817 2741 nominis
1832 2711 2052 2749 contumeliam,
2070 2712 2243 2750 acquiescere
2257 2724 2315 2744 non
2332 2725 2384 2746 ve-

1309 2759 1427 2789 rentur,
1438 2750 1575 2781 destruere
1587 2760 1620 2780 ac
1636 2749 1811 2781 confundere
1827 2749 2018 2788 machinatur,
2038 2757 2069 2780 ut
2083 2751 2120 2781 fic
2136 2750 2253 2789 quidam
2267 2752 2302 2783 de
2315 2753 2385 2793 suis,

1305 2789 1366 2827 jam
1386 2798 1473 2826 agens
1488 2790 1517 2818 in
1540 2787 1648 2827 Curia,
1674 2789 1706 2818 in
1724 2788 1843 2819 eandem
1864 2787 1996 2819 Eborum
2018 2787 2176 2820 Ecclesiam
2211 2790 2282 2821 infra
2305 2793 2385 2832 cujus

1309 2827 1446 2858 Diocesin
1468 2837 1571 2864 magna
1594 2837 1655 2864 pars
1678 2827 1786 2858 suarum
1806 2827 1960 2858 Terrarum
1983 2826 2126 2867 consistit,
2143 2828 2170 2859 ei
2191 2838 2238 2859 em
2260 2829 2382 2871 Είεᾶο,

1308 2867 1336 2896 in
1352 2866 1391 2897 sui
1405 2867 1465 2897 'uris
1481 2865 1696 2905 praejudicium,
1715 2865 1881 2904 praeferatur.

1346 2904 1391 2935 Ve
1418 2915 1477 2935 ram
1500 2905 1584 2944 igitur
1613 2903 1812 2935 Patemitatem
1840 2904 1936 2943 (quam
1951 2927 1961 2943 ,
1987 2905 2068 2936 multi
2088 2905 2188 2937 licibus
2208 2906 2383 2943 experientiis

1306 2943 1508 2981 edocentibus,
1526 2943 1625 2982 nobis,
1643 2944 1673 2973 in
1687 2941 1787 2974 nostris
1798 2944 2052 2983 oportunitatibus,
2078 2952 2207 2982 pei-amus
2227 2945 2380 2981 propitiam

1308 2981 1447 3019 invenire)
1467 2980 1630 3020 instantius,
1648 2991 1706 3020 quo
1728 2981 1886 3021 possiimus,
1911 2982 2092 3020 imploramus
2111 2981 2237 3019 quatinus
2254 2983 2379 3020 pericula

1307 3029 1389 3059 atque
1410 3021 1519 3058 brigas,
1538 3030 1601 3059 quae
1615 3021 1715 3059 nobis,
1735 3030 1768 3051 ac
1791 3019 1897 3058 Regno
1916 3020 2014 3050 nostro
2035 3018 2228 3050 inevitabiliter
2250 3021 2381 3053 accidere

1308 3067 1456 3098 poterunt,
1473 3059 1492 3089 si
1507 3061 1536 3089 in
1551 3058 1629 3089 dicta
1644 3058 1777 3089 Eborum
1792 3058 1919 3089 Ecclesia
1935 3056 2074 3096 (confinio
2089 3056 2196 3088 Scotiae
2208 3058 2324 3099 vicina,
2346 3061 2382 3092 &

1329 3108 1359 3128 er
1374 3097 1517 3129 incursum
1540 3097 1712 3136 Scotorum,
1735 3096 1896 3127 nostrorum
1919 3094 2102 3134 Rebfflium,
2127 3096 2157 3126 in
2174 3095 2226 3127 suis
2245 3099 2329 3129 rebus
2346 3099 2382 3131 &

1308 3107 1406 3167 ii'erris
1426 3135 1548 3166 multum
1572 3135 1705 3173 collapsa)
1724 3136 1755 3164 iri
1768 3134 1823 3164 isto
1837 3132 2016 3171 discrimine,
2034 3133 2085 3164 alia
2099 3133 2227 3166 statuatur
2248 3136 2382 3177 persona,

1308 3176 1394 3213 quiim
1416 3175 1499 3204 nobis
1517 3173 1602 3204 solida
1622 3181 1704 3210 atque
1724 3171 1796 3210 fida,
1813 3170 1903 3202 vestra
1924 3170 2059 3202 Sanctitas
2080 3172 2229 3214 dignetur,
2251 3175 2381 3216 pensare,

1309 3212 1585 3249 considerationeque
1598 3209 1702 3248 praevia
1717 3208 1941 3249 praemissorum,
1959 3219 2075 3241 necnon
2096 3212 2275 3244 verecundiae
2296 3223 2379 3254 atque

1310 3252 1454 3289 obloquii,
1475 3260 1538 3288 quae
1552 3250 1634 3279 nobis
1648 3258 1681 3279 ac
1694 3247 1775 3278 dieto
1790 3247 1893 3278 Electo
1907 3248 2084 3280 verisimilius
2105 3250 2286 3291 iminebunt,
2303 3252 2323 3282 fi
2336 3253 2382 3284 di-

1311 3289 1422 3320 ctorum
1440 3286 1640 3319 adversantium
1657 3286 1762 3317 malitia
1776 3285 1922 3324 praevaleat
1943 3288 2082 3326 aequitati,
2099 3288 2221 3320 eundem
2235 3289 2381 3330 EleCmm,

1310 3329 1405 3358 virum
1420 3328 1516 3364 utique
1529 3325 1640 3356 Sanctae
1647 3326 1714 3355 vitae
1722 3348 1733 3364 ,
1751 3324 1875 3363 Deoque
1890 3325 1923 3356 &
1934 3326 2099 3356 hominibus
2113 3327 2314 3365 multiplicibus
2321 3330 2380 3359 vir-

1309 3365 1391 3397 tuosis
1404 3364 1512 3395 actibus
1526 3363 1678 3401 gratiosum
1713 3373 1772 3394 non
1787 3363 1961 3394 obstantibus
1973 3365 2181 3397 ob‘ectionibus
2187 3366 2266 3404 hujus
2277 3366 2381 3398 volun·
2558 3386 2560 3393 ·

1312 3405 1400 3442 tariis,
1417 3403 1504 3434 didiae
1527 3402 1655 3433 Eborum
1676 3387 1828 3440 ssjcdefiae,
1844 3401 1879 3432 ad
1902 3412 1985 3439 quam
2007 3375 2101 3434 iilecti
2115 3404 2194 3442 ipfius
2214 3403 2380 3437 industriam
2560 3394 2562 3430 l

1312 3452 1433 3472 concors
1446 3441 1557 3472 suorum
1573 3440 1739 3471 Electorum
1751 3439 1884 3479 affeetio,
1899 3441 2068 3479 sperantium
2081 3441 2108 3472 se
2120 3444 2154 3474 δε
2168 3441 2285 3472 eandem
2305 3443 2382 3475 suam

1314 3480 1469 3511 Ecclesiam
1485 3489 1533 3522 per
1544 3479 1635 3517 ipsum
1650 3479 1759 3510 feliciiis
1772 3478 1914 3518 respirare,
1931 3480 2053 3519 praevia,
2072 3489 2103 3511 ut
2124 3478 2222 3511 merite
2243 3481 2383 3523 creditur,

1315 3520 1421 3549 divinae
1436 3518 1619 3557 inspirationis
1633 3517 1738 3556 gratia,
1755 3518 1915 3558 elegerunt,
1935 3519 2003 3550 sicut
2019 3519 2150 3550 nostrum
2163 3528 2197 3548 ac
2212 3517 2311 3556 Regni
2326 3531 2382 3551 no-

1313 3557 1361 3587 stri
1374 3557 1474 3587 statum
1489 3555 1605 3594 diligitis
1626 3555 1791 3594 prosperum
1812 3557 1844 3586 &
1860 3556 2015 3596 honorem,
2039 3566 2074 3588 ex
2091 3554 2190 3587 vestrae
2212 3556 2382 3590 liberalitatis

1314 3596 1419 3634 gratia,
1436 3595 1655 3632 auetoritateque
1667 3594 1759 3625 vestr&
1773 3593 1940 3631 Apostolica
1951 3594 2132 3636 praeficere&
2147 3603 2240 3626 creare
2249 3618 2259 3633 ,
2276 3597 2381 3634 ipsum-

1315 3644 1369 3672 que
1384 3644 1437 3672 pro
1451 3633 1651 3663 reformatione
1664 3643 1698 3663 ac
1712 3633 1869 3664 direciione
1883 3635 2084 3672 negotiorum,
2102 3641 2154 3662 nos
2173 3633 2207 3664 &
2224 3634 2304 3664 idem
2319 3634 2382 3666 Re-

1320 3682 1412 3709 gnum
1433 3671 1561 3702 nostrum
1583 3672 1831 3710 contingentium,
1854 3673 1884 3703 in
1908 3673 2007 3711 quibus
2025 3670 2105 3701 suum
2128 3671 2276 3702 consilinm
2297 3674 2383 3705 nobis

1315 3711 1568 3748 comprobavimus
1587 3709 1694 3746 semper
1717 3711 1868 3747 providum
1890 3711 1924 3741 ὃς
1945 3709 2041 3745 fidele,
2066 3708 2102 3738 ad
2122 3719 2190 3748 nos,
2215 3719 2269 3747 pro
2288 3713 2382 3751 quiete

1316 3748 1403 3779 nostri
1421 3749 1509 3779 animi
1524 3749 1678 3786 remittere,
1696 3748 1715 3778 fi
1737 3749 1845 3788 placet,
1863 3749 1986 3780 celeriter
2006 3747 2040 3777 &
2061 3746 2178 3777 feliciter
2199 3748 2382 3788 expeditum3

1315 3788 1450 3825 quoniam
1463 3796 1497 3816 ex
1511 3786 1582 3823 isto,
1601 3787 1671 3816 inter
1686 3796 1786 3818 caetera
1802 3787 1902 3818 mundi
1916 3796 1936 3815 n
1970 3785 2043 3823 otia,
2061 3795 2125 3822 quae
2147 3785 2289 3817 modernis
2309 3795 2383 3818 tern-

1315 3826 1429 3864 poribus
1442 3835 1492 3855 nos
1504 3826 1691 3863 contingunt,
1710 3834 1802 3862 gratos
1816 3834 1942 3856 rumores
1968 3823 2086 3853 'beritius
2101 3823 2266 3855 audiremus.

1354 3863 1402 3894 Ad
1417 3864 1555 3894 honorem
1570 3864 1603 3894 &
1624 3863 1816 3895 exaltationem
1837 3861 1970 3893 Ecclefiae
1988 3863 2022 3892 &
2043 3860 2145 3898 Populi
2165 3861 2220 3901 sui,
2240 3861 2385 3896 Dominus

1315 3901 1437 3935 vestram
1452 3900 1649 3932 Paternitatem
1666 3902 1828 3939 conservet,
1845 3901 1878 3932 &
1892 3899 1992 3939 dirigat
2006 3908 2056 3938 per
2069 3907 2198 3939 tempora
2209 3900 2347 3934 diuturna.

1360 3939 1430 3971 Dat.
1440 3940 1514 3979 apud
1528 3939 1679 3980 Clipston,
1696 3949 1725 3980 7.
1735 3940 1781 3972 die
1791 3938 1923 3979 januarii.

2307 4017 2403 4051 *Ad
