2562 4279
50 190 129 226 ssnn.
146 190 187 222 D.

75 238 161 270 ¹337-

51 272 120 302 Edv.
141 279 168 307 3.

49 531 127 564 Ann-
144 527 187 560 D.

73 577 159 610 1337.

50 614 104 638 An.
124 618 165 636 ii.

51 653 81 677 Ε.
101 657 126 684 3.

51 691 121 714 Rom.
141 693 181 712 ιι.

51 728 81 751 Ε.
101 733 125 760 3.
142 733 180 752 m.

54 772 79 791 ι.

50 1609 129 1642 ‘Am
144 1608 186 1641 D.

51 1692 104 1717 An.
124 1699 165 1717 11.

52 1749 178 1794 Pan-ii.

55 1809 185 1842 E.3.p.3.

54 1851 145 1871 m.20.

57 2390 73 2410 ὅ
90 2392 144 2419 IV.

56 2429 123 2459 828.

79 3505 155 3535 Ann.
168 3504 209 3536 D.

81 3553 136 3610 Aln3
142 3552 195 3610 3¹7¹·-

81 3625 112 3647 E.
135 3629 159 3655 3.

82 3659 150 3692 Vnst:⁸
172 3667 214 3685 11.

85 3699 113 3722 E.
130 3704 154 3732 3.
176 3705 213 3724 m.

84 3743 112 3769 7.

201 110 279 160 196

199 195 302 225 habere
314 191 396 229 velit,
415 187 546 220 sincerius
558 194 679 225 optentu
693 183 801 223 nostri,
819 180 911 215 vestra
924 180 1080 219 Sane'titas,
1093 178 1263 220 quaesumus,

200 230 457 265 Commendatum.

234 269 411 305 Conservet,
427 267 486 297 &c.
678 301 683 306 ⁵
830 300 835 305 η
965 298 971 304 ι
1068 297 1073 302 ,
1234 294 1240 300 ⁴

272 309 341 339 Dat.
360 305 434 343 apud
447 300 755 339 westmonasterium,
773 298 892 330 decimo
904 298 1026 337 septimo
1046 296 1092 328 die
1114 294 1263 327 Oitobris.

519 414 587 464 'Ad
603 402 779 463 C‘aidinales
796 430 948 462 Nuncios.

201 519 462 584 VEnerabilibus
480 518 508 548 in
529 517 646 553 Christo
668 515 813 554 Patribus,
840 513 993 553 Dominis,
1011 513 1046 544 Ρ.
1064 511 1136 544 tituli
1153 509 1267 554 Sanerae

284 558 429 596 Praxedis,
448 556 624 594 Presbitero,
644 555 678 586 &
699 554 731 585 B.
751 553 866 586 Sane‘tae
885 551 989 583 Mariae
1002 551 1178 596 in'Aquiro,
1194 548 1267 579 Dia-

200 609 296 638 cono,
317 597 375 629 Dei
390 595 496 634 gratia,
513 595 625 626 SanCtae
638 594 775 626 Ecclesiae
790 593 934 624 Romanae
957 590 1167 635 Cardinalibus,
1185 588 1268 626 Apo-

200 638 308 669 stolicae
329 636 408 668 Sedis
430 635 575 674 Nunciis,
599 634 634 665 &
654 633 763 665 Amicis
782 631 885 662 nostris
907 629 1069 668 cariffimis,
1094 626 1269 665 Edwardus,

197 676 298 708 eadem
312 675 417 715 gratia,
431 675 492 705 &c.
512 674 653 712 Salutem,
667 674 701 704 δε
716 671 831 702 sincerae
845 670 1004 701 dileffionis
1014 668 1163 700 affectum.

235 713 512 746 Praesentatasnobis
528 711 689 743 reverendae
702 710 876 741 Paternitatis
891 708 992 739 vestrae
1003 708 1122 746 litteras,
1133 743 1144 753 Α
1245 743 1250 748 ¹

236 754 344 785 Zelum
358 751 518 792 perfeetum
533 750 706 783 Sanetiffimi
719 749 824 787 Patris,
841 748 966 779 Domini
980 746 1011 777 Β.
1029 746 1147 784 superna
1161 742 1267 787 Provi-

197 792 293 823 dentia
302 816 312 831 ,
331 790 416 829 Papae
431 791 477 821 xii.
491 800 578 829 quern
591 791 702 828 optinet
717 788 753 819 ad
764 787 916 818 sedandum
930 787 1002 816 inter
1016 785 1183 828 Dominum
1198 781 1267 825 Phi-

198 832 328 870 lippum,
349 830 463 870 Regem
476 829 603 860 Franciae
618 826 645 858 se
658 828 818 864 dicentem,
836 826 870 857 ὃς
884 825 952 855 Nos
967 833 1089 867 omnem
1109 820 1270 853 Diffeniio-

198 872 242 901 nis
261 871 295 901 &
316 869 439 900 Guerrae
458 870 621 905 materiam,
646 877 701 897 nec
720 876 781 897 non
801 864 985 896 cornmiffatn
1006 863 1090 894 vobis
1110 861 1191 899 super
1209 859 1268 890 hoc

198 909 430 940 Nunciationem
444 907 553 945 plenius
568 907 772 944 exprimentes,
1245 937 1251 942 ⁴

238 947 365 987 Benigne
377 947 551 985 recepimus,
567 953 598 976 ut
612 944 731 975 decebat
766 943 800 974 ὃς
813 941 910 973 debite
925 939 1148 984 ponderavimus
1161 936 1268 982 Conti-

199 988 326 1017 nentiam
346 985 529 1022 earumdem,
555 991 681 1014 tenentes
701 967 818 1012 indubie
839 980 920 1019 quod
941 977 1214 1023 Circumspefflonis
1234 977 1269 1007 &

198 1024 378 1056 Constantiae
391 1023 492 1055 vestrae
506 1023 665 1059 maturitas,
677 1019 786 1052 semota
801 1019 926 1058 qualibet
939 1026 1108 1062 acceptione
1132 1015 1269 1046 Persona-

199 1074 280 1100 rum,
294 1064 432 1094 Rationes
447 1063 480 1094 δε
491 1061 558 1100 Jura
574 1061 748 1097 singulorum
760 1059 855 1090 debite
868 1058 1045 1097 ponderabit.

240 1101 385 1133 Mittimus
398 1102 490 1139 itaque
502 1098 602 1131 vestrae
614 1092 823 1130 Benivolentiae
835 1098 937 1129 litteras
960 1095 1069 1127 nostras
1087 1093 1124 1125 de
1144 1091 1270 1124 Condu-

199 1141 268 1179 ἃιι,
288 1141 358 1172 ficut
376 1139 466 1171 vestra
486 1138 618 1170 Diieffio
638 1137 707 1168 Nos
727 1138 855 1176 rogavit,
880 1135 1049 1167 Adventum
1070 1132 1214 1176 vestrum,
1237 1138 1270 1162 ut

199 1180 355 1218 speramus,
374 1178 443 1209 Deo
458 1179 492 1209 δε
507 1176 627 1208 Mundo
640 1176 776 1215 placitum
789 1174 996 1221 praestolantes,
1009 1174 1043 1204 &
1059 1171 1158 1216 libenti
1169 1179 1268 1201 animo

197 1218 346 1250 audiemus
367 1216 517 1256 Qicquid
537 1217 621 1246 nobis
644 1215 733 1247 vestra
754 1214 899 1245 Discretio
917 1213 1038 1256 voluerit
1059 1219 1209 1247 intimare,
1221 1218 1267 1253 ⁸ac

200 1267 266 1296 quae
280 1255 573 1326 ρτεῗὶαωῗξοτηίυυε
587 1254 732 1294 Philippus
751 1252 848 1285 noster
868 1251 1117 1291 Consanguineus,
1132 1247 1270 1287 promise-

201 1303 243 1327 rat
279 1304 310 1327 ut
336 1306 376 1326 cri
409 1307 416 1325 i
445 1305 474 1324 is.

240 1317 310 1366 Dat.
325 1305 401 1373 apuld
415 1332 707 1364 Westmonasterium
715 1355 726 1370 ,
740 1330 857 1362 decimo
868 1330 990 1369 septimo
1003 1327 1050 1359 die
1061 1325 1211 1358 octobris.

204 1466 263 1499 Pro
283 1463 366 1496 Clero
384 1463 543 1496 Provinciae
560 1457 715 1501 Eborum,
732 1459 824 1505 sitper
844 1460 963 1490 Guerra
981 1468 1051 1489 cum
1069 1457 1149 1504 Rege
1165 1456 1268 1489 Fran-

456 1514 523 1552 ciae,
550 1512 585 1547 (ῤ’
603 1506 804 1542 Subventione
822 1506 1014 1540 concedenda.

205 1595 337 1654 REX,
355 1594 572 1627 Venerabilibus
595 1594 625 1624 in
647 1592 764 1624 Christo
787 1591 934 1631 Patribus,
953 1590 1177 1629 Archiepiscopo
1190 1589 1273 1621 Ebo-

276 1646 342 1667 rum
378 1636 412 1667 &
427 1633 588 1672 Episcopis,
605 1642 637 1663 ac
647 1657 657 1671 ,
673 1631 795 1663 Dileffis
808 1632 859 1662 sibi
874 1633 901 1662 in
916 1629 1271 1668 Christ0,Decanis,Ab-

204 1674 332 1714 batibus,
349 1659 514 1711 Prioribus,
531 1673 565 1704 &
587 1671 815 1710 quibuscumque
832 1670 963 1701 Personis
985 1668 1204 1706 Ecclesia-streis,
1221 1667 1273 1712 Se-

203 1714 358 1754 cularibus,
376 1714 410 1743 &
431 1710 635 1751 Regularibus,
653 1709 713 1740 tam
734 1709 896 1748 Exemptis,
916 1709 1004 1746 quam
1024 1717 1085 1738 non
1106 1707 1272 1746 Exemptis,

204 1751 365 1784 Provinciae
383 1751 533 1788 Eborum,
550 1748 624 1787 apud
644 1748 795 1786 Eborum,
820 1749 852 1778 in
871 1747 995 1779 crastino
1015 1746 1115 1778 saneti
1133 1745 1273 1785 Martini,

205 1792 340 1830 proximo
354 1791 466 1857 futugo,
484 1788 685 1824 conventuris,
703 1786 839 1817 Salutem.

241 1831 338 1861 Sciatis
375 1832 414 1859 uo

241 1869 322 1900 Cum
346 1840 458 1898 flraelat’i
478 1865 511 1896 &
534 1864 636 1895 Clerus
656 1861 800 1894 Dioecesis
815 1863 849 1895 δε
872 1862 1036 1894 Provinciae
1051 1860 1274 1902 Cantuarienfis‚

204 1907 412 1938 confiderantes
433 1904 550 1943 qualiter
573 1903 639 1934 Rex
662 1901 803 1941 Franciae,
823 1901 987 1933 machinans
1010 1899 1080 1930 Nos
1104 1901 1138 1932 δε
1160 1900 1274 1932 nostros

204 1945 377 1977 omnimodo
397 1944 573 1981 deprimere,
600 1949 701 1972 movet
722 1941 806 1971 nobis
829 1940 974 1972 Guerram
998 1938 1195 1978 fofflffimarn,
1213 1940 1273 1970 tam

203 1986 233 2015 in
256 1983 366 2053 Tetri,
385 1984 474 2021 quam
493 1982 524 2012 in
545 1980 638 2019 Mari,
655 1978 754 2010 nolens
778 1989 834 2012 nec
858 1978 943 2018 Paci,
962 1988 1017 2010 nec
1030 1977 1110 2009 Pacis
1124 1977 1275 2010 TraCtatui

203 2033 262 2055 con
274 2031 361 2054 entire

243 2061 300 2092 Per
316 2046 411 2100 qudd,
429 2061 490 2091 tam
505 2058 541 2089 ad
555 2055 771 2098 reprimendum
786 2056 868 2096 ipfius
882 2056 991 2096 Regis,
1009 2057 1099 2095 quarn
1115 2055 1275 2087 Scotorum

204 2099 394 2131 Inimicorum
415 2098 580 2130 nostrorum
604 2096 764 2135 Malitiam,
782 2104 898 2135 oportet
917 2095 1003 2133 Nos,
1021 2105 1076 2133 pro
1099 2094 1276 2127 Defensione

205 2137 338 2170 Ecclefiae
351 2140 385 2169 &
399 2137 571 2174 Terrarum,
589 2135 688 2166 nostro
702 2135 849 2175 Regimini
862 2134 1077 2174 Subjeetarum,
1094 2135 1277 2173 importabile

203 2178 295 2208 subire
310 2177 490 2208 Profluvium
506 2175 714 2213 Expensarum,

243 2216 364 2255 Propter
378 2214 542 2246 evidentem
558 2213 719 2245 Utilitatem
730 2214 764 2245 ὃς
778 2221 927 2253 urgentem
939 2211 1151 2244 Necessitatem
1175 2213 1278 2252 nobis,

206 2251 236 2286 in
251 2255 478 2286 Subventionem
494 2252 683 2291 Expensarum
704 2252 883 2291 hujusmodi,
900 2251 1046 2282 liberaliter
1068 2251 1279 2291 concesserint,

206 2293 243 2324 de
258 2293 405 2324 Beneficiis
416 2293 469 2324 suis
485 2290 701 2328 Ecclesiasticu,
720 2291 754 2322 ὃ(
776 2291 999 2329 Temporalibus
1021 2290 1127 2321 eisdem
1148 2292 1279 2331 annexis,

208 2331 364 2363 Decimam
376 2331 562 2362 Trienn‘alem

249 2371 296 2402 Ac
315 2381 384 2409 vos,
400 2370 434 2399 ad
453 2354 631 2400 metandum
652 2368 732 2407 super
754 2367 884 2399 faciendi
898 2369 913 2385 ³*
931 2367 1014 2399 nobis
1028 2367 1216 2399 subventione
1228 2379 1280 2399 ne-

213 2409 327 2454 cesiaria
346 2410 376 2439 in
391 2409 446 2439 hfic
467 2416 558 2446 parte,
583 2407 638 2438 sitis
657 2406 731 2445 apud
752 2406 884 2438 Eborum
905 2406 987 2438 dieto
1009 2406 1131 2437 crastino
1150 2417 1282 2439 conven-

211 2456 266 2478 turi
444 2458 447 2459 ⁷

250 2470 477 2526 A’ffignavimus,
498 2483 632 2514 Dilec‘tos
647 2484 679 2514 &
695 2482 802 2514 Fideles
817 2482 945 2521 nostros,
956 2483 1123 2514 Galfridum
1135 2483 1163 2515 le
1176 2484 1281 2524 Scrop,

207 2524 372 2564 Johannem
393 2524 430 2554 de
446 2523 587 2561 Stonore,
606 2522 799 2552 Willielmum
819 2521 854 2553 de
878 2521 1052 2560 Shareihull,
1065 2521 1228 2561 Johannem
1244 2524 1282 2555 de

211 2563 354 2596 Shordich
367 2587 378 2602 ,
402 2561 593 2592 Willielmum
615 2561 651 2590 de
673 2559 809 2591 Everdon
822 2585 832 2600 ,
858 2561 891 2591 &
911 2560 1061 2591 Thomam
1082 2561 1118 2591 de
1139 2561 1282 2601 Brayton,

248 2603 372 2641 uirique,
399 2601 550 2641 Qatuor,
573 2599 663 2637 Tres,
682 2600 716 2630 &
738 2598 824 2630 Duos
842 2609 960 2638 eorum,
977 2599 1012 2630 ad
1025 2599 1203 2632 traetandum
1226 2611 1281 2633 vo-

211 2642 241 2673 b‘
255 2651 323 2672 cum
336 2641 415 2679 super
428 2637 573 2678 praemiffis
587 2646 656 2668 tunc
670 2636 776 2668 ibidem
786 2661 795 2677 ,

252 2679 291 2710 Et
312 2680 372 2710 tam
392 2678 426 2709 ad
449 2677 642 2708 Intentionem
661 2675 786 2706 nostram
801 2676 830 2706 in
843 2675 897 2706 hac
911 2684 1007 2714 parte,
1025 2677 1114 2714 quam
1127 2676 1163 2708 ad
1177 2676 1283 2709 Causas

213 2717 398 2750 Necessitatis
409 2715 570 2754 hujusmodi
583 2715 666 2746 vobis
680 2715 789 2753 plenius
803 2714 1020 2761 exponendum,
1038 2724 1153 2746 necnon
1177 2716 1213 2746 ad
1232 2726 1283 2754 pe-

216 2756 336 2789 tendum
349 2758 365 2786 a
379 2755 461 2786 vobis
477 2753 638 2785 Subsidium
652 2763 705 2791 pro
720 2753 896 2784 Defenfione
907 2753 1020 2791 publica
1036 2763 1227 2790 oportunum:

253 2794 292 2826 Et
305 2795 371 2825 ideo
385 2793 585 2824 Dilectionem
600 2792 724 2824 vestram
738 2793 843 2823 attente
855 2802 992 2829 rogamus
1007 2791 1087 2830 quod
1096 2815 1106 2830 ,
1124 2792 1285 2830 ponderatis

214 2833 370 2871 Periculis,
390 2833 490 2871 quibus
506 2831 590 2869 Nos,
608 2831 642 2862 &
659 2831 736 2868 Vos,
754 2841 786 2862 ac
811 2831 909 2862 cunffi
931 2831 1013 2861 nobis
1032 2830 1163 2870 Subditi,
1181 2832 1285 2863 subici-

215 2882 281 2903 mur
299 2873 330 2901 in
349 2871 405 2902 hac
428 2878 522 2909 parte,
540 2869 773 2908 consideratoque
813 2869 871 2900 uod
889 2868 1016 2901 vestrum
1030 2868 1182 2906 specialiter
1197 2871 1286 2902 verti-

216 2921 261 2942 tur
281 2909 433 2948 Interesse,
458 2918 525 2939 cum
544 2909 679 2947 praefatis,
704 2879 855 2947 Galfriiio,
869 2907 1018 2946 Johanne,
1036 2907 1216 2947 Willielmo,
1231 2909 1286 2948 Jo-

214 2949 327 2987 hanne,
349 2947 528 2985 Wilhelmo,
549 2948 582 2977 δε
605 2947 739 2983 Thoma,
767 2947 923 3015 Qpinque,
940 2948 1091 2986 Qiatuor,
1107 2947 1231 2986 Tribus,
1249 2949 1285 2979 &

215 2987 344 3019 Duobus
365 2997 487 3024 eorum,
504 2986 583 3022 super
605 2986 750 3025 praemissls
772 2986 798 3015 di
812 2987 918 3024 igenter
938 2985 1127 3024 pertraCtetis,
1154 2987 1187 3017 &
1209 2986 1285 3017 Sub-

217 3027 386 3057 ventionem
397 3034 574 3064 congruam,
593 3033 679 3061 quam
692 3032 767 3054 tanta
780 3025 893 3062 requirit
915 3024 1090 3062 Necessitas,
1110 3025 1195 3055 nobis
1214 3025 1286 3056 libe-

219 3065 309 3095 raliter
331 3064 513 3101 concedatis3
539 3064 626 3093 taliter
648 3072 700 3093 vos
721 3062 853 3093 habentes
875 3062 954 3100 quod
976 3063 1096 3093 vestram
1110 3085 1121 3101 ,
1146 3065 1176 3093 in
1198 3072 1285 3095 tantae

220 3103 403 3134 Neceffitatis
419 3102 564 3139 Articulo,
582 3101 731 3131 debeamus
754 3100 928 3132 Devotionis
950 3101 1205 3140 promptitudinem
1225 3112 1287 3134 tne-

221 3143 278 3172 rito
293 3141 511 3179 commendare,

259 3179 349 3211 Teste
364 3180 447 3219 Rege
461 3179 535 3218 apud
552 3178 685 3217 Tharne,
703 3179 799 3216 primo
811 3177 857 3208 die
869 3177 1059 3209 Novembris.

704 3256 757 3285 Per
772 3254 855 3294 ipsum
868 3257 963 3292 Regem
975 3253 1014 3290 &⁶
1029 3253 1183 3285 Concilium.

352 3406 414 3437 Pro
432 3404 565 3435 Civitatc
583 3403 697 3433 Bizionae
708 3427 717 3442 ‚
741 3399 776 3433 de
796 3396 999 3432 Retributione
1011 3396 1171 3443 facienda.

229 3486 359 3545 REX
375 3510 385 3525 ,
409 3486 532 3517 Dileaestis
550 3486 583 3517 &
606 3485 745 3516 Fidelibus
767 3484 817 3514 suis
834 3506 845 3521 ,
869 3482 974 3521 Maiori
988 3507 997 3522 ,
1018 3483 1138 3522 JuratiS,
1163 3482 1292 3514 Centum

308 3525 443 3564 Paribus,
467 3526 500 3556 ὃς
521 3526 576 3556 toti
598 3523 809 3555 Communitati
831 3521 962 3554 Civitatis
981 3523 1036 3553 suae
1057 3521 1190 3561 Baionae,
1214 3521 1294 3553 Salu-

228 3571 296 3594 tem.

264 3601 413 3633 Pensantes
435 3601 585 3633 Fidelitatis
605 3601 706 3633 vestrae
725 3599 924 3631 Constantiam
947 3598 1015 3638 (qua
1036 3598 1144 3636 semper
1165 3599 1194 3628 in
1211 3597 1294 3628 Dile-

230 3639 325 3670 &ione
341 3640 460 3671 Domus
473 3639 577 3671 nostrie
594 3639 697 3679 Regi-„22
710 3638 877 3677 perstitistis)
892 3639 926 3669 &
939 3638 1055 3676 qualiter
1076 3637 1161 3668 vestri
1184 3636 1295 3667 Conci-

230 3688 278 3709 ves
297 3680 330 3709 &
353 3679 516 3717 Marinarii,
527 3679 588 3717 jam
609 3679 645 3709 de
666 3678 777 3716 Novo,
796 3676 865 3707 sicut
886 3676 1060 3713 audivimus,
1078 3685 1146 3706 cum
1166 3674 1294 3705 Inimicis

232 3715 348 3755 nostris,
366 3717 555 3747 insidiantibus
570 3718 599 3747 in
615 3716 710 3747 Claffe
725 3715 833 3756 Magna
846 3714 947 3745 nostris
964 3714 1107 3746 Fidelibus
1126 3713 1204 3751 supra
1226 3713 1295 3744 Ma-

233 3763 280 3791 re,
299 3757 510 3792 magnanimiter
532 3756 593 3786 sunt
613 3754 772 3794 congressi,
795 3754 942 3793 gratiosam
965 3752 1102 3791 (laudetur
1123 3751 1292 3789 Altiffimus)

233 3791 341 3828 deipsis
354 3793 513 3824 Vittoriam
527 3802 699 3832 reportantes
708 3817 717 3832 ,
729 3795 758 3823 in
775 3793 858 3823 vobis
872 3793 906 3823 &
919 3792 1066 3822 Probitate
1077 3790 1173 3822 vestra&⁴
1185 3790 1295 3821 strenui

235 3831 339 3872 merito
352 3830 539 3870 delectamur,
558 3842 687 3870 gerentes
700 3834 731 3863 in
746 3832 820 3863 votis
843 3830 966 3862 vestram
987 3829 1198 3862 Gratitudinem
1217 3831 1295 3869 grate

235 3868 389 3906 respicere,
404 3869 472 3900 sicut
485 3870 577 3902 decet.

274 3905 365 3937 Unde
374 3907 440 3937 licet

271 3943 410 3974 Amaldus
420 3944 455 3974 de
467 3945 490 3974 P
510 3946 581 3977 nsele
592 3947 706 3986 Navis,
723 3954 836 3979 vocatae
852 3946 945 3977 Navis
961 3945 1018 3977 Dei
1031 3946 1066 3976 de
1079 3944 1186 3977 Baionfi
1195 3968 1205 3984 ,

270 3981 424 4013 Bernardus
437 3982 473 4012 de
489 3956 586 4015 {esent
600 3986 710 4024 Navis,
728 3994 838 4018 vocatae
854 3985 878 4014 la
891 3985 985 4015 Seinte
1000 3984 1095 4017 Marie
1106 3985 1143 4016 de
1156 3983 1252 4024 Bayon
1261 4006 1273 4024 ,

270 4021 416 4059 Iohannes
427 4020 473 4053 del
485 4020 553 4060 Bays
567 4022 678 4062 Navis,
695 4033 806 4057 vocatae
821 4024 846 4055 la
858 4023 953 4054 Seinte
967 4022 1079 4062 Marie,

642 87 1446 142 CONVENTIONE&

1502 86 1538 130 Ι,
1567 88 1588 129 Ι
1613 88 1655 131 Ίῗ
1682 88 1718 130 Ιί
1745 89 1789 132 It
1819 88 1876 131 143
1900 90 1914 138 3

1340 176 1509 208 Laurentius
1523 175 1597 207 dela
1611 172 1724 215 Crous,
1740 175 1835 208 Navis
1847 184 1961 208 vocatae
1972 174 1999 206 Ia
2011 174 2105 208 Seinte
2117 174 2218 217 Anne,

1340 215 1438 246 Petrus
1453 215 1489 247 de
1503 214 1574 253 Las,
1591 216 1685 246 Navis
1697 225 1809 247 vocatae
1822 216 1848 246 la
1862 215 1958 247 Seinte
1972 213 2082 254 Marie,

1336 253 1376 285 Et
1386 255 1531 294 Johannes
1543 254 1663 293 Bidard,
1680 253 1776 286 Navis
1787 263 1900 286 vocatae
1914 254 1939 284 la
1952 254 2031 285 Seint
2042 254 2127 292 Jame
2141 254 2177 286 de
2191 254 2288 294 Bayon
2296 279 2307 295 ,

1341 293 1492 332 Magistri,
1511 293 1659 325 Concives
1677 293 1779 332 vestri,
1798 303 1906 332 nuper,
1923 302 2022 324 contra
2042 293 2193 324 Fidelitatis
2213 293 2372 333 Debitum,

1300 332 1336 363 ad
1388 341 1442 364 rtes
1454 332 1645 364 Inimicorum
1657 332 1823 363 nostrorum
1836 333 1863 363 se
1877 332 1985 363 temere
1995 331 2182 372 divertentes,
2199 333 2233 364 &
2247 342 2318 364 cum
2330 334 2374 372 ip-

1302 371 1336 402 fis
1350 342 1493 410 ffiimicis,
1510 371 1545 402 ad
1560 372 1684 410 ipsorum
1696 371 1834 403 Solatium
1850 372 1884 414 ὅς
1901 370 2123 410 Commodum,
2140 381 2173 403 ac
2187 370 2277 403 nostri
2288 370 2375 402 Con-

1303 417 1447 448 temptum
1462 411 1676 449 contrahentes,
1694 411 1728 442 &
1744 419 1814 441 cum
1827 411 1891 448 iplis
1904 408 2115 449 proficiscentes
2132 409 2274 441 hostiliter
2293 409 2373 448 supra

1304 448 1407 486 Mare,
1432 450 1467 482 &
1506 459 1603 490 ropter
1622 450 1681 481 hoc
1704 459 1753 487 per
1774 445 1927 479 Ministros
1947 447 2060 479 nostros
2079 448 2188 480 arestati
2209 449 2324 488 forent,
2339 454 2375 480 ex

1305 486 1611 557 h00.t}²‘1¹.¹b.0s.1’0fi⁵
1631 488 1826 529 Supplicium,
1845 487 1933 526 quam
1955 482 2203 519 Confiscationer‘n
2225 487 2380 527 Bonorum

1306 535 1413 557 merito
1439 537 1456 558 u
1478 536 1560 566 ituri,

1347 564 1439 596 Grata
1451 573 1549 596 tamen
1563 565 1788 597 consideratione
1800 565 1952 596 Probitatis
1964 565 1998 597 &
2012 562 2122 596 Gestfis
2143 562 2230 597 vestri
2249 561 2378 597 laudam-⁷

1306 603 1356 641 lis,
1368 603 1496 648 volentes
1509 604 1612 643 gratius
1624 613 1706 644 agere
1720 614 1788 636 cum
1803 603 1906 636 eisdem
1915 627 1925 643 ,
1940 603 2013 642 ipsos
2026 604 2060 636 &
2074 603 2110 635 N
2111 614 2177 636 aves
2189 609 2294 636 eorum
2307 603 2381 638 deas

1308 642 1403 672 restari
1413 641 1612 674 mandavimus
1645 652 1758 681 recepta
1772 644 1905 675 cautione
1917 642 1953 674 de
1965 641 2070 673 eisdem
2085 642 2122 674 de
2135 643 2212 674 bene
2234 643 2268 675 &
2288 642 2380 674 fideli-v

1309 690 1352 712 ter
1366 680 1475 712 amodo
1488 681 1516 725 se
1527 665 1669 720 gerendo,
1686 682 1720 713 &
1734 681 1770 712 de
1782 681 1979 721 respondendo
1992 680 2111 720 Nobis,
2128 682 2200 713 esim
2213 681 2306 714 versus
2328 691 2379 713 eos

1308 719 1390 758 loqui
1400 719 1574 751 voluerimus
1586 719 1622 750 de
1638 720 1792 758 praemiffis.
2108 750 2109 753 ,

1346 758 1443 790 Velitis
1463 759 1563 798 igitur,
1582 760 1722 797 petimus,
1736 761 1813 798 juitta
1829 759 1920 790 nostri
1943 757 2107 798 Fiduciam,
2126 769 2181 798 pro
2200 756 2380 790 Defenfione

1310 797 1477 829 nostrorum
1486 797 1602 837 Jurium
1616 798 1650 828 &
1663 797 1811 836 Honoris,
1828 798 2068 837 Magnanimitate
2080 798 2160 830 solita
2179 799 2325 836 laborare,
2342 797 2380 828 de

1310 836 1514 868 Retributione
1532 834 1709 867 confidentes
1730 845 1836 875 quam,
1859 836 1931 868 sicut
1951 837 2073 878 Regiam
2092 837 2177 870 decet
2202 835 2381 868 Munificen-

1311 876 1378 906 tiam
1389 899 1398 914 ,
1416 875 1500 908 vobis
1514 874 1652 906 faciemus
1666 884 1736 905 cum
1750 874 1949 914 exuberentia,
1965 875 2035 907 Deo
2047 876 2133 908 duce.

1346 914 1417 946 Dat.
1435 913 1509 956 apud
1523 914 1658 953 Thame,
1674 913 1803 945 secundo
1817 912 1864 944 die
1879 913 2070 947 Novembris.

2384 175 2462 209 Ann.
2475 174 2517 210 D.
2547 197 2549 200 ⁴

2007 992 2062 1021 Per
2074 990 2157 1031 iincm
2169 993 2278 1030 Regem.

1388 1135 1484 1180 Super
1505 1134 1644 1181 Eapeqsis
1663 1134 1788 1167 Comitis
1804 1132 1843 1168 de
1861 1132 2001 1179 Murref
2009 1134 2041 1166 in
2057 1134 2158 1168 Turre
2174 1134 2310 1169 London.

1314 1225 1434 1283 REX
1447 1225 1624 1258 Vicecomiti
1638 1227 1761 1259 Effexiae
1778 1227 1916 1261 Salutem.
2398 1236 2474 1269 Arm,
2484 1236 2528 1269 D,

1413 1265 1495 1310 Cum
1519 1276 1608 1305 nuper
1623 1267 1673 1297 tibi
1686 1269 1906 1306 praeceperimus
1922 1266 2022 1307 quod,
2041 1264 2163 1299 Diler
2176 1265 2211 1299 &
2226 1263 2315 1299 Fideli
2327 1278 2385 1300 no·
2420 1285 2508 1317 1337,

1312 1301 1388 1347 stro,
1407 1304 1558 1349 Nicholao
1571 1305 1644 1350 dela
1660 1305 1771 1375 Bechtii,
1790 1305 2012 1351 Constabulario
2027 1304 2131 1337 Turris
2143 1304 2251 1336 nostrae
2264 1306 2385 1356 Lond9-
2398 1320 2450 1344 Aa,
2473 1326 2482 1343 1
2491 1325 2515 1346 ι,

1310 1343 2069 1423 ἔῖἰ2ῗήἱζὶἕὲῖξόᾗῗὲᾀθῗᾶὲέῑῖηέξὲἕὲῗῆξέἃῗὲ
2080 1343 2386 1424 ἒὲῗὲῗὲἓῗεὲιῗῗῖἕῖὅ
2398 1359 2502 1430 {siff
2511 1397 2537 1423 1.-

1312 1420 1439 1465 qualibet
1453 1421 1634 1466 Septimana‚
1674 1421 1710 1453 ua
1728 1422 1805 1453 idem
1822 1423 1932 1454 Comes
1944 1424 1973 1453 in
1988 1423 2008 1443 '¹‘
2023 1423 2112 1454 Turri
2125 1422 2279 1462 praedicta,
2298 1423 2314 1454 a
2326 1423 2389 1455 De·
2402 1436 2431 1460 ε,
2448 1441 2474 1469 3,
2487 1438 2514 1470 p,

1312 1468 1392 1504 cimo
1413 1459 1533 1505 Odiavo
1550 1460 1597 1491 dle
1620 1459 1651 1491 O
1682 1461 1778 1501 obris,
1797 1460 1886 1493 Anno
1899 1462 2000 1500 Regni
2011 1461 2101 1492 nostri
2116 1461 2234 1499 Nono,
2252 1462 2387 1501 quamdiu
2405 1479 2430 1506 3,
2441 1480 2478 1498 m.
2491 1479 2501 1498 ι
2508 1479 2537 1509 3,

1313 1498 1404 1537 ipsum
1419 1499 1572 1570 Cipimtem
1584 1499 1693 1531 ibidem
1705 1500 1744 1531 fic
1756 1502 1875 1533 detineri
1890 1502 2090 1541 contingeret,
2107 1499 2144 1532 de
2158 1500 2289 1533 Exitibus
2306 1501 2391 1534 Balli-
2404 1510 2421 1524 ⁸
2446 1510 2500 1537 1v.

1313 1547 1359 1569 vae
1372 1546 1429 1569 tuae
1453 1549 1472 1569 o
1485 1548 1564 1569 vetes

1351 1576 1399 1608 Ac
1411 1587 1482 1616 nos,
1498 1562 1702 1609 Semidecimo
1716 1577 1763 1609 die
1780 1578 1881 1610 Martii
1896 1580 2032 1618 proximo
2046 1578 2209 1618 praeterito,
2402 1546 2471 1584 8²⁹³

1351 1614 1416 1660 Pro¹
1426 1626 1463 1647 eo
1477 1616 1559 1654 quod
1573 1616 1702 1660 praefatus
1715 1616 1844 1657 Comes,
1862 1618 1999 1649 Secundo
2011 1617 2059 1648 die
2079 1617 2236 1657 Octobris,
2275 1617 2390 1650 roximo

1314 1662 1379 1685 ante
1389 1654 1501 1685 dietum
1514 1654 1676 1686 Decimum
1689 1655 1838 1687 Odtavum
1850 1656 1928 1688 diem
1936 1682 1946 1696 ‚
1961 1657 2079 1696 praefato
2090 1656 2245 1689 Nicholao
2270 1657 2392 1689 iberatus

1315 1693 1369 1724 fuit
1391 1695 1421 1724 in
1435 1692 1575 1737 ¹Prisona,
1599 1695 1629 1724 in
1649 1693 1741 1724 Turri
1757 1694 1911 1734 praedieta,
1937 1704 1969 1727 ut
1990 1696 2190 1736 praemittitur,
2207 1695 2394 1736 detinendus,

1315 1731 1388 1763 ficut
1400 1732 1506 1763 fuimus
1521 1731 1630 1770 plenius
1643 1732 1805 1773 informati,

1355 1769 1467 1816 Habita·
1476 1771 1700 1802 consideratione
1717 1771 1751 1801 ad
1764 1771 1902 1811 Expenias
1911 1795 1920 1811 ,
1938 1782 2006 1811 quas
2018 1772 2110 1810 ipsum
2124 1772 2327 1814 Nicholaum,
2337 1783 2394 1815 pro

1317 1808 1527 1840 Sustentatione
1546 1810 1676 1848 praedic‘ti
1694 1808 1838 1851 Comitis,
1864 1811 1938 1842 dtim
1958 1811 2008 1842 sub
2033 1811 2176 1843 Custodia
2195 1807 2242 1843 sua
2264 1813 2396 1844 detentus

1317 1847 1420 1886 fuerit,
1438 1848 1531 1892 facere
1544 1857 1675 1888 oportet,
1695 1849 1918 1881 concefferimus
1931 1850 2026 1880 eidem
2050 1849 2205 1882 Nicholao
2226 1849 2336 1891 Viginti
2358 1853 2395 1884 δε

1318 1886 1374 1930 Scir
1389 1886 1520 1925 Sohdos,
1539 1887 1574 1918 δε
1588 1887 1672 1918 Οᾶο
1685 1886 1846 1928 Denarios,
1862 1899 1916 1927 pro
1931 1888 2069 1929 Expensis
2081 1888 2164 1927 ipsius
2177 1888 2318 1929 Comitis,
2338 1890 2394 1921 sin-

1317 1925 1388 1970 gulis
1409 1925 1595 1966 septimanis,
1613 1927 1631 1957 *a
1653 1934 1783 1963 tempore
1804 1937 1863 1966 quo
1885 1928 1915 1957 in
1937 1925 2080 1958 Custodia
2095 1928 2177 1968 ipsius
2189 1927 2331 1960 Nicholai
2354 1929 2394 1960 sic

1318 1966 1370 2009 fuit
1407 1964 1543 2010 quamdiu
1557 1964 1655 2004 Ipsum
1666 1966 1697 1996 in
1715 1965 1804 1997 Turri
1818 1965 1954 2004 praedieffi
1969 1974 2075 1998 extunc
2087 1966 2118 1996 in
2131 1965 2256 1999 Persona
2268 1968 2398 2008 contige-

1317 2013 1353 2035 rit
1384 2012 1490 2035 etineri.

1357 2041 1396 2087 Et
1411 2042 1482 2074 Tibi
1501 2043 1720 2082 praeceperimus
1743 2043 1825 2083 quod
1845 2042 1963 2082 praefato
1985 2040 2139 2075 Nicholao
2159 2041 2272 2082 Viginti
2290 2040 2325 2074 δε
2343 2042 2399 2075 Sex

1319 2081 1432 2113 Sohdos
1445 2105 1455 2121 ,
1481 2081 1514 2113 &
1537 2081 1621 2113 08εο
1644 2082 1789 2114 Denarios
1800 2106 1810 2122 ,
1835 2083 1949 2120 singulis
1969 2082 2140 2121 Septimanis
2152 2106 2162 2120 ,
2187 2091 2242 2120 pro
2262 2081 2400 2121 Expenfis

1320 2120 1428 2190 praefati
1443 2119 1584 2160 Comitis,
1601 2131 1617 2152 a
1631 2120 1713 2152 dieto
1727 2121 1854 2153 secundo
1867 2122 1914 2153 die
1927 2121 2066 2152 octobris
2075 2146 2085 2160 ,
2103 2121 2241 2160 quamdiu
2261 2121 2355 2162 ipsum
2367 2122 2398 2152 iri

1347 2159 1438 2190 risoria
1455 2160 1557 2190 Turris
1576 2160 1722 2199 praedistae
1744 2161 1783 2191 sic
1803 2160 1922 2191 detineri
1936 2161 2015 2191 conti
2036 2161 2105 2199 erit,
2122 2159 2300 2191 de‘Exitibus
2317 2159 2398 2190 Balli-

1321 2209 1367 2230 vae
1379 2207 1437 2229 tuae
1451 2198 1593 2236 (dedustis
1607 2199 1716 2239 Viginti
1731 2199 1833 2230 Solidis
1873 2199 1893 2230 fi
1908 2209 1981 2238 quos
2025 2200 2034 2229 i
2049 2198 2172 2229 solviffes
2184 2200 2289 2230 virtute
2310 2197 2399 2229 Man-

1321 2237 1378 2268 dati
1391 2237 1481 2268 nostri
1496 2238 1656 2278 supradieti)
1671 2237 1810 2276 solveres,
1829 2223 1900 2270 sicut
1913 2248 1964 2277 per
1987 2238 2195 2276 inspeetionem
2217 2237 2399 2269 Rotulorum

1322 2275 1508 2307 Cancellariae
1523 2276 1629 2307 nostrae
1643 2278 1728 2307 nobis
1741 2277 1872 2316 constat,

1359 2315 1431 2346 Tibi
1451 2317 1632 2355 praecipimus
1653 2315 1734 2353 quod
1756 2316 1877 2354 praefato
1896 2315 2046 2347 Nicholao
2066 2314 2118 2354 Id,
2136 2314 2218 2353 quod
2242 2313 2279 2346 Ei
2293 2326 2308 2346 a
2322 2323 2399 2346 retro

1323 2353 1366 2385 est
1381 2353 1418 2384 de
1431 2354 1515 2385 dietis
1528 2355 1639 2392 Viginti
1654 2356 1688 2384 &
1704 2354 1760 2385 Sex
1773 2355 1892 2390 Solidis,
1910 2355 1944 2386 &
1962 2354 2047 2386 Otito
2065 2353 2217 2392 Denariis,
2236 2357 2285 2392 per
2305 2354 2399 2392 Septi-

1324 2403 1456 2431 manam,
1475 2403 1529 2431 pro
1541 2392 1741 2424 sustentatione
1755 2394 1864 2432 praefati
1878 2392 2020 2432 Comitis,
2039 2403 2056 2423 a
2068 2393 2207 2424 vicesimo
2228 2401 2329 2430 quarto
2351 2390 2400 2421 die

1323 2431 1481 2471 OCtobris,
1498 2434 1633 2469 proximo
1650 2434 1809 2471 praeterito,
1827 2434 1862 2464 δε
1875 2434 1962 2463 etiam
1975 2431 2215 2470 eosdemViginti
2229 2431 2263 2461 ὃ(
2277 2430 2321 2460 sex
2343 2429 2398 2460 So—

1324 2470 1412 2510 lidos,
1431 2471 1466 2502 &
1487 2470 1571 2502 Oeto
1588 2470 1748 2510 Denarios,
1767 2481 1817 2510 per
1831 2471 2043 2510 Septimanam,
2061 2478 2175 2500 exnunc
2187 2477 2241 2504 pro
2264 2467 2398 2498 sustenta·

1323 2505 2403 2582 asts<10aaaasz{ssuatrzzsi’zffafigffs“sagas

1324 2586 1453 2618 Exitibus
1467 2587 1571 2625 solvas,
1589 2559 1727 2625 re{ipiens
1741 2597 1756 2616 a
1776 2588 1895 2625 praefato
1909 2585 2060 2616 Nicholao
2072 2583 2191 2615 Litteras
2211 2569 2270 2615 su’as
2293 2584 2398 2616 Paten-

1324 2634 1381 2664 tes,
1400 2625 1613 2663 Receptionem
1628 2625 1780 2664 Pecuniae,
1796 2635 1884 2664 quam
1898 2625 1922 2654 ei
1943 2624 1981 2654 sic
2001 2623 2132 2662 solveris,
2149 2622 2340 2654 testificantes:
2359 2623 2399 2654 Et

1325 2674 1379 2708 nos
1391 2664 1444 2694 tibi
1454 2663 1538 2702 inde,
1554 2665 1584 2693 in
1598 2663 1753 2700 Compoto
1768 2671 1835 2702 tuo,
1854 2663 1982 2694 debitam
1996 2662 2212 2693 Allocationem
2235 2662 2339 2693 habere
2360 2661 2400 2693 sa-

1325 2712 1443 2734 Clemus.

1363 2739 1455 2771 Teste
1467 2739 1552 2780 Rege
1563 2738 1638 2778 apud
1654 2739 1833 2779 Qerendon
1842 2762 1853 2778 ,
1868 2739 1986 2771 decimo
2002 2747 2103 2779 quarto
2118 2738 2166 2770 die
2178 2737 2373 2771 Novembris.

2073 2818 2128 2847 Per
2141 2814 2295 2847 Concilium.

1476 2962 1536 2994 Pro
1553 2959 1733 2996 Admirallo
1750 2960 1837 2995 Flotae
1851 2959 1888 2993 de
1901 2957 2052 2993 Navibus
2068 2955 2256 2992 ordinandis.

1331 3052 1467 3111 REX,
1484 3051 1605 3085 Dilecto
1624 3053 1659 3085 &
1679 3052 1767 3084 Fideli
1785 3053 1851 3092 suo,
1875 3052 2008 3084 Waltero
2030 3050 2067 3082 de
2089 3050 2218 3095 Manny,
2242 3048 2401 3081 Admirallo
2417 3061 2542 3096 Anu-D

1411 3093 1503 3124 Flotae
1523 3092 1578 3123 suae
1596 3092 1746 3131 Navium,
1772 3093 1807 3122 ab
1828 3101 1880 3122 ore
1900 3102 1917 3122 a
1938 3100 1983 3121 uae
2002 3089 2175 3130 Thamifiae,
2198 3088 2291 3121 versus
2311 3097 2401 3128 partes
2437 3099 2520 3143 ‘1337
2541 3087 2551 3097 “

1329 3131 1476 3169 Boi-mles,
1493 3131 1541 3163 vel
1553 3132 1610 3170 ejus
1625 3131 1744 3163 Locum
1755 3131 1879 3167 tenenti,
1894 3129 1914 3161 S
1942 3137 2032 3172 utem.
2415 3146 2469 3172 An.
2489 3127 2533 3172 u·-

1368 3171 1448 3209 Qia
1465 3170 1506 3200 ob
1524 3170 1614 3208 aliqua
1635 3170 1745 3207 Nova,
1763 3179 1828 3207 quae
1848 3168 1884 3198 ad
1907 3177 1961 3198 nos
1978 3176 2038 3206 Jam
2062 3167 2176 3199 noviter
2190 3173 2400 3205 pervenerunt,
2418 3187 2440 3210 E
2466 3191 2493 3219 3·

1332 3210 1416 3240 vobis
1436 3208 1602 3239 mandamus
1618 3230 1629 3246 ,
1653 3207 1771 3238 firmiter
1789 3207 1968 3246 injungentes
1980 3229 1990 3244 ,
2016 3206 2098 3244 quod
2119 3215 2222 3237 omnes
2240 3204 2342 3237 Naves
2362 3204 2399 3235 de
2415 3203 2550 3258 ciuus„-

1332 3247 1414 3278 Flota
1431 3247 1545 3285 nostra,
1563 3246 1598 3277 ad
1620 3255 1708 3283 partes
1729 3245 1920 3276 transmarinas
1938 3254 2028 3282 nuper
2049 3244 2131 3276 missa
2167 3254 2232 3283 quae
2251 3245 2282 3274 in
2303 3244 2400 3274 comi-
2419 3264 2440 3286 E
2459 3265 2508 3296 34,
2522 3268 2534 3285 2

1331 3285 1391 3317 tiva
1404 3284 1515 3322 vestra,
1533 3284 1569 3315 de
1586 3284 1690 3314 eisdem
1706 3284 1846 3322 partibus,
1864 3283 1898 3313 ad
1920 3282 2043 3314 Portum
2064 3283 2100 3314 de
2151 3282 2264 3321 rewell,
2281 3282 2329 3313 vel
2349 3282 2401 3312 alia
2416 3280 2453 3326 m]
2471 3280 2517 3325 ,22
2540 3279 2549 3286 ‘

1333 3325 1398 3356 loca
1416 3325 1509 3354 vicina
1531 3323 1690 3360 redierunt,
1708 3322 1819 3352 insimul
1844 3322 1927 3360 (sicut
1946 3323 2067 3353 munitae
2088 3321 2269 3352 Hominibus
2289 3322 2325 3352 &
2343 3320 2403 3352 aliis

1333 3362 1491 3393 necessariis
1511 3361 1642 3398 existunt)
1663 3361 1714 3391 sub
1736 3360 1829 3392 aresto
1850 3360 1969 3392 detineri
1987 3362 2021 3393 &
2046 3360 2182 3392 custodiri
2203 3359 2309 3390 faciatis
2322 3382 2333 3397 ,
2364 3359 2402 3388 ita

1334 3401 1420 3470 quodi
1437 3400 1593 3469 ngllatenus
1611 3400 1770 3438 separentur
1783 3425 1794 3438 ,
1818 3400 1968 3439 quousque
1987 3399 2062 3431 aliud
2081 3399 2151 3430 inde
2172 3399 2334 3429 duxerimus
2352 3395 2403 3428 de-

1334 3449 1400 3470 man
1421 3449 1456 3470 an
1478 3449 1537 3470 um.

1372 3478 1515 3509 Volumus
1529 3478 1748 3516 nichilominus,
1765 3477 1800 3509 δε
1813 3477 1897 3509 vobis
1911 3478 1997 3509 etiam
2011 3477 2196 3514 mandamus,
2210 3473 2292 3513 quod
2298 3495 2309 3512 ,
2341 3507 2363 3517 st
2379 3512 2385 3517 ·

1373 3517 1404 3548 Si
1427 3517 1555 3555 expedire
1576 3517 1698 3547 videritis
1716 3517 1744 3547 su
1766 3527 1796 3547 ra
1816 3516 1903 3547 Mare
1920 3526 1989 3547 cum
2005 3516 2088 3547 dicitis
2099 3515 2233 3546 Navibus
2246 3511 2402 3552 proficisci,

1334 3555 1370 3586 ad
1383 3556 1557 3596 gravandum
1571 3555 1680 3587 Hostes
1691 3527 1822 3594 nosfros,
1840 3555 1874 3597 ὅ(
1887 3554 1974 3594 alios,
1991 3563 2092 3586 contra
2105 3563 2159 3584 nos
2182 3550 2348 3595 existentes,
2366 3550 2401 3581 &

1336 3605 1386 3632 per
1402 3594 1485 3625 Mare
1497 3594 1682 3632 transeuntes,
1698 3595 1745 3626 vel
1759 3594 1901 3633 Subditis,
1916 3601 1963 3625 aut
1977 3593 2088 3625 Amicis
2108 3589 2229 3629 nostris,
2247 3598 2278 3619 in
2298 3588 2403 3619 Portu·-

1336 3634 1403 3671 bus,
1421 3642 1468 3664 aut
1481 3633 1538 3664 aliis
1550 3633 1639 3671 locis,
1656 3633 1830 3672 insidiantes,
2191 3667 2197 3673 ·
2222 3665 2228 3672 ,
2332 3665 2336 3670 ,

1375 3672 1464 3704 Tunc
1479 3681 1547 3702 cum
1559 3672 1663 3702 eisdem
1676 3671 1810 3702 Navibus
1823 3671 1901 3709 supra
1914 3670 2001 3702 Mare
2013 3667 2244 3711 proficiscamini,
2262 3664 2297 3696 &
2309 3663 2403 3709 dictos

1338 3710 1446 3741 Hostes
1464 3709 1589 3749 nostros,
1608 3710 1665 3742 five
1682 3711 1712 3740 iu
1732 3709 1827 3748 Mari,
1846 3711 1904 3741 five
1922 3711 1952 3740 in
1972 3707 2129 3745 Portubus,
2146 3705 2198 3749 ubi
2212 3713 2262 3734 eos
2277 3713 2403 3734 invenire

1336 3751 1477 3788 poteritis,
1494 3749 1610 3780 viriliter
1623 3748 1839 3788 aggrediamini,
1858 3749 1892 3780 &
1906 3747 2012 3779 virilius
2033 3752 2216 3783 expugnem,
2233 3750 2318 3789 prput
2338 3752 2402 3786 ine-

1338 3789 1391 3818 lius
1412 3789 1446 3819 ὃς
1465 3787 1612 3819 efficacius
1633 3788 1696 3818 fore
1713 3787 1838 3818 videritis
1857 3784 2037 3822 faciendum,
2053 3785 2090 3814 ita
2101 3784 2211 3819 semper
2244 3780 2303 3811 uod
2317 3781 2402 3811 dietae

1338 3827 1373 3856 N
1376 3837 1458 3865 aveS,
1476 3826 1548 3857 infra
1562 3836 1617 3857 tres
1629 3826 1808 3864 septimanas,
1825 3826 1842 3856 a
1855 3833 1986 3862 tempore
2000 3832 2058 3861 quo
2069 3822 2097 3852 se
2118 3819 2210 3864 versus
2270 3830 2316 3850 are
2336 3829 2402 3850 mo-

1337 3867 1447 3910 verint,
1471 3866 1507 3935 ag
1527 3865 1636 3896 dietum
1657 3865 1796 3903 Portum,
1819 3863 1867 3896 vel
1888 3862 2011 3894 Portum
2032 3860 2068 3890 de
2085 3857 2240 3890 Sandwrco
2254 3881 2264 3897 ,
2287 3857 2402 3890 redeant

1337 3913 1419 3934 oml'll
1431 3914 1482 3934 [ΠΟ
1502 3915 1531 3935 Ο.

1376 3941 1415 3974 Et
1434 3943 1569 3974 nolumus
1588 3943 1669 3982 quod
1689 3952 1759 3980 νος,
1772 3949 1819 3972 aut
1838 3939 1923 3978 aliqui
1942 3939 1972 3968 in
1991 3933 2221 3980 diffianavibus
2235 3934 2401 3980 eristemee,

1339 3980 1552 4012 Mercatoribus
1565 3981 1700 4019 Ispanniae
1713 3989 1760 4012 aut
1775 3979 1968 4015 Alemanniae,
1985 3975 2031 4006 vel
2051 3975 2167 4005 aliarum
2187 3974 2314 4019 Paruum
2335 3983 2400 4012 quae

1337 4019 1400 4050 sunt
1420 4019 1457 4051 de
1477 4019 1616 4054 Amicitia
1633 4019 1749 4057 nostra,
1765 4019 1800 4050 &
1814 4018 1864 4055 qui
1876 4015 1911 4047 ad
1924 4015 2061 4054 Regnum
2076 4013 2209 4045 nostrum
2223 4011 2405 4080 νεωτεᾈῖίξὲ
