2562 4279
2 318 80 353 Ann.
90 319 130 350 D.

2 356 114 434 2534}

0 1321 76 1353 Ann.
87 1320 127 1351 D.

26 1361 112 1399 1346.

0 1404 50 1427 An.
69 1410 112 1427 ιο.

0 1480 37 1503 Ex
51 1459 109 1503 siu-

0 1521 60 1550 togr.

0 1710 127 1747 ¹²V.513.

154 247 232 276 200

185 318 247 351 Vos
269 318 372 348 attente
393 324 523 355 rogamus
544 322 677 351 quatenus
695 312 756 342 tarn
771 321 824 350 pro
836 310 934 341 Nobis
948 311 980 341 ὃ(
995 308 1129 340 Exercitu
1150 318 1206 338 no-

151 357 226 395 stro,
245 358 293 394 qui
307 355 339 385 ad
353 354 437 384 dietas
451 362 554 391 partes,
573 362 626 389 pro
637 350 800 381 defensione
813 349 926 379 saner-„e
942 348 1077 378 Ecclesiae
1093 350 1126 380 δε
1141 347 1205 378 sub-

152 397 215 434 jeffi
234 394 316 424 nobis
339 392 442 429 Populi
457 415 466 430 ,
490 401 523 421 ac
543 400 594 428 pro
607 387 746 420 Succursu
763 387 900 418 Fidelium
913 388 947 418 δε
959 387 1078 417 aliorum
1093 385 1205 416 nostro-

152 443 233 471 rum,
251 432 441 469 disponimus,
459 439 489 459 ut
506 437 620 466 oportet
635 450 645 465 ,
669 428 698 457 in
718 427 850 464 proximo
873 424 1011 463 proficisci
1023 449 1033 463 ,
1050 426 1136 462 quarn
1151 433 1204 467 pro

151 471 287 511 praedffio
307 468 425 499 Comite
440 492 448 504 ,
473 468 506 498 ὃς
526 467 583 497 aliis
595 491 603 503 ,
633 466 726 496 secum
749 465 909 503 agentibus,
930 463 1075 493 Preces&
1090 462 1207 505 Hostias

151 511 265 540 devotas
287 507 406 543 offerri,
436 505 536 535 ixliffas
556 504 711 541 celebrari,
736 504 768 533 &
785 502 834 532 alia
848 503 901 540 piae
914 501 1083 532 Placationis
1097 500 1207 530 Officia

150 558 200 586 per
211 547 348 584 subjectos
361 546 442 575 vobis
459 543 563 574 Fratres
576 542 698 579 faciatis,
715 551 744 571 ut
760 540 839 571 Deus
852 542 885 572 &
902 540 1046 570 Dominus
1060 538 1139 576 super
1154 548 1207 568 nos

151 587 185 616 &
206 585 276 624 ipsos
296 583 407 614 Rorem
426 582 480 612 sue
502 581 706 612 Benedit‘iionis
720 579 864 616 infundat,
883 580 916 610 &
932 588 981 608 eos
996 579 1121 615 muniat,
1140 586 1208 615 pro-

152 632 241 662 tegat,
261 623 294 652 &
315 621 463 657 defendat,
480 619 658 657 Inimicisque
680 618 781 648 nostris
798 619 827 647 in
843 616 957 657 justitia
971 617 1121 654 praevalere
1134 625 1208 645 con-

152 663 234 692 cedat
247 661 281 691 ad
298 660 425 691 Laudem
440 659 471 689 &
481 657 614 688 Gloriam
629 657 666 688 sui
679 656 837 693 Nominis,
854 655 1029 686 Meritorum
1043 653 1208 685 nostrorum

152 700 316 736 cumulum,
335 699 367 730 &
385 697 478 727 Plebis
494 696 549 727 stiae
564 697 689 726 solatium
702 695 735 725 &
748 696 883 733 quietem.

189 738 257 768 Dat.
277 737 348 775 apud
364 734 668 772 westmonasterium,
686 733 763 764 seXto
777 733 822 763 die
835 731 918 762 Maii.

186 812 352 844 Consimilia
379 811 475 842 Brevia
503 809 657 878 diriguntug
674 809 840 878 1'subscriptis
853 809 937 859 ,·sub
958 807 1059 839 cidem
1082 805 1145 838 data
1160 830 1170 844 ,

606 860 635 880 vi
656 858 753 886 eicet,

189 931 278 959 Priori
292 931 421 958 Fratrum
434 927 546 956 Ordinis
559 927 590 954 de
604 927 698 954 Monte
713 923 828 953 Carmeli
842 923 963 953 London.

186 970 281 997 Priori
293 970 422 996 Fratrum
437 965 547 995 Ordinis
562 965 656 994 Sanffl
672 961 821 1001 Augustini
834 962 957 992 London.

186 1007 326 1035 Cardiam
342 1009 472 1034 Fratrum
488 1007 626 1033 filinorum
641 1003 764 1031 London.

188 1047 312 1084 Episcopo
326 1043 448 1074 London.

156 1188 260 1227 *Bulla
278 1214 287 1230 ‚
323 1185 359 1218 de
383 1186 568 1229 Provfione,
594 1197 765 1232 quocunque
782 1183 866 1229 Jure
875 1185 931 1230 stu
948 1183 1136 1230 Juramento
1155 1187 1186 1216 in

340 1239 526 1268 contrarium
545 1247 601 1267 non
615 1231 812 1277 obstantibus,
837 1237 1018 1267 executoria.

151 1322 333 1385 CLemens
343 1319 514 1358 Episcopus,
530 1319 631 1350 Servus
647 1318 802 1349 Servorum
820 1318 895 1357 Dei,
914 1318 1035 1349 Dilec'tis
1052 1318 1126 1348 Filiis

225 1360 410 1391 Thesaurario
431 1358 635 1389 Londonienlis
649 1382 658 1393 ,
684 1358 717 1388 &
737 1357 900 1387 willielmo
920 1358 956 1387 de
971 1356 1083 1387 Exonic'i
1097 1357 1207 1387 Ebora-

148 1400 252 1437 censis,
270 1409 302 1429 ac
323 1398 457 1429 Roberto
477 1399 511 1427 de
533 1396 667 1426 Chikwill
683 1395 832 1437 Wellensis
848 1420 858 1434 ,
876 1394 1050 1434 Canonicis,
1068 1395 1208 1426 Ecclesia-

150 1448 212 1468 rum
223 1463 232 1475 ,
251 1438 375 1468 Salutem
388 1436 420 1466 &
436 1435 631 1474 Apostolicam
646 1433 890 1464 Benedictionem.

185 1476 259 1506 Vitae
281 1485 312 1505 ac
333 1485 447 1504 morum
470 1473 599 1504 honestas
618 1498 627 1511 ,
651 1474 685 1504 &
697 1473 747 1503 alia
765 1472 872 1503 Dileeti
890 1473 966 1511 Filii,
982 1472 1098 1503 Ricardi
1112 1473 1146 1503 de
1163 1471 1206 1503 Α-

149 1514 212 1545 ston
223 1538 232 1553 ,
249 1513 391 1544 Canonici
415 1512 630 1543 Lichefeldensis
645 1535 655 1549 ,
680 1510 828 1542 Virtutum
845 1511 952 1542 Merita
966 1535 976 1550 ,
993 1512 1096 1550 quibus
1109 1511 1208 1542 Perso-

147 1563 214 1583 nam
236 1553 309 1583 suam
323 1574 332 1591 ‚
357 1551 575 1590 Fidedignorum
597 1550 783 1581 Testimonio
799 1573 809 1587 ,
830 1550 920 1587 juvari
941 1551 1136 1589 percepimus,
1153 1560 1207 1580 iios

147 1591 284 1623 inducunt
299 1599 329 1621 ut
341 1590 433 1620 eidem
449 1589 598 1620 reddamur
611 1589 644 1619 ad
658 1590 774 1627 gratiam
791 1589 923 1619 liberales.

185 1630 264 1660 Hinc
278 1628 320 1659 est
335 1628 415 1666 quod
429 1638 498 1665 nos,
517 1627 643 1658 volentes
657 1627 737 1657 dicto
754 1626 897 1665 Ricardo,
917 1627 1126 1665 praemissorum
1135 1626 1205 1658 Me-

145 1670 264 1700 ritorum
278 1669 391 1698 suorum
407 1668 506 1698 intuitu
516 1690 525 1704 ,
539 1676 654 1697 necnon
671 1665 909 1704 consideratione,
924 1665 1069 1697 cariffimae
1084 1667 1112 1696 in
1119 1665 1206 1697 Chri-

147 1707 192 1737 sto
208 1707 284 1738 Filiae
303 1705 406 1736 nostrae
420 1729 430 1743 ,
449 1707 466 1725 *
484 1705 622 1744 Phiiippae
638 1704 761 1740 Reginae
779 1704 891 1743 Angliae
911 1704 1040 1744 Illustris,
1059 1715 1110 1742 pro
1125 1705 1204 1735 ditsto

147 1745 274 1776 Ricardo
288 1768 298 1783 ,
324 1743 441 1775 Clerico
461 1744 494 1774 ὃ(
514 1743 669 1773 Secretario
692 1743 757 1780 suo,
776 1743 858 1772 nobis
869 1744 898 1772 in
912 1743 963 1774 hac
976 1752 1051 1781 parte
1062 1743 1205 1774 humiliter

145 1784 339 1821 stipplicantiS,
357 1784 470 1821 gratiam
487 1783 577 1812 facere
590 1781 752 1818 specialem,
771 1780 982 1821 Canonicatum
999 1781 1131 1812 Ecclesiae
1157 1781 1206 1811 Li-

146 1822 325 1853 chefeldeniis
338 1844 347 1859 ,
373 1830 441 1850 curn
464 1820 635 1857 plenitudine
652 1819 727 1857 Juris
742 1818 885 1850 Canonici
898 1844 908 1856 ,
928 1820 1097 1858 Apostolica
1110 1820 1203 1851 eidem

144 1860 273 1892 Ricardo
294 1860 456 1890 auetoritate
475 1858 646 1889 contulimus
661 1881 670 1896 ,
698 1859 731 1889 δε
751 1858 787 1888 de
802 1858 850 1888 iilo
865 1859 949 1889 etiam
965 1859 1096 1890 duximus
1110 1860 1207 1897 provi-

145 1900 280 1931 dentium.

184 1937 368 1968 prebendam
388 1939 458 1968 vero
473 1961 482 1975 ,
507 1936 582 1975 siqua
603 1937 631 1966 in
654 1935 730 1967 dista
750 1935 877 1967 Ecclesia
896 1945 965 1968 tunc
986 1938 1128 1975 vacabat,
1161 1936 1206 1967 vel

145 1977 213 2007 cum
236 1984 368 2014 vacaret,
401 1985 487 2013 quain
509 1976 583 2006 idem
606 1974 745 2006 Ricardus
767 1985 816 2013 per
838 1975 865 2005 se
881 1998 891 2013 ,
917 1976 962 2006 vel
984 1974 1205 2006 Procuratorem

145 2015 242 2053 suum,
261 2015 294 2045 ad
313 2015 370 2044 hoc
391 2014 515 2053 legitime
537 2013 725 2044 constitutum
740 2037 751 2051 ,
775 2013 846 2044 infra
860 2015 940 2044 unius
955 2014 1055 2044 meniis
1069 2014 1206 2053 spatium,

144 2053 295 2093 postquam
312 2054 378 2091 sibi,
396 2053 440 2083 vel
453 2054 547 2083 eidem
562 2052 758 2091 procuratori,
777 2052 895 2083 Vacatio
915 2053 986 2083 illius
1002 2053 1206 2091 innotesceret,

145 2092 261 2123 duceret
280 2091 479 2130 acceptandam
491 2115 500 2129 ,
525 2090 727 2121 conferendam
743 2090 834 2120 cidem
850 2090 995 2129 Ricardo,
1014 2091 1077 2130 post
1093 2092 1208 2129 Accep-

147 2131 284 2161 tationem
305 2129 486 2169 hujusmodi,
513 2140 580 2160 cuni
599 2130 734 2160 omnibus
752 2129 868 2169 Juribus
890 2130 923 2161 ὃ(
942 2129 1120 2161 Pertinentiis
1135 2130 1204 2169 suis,

147 2168 306 2200 Donationi
322 2168 494 2206 Apostolicae
508 2168 720 2199 reservavimus:

184 2207 346 2238 Districiit‘is
362 2207 534 2245 inhibentes,
552 2206 713 2237 Venerabili
725 2206 812 2237 Fratri
829 2206 928 2238 nostro
948 2224 1031 2230 ——-
1050 2206 1206 2247 Episcopo,

149 2246 201 2284 &,
323 2245 443 2276 DileEiis
464 2246 486 2276 F
490 2246 537 2275 iliis
552 2268 561 2284 ,
588 2244 722 2283 Capitulo
738 2245 959 2284 Lichefeldensi,
978 2245 1023 2276 seu
1038 2246 1094 2285 illi,
1113 2247 1158 2277 vel
1174 2247 1207 2277 il-

148 2284 197 2322 lis,
213 2285 246 2314 ad
261 2294 365 2322 quem,
384 2284 427 2314 vel
440 2285 473 2315 ad
489 2294 576 2322 quos,
596 2286 624 2313 iii
638 2284 738 2314 cadem
759 2283 885 2315 Ecclesia
900 2284 1119 2315 Praebendarum
1134 2284 1207 2316 Col-

148 2322 234 2361 lario,
252 2322 397 2361 Provisio,
415 2323 460 2353 seu
475 2324 580 2360 quaevis
591 2323 641 2352 alia
658 2322 827 2360 Dispositio,
846 2324 984 2361 pertinet,
1002 2325 1205 2363 communiter,

149 2362 194 2391 vel
209 2362 335 2399 divisim,
353 2371 389 2392 ne
409 2361 444 2391 de
464 2361 541 2392 dicia
563 2361 721 2391 Praebenda
740 2363 873 2399 interim,
891 2371 954 2392 ante
968 2362 1206 2400 Acceptationem

149 2399 308 2439 hujusmodi
325 2401 384 2437 (nisi
401 2399 549 2437 postquam
565 2401 605 2430 eis
618 2399 760 2430 constaret
780 2400 859 2437 quiid
875 2424 883 2436 ,
902 2400 1054 2438 Ricardus,
1074 2401 1118 2432 vel
1135 2400 1207 2432 Pro-

148 2448 260 2481 curator
272 2462 281 2476 ,
306 2439 431 2476 prsedifti
447 2439 521 2469 illam
537 2439 643 2469 nollent
660 2440 816 2476 acceptare)
835 2439 981 2476 disponere
995 2439 1208 2478 quoquomodo

150 2482 347 2515 praelumerent
357 2487 363 2506 2

188 2515 232 2545 Ac
252 2516 432 2546 decernentes
454 2523 556 2546 extunc
577 2516 685 2546 irritum
710 2515 743 2545 &
764 2516 860 2553 inane,
879 2516 898 2546 si
922 2515 998 2546 secus
1019 2516 1097 2554 super
1118 2516 1170 2546 liiis
1192 2527 1209 2547 a

150 2563 295 2592 quoquam
310 2579 318 2592 ,
344 2555 440 2598 quavis
453 2554 633 2592 auctoritate,
651 2554 784 2592 scienter,
802 2554 847 2585 vel
863 2555 1040 2594 ignoranter,
1059 2557 1209 2596 continge-

148 2601 189 2622 ret
204 2601 377 2630 attemptari,

186 2631 261 2660 Non
277 2631 451 2661 obstantibus
465 2630 501 2661 de
515 2639 593 2661 certo
608 2630 826 2662 Canonicorum
836 2642 973 2671 numero,
991 2633 1024 2664 δε
1040 2633 1209 2671 quibussibet

147 2669 205 2698 aliis
217 2669 327 2700 Startitis
342 2670 374 2699 &-
392 2669 651 2700 Confiietudinibiis
663 2671 784 2707 ejusdem
799 2670 932 2701 Ecclesiae
947 2673 1110 2709 contrariis,
1126 2673 1210 2710 Jura-

149 2707 510 2776 mebigo,Confirniatione
535 2707 700 2746 Apostolica
712 2732 721 2747 ,
749 2709 794 2739 vel
818 2709 870 2739 alia
884 2709 1065 2748 quicumque
1078 2709 1208 2742 firmitate

149 2756 183 2776 ΥΟ
226 2757 285 2777 l'assS‘
295 2757 300 2776 Ζ

186 2784 244 2814 Aur
267 2785 285 2814 si
306 2785 388 2822 aliqui
412 2784 577 2823 Apostolica
593 2809 602 2822 ,
627 2785 671 2815 vel
690 2785 741 2815 alia
755 2787 865 2824 quavis,
883 2786 1048 2816 auc‘ioritatc
1063 2787 1092 2816 in
1106 2786 1206 2818 eadem

148 2822 271 2853 Ecclesia
286 2826 314 2853 in
329 2823 494 2854 Canonicos
511 2823 561 2853 lint
575 2823 696 2861 recepti,
713 2824 755 2853 vel
772 2834 801 2855 ut
818 2826 983 2862 recipiantur
998 2824 1136 2855 insistant:

187 2861 241 2891 Seu
266 2862 282 2891 ii
304 2862 383 2899 super
402 2861 611 2892 provisionibus
624 2885 633 2900 ,
658 2862 706 2891 libi
721 2862 870 2900 faciendis,
887 2864 923 2893 de
938 2862 1159 2894 Canonicatibus
1173 2864 1206 2894 δε

149 2898 309 2930 Praebendis
331 2902 358 2930 in
383 2900 440 2937 ipsa
462 2899 586 2930 Ecclesia
603 2922 613 2938 ,
636 2900 780 2938 speciales,
799 2902 844 2931 vel
859 2902 895 2931 de
912 2901 1056 2932 Beneficiis
1069 2901 1207 2932 Ecclesia-

148 2938 222 2968 sticis
244 2939 271 2967 in
295 2938 345 2968 illis
361 2939 482 2976 partibus
495 2939 650 2976 generales,
669 2938 747 2968 Sedis
762 2939 954 2977 Apostolicae,
973 2940 1017 2970 vel
1034 2941 1207 2979 Legatorum

148 2978 221 3013 eius,
242 2976 359 3007 Litteras
380 2978 569 3015 impetrarint,
587 2978 671 3006 etiam
694 2977 713 3006 si
737 2988 785 3014 per
801 2988 843 3008 eas
858 2978 890 3007 ad
908 2978 1127 3016 lnliibitioncm,
1148 2979 1206 3008 Re-

147 3015 332 3056 servationem
344 3039 353 3053 ,
374 3016 407 3047 &
432 3014 590 3045 Decretum
604 3039 613 3053 ,
638 3015 683 3045 vel
703 3016 767 3046 aliis
788 3017 1027 3055 quomodolibet,
1044 3018 1075 3048 sit
1089 3017 1208 3048 Proces-

150 3058 210 3083 iiim

189 3076 301 3130 Oiiibus
322 3092 456 3123 omnibus
470 3117 479 3130 ,
506 3100 692 3130 praeterquam
712 3092 878 3124 auctoritate
899 3093 995 3124 nostri⁴
1010 3117 1019 3132 ,
1036 3095 1064 3123 in
1080 3093 1207 3125 Ecclesia

150 3129 209 3167 ipsa
225 3133 356 3169 receptis,
369 3131 415 3161 seu
427 3130 593 3160 Praebendas
606 3131 817 3168 expectantibus
839 3133 865 3161 in
887 3132 984 3162 eadem
999 3155 1008 3171 ,
1027 3132 1137 3162 dist-um
1153 3133 1207 3162 Ri-

150 3168 284 3206 cardum,
302 3171 330 3198 in
345 3169 515 3199 assecutione
529 3169 613 3199 dictae
630 3168 812 3206 Praebendae,
831 3170 972 3200 voluimus
994 3171 1142 3208 anteferri,
1161 3171 1206 3201 sed

151 3207 258 3236 nullum
282 3217 329 3246 per
349 3208 406 3237 hoc
422 3209 476 3246 eis,
494 3218 553 3245 quo
565 3207 599 3237 ad
615 3207 816 3238 assecutionem
834 3207 1054 3239 Pr.ebendarum
1070 3219 1102 3239 ac
1119 3209 1208 3240 Bene-

153 3245 286 3275 ficiorum
303 3245 421 3275 aliorum
437 3245 629 3283 prtejudicium
647 3248 786 3275 venei-ari:

184 3282 243 3314 Aut
257 3283 277 3313 si
292 3283 411 3320 eisdem,
430 3283 572 3322 Episcopo
592 3286 624 3315 ὃ(
642 3270 794 3322 ὅαρίωἰο,
812 3284 857 3314 vel
874 3285 1016 3322 quibusvis
1031 3285 1104 3323 aliis,
1122 3295 1205 3315 corn-

150 3323 288 3361 munirer,
307 3323 352 3353 vel
366 3322 474 3352 divisim
484 3345 493 3360 ,
512 3323 546 3352 ab
561 3323 659 3352 eadem
676 3324 706 3352 sit
720 3323 794 3353 Sede
810 3322 948 3352 indultum
963 3324 1042 3361 quod
1056 3324 1089 3353 ad
1107 3334 1205 3361 recep-

99 3394 102 3396 *
148 3360 258 3390 tionem
273 3385 282 3398 ,
307 3361 351 3391 vel
372 3361 561 3399 provisionem
576 3383 585 3398 ,
610 3361 724 3395 alicuius
744 3362 862 3390 minime
883 3370 1028 3392 teneantur
1045 3384 1054 3399 ,
1081 3363 1113 3393 ὃ(
1127 3362 1161 3392 ad
1176 3362 1205 3392 id

148 3398 281 3434 compelli
303 3408 362 3428 non
384 3397 506 3436 possint:
534 3399 668 3436 quodque
682 3396 722 3429 'de
744 3398 965 3429 Canonicatibus
985 3402 1018 3431 &c
1042 3399 1205 3430 praebendis

149 3436 270 3473 ejusdem
282 3436 434 3473 Ecclesiae,
451 3437 496 3466 vel
511 3437 567 3467 aliis
580 3436 723 3467 Beneficiis
736 3437 952 3476 Ecclesiasticis,
970 3438 1002 3467 ad
1018 3449 1119 3468 eorum
1134 3437 1206 3468 Col-

148 3474 286 3504 lationern
301 3498 310 3513 ,
334 3475 527 3505 Proviiionem
542 3499 550 3513 ,
576 3475 622 3505 vel
643 3485 853 3514 quamcumque
868 3477 949 3506 aliam
966 3476 1203 3514 Dispositionem,

150 3514 348 3551 conjunctim,
366 3514 410 3543 vel
423 3513 581 3551 separatim,
596 3514 797 3552 speetantihus,
816 3514 884 3544 nulli
900 3515 987 3544 valeat
1003 3514 1143 3551 provideri
1157 3525 1206 3552 per

151 3549 260 3581 Literas
281 3551 454 3588 Apostolicas
468 3574 478 3589 ,
503 3561 562 3581 non
582 3553 713 3582 facientes
733 3553 844 3589 plenam
866 3554 899 3582 ὃς
920 3553 1074 3590 expressam
1089 3576 1100 3590 ,
1123 3563 1155 3583 ac
1170 3553 1206 3582 de

151 3590 243 3618 verbo
255 3589 289 3619 ad
304 3590 422 3620 verbum
434 3614 442 3627 ,
457 3591 492 3620 de
507 3590 616 3620 indulto
639 3591 797 3628 hujusmodi
819 3593 1014 3628 mentionem,
1034 3592 1066 3621 &
1084 3592 1206 3629 qualibet

152 3626 204 3656 alia
219 3626 303 3657 diistae
317 3628 393 3658 Sedis
406 3627 580 3667 Indulgentia
593 3629 715 3667 generali
734 3629 777 3658 vel
795 3628 901 3666 speciali
915 3653 923 3665 ,
949 3629 1151 3666 cujuscumque
1165 3639 1206 3659 te-

153 3666 230 3705 noris
244 3665 356 3703 existat,
377 3675 424 3703 per
438 3676 522 3703 quam
533 3690 541 3703 ,
559 3667 660 3696 nostris
676 3667 787 3696 Litteris
801 3677 859 3697 non
876 3667 1030 3704 expreiiam
1047 3691 1057 3705 ,
1075 3668 1120 3697 vel
1134 3676 1207 3698 tota-

156 3700 217 3730 liter
231 3712 289 3732 non
303 3705 448 3741 insertam,
467 3704 584 3734 effeetus
599 3705 756 3741 huiusmodi
768 3707 861 3743 gratiae
883 3706 1010 3743 impediri
1033 3705 1119 3735 valeat
1135 3716 1208 3743 quo-

158 3738 314 3782 modolibet
327 3742 371 3771 vel
382 3741 508 3779 differri,
525 3743 557 3772 &
573 3743 608 3772 de
620 3743 692 3781 qua,
710 3744 843 3781 cujusque
863 3752 926 3773 toto
946 3753 1063 3782 tenore,
1081 3744 1208 3774 habenda

157 3775 191 3805 fit
202 3786 231 3806 in
246 3779 336 3807 eidem
351 3779 452 3809 nostris
469 3780 580 3810 Litteris
593 3783 702 3811 mentio
716 3781 851 3820 specialis:

196 3813 251 3843 Seu
272 3815 290 3844 si
312 3816 388 3858 idem
411 3817 549 3848 Ricardus
569 3820 684 3856 praesens
703 3830 763 3849 non
784 3820 867 3849 fuerit
887 3819 920 3849 ad
960 3819 1129 3850 raestandum
1147 3843 1156 3857 ,
1173 3820 1210 3850 de

159 3852 335 3882 observandis
350 3854 460 3885 Statutis
474 3856 506 3885 δε
519 3856 778 3887 Consuetudinibus
794 3857 914 3903 ejusdem
946 3857 1064 3887 'ccleiiae
1074 3880 1083 3895 ,
1098 3858 1210 3888 solitum

156 3889 354 3928 juramentum
367 3914 387 3936 ,ἱ
400 3892 560 3924 dummodo
583 3897 610 3924 in
629 3895 748 3926 absentia
770 3896 816 3925 sua
838 3905 886 3932 per
908 3895 1128 3926 Procuratorem
1141 3897 1213 3935 ydo—

160 3938 248 3995 neuffi
258 3952 267 3966 ,
285 3928 318 3958 &
326 3950 336 3966 ‚
354 3938 422 3959 cum
443 3931 478 3961 acl
500 3932 654 3962 Ecclesiam
669 3934 755 3971 ipsam
768 3933 926 3971 access'erit,
945 3934 1130 3971 corporaliter
1145 3934 1213 3964 illud

160 3976 219 4003 prae
245 3975 287 3996 et:

196 4004 254 4047 Aut
275 4002 355 4042 quod
367 4003 625 4047 *ipseParochialem
642 4008 797 4039 Ecclesiam
813 4009 848 4038 de
865 4008 982 4039 Skelton
994 4032 1003 4046 ,
1023 4009 1211 4046 Karleoleiifis

160 4040 301 4072 Dicecesis
315 4043 404 4085 (quus
419 4041 441 4071 F
443 4044 552 4082 ruQus,
571 4046 723 4085 Redditus,
741 4048 773 4078 &
794 4046 951 4077 Proventus
964 4048 1096 4086 Triginta
1112 4048 1212 4079 Libra-

160 4089 224 4109 rum
240 4080 445 4117 Sterlingorum
462 4103 472 4118 ,
489 4081 641 4113 secundum
654 4085 841 4114 Taxarionem
855 4084 1004 4122 Decimae,
1023 4087 1147 4115 valorem
1163 4097 1214 4116 an-

160 4126 250 4149 nuum
267 4142 276 4156 ,
295 4128 326 4151 ut
347 4118 463 4157 dicitur,
483 4129 541 4151 non
562 4122 710 4159 excedunt)
727 4124 759 4152 ἃ
774 4121 984 4154 Catienis-atum
999 4122 1133 4154 Eceieiiae
1149 4124 1211 4154 He-

604 192 1847 271 CONVENTIONEQLITERAE,

1243 303 1426 372 resordberisis,
1446 303 1497 334 sub
1511 301 1710 341 expe&atione
1723 299 1890 332 Praebendae
1903 323 1913 339 ‚
1931 300 2096 332 auctoritate
2109 298 2207 332 nostra
2221 300 2312 333 nosci·
2329 299 2464 371 Am?

1248 352 1294 374 tur
1309 353 1328 373 o
1351 352 1447 373 tinere.
2358 349 2370 370 1
2437 364 2444 371 .

1288 381 1437 419 Quocirca
1456 378 1630 410 Discretioni
1651 377 1751 409 vestrae
1767 388 1816 415 per
1831 376 1999 416 Apostolica
2013 377 2115 416 scripta
2131 377 2314 417 mandamus,
2331 350 2414 408 Baiis*
2417 389 2442 417 3.

1253 422 1382 458 quatinus
1402 427 1456 450 vos
1470 442 1480 456 ,
1506 418 1553 449 vel
1572 417 1660 455 Duo,
1678 425 1725 447 aut
1738 415 1826 447 Unus
1839 415 1985 454 vestrum,
2001 426 2050 454 per
2063 426 2116 447 vos
2122 439 2133 455 ,
2150 417 2196 448 vel
2211 417 2316 457 alium,

1251 459 1297 488 seu
1318 458 1385 488 alios
1401 480 1411 496 ‚
1435 456 1558 487 eundern
1578 455 1756 492 Ricardum,
1775 455 1821 485 vel
1835 454 2057 486 Procuratorem
2071 454 2169 494 suum,
2188 455 2246 493 ejus
2260 465 2316 486 no-

1250 497 1346 535 mine,
1363 505 1398 526 ex
1417 505 1495 525 nunc
1510 519 1520 533 ,
1538 494 1704 525 auetoritate
1717 492 1854 531 praedieta
1868 516 1878 531 ,
1896 494 1926 523 in
1938 493 2016 524 dicia
2030 492 2156 524 Ecclesia
2170 493 2315 524 Lichefel-

1249 535 1326 565 densi
1348 534 1436 570 recipi
1455 533 1590 563 facientes
1610 533 1638 562 iri
1659 530 1842 562 Canonicum
1867 532 1900 562 &
1915 532 1946 561 in
1961 531 2098 570 Fratrem,
2116 531 2204 563 Stallo
2219 532 2269 562 fibi
2283 533 2314 563 in

1251 572 1354 603 Clioro
1369 573 1402 603 &
1417 572 1487 602 loco
1499 572 1529 601 in
1544 570 1679 608 Capitulo
1692 570 1774 608 ipsius
1789 569 1923 601 Ecclesiae
1935 593 1946 608 ‚
1970 579 2039 600 cum
2052 570 2227 609 plenitudine
2236 570 2313 608 juris

1249 611 1393 642 Canonici
1407 633 1416 648 ,
1439 609 1580 646 affignatis
1594 633 1604 647 ,
1628 608 1815 639 Praebendam
1828 632 1838 648 ,
1863 618 1913 646 per
1933 618 2004 647 nos,
2019 616 2051 639 ut
2066 610 2262 648 praemittitur,
2280 610 2312 640 in

1250 650 1350 680 eadem
1375 647 1582 679 Lichefeldensi
1603 645 1731 678 Ecclefia
1749 647 1912 678 reservatam
1925 670 1935 686 ,
1961 646 1982 677 fi
2001 647 2313 687 temporebujusmodi

1250 688 1356 718 nostrae
1377 686 1584 717 Reservationis
1604 685 1720 716 vacabat
1734 709 1744 723 ,
1768 686 1815 716 vel
1836 695 1940 717 exmnc
1954 686 2083 725 vacavit,
2097 693 2143 717 aut
2153 696 2224 717 cum
2235 686 2311 717 illarn

1251 728 1322 757 inibi
1343 735 1444 757 vacare
1464 724 1615 764 contigerit
1629 747 1639 762 ,
1656 723 1750 754 eidem
1764 722 1906 762 Rimrdo,
1924 723 1989 762 post
2003 724 2243 763 Acceptationem
2258 725 2312 755 hu-

1247 764 1386 804 jusmodi,
1404 773 1472 794 cum
1492 763 1627 793 omnibus
1636 761 1752 800 Juribus
1772 762 1805 792 &
1820 760 2002 794 Pertinentiis
2012 762 2083 802 suiS,
2101 762 2202 794 eadem
2212 763 2312 795 austo-

1252 805 1330 834 ritate
1345 802 1478 833 conferre
1492 802 1526 832 &
1539 800 1673 840 assignare
1687 801 1807 838 curetis,

1293 841 1458 872 inducentes
1474 849 1557 877 eum,
1575 839 1621 870 vel
1634 838 1747 869 dierum
1759 837 1979 882 Procuratorem
1990 850 2044 880 pro
2059 840 2119 880 ipsb
2133 863 2143 880 ,
2160 842 2189 872 in
2206 850 2313 879 corpo-

1252 881 1338 911 ralem
1357 878 1564 910 Poffeffionem
1587 877 1756 908 Praebendae
1776 886 1809 907 ac
1827 878 1933 914 jurium
1947 879 1980 909 &
1993 880 2225 916 pertinentiarum
2241 889 2315 917 prae-

1251 919 1395 950 dictorum
1409 943 1418 956 ,
1442 918 1475 948 &
1496 916 1678 947 defendentes
1697 916 1716 935 ¹*
1735 915 1892 946 Inducturn
1907 938 1918 954 ,
1935 925 1968 946 ac
1982 916 2112 948 facientes
2124 919 2176 949 fibi
2189 917 2226 949 de
2239 918 2313 956 ipso-

1250 968 1314 988 rum
1329 955 1525 987 Canonicatsis
1539 955 1573 985 &
1587 954 1755 985 Praebendae
1770 954 1934 992 Fruetibus,
1954 954 2139 996 Redditibus,
2158 956 2311 988 Proventi-

1252 997 1322 1034 b-us,
1337 996 1466 1034 Juribus,
1484 996 1518 1026 &
1529 993 1713 1024 Obventibus
1724 992 1858 1023 universis
1870 994 1981 1030 integre
1996 993 2172 1033 responderi,
2190 1005 2249 1026 non
2256 996 2313 1027 ob-

1251 1035 1384 1065 stantibus
1404 1033 1539 1064 omnibus
1559 1031 1720 1072 supradistis
1733 1054 1744 1070 ‚
1761 1032 1807 1062 seu
1821 1030 1841 1061 si
1854 1031 1974 1070 eisdem,
1990 1030 2134 1070 Episcopo
2146 1034 2179 1065 ὃς
2192 1033 2236 1064 Ca
2257 1036 2312 1066 itu-

1250 1074 1280 1104 lo
1315 1073 1359 1103 vel
1381 1071 1521 1111 quibusvis
1541 1071 1598 1101 aliis
1611 1093 1621 1108 ,
1639 1071 1849 1108 communiter,
1866 1070 1913 1100 vel
1926 1069 2056 1108 divisim,
2073 1071 2110 1101 ab
2123 1070 2221 1102 eadem
2258 1073 2312 1104 ede

1250 1097 1390 1142 indultum
1407 1110 1503 1142 existat
1517 1109 1596 1148 quod
1611 1108 1755 1147 interdici,
1772 1108 1916 1148 suspendi,
1933 1108 1979 1140 vel
1994 1111 2236 1141 excommunicari
2248 1121 2310 1142 non

1252 1150 1355 1189 poffint
1377 1159 1426 1188 per
1448 1149 1553 1179 Literas
1574 1147 1754 1185 Apostolicas
1768 1171 1778 1185 ,
1803 1156 1862 1179 non
1877 1147 2010 1178 facientes
2024 1147 2188 1186 plenam&
2202 1158 2312 1186 expres-

1250 1190 1324 1227 sam,
1341 1199 1376 1219 ac
1398 1188 1434 1219 de
1453 1188 1544 1218 verbo
1557 1186 1592 1216 ad
1606 1186 1727 1217 verbum
1741 1208 1751 1223 ,
1772 1185 1808 1216 de
1819 1185 1930 1216 indulto
1944 1185 2103 1224 hujusmodi
2118 1188 2315 1226 mentionem;

1250 1227 1474 1296 conti-agifrores
1494 1225 1657 1256 auitoritate
1676 1223 1775 1255 nostra
1788 1247 1798 1263 ,
1822 1224 2022 1263 Appellatione
2036 1224 2211 1264 postposita,
2228 1236 2311 1257 com-

1270 1267 1349 1296 escen
1371 1276 1400 1296 o.

1249 1277 1268 1304 p
1290 1304 1358 1335 Dat.
1377 1303 1449 1342 apud
1465 1302 1569 1333 Villam
1583 1301 1708 1332 Novam
1723 1302 1897 1332 Avinionen.
1917 1301 2076 1340 Dicecesis,
2091 1301 2201 1334 odi-avo
2213 1301 2316 1341 Id.Ju-

1250 1345 1306 1382 nii,
1326 1341 1512 1374 Pontificatsis
1524 1340 1614 1372 nostri
1628 1340 1717 1372 Anno
1731 1341 1839 1380 quinto.

2328 913 2343 931 ⁴
2354 915 2458 950 V.5i4.

1409 1421 1444 1449 P.
1462 1418 1584 1449 Ricardi.

1893 1457 1948 1488 Sub
1953 1457 2015 1500 filis
2029 1457 2211 1489 cannabaceis.

1250 1592 1298 1624 De
1325 1591 1484 1635 Capitaneo
1503 1614 1513 1630 ,
1549 1591 1580 1620 in
1607 1589 1706 1620 Terra
1731 1586 1879 1630 flandrie
1898 1614 1908 1629 ‚
1940 1585 1986 1619 ad
2010 1587 2192 1620 Cavalcatas
2214 1597 2318 1620 contra

1471 1639 1612 1670 Inimicos
1631 1639 1717 1683 Regis
1731 1635 1910 1680 faciendas,
1939 1634 2101 1678 constituto.

1253 1726 1310 1779 R
1320 1723 1346 1754 E
1356 1721 1387 1753 X
1396 1746 1406 1762 ,
1424 1721 1529 1753 dilecto
1542 1721 1761 1761 Consanguineo
1773 1721 1807 1753 &
1823 1720 1911 1752 Fideli
1924 1721 1990 1760 suo,
2005 1720 2132 1760 Hugoni
2144 1720 2181 1752 de
2193 1720 2321 1761 Hastyn-
2331 1727 2407 1760 Αῃῃ,
2422 1728 2456 1760 D
2458 1748 2468 1764 ⁴

1287 1761 1563 1844 chgss'qtsfgffiffds
1581 1797 1740 1843 (de'yestris
1753 1797 1916 1836 Fidelitate,
1934 1798 2161 1843 Strenuitate‚&
2177 1798 2315 1844 Circum·
2329 1769 2449 1835 21313422,

1248 1836 1394 1875 spetstiorie
1413 1837 1539 1876 providis
1558 1837 1666 1875 plenius
1686 1835 1877 1881 confidentes)¹
1902 1836 2104 1868 constituimus
2125 1848 2177 1882 vos
2199 1837 2244 1868 Ca
2265 1846 2315 1868 ita·
2328 1850 2357 1873 E.
2379 1855 2405 1882 3,

1249 1886 1336 1908 neum
1358 1877 1392 1909 δε
1416 1877 1531 1907 Locum
1550 1875 1679 1906 nostrum
1693 1876 1858 1906 Tenentem
1870 1886 1901 1906 in
1916 1875 2008 1906 Terra
2023 1875 2178 1915 Flandriae,
2196 1887 2229 1908 ac
2245 1847 2313 1908 i’Ju-
2327 1889 2462 1912 stanno.

1249 1915 1360 1946 &orem
1374 1914 1541 1946 Hominum
1555 1913 1677 1952 ejusdem
1692 1913 1810 1951 Terrae,
2329 1927 2358 1950 E.
2369 1930 2424 1960 34,
2441 1932 2463 1951 ,-

1286 1954 1324 1985 Et
1334 1955 1369 1985 ad
1384 1953 1545 1985 faciendum
1559 1952 1746 1995 Excercitum
1760 1952 1794 1983 &
1806 1951 1970 1983 Cavalcatas
1992 1960 2094 1983 contra
2105 1952 2242 1984 Inimicos
2256 1962 2312 1984 no·
2328 1971 2365 1990 m,
2377 1971 2400 1990 ι,

1249 1991 1320 2023 stros
1333 1993 1370 2024 de
1384 1992 1519 2031 Francia,
1537 1992 1570 2023 &
1583 1991 1618 2022 ad
1633 1991 1746 2022 eosdem
1760 1990 1871 2021 Hostes
1885 1991 2106 2029 expugnandum
2119 1992 2152 2022 δι
2167 1991 2314 2022 destruen-

1249 2032 1319 2063 dum
1331 2057 1340 2071 ,
2309 2051 2311 2054 ι

1288 2070 1327 2101 Et
1346 2069 1381 2100 ad
1401 2070 1500 2101 omnia
1519 2069 1570 2100 alia
1582 2091 1592 2108 ‚
1617 2068 1836 2107 Expeditionem
1857 2067 1980 2099 Guerrae
1996 2068 2101 2099 nostrae
2115 2068 2242 2099 Franciae
2256 2077 2316 2100 tan-

1249 2111 1342 2146 gentia
1351 2132 1362 2147 ,
1378 2108 1540 2139 faciendum
1553 2117 1640 2147 prout
1653 2109 1690 2139 de
1701 2108 1872 2138 avisamento
1887 2108 1919 2139 &
1933 2107 2040 2138 assensu
2049 2107 2188 2138 Fidelium
2202 2107 2318 2139 nostro·

1249 2158 1332 2217 rurIn,
1349 2148 1491 2217 dizstarugrcn
1507 2149 1645 2186 partium,
1663 2148 1764 2178 melitis
1777 2147 1811 2178 δε
1827 2146 1920 2177 utilius
1934 2145 2060 2178 videritis
2073 2146 2212 2184 expedire.

1303 2195 1513 2265 n'f'keii'esz’Regce
1527 2224 1601 2263 apud
1616 2223 1759 2256 Porcestr.
1778 2223 1916 2255 vicesimo
1929 2223 1975 2255 die
1985 2223 2074 2263 Junii.

1250 2307 1293 2357 E
1302 2303 1497 2333 Tmandatum
1512 2301 1548 2342 est
1562 2300 1694 2343 universis
1709 2299 1746 2336 &
1771 2301 1867 2339 ingulis
1881 2305 2037 2340 Capitaneis
2053 2325 2063 2340 ,
2081 2300 2318 2342 Burgimagistris,

1315 2343 1490 2380 Advocatis,
1510 2341 1646 2380 Scabinis,
1661 2345 1746 2381 Consu
1758 2340 1817 2370 ibus
1827 2363 1836 2379 ,
1853 2339 2030 2380 Castellanis,
2046 2340 2210 2379 Officiariis,
2226 2344 2316 2370 Mini-

1242 2377 1326 2418 stris‚
1345 2380 1382 2415 ῤ’
1404 2380 1466 2410 aliis
1486 2379 1620 2409 Fidelibus
1640 2383 1719 2416 Regis
1735 2402 1744 2418 ,
1761 2382 1852 2409 Terrae
1865 2378 2022 2417 Flandriae,
2039 2379 2115 2420 qubd
2122 2378 2239 2418 praefato
2253 2381 2318 2409 Hu-

1245 2422 1308 2455 goni
1320 2441 1329 2456 ,
1355 2426 1490 2459 tanquam
1509 2422 1658 2457 capitaneo
1678 2417 1716 2452 ὠ·
1737 2420 1840 2448 Lacum
1861 2420 1939 2455 Regis
1965 2421 2102 2457 Tenenti,
2131 2421 2160 2448 in
2179 2418 2316 2460 preciis&

1249 2458 1336 2487 Terrd
1358 2457 1497 2487 Flandriae
1512 2480 1521 2495 ,
1546 2469 1578 2487 ac
1601 2459 1719 2486 DuHori
1740 2459 1888 2486 Hominum
1901 2457 2092 2495 praediflorum
2107 2480 2118 2492 ,
2142 2455 2315 2496 inpraemiffis

1250 2497 1368 2526 omnibus
1381 2495 1418 2531 ὠ
1433 2496 1539 2536 singulis
1554 2496 1728 2526 Intendentes
1736 2495 1812 2535 fint,
1831 2496 2023 2534 Respondent&
2039 2518 2049 2534 ,
2071 2494 2256 2534 Conshlentes,
2272 2497 2315 2523 O·

1250 2534 1383 2564 bedientes
1406 2530 1444 2569 ό
1468 2534 1650 2564 Auxiliantes
1667 2558 1677 2571 ,
1690 2541 1773 2572 prout
1784 2535 1854 2564 idem
1867 2536 1946 2571 Hugo
1958 2533 2070 2574 eisfiire
2075 2531 2176 2573 fecerit
2187 2543 2223 2561 ex
2231 2539 2313 2570 parte

1249 2576 1344 2613 Regis,
1363 2571 1401 2609 ό
1417 2573 1458 2604 ad
1468 2584 1508 2604 eos
1520 2573 1557 2609 όν
1574 2572 1717 2615 quemlihet
1732 2583 1819 2604 eorum
1835 2576 1964 2603 noverint
1969 2575 2116 2611 pertinere.

1285 2651 1374 2683 Teste
1388 2661 1419 2683 ut
1432 2652 1521 2691 supra.

1271 2778 1318 2810 De
1346 2774 1443 2808 fideli
1461 2772 1548 2816 Gesta
1569 2770 1816 2814 Flandrmfium,
1841 2773 1878 2808 (ῥ’
1896 2769 1933 2803 de
1953 2773 2112 2816 Capitaneo
2127 2771 2283 2806 antediflo.

1250 2864 1302 2917 R
1311 2860 1335 2890 E
1345 2860 1392 2899 X,
1413 2859 1518 2890 dilecm
1532 2857 1754 2896 Consanguineo
1766 2856 1799 2887 ὃ(
1813 2855 1836 2886 F
1838 2855 1902 2886 ideli
1917 2856 1982 2894 suo,
2001 2855 2123 2896 Hugoni
2135 2856 2171 2887 de
2182 2857 2309 2897 Hastyn-
2326 2868 2401 2898 Arm¹
2418 2868 2462 2900 D,

1322 2909 1384 2943 ges,
1402 2899 1535 2929 Salutem.
2355 2909 2442 2947 1³46.

1288 2938 1384 2968 Sciatis
1399 2936 1496 2975 quod,
2328 2930 2441 2974 Am'u„

1289 2975 1370 3006 Cum
1397 2975 1465 3006 Nos
1487 2974 1521 3004 ad
1541 2982 1631 3014 partes
1650 2972 1880 3009 Transmarinas,
1902 2982 1956 3010 pro
1979 2971 2168 3010 Expeditione
2190 2973 2311 3005 Guerrae
2328 2989 2358 3012 E.
2379 2994 2404 3021 3,

1251 3012 1396 3052 Franciae,
1415 3014 1498 3044 simus
1511 3014 1582 3051 jam,
1600 3011 1741 3043 mediante
1756 3010 1907 3049 Domino,
1925 3011 2097 3049 profecturi,
2328 3023 2393 3051 lbid.

1287 3052 1342 3091 Et,
1362 3052 1470 3082 Diieffl
1485 3052 1517 3083 &
1532 3051 1638 3081 Fideles
1652 3049 1757 3088 nostri,
1774 3048 2006 3080 Communitates
2020 3048 2157 3079 Viliarum
2179 3049 2216 3080 de
2230 3050 2313 3081 Gan-

1248 3089 1340 3130 dauo,
1358 3090 1495 3131 Brugges,
1512 3091 1546 3121 &
1561 3089 1639 3128 Ipre,
1658 3098 1691 3119 ac
1705 3088 1822 3118 aliarum
1837 3087 1962 3118 Partiutn
1977 3087 2079 3118 Terrae
2093 3087 2310 3125 flandri-aemo-

1250 3128 1292 3159 bis
1313 3129 1348 3160 de
1365 3138 1444 3160 certo
1459 3127 1590 3160 Subsidio
1609 3127 1777 3158 Hominum
1793 3126 1827 3156 ad
1850 3125 1939 3156 Arma
1957 3150 1967 3163 ,
1983 3127 2016 3157 &
2030 3125 2167 3165 aliorum,
2183 3129 2210 3156 in
2223 3128 2311 3159 Auxi-

1248 3167 1318 3198 lium
1342 3167 1536 3205 Expeditionis
1556 3166 1678 3196 Guerrae
1694 3164 1799 3195 nostrae
1819 3164 1964 3202 praedisstce
1976 3187 1986 3202 ,
2006 3164 2025 3194 si
2037 3164 2157 3202 aliquem
2172 3166 2309 3197 idoneum

1250 3205 1436 3244 Capitaneum
1451 3230 1460 3243 ,
1483 3205 1518 3236 de
1538 3204 1677 3243 Sanguine
1699 3202 1796 3232 nostro
1810 3225 1820 3240 ,
1837 3202 1873 3232 ad
1886 3202 2008 3232 Terram
2019 3203 2183 3242 praedidtam
2197 3205 2310 3236 mittere

1250 3255 1429 3282 curaremus,
1447 3243 1621 3282 promiserint
1636 3242 1772 3272 benivole
1785 3241 1950 3279 subvenire,

1287 3283 1371 3320 Nos,
1389 3282 1606 3320 gratitudinem,
1624 3282 1657 3312 ὅ(
1680 3281 1791 3310 bonum
1811 3279 1924 3318 zelum,
1942 3288 2026 3318 atque
2043 3279 2169 3310 Fidelem
2183 3279 2309 3312 Gestutn

1248 3320 1392 3351 dierorum
1411 3321 1548 3351 Fidelium
1568 3318 1730 3349 nostrorum
1753 3319 1783 3347 in
1805 3317 1857 3348 hac
1880 3327 1954 3355 parte
1969 3318 2125 3355 plurimiirn
2136 3320 2313 3350 comendan-

1249 3367 1305 3396 teS,
1323 3369 1356 3389 ac
1371 3360 1408 3389 de
1424 3358 1565 3388 Fidelitate
1578 3380 1587 3395 ,
1609 3357 1795 3393 Strenuitate‚
1813 3357 1846 3387 ἃ
1862 3355 2003 3387 Industria
2016 3356 2113 3387 vestris
2124 3358 2225 3388 intime
2239 3369 2312 3389 con·

1248 3397 1386 3434 fidentes,
1410 3396 1607 3429 assignavimus
1630 3406 1682 3425 vos
1701 3393 1891 3431 Capitaneum
1912 3396 1945 3425 &
1968 3394 2083 3425 Locum
2103 3394 2234 3426 nostrum
2249 3397 2310 3427 Te-

1249 3445 1364 3466 nentem
1378 3437 1407 3464 in
1426 3435 1501 3466 dieta
1514 3434 1607 3464 Terra
1630 3433 1785 3470 Fiandriae,
1804 3434 1833 3463 in
1846 3433 1997 3471 omnibus,
2016 3443 2080 3472 quae
2091 3432 2311 3472 Expeditionem

1249 3473 1370 3504 Guerrae
1382 3473 1487 3503 nostrae
1502 3472 1645 3511 praedictae
1659 3473 1688 3502 in
1702 3472 1823 3509 partibus
1836 3471 1888 3501 illis
1901 3473 2000 3502 contin
2022 3480 2086 3510 unt,
2098 3472 2133 3502 ad
2147 3472 2309 3504 faciendum

1249 3513 1282 3542 ὃ(
1297 3512 1486 3542 ordinandum
1502 3511 1585 3549 inde,
1604 3521 1689 3549 prout
1703 3520 1751 3548 per
1764 3509 1924 3540 Consilium
1938 3510 1972 3540 &
2019 3510 2200 3541 visamenttim
2225 3511 2309 3542 Fide—

1250 3551 1320 3580 lium
1340 3550 1503 3580 nostrorum
1518 3573 1527 3588 ,
1549 3551 1607 3587 jam
1630 3550 1657 3579 in
1674 3549 1794 3587 partibus
1809 3548 1859 3578 illis
1873 3547 2068 3585 existentium,
2087 3549 2119 3579 &
2140 3550 2223 3579 etiam
2237 3550 2307 3580 alio-

1253 3599 1335 3627 rum,
1354 3589 1459 3619 ibidem
1475 3598 1507 3618 ex
1522 3598 1598 3626 parte
1613 3587 1706 3618 nostra
1724 3588 1900 3617 venientium
1907 3609 1918 3625 ,
1935 3587 2079 3624 vobis,&
2093 3586 2168 3624 ipsis,
2185 3598 2236 3625 pro
2244 3588 2311 3618 Ho-

1250 3637 1319 3656 nore
1339 3627 1437 3657 nostro
1450 3649 1459 3664 ,
1484 3637 1516 3656 ac
1534 3627 1693 3656 Salvatione
1708 3626 1741 3656 ὅτ
1756 3624 1930 3655 Defensione
1943 3624 2129 3656 Subditorurn
2143 3626 2306 3657 nostrorum

1249 3667 1278 3695 in
1294 3666 1415 3701 partibus
1429 3665 1494 3703 illis,
1515 3665 1614 3695 melius
1628 3664 1661 3694 &
1677 3664 1768 3694 utilius
1783 3663 1924 3693 videbitur
1936 3662 2080 3703 expedire:

1289 3703 1323 3733 Et
1343 3704 1427 3772 ideost
1432 3704 1515 3733 vobis
1528 3702 1694 3733 mandamus
1710 3701 1788 3740 quod
1802 3703 1878 3732 circa
1892 3701 2032 3739 praemissa
2045 3701 2191 3733 intendatis
2204 3703 2233 3732 in
2247 3701 2313 3733 for-.

1250 3741 1299 3771 rna
1332 3742 1398 3771 raedi
1430 3741 1458 3771 a·

1288 3752 1400 3809 DZmus
1414 3765 1507 3809 aut⁷em
1521 3778 1652 3809 universis
1666 3778 1699 3809 δέ
1713 3777 1823 3816 singulis
1835 3777 2055 3817 Burgimagistris
2089 3777 2229 3814 Scabinis,
2247 3776 2307 3808 Ad-

1251 3819 1374 3855 νοωιῑς,
1393 3817 1578 3854 Consuiibus,
1594 3816 1773 3854 castellanis,
1792 3815 1962 3854 officiariis,
1978 3800 2128 3853 ministris,
2145 3815 2307 3858 acqaiiisFi-

1249 3856 1356 3886 delibus
1369 3855 1469 3885 nostris
1484 3855 1610 3886 Patrium
1626 3855 1823 3892 praedit-“tarum
1833 3877 1842 3892 ,
1859 3863 1955 3885 tenore
1968 3854 2160 3891 praesentium,
2179 3863 2208 3882 in
2218 3852 2306 3885 Man-

1250 3894 1318 3923 datis
1337 3893 1417 3930 quod
1439 3894 1521 3924 vobis
1535 3917 1545 3931 ,
1571 3895 1600 3922 in
1622 3891 1767 3931 praemiffis
1787 3894 1806 3912 ²*
1825 3893 1958 3923 omnibus
1979 3892 2012 3922 &
2030 3890 2157 3930 singulis,
2176 3901 2304 3931 pareant,
2317 3895 2332 3912 ⁸*
2346 3897 2450 3932 V·5·5·

1250 3932 1398 3969 obediant,
1414 3933 1447 3962 &
1462 3931 1617 3962 intendant.

1286 3969 1320 4000 In
1335 3971 1427 4007 eujus,
1446 3970 1507 4000 &Q

1324 4007 1413 4038 Teste
1427 4007 1510 4048 Rege
1520 4007 1593 4046 apud
1607 4006 1746 4038 Porcestr.
1763 4007 1899 4039 vicefimo
1912 4004 1958 4036 die
1969 4003 2056 4044 Junii.

1251 4084 1494 4139 ETmandattfm
1511 4083 1548 4123 est
1564 4082 1695 4129 uniperfis
1713 4082 1751 4117 &
1783 4081 1877 4127 iugulis
1898 4081 2115 4127 Burgifnagfstris
2127 4105 2136 4120 ,
2160 4081 2281 4129 §rabinis
2295 4106 2307 4122 ,

1315 4123 1470 4151 Advocati-s
1486 4146 1495 4159 ,
1518 4121 1671 4162 Confidibux
1683 4144 1692 4159 ,
1716 4124 1755 4150 Ca
1779 4119 1872 4150 ellams
1888 4140 1898 4156 2
1914 4119 2075 4159 Offictarm,
2093 4117 2305 4190 qustns’assi·
