2556 4263
76 148 2300 294 CONVENTIONES,

675 393 748 472 L
876 391 909 469 I

1185 591 1219 635 E

227 692 951 845 ‘ACTA
1125 740 1203 840 P

1037 390 1824 482 TERAE‚

1288 589 1330 635 T

1283 739 2222 849 UBLICA.

724 1118 798 1161 Ad
815 1119 1039 1161 Cardinales
1052 1145 1065 1165 ‚
1093 1117 1138 1159 de
1154 1118 1319 1171 negotiis
1341 1115 1479 1170 Regiis
1489 1115 1773 1170 promovendis.

422 1253 493 1290 »¹¹'.l'>
524 1255 592 1288 EX
617 1255 779 1287 Venerabili
795 1256 823 1285 in
848 1253 965 1284 Christo
988 1253 1063 1285 Patri
1077 1278 1086 1293 ‚
1102 1253 1238 1286 Domino

403 1298 414 1312 “
452 1305 463 1313 ⁴
482 1306 494 1317 ¹
536 1296 566 1327 B.
588 1295 645 1325 Dei
666 1294 756 1334 gratia
772 1317 781 1332 ,
805 1293 970 1323 Tusculano
992 1292 1154 1332 Episcopo,
1171 1293 1239 1324 Do-

539 1334 610 1364 mini
624 1333 709 1371 Papae
725 1332 960 1370 Poenitentiario,
977 1333 1071 1361 amico
1089 1333 1139 1362 suo
1153 1331 1239 1362 karis-

471 1390 495 1419 ,ξ
535 1373 608 1441 {itmo
621 1396 631 1410 ‚
658 1372 774 1403 salutem
794 1371 828 1402 &
851 1370 965 1401 sincerae
987 1369 1147 1401 dilectionis
1169 1369 1239 1401 affe-

389 1437 403 1445 ,,
567 1421 625 1441 um.

353 1446 356 1453 '
399 1446 447 1486 μ’,
474 1482 477 1485 ,
556 1449 718 1479 Paternitati
734 1447 835 1479 vestrae
848 1446 1171 1485 benivolentiam,votis
1186 1458 1240 1478 no-

345 1495 350 1502 *
446 1491 457 1502 '³
533 1487 595 1517 stris
610 1488 759 1518 liberaliter
772 1486 932 1516 inclinatam
945 1509 956 1525 ,
971 1496 1036 1524 quae
1051 1487 1127 1516 circa
1144 1485 1239 1517 nostra

433 1530 437 1533 '
456 1534 458 1537 ’
477 1526 504 1555 7...
536 1527 648 1565 negotia
662 1549 673 1565 ,
696 1527 725 1555 in
747 1524 833 1556 Curia
853 1525 987 1555 Romana
1005 1523 1157 1554 efficaciter
1174 1534 1242 1562 pro-

520 1564 664 1595 movenda
677 1588 686 1602 ,
718 1564 793 1593 utilia
820 1563 935 1593 consilia
955 1564 989 1594 &
1011 1564 1166 1601 patrocinia
1186 1563 1244 1593 fru-

179 1605 275 1637 6111061
286 1604 334 1635 dili
355 1613 433 1634 enter
447 1603 584 1641 impendit
599 1625 609 1640 ,
624 1610 709 1641 prout
728 1611 762 1632 ex
784 1600 858 1631 fideli
880 1601 1014 1631 relatione
1027 1601 1122 1631 61116611
1136 1600 1244 1632 Clerici

180 1643 285 1680 nostri,
344 1643 436 1683 agistri
450 1642 524 1672 Adae
535 1641 572 1671 de
579 1641 720 1678 Orleton,
737 1640 801 1677 juris
817 1639 960 1670 Canonici
976 1639 1161 1678 Professoris,
1178 1640 1246 1670 Do-

182 1683 254 1713 mini
267 1681 352 1719 Papoe
373 1679 536 1718 Capeliani,
560 1688 592 1710 ac
610 1681 694 1709 etiam
708 1687 831 1715 operum
853 1678 1026 1708 exhibitione
1040 1679 1168 1708 laudabili
1181 1678 1242 1708 satis

183 1721 290 1758 liquet,
306 1719 393 1758 plenis
411 1717 605 1756 prosequimur
626 1717 783 1753 astionibus
807 1718 959 1754 gratiarum
973 1739 983 1753 ‚
1007 1716 1161 1747 offerentes
1189 1726 1242 1747 nos

183 1758 282 1792 vestris
295 1758 380 1795 gratis
392 1756 541 1787 affectibus
551 1756 655 1786 merito
672 1756 868 1793 promptiores.

219 1796 257 1828 Et
279 1795 396 1834 quidem
410 1818 420 1834 ,
445 1803 478 1825 ex
497 1795 646 1832 praeteritae
669 1794 834 1824 liberalitatis
856 1793 960 1833 gratini,
981 1803 1065 1832 quam
1081 1793 1241 1824 continuari

182 1834 346 1874 quaesumus
366 1834 396 1864 in
417 1833 544 1864 futurum
559 1857 569 1870 ,
593 1833 707 1870 plenam
730 1832 862 1862 fiduciam
876 1833 1054 1872 optinentes,
1072 1842 1142 1870 nos,
1160 1833 1243 1869 Reg-

181 1883 255 1904 num
266 1872 415 1910 nostrum,
431 1882 464 1903 ac
481 1871 631 1911 praefatum
647 1870 822 1906 Magistrum
838 1870 931 1901 Adam
948 1872 1026 1909 (qui,
1044 1872 1119 1901 circa
1132 1872 1243 1910 negotia

181 1911 317 1942 Ecclefiae
328 1911 472 1942 Romanae
485 1912 516 1940 in
530 1909 635 1948 Regno
650 1909 751 1939 nostro
763 1909 912 1947 diligenter
926 1909 1089 1947 intendens,
1108 1919 1244 1939 commo-

182 1950 219 1980 da
237 1950 270 1981 &
290 1950 412 1980 honores
432 1948 556 1987 ejusdem
579 1948 703 1979 sollicitis
725 1947 819 1978 studiis
833 1949 1009 1985 procuravit,
1029 1948 1062 1978 ὃ(
1077 1949 1176 1986 nobis³
1195 1958 1244 1985 per

183 1988 258 2019 utilia
273 1987 407 2027 consilia,
425 1989 458 2019 &
473 1987 605 2025 obsequia
618 1996 680 2017 non
694 1986 913 2024 remiffa,velud
933 1986 1064 2016 Minister
1078 1987 1245 2025 intelligens,

185 2027 214 2057 se
227 2036 323 2057 carum
339 2026 459 2058 reddidit
483 2027 517 2058 &
530 2025 691 2063 acceptum)
713 2024 814 2056 vestrae
826 2026 921 2064 gratiae
936 2024 1047 2063 speciali
1061 2034 1246 2055 recommen-

185 2065 285 2095 damus
300 2064 403 2095 affeetu
412 2089 422 2104 ,

225 2103 388 2133 Amicitiam
411 2103 532 2134 vestram
553 2103 683 2134 attentius
701 2110 846 2133 exorantes
860 2125 870 2140 ,
895 2103 1025 2139 quatinus
1038 2101 1073 2131 ad
1086 2102 1247 2137 promotio-

186 2150 256 2171 nem
275 2142 462 2177 negotiorum
485 2141 598 2171 suorum
613 2163 623 2176 ,
653 2151 717 2176 quie
736 2141 819 2169 vobis
842 2147 964 2176 exponet
985 2140 1050 2169 viva
1071 2149 1165 2176 voce,
1183 2148 1247 2178 erga

192 2177 406 2209 Sanetiffimum
421 2179 450 2207 in
464 2178 581 2207 Christo
590 2177 700 2206 Patrem
714 2177 880 2206 Dominum
897 2176 1069 2207 Pontificem
1081 2177 1246 2215 Summum,

193 2218 240 2246 cui
259 2225 312 2252 pro
332 2215 435 2245 eodem
449 2215 556 2244 nostras
568 2215 687 2245 Litteras
708 2214 859 2245 direximus
873 2214 1020 2253 speciales,
1035 2214 1186 2246 efficaciter
1203 2216 1247 2246 in-

190 2261 339 2291 terponere
353 2253 444 2283 velitis
456 2260 544 2290 partes
556 2251 667 2283 vestras.

224 2329 294 2360 Dat.
313 2328 386 2367 apud
399 2328 546 2367 Eborum,
568 2338 593 2358 1.
612 2328 658 2360 die
671 2329 783 2368 Aprilis.

479 2393 593 2437 Eod'em
605 2407 697 2437 modo
709 2406 875 2439 mandatum
887 2407 947 2446 est,

221 2487 337 2515 Domino
351 2486 394 2514 A.
409 2482 531 2523 Episcopo
545 2471 720 2525 Pistaveizfi,
742 2487 849 2514 Domini
864 2487 947 2523 Papa
964 2487 1125 2514 camerario.

179 2561 200 2582 *¹
221 2561 434 2623 VEnerabili
455 2561 484 2590 iri
508 2559 625 2591 Christo
646 2560 723 2591 Patri
739 2560 874 2591 Domino
898 2561 934 2592 A.
953 2561 1011 2591 Dei
1025 2561 1132 2599 gratia,
1148 2559 1243 2591 Tituli

304 2600 414 2632 Sanitae
434 2599 537 2629 Priscae
555 2598 714 2631 Presbitero
736 2599 880 2630 Cardinali
894 2623 905 2639 ,
930 2599 1087 2633 Edwardus
1102 2623 1112 2639 ,
1130 2598 1192 2635 &c.
1211 2606 1242 2629 ut

179 2637 264 2678 supra
278 2638 309 2669 de
323 2637 406 2668 verbo
418 2638 457 2667 ad
466 2636 587 2667 verbum.

39 2569 57 2587 ὓ
76 2570 130 2598 111.

42 2616 107 2645 313·

317 2713 430 2745 Eodem
444 2712 536 2744 modo
549 2713 711 2745 mandatum
724 2714 765 2746 est
779 2713 954 2753 subscriptis;
971 2714 1122 2753 videlicet,

222 2793 345 2857 Βοάνηὶηῖ
356 2794 399 2827 A.
419 2793 474 2820 Dei
491 2790 588 2828 gratid
597 2814 608 2829 ,
625 2793 733 2822 Sand‘lae
750 2794 855 2822 Mariae
869 2795 898 2821 in
913 2794 1021 2821 Portica
1038 2794 1157 2821 Diacona
1174 2795 1245 2822 Car-

279 2840 324 2857 ma
337 2841 345 2858 t

222 2867 336 2896 Domino
350 2851 383 2896 Ξέ.
400 2869 454 2896 Dei
465 2866 576 2905 gratia,
594 2870 690 2898 Sanc‘i'i
704 2867 825 2907 Eusbact'i
840 2871 960 2898 Diacono
974 2868 1135 2907 cardinali,

225 2906 343 2970 Dobtit'ni}
351 2905 386 2942 J
402 2906 434 2935 de
448 2905 610 2946 Columpna,
626 2908 733 2937 Sanatae
747 2910 876 2937 Romanae
898 2906 1020 2947 Ecclefiae
1034 2910 1155 2937 Diacono
1175 2911 1244 2937 Car-

283 2953 330 2970 lna
340 2954 359 2971 l·

224 2980 340 3010 Domino
353 2981 387 3010 P.
401 2982 508 3011 Sanezae
522 2985 650 3014 Romane
664 2983 786 3025 Ecclt-fiae
800 2987 922 3014 Diacono
936 2982 1088 3014 cardinali.

432 3142 490 3177 Ad
507 3146 615 3191 Regem
634 3147 766 3178 Francia
783 3145 820 3179 de
838 3146 1004 3180 Credentia.

44 3243 73 3275 Α
137 3242 169 3274 D
194 3226 473 3285 EXcellentiffimo
492 3228 589 3260 Princi
610 3229 640 3268 i,
664 3229 799 3261 Domino
813 3230 946 3271 Philippo
980 3231 1037 3264 Dei
1053 3233 1139 3270 gratia
1174 3233 1250 3264 Revi

65 3254 152 3312 :mim
172 3268 179 3274 '
261 3265 435 3311 Francorum
451 3267 568 3306 illustri,
590 3239 665 3298 l’atri
686 3268 736 3299 suo
758 3269 920 3309 cariffimo,
938 3256 1111 3312 Eldwardus,
1129 3257 1190 3303 816.
1208 3259 1248 3304 [1ζῖ-

42 3292 99 3349 An}
111 3330 139 3357 5·
197 3301 288 3348 lutem
304 3305 337 3335 &
350 3304 442 3336 felices
454 3305 563 3344 semper
574 3305 608 3336 ad
621 3314 688 3337 vota
697 3306 843 3338 succeffus.

43 3362 67 3386 Σ
98 3369 111 3387 2
233 3341 365 3373 Dilectos
383 3342 509 3374 Clericos
528 3343 639 3375 nostros
687 3345 862 3382 Magistrum
876 3346 1026 3379 Thomarn
1040 3347 1077 3379 de
1092 3349 1228 3380 Cobliam

44 3381 122 3426 Ram·
141 3397 175 3431 ό,
197 3379 292 3411 Sacrae
304 3379 478 3425 Theologiae
492 3383 614 3426 jurisque
633 3368 776 3414 Canonici
795 3384 987 3416 Professorem
1002 3411 1011 3424 ,
1038 3387 1071 3418 &
1084 3371 1248 3419 Henricuui

43 3438 89 3464 Er·
114 3444 142 3471 5.
191 3418 230 3449 de
243 3418 407 3463 Campana,
424 3420 654 3463 proquibusdam
667 3424 865 3461 negotiis,nos
879 3425 1053 3462 tangentibus
1062 3426 1114 3464 ,ad
1122 3426 1242 3458 vestram

45 3475 78 3501 13.
95 3482 122 3502 Ζ·
192 3457 367 3495 praesentiam
380 3456 606 3497 transmittentes,

230 3495 358 3526 Vestram
380 3494 578 3526 Excellentiam
601 3496 722 3538 Regiam
745 3498 902 3531 affectuose
921 3502 1087 3545 requirImus
1108 3502 1142 3533 ὃς
1163 3513 1243 3542 roga—

43 3519 80 3539 m'
96 3520 141 3541 ²⁰⁸
192 3543 272 3573 mus,
289 3534 418 3578 quatinus
432 3534 550 3570 praefatis
566 3534 685 3567 Clericis
703 3538 805 3582 nostris
820 3563 831 3577 ,
843 3539 890 3570 vel
904 3539 980 3583 alteri
994 3540 1118 3577 ipsorum
1131 3543 1160 3571 in
1175 3542 1243 3581 hiis,

191 3582 257 3616 quae
270 3574 352 3616 vobis
365 3579 490 3615 exparte
508 3572 602 3603 nostra
614 3574 760 3618 duxerint,
777 3577 824 3608 vel
838 3577 946 3608 duxerit
959 3579 1139 3618 exponenda,
1157 3579 1244 3611 fidem

191 3610 337 3642 indubiam
351 3610 500 3648 adhibere,
515 3610 550 3641 &
564 3620 594 3641 ea
606 3612 695 3644 velitis
707 3616 826 3653 paternis
839 3614 987 3647 affectibus
1001 3617 1136 3648 exaudire.

227 3686 295 3719 Dat.
312 3686 388 3726 apud
401 3686 533 3720 Eborum
541 3710 552 3726 ,
569 3689 664 3726 primo
674 3689 721 3722 die
733 3691 843 3730 Aprilis.

47 3779 116 3811 Ann
138 3780 169 3812 D

45 3827 101 3885 Aan
109 3828 153 3894 152
172 3806 179 3813 ⁸
193 3812 251 3847 Ad
271 3816 380 3861 Regem
398 3817 530 3850 Francia
548 3842 559 3859 ,
589 3816 626 3850 de
645 3814 770 3852 Roberto
790 3821 870 3853 Brus
882 3822 975 3867 Regni
981 3820 1059 3865 fines
1069 3820 1240 3856 invadente.

46 3897 78 3922 E·
99 3905 125 3922 2-
257 3897 485 3943 Xcellentiffimo
497 3901 640 3942 Principi,
656 3903 717 3934 &c.
735 3899 906 3944 Edwardus‚
923 3906 984 3937 &c.
1002 3904 1116 3937 salutem
1132 3908 1166 3939 &
1182 3907 1243 3939 feli-

46 3937 117 3961 Rom.
129 3933 163 3968 ό·
274 3947 321 3968 ces
330 3938 438 3976 semper
449 3939 483 3970 ad
497 3949 564 3972 vota
577 3941 724 3972 successus·

47 3973 89 3998 Fr·
102 3981 131 4006 5·
230 3974 296 4018 Spei
307 3976 411 4021 nostrae
430 3977 531 4009 fiducia
545 3979 626 4011 firma
645 3988 739 4020 tenet,
757 3979 835 4018 quod
848 3979 998 4013 Paternalis
1008 3981 1126 4014 affectus
1140 3983 1177 4014 de
1195 3994 1242 4015 ru-
1266 3977 1272 3980 ”

47 4012 80 4077 ξι·
96 4019 136 4076 ἒς
195 4013 459 4085 Πὶἓὲξυεῆεὺὲὼῖε
472 4017 558 4052 6113115
570 4020 753 4053 continentiae
759 4017 944 4058 jocundatur,
952 4031 1038 4059 quam
1045 4018 1146 4061 Regiae
1152 4021 1242 4061 Mag-

1275 1253 1576 1322 igitudiinhintimanus,
1595 1251 1707 1283 Divina
1719 1251 1831 1284 favente
1845 1251 2024 1292 Clementia,
2043 1255 2203 1293 prosperam
2220 1258 2337 1291 existere
2354 1256 2428 1288 Ann.
2441 1255 2472 1287 D

1297 1302 1328 1321 115
1361 1301 1386 1321 16
1408 1301 1447 1322 us.
2382 1307 2393 1326 1
2422 1306 2464 1325 12.

1314 1330 1424 1360 Verum
1445 1338 1542 1361 mente
1558 1329 1798 1367 quamplurimum
1819 1330 2026 1360 conturbamur
2041 1331 2119 1367 quod
2137 1336 2270 1366 nonnulla
2288 1347 2338 1368 ne·
2353 1306 2419 1364 Edi}
2441 1345 2467 1360 22

1277 1370 1354 1408 gotia
1366 1392 1376 1407 ,
1402 1378 1454 1398 nos
1475 1370 1509 1399 &
1527 1368 1629 1398 statum
1649 1368 1746 1408 Regni
1760 1367 2020 1408 nosttirtangentiffl
2037 1370 2209 1402 retardantur
2223 1384 2338 1413 propter

1278 1408 1481 1445 impedimenta
1504 1406 1636 1444 quaedam
1651 1430 1661 1444 ,
1679 1408 1708 1437 in
1725 1406 1829 1437 eodem
1844 1406 1948 1444 Regno
1964 1417 2041 1438 irinc
2055 1411 2214 1449 existentia,
2232 1422 2296 1451 quae
2309 1424 2337 1444 a.

1278 1445 1325 1476 lias
1340 1446 1440 1484 Regiae
1457 1444 1623 1475 Celiitudini
1637 1445 1784 1475 fionificari
1797 1445 1905 1482 plenius
1919 1450 1989 1476 facie
2017 1456 2070 1484 nr»,

1316 1483 1361 1514 Ac
1380 1485 1467 1515 etiam
1489 1493 1523 1513 ex
1539 1494 1576 1514 eo
1599 1468 1676 1522 quod
1689 1483 1834 1514 Robertus
1848 1483 1883 1513 de
1897 1483 1980 1523 Erus,
1998 1488 2094 1522 tuique
2110 1485 2296 1528 Complices,
2314 1490 2342 1520 1-

1281 1523 1380 1553 nimici
1402 1523 1435 1553 &
1459 1522 1592 1552 Rebelles
1613 1520 1721 1560 nostri,
1739 1523 1788 1560 qui
1804 1532 1894 1560 nuper
1910 1523 1977 1552 lines
1992 1523 2086 1562 Regni
2100 1525 2191 1555 nostri
2204 1527 2342 1559 hostiliter

1282 1562 1455 1592 intraverunt
1469 1584 1478 1597 ‚
1504 1559 1725 1598 depraedationes
1741 1584 1751 1599 ,
1770 1560 1916 1598 incendia,
1935 1562 2057 1600 rapinas,
2074 1565 2107 1593 ὅ(
2121 1564 2275 1596 homicidia
2289 1568 2344 1596 ibi-

1282 1599 1349 1630 dem
1362 1599 1553 1637 multipliciter
1566 1598 1773 1636 perpetrando,
1786 1599 1846 1636 jam
1860 1599 1953 1628 hostili
1969 1600 2163 1640 multitudine,
2183 1603 2244 1641 plus
2259 1605 2342 1636 solito

1283 1637 1431 1676 aggregata
1445 1661 1455 1675 ,
1479 1637 1513 1667 ad
1537 1636 1727 1668 obsidendum
1749 1637 1855 1668 Villam
1878 1637 2005 1668 nostram
2024 1639 2061 1669 de
2080 1639 2238 1681 Berewyco
2260 1643 2339 1681 super

1284 1669 1428 1707 Twedam
1442 1676 1468 1705 se
1482 1675 1621 1713 pararunt.

1318 1715 1521 1753 Qamobrem
1544 1724 1631 1752 prope
1652 1713 1814 1744 Marchiam
1828 1714 1914 1745 dietae
1927 1715 2027 1746 Terrae
2043 1715 2146 1747 Scotiae
2161 1728 2272 1749 moram
2286 1719 2343 1750 tra«

1282 1754 1393 1792 himus,
1413 1753 1447 1783 ad
1459 1753 1649 1783 ordinandum
1662 1762 1714 1790 pro
1729 1753 1852 1791 nequitia
1868 1753 2013 1784 <licitorum
2026 1753 2216 1787 Inimicorum
2230 1757 2345 1789 nostro-

1283 1802 1364 1829 rum,
1385 1801 1454 1822 cum
1471 1791 1530 1821 Dei
1543 1791 1698 1830 adjutorio,
1716 1791 1830 1822 viriliter
1844 1791 2031 1831 reprimenda.

1319 1830 1470 1861 Caeterum
1491 1829 1630 1860 dilec'tum
1652 1830 1686 1860 &3
1706 1828 1818 1860 fidelem
1842 1830 1971 1860 nostrum
1988 1830 2153 1868 johannem
2171 1833 2208 1864 de
2230 1834 2344 1866 Ferariis

1283 1868 1429 1907 Militem,
1448 1878 1535 1906 quem
1552 1867 1739 1898 Senescallum
1753 1868 1882 1898 nostrum
1898 1868 2044 1899 Vasconiae
2057 1870 2341 1911 constituimus,non

1282 1907 1324 1937 est
1339 1907 1446 1944 diu,&
1461 1908 1507 1937 cui
1521 1907 1690 1944 injunximus
1705 1906 1785 1944 quod
1795 1908 1825 1936 in
1839 1907 1907 1944 hiis,
1923 1918 1988 1945 quoe
2004 1907 2106 1939 statum
2121 1910 2223 1941 Terrae
2237 1911 2342 1942 nostrae

1284 1946 1433 1977 Vasconiae
1446 1944 1589 1983 praedictae
1602 1945 1767 1983 respiciunt,
1784 1946 1865 1976 vobis
1878 1946 2011 1985 obediat,
2030 1947 2098 1978 ficut
2111 1947 2192 1980 decet
2205 1972 2215 1988 ,
2239 1950 2343 1981 habere

1283 1984 1372 2016 velitis
1388 1984 1545 2022 quaesumus
1558 1981 1803 2014 commendatum.

1323 2023 1372 2052 De
1394 2022 1477 2052 status
1499 2032 1569 2052 vero
1591 2021 1676 2063 vestri
1702 2022 1877 2052 continentia
1892 2045 1902 2061 ,
1916 2024 1994 2062 cujus
2008 2024 2218 2061 prosperitatem
2234 2026 2346 2057 felicem

1285 2062 1360 2104 votis
1382 2061 1557 2091 ferventibus
1579 2059 1764 2097 astecstamus,
1781 2070 1833 2090 nos
1846 2060 1943 2097 saepius
1957 2061 2091 2099 reddatis,
2110 2062 2130 2092 si
2145 2063 2266 2102 placeat,
2285 2075 2348 2096 cer«

1284 2107 1379 2129 tiores.

1323 2174 1392 2206 Dat.
1410 2173 1483 2215 apud
1498 2173 1649 2213 Eborum,
1664 2174 1759 2211 primo
1772 2174 1818 2205 die
1831 2174 1943 2213 Aprilis⁶

1284 2306 1333 2338 De
1358 2302 1461 2349 Officio
1483 2300 1661 2348 Jnsticiarii
1678 2304 1758 2334 citra
1779 2303 1946 2344 wentam,
1969 2301 2008 2335 ab
2029 2306 2161 2337 Henrico
2181 2308 2269 2356 Percy
2290 2318 2347 2341 au-

1368 2351 1490 2396 ferendo
1503 2377 1513 2393 ‚
1536 2355 1572 2389 (9³
1592 2349 1628 2383 de
1645 2349 1745 2383 eodem
1758 2348 1909 2383 liberando
1930 2353 2018 2384 Petro
2035 2351 2071 2386 de
2090 2353 2251 2397 Gavaston.

1357 2436 1422 2467 EX
1438 2436 1566 2468 universis
1581 2437 1614 2467 &
1628 2435 1740 2473 singulis
1755 2435 2002 2475 vicecomitibus,
2020 2436 2142 2476 BalliviS,
2161 2439 2194 2470 &
2210 2440 2348 2473 Fidelibus
2366 2431 2442 2463 Am‘·
2457 2429 2498 2464 D«

1283 2514 1317 2544 ἃ
1363 2475 1434 2543 ἔξω,
1452 2484 1511 2506 tam
1521 2475 1592 2505 infra
1606 2475 1754 2512 libertates,
1771 2475 1858 2513 quam
1872 2483 1963 2513 extra,
1981 2477 2049 2506 citra
2056 2476 2253 2517 Trentam‚ad
2268 2490 2348 2519 quos,
2361 2481 2475 2538 ΛΞΞΙΖΦ

1319 2523 1345 2544 6.
1400 2523 1486 2544 utem.
2408 2531 2413 2538 .
2456 2532 2462 2539 .

1319 2551 1400 2582 Cum
1416 2552 1545 2591 dudum,
1562 2560 1711 2590 antequam
1727 2550 1949 2582 concesseramus
1963 2551 2100 2592 Praelatis,
2122 2553 2300 2594 comitibus,
2314 2557 2348 2588 &
2368 2554 2397 2576 E.
2413 2558 2439 2576 ²·

1283 2590 1436 2621 Batonibus
1451 2591 1487 2621 de
1502 2591 1611 2626 Regno
1625 2590 1735 2628 nostro,
1753 2589 1917 2628 potestatem
1935 2590 2080 2622 ordinandi
2101 2592 2137 2622 de
2152 2593 2220 2624 statu
2240 2595 2351 2634 hospitii
2370 2591 2388 2615 Ρ
2389 2594 2419 2614 Μ
2423 2607 2429 2613 ·
2446 2596 2473 2622 52

1282 2629 1369 2659 nostri
1383 2631 1415 2659 &
1431 2629 1532 2667 ejusem
1548 2629 1662 2667 Regni,
1681 2627 1907 2658 concessissemus
1919 2628 2026 2659 dilecto
2041 2630 2075 2660 &
2098 2630 2171 2661 fideli
2193 2631 2289 2664 nostro
2303 2633 2354 2672 Jo-
2372 2630 2401 2653 Ε·
2423 2635 2449 2653 ²·

1285 2668 1370 2698 hanni
1382 2667 1418 2698 de
1432 2668 1554 2704 Segrave
1568 2668 1696 2705 86111011,
1714 2666 1884 2697 Custodiam
1898 2666 2162 2736 Officiidlusticiarii
2172 2670 2291 2702 Forestae
2299 2682 2353 2702 no-
2370 2670 2395 2701 P·
2419 2674 2445 2691 2·

1283 2705 1345 2736 strae
1362 2706 1380 2725 ²*
1394 2707 1461 2737 citra
1474 2706 1628 2744 Trenram,
1637 2715 1704 2736 cum
1719 2705 2003 2743 pertinentiis‚haben

1283 2744 1451 2775 Custodiam
1471 2744 1546 2775 illam
1566 2744 1751 2782 spectantibus
1764 2766 1775 2781 ,
1798 2743 1832 2774 ad
1853 2751 1941 2774 totam
1955 2745 2042 2775 vitam
2059 2745 2155 2785 suam,
2172 2747 2241 2778 dum
2255 2755 2348 2780 tamen
2368 2743 2383 2757 ⁸*
2401 2741 2457 2769 ΠΒ

2368 2787 2434 2816 314·-

2024 2717 2166 2745 am,cum
2175 2711 2305 2741 omnibus
2314 2710 2350 2741 ad
2369 2713 2404 2729 m.
2423 2710 2468 2730 1¹⁴

1282 2784 1357 2813 bene
1373 2784 1406 2814 &
1420 2783 1536 2813 fideliter
1552 2782 1578 2812 se
1594 2783 1706 2813 haberet
1717 2791 1786 2819 erga
1800 2792 1852 2812 nos
1865 2782 1898 2812 &
1913 2781 2049 2814 Haeredes
2064 2783 2184 2815 nostros.

1321 2821 1366 2852 Ac
1389 2821 1466 2851 idem
1481 2821 1620 2860 Johannes
1641 2820 1840 2859 postmodum,
1860 2830 1912 2858 pro
1932 2821 2053 2859 quidam
2074 2825 2201 2860 pecuniae
2222 2823 2349 2865 summa,

1283 2870 1368 2898 quam
1388 2870 1404 2889 a
1424 2860 1529 2890 61116610
1543 2861 1575 2891 &
1591 2859 1666 2889 fideli
1681 2858 1778 2889 nostro
1792 2858 1878 2889 Petro
1893 2858 1929 2889 de
1944 2859 2091 2890 Gavaston
2107 2860 2222 2893 Comite
2238 2863 2350 2895 Cornu-

1283 2900 1340 2929 biae
1361 2900 1467 2936 recepit
1482 2922 1492 2937 ,
1515 2897 1685 2929 Custodiam
1705 2897 1809 2928 Officii
1830 2897 1977 2936 praediffl,
1995 2898 2030 2929 de
2043 2898 2148 2931 assensu
2161 2901 2194 2931 &
2210 2901 2349 2933 voluntate

1282 2937 1374 2967 nostra
1384 2937 1433 2975 ,ad
1448 2947 1519 2975 opus
1533 2936 1660 2975 praedid‘ci
1675 2934 1799 2966 Comitis
1813 2935 1972 2966 reddidisset
1987 2937 2016 2966 in
2030 2946 2126 2968 manus
2142 2939 2247 2970 nostras
2256 2950 2261 2969 :
2270 2940 2351 2971 Nos-

1289 2986 1344 3014 que
1359 2975 1529 3006 Custodiam
1544 2975 1649 3005 Officii
1662 2974 1812 3012 praediciti,
1832 2984 1900 3005 cum
1918 2976 2085 3013 pertinentiis
2121 2978 2350 3010 conceffiffemus

1288 3014 1404 3052 praefato
1426 3013 1537 3044 Comiti
1549 3036 1560 3053 ,
1584 3012 1742 3044 habendam
1757 3035 1767 3052 ,
1791 3022 1860 3044 611111
1877 3013 2008 3044 omnibus
2028 3013 2062 3044 ad
2082 2998 2252 3046 Custodiam
2272 3016 2348 3047 illam

1287 3053 1487 3091 spect-antima,
1505 3052 1540 3083 ad
1554 3060 1642 3083 totam
1657 3053 1743 3083 vitam
1757 3051 1848 3091 suam,
1865 3050 1935 3081 dum
1950 3059 2043 3082 tamen
2056 3052 2128 3083 bene
2143 3054 2176 3085 &
2193 3053 2348 3086 fideliterin

1286 3092 1418 3122 omnibus
1433 3091 1458 3121 se
1473 3092 1586 3122 haberet
1598 3101 1664 3128 erga
1678 3100 1730 3120 nos
1743 3090 1776 3121 &
1789 3089 1924 3120 Haeredes
1938 3089 2054 3120 nostros.

1327 3130 1416 3168 Qod
1429 3130 1547 3168 quidem
1560 3129 1720 3167 Officium,
1739 3136 1874 3166 praetextu
1890 3128 2128 3168 Ordinationum‚
2146 3140 2194 3167 per
2209 3129 2351 3170 Praelatos,

1288 3167 1434 3206 Comites,
1452 3169 1485 3199 &
1509 3168 1628 3199 Barones
1649 3168 1800 3205 praedictos
1818 3166 1954 3197 factarum
1975 3190 1985 3205 ,
2010 3177 2097 3204 nuper
2112 3169 2141 3198 in
2163 3177 2280 3199 manum
2295 3180 2349 3200 no-

1287 3207 1371 3237 stram
1385 3206 1720 3245 captum,commisimus
1733 3205 1838 3236 dileeto
1853 3206 1886 3236 &
1902 3204 1976 3235 fideli
1990 3205 2087 3236 nostro
2101 3205 2231 3238 Henrico
2237 3207 2275 3238 de
2283 3207 2349 3239 Pei·-

1286 3255 1341 3286 cy,
1357 3245 1516 3276 habendum
1532 3244 1667 3284 quamdiu
1681 3245 1762 3274 nobis
1777 3243 1908 3281 placeret:
2264 3282 2267 3284 ,

1324 3285 1369 3315 Ac
1392 3283 1469 3314 idem
1490 3284 1600 3314 Comes
1621 3284 1702 3313 nobis
1720 3282 1927 3320 supplicaverit,
1944 3290 1974 3312 ut
1992 3281 2043 3312 fibi
2058 3280 2226 3313 Custodiam
2242 3283 2347 3314 Officii

1285 3320 1416 3361 praedissti
1427 3345 1437 3361 ,
1457 3332 1540 3361 quam
1555 3333 1571 3352 a
1587 3321 1703 3360 praefato
1712 3321 1857 3360 Johanne,
1872 3320 1908 3350 de
1924 3320 2025 3350 assensu
2037 3322 2071 3352 &
2087 3321 2229 3353 voluntate
2244 3321 2347 3361 nostra,

1285 3362 1372 3399 emit,
1389 3369 1419 3391 ut
1436 3360 1604 3399 praedi&um
1619 3359 1676 3398 est,
1694 3359 1807 3389 reddere
1820 3368 1995 3396 curaremus,

1323 3400 1403 3437 Nos,
1420 3400 1588 3429 attendentes
1600 3399 1655 3437 ejus
1666 3398 1894 3436 supplicationem
1908 3398 2013 3427 ratione
2027 3396 2163 3427 suffultam
2178 3398 2208 3426 in
2223 3397 2275 3428 hac
2282 3407 2347 3436 par-

1280 3447 1327 3476 te,
1343 3437 1514 3468 reddidimus
1535 3439 1561 3467 ei
1582 3436 1746 3467 Custodiam
1767 3435 1869 3466 Officii
1892 3435 2042 3472 111-6611611,
2067 3436 2346 3476 611111136111116111115,

1281 3476 1458 3514 habendam,
1475 3486 1544 3506 cum
1560 3476 1692 3505 omnibus
1705 3474 1739 3505 ad
1755 3473 1924 3504 Custodiam
1937 3473 2010 3502 illam
2025 3472 2223 3511 [Ρ6613111111115,
2240 3474 2343 3505 eodem

1285 3515 1373 3545 modo
1382 3538 1391 3553 ‚
1411 3524 1468 3552 quo
1481 3514 1650 3544 Custodiam
1664 3513 1742 3544 illam
1756 3512 1852 3543 habuit
1866 3521 1929 3542 ante
1942 3510 2103 3548 captionem
2116 3510 2342 3548 ejusdeminma-

1284 3563 1353 3584 num
1371 3554 1506 3583 nostram.

1320 3592 1356 3622 Et
1372 3592 1436 3622 ideo
1448 3592 1529 3622 vobis
1545 3590 1707 3621 mandamus
1719 3588 1797 3627 quod
1811 3588 1904 3618 eidem
1913 3585 2023 3628 Comiti
2031 3584 2061 3615 in
2075 3586 2220 3623 praemiffis
2231 3588 2284 3619 fitis
2298 3590 2342 3619 in·-

1282 3630 1438 3668 tendentes,
1457 3629 1650 3668 respondentes
1685 3626 1906 3668 consulentes&
1922 3623 2094 3667 auxiliantes,
2110 3624 2143 3655 &
2164 3635 2261 3656 coram
2282 3627 2341 3664 ipso

1282 3670 1375 3700 venire
1398 3668 1503 3698 faciatis
1523 3676 1564 3698 tot
1586 3668 1618 3698 &
1633 3651 1712 3709 tales,
1731 3666 1789 3707 tarn
1803 3663 1925 3699 MiliteS,
1941 3662 2027 3706 quani
2039 3661 2121 3706 alios,
2139 3664 2242 3707 probos
2254 3666 2342 3709 &le-

1282 3707 1356 3744 gales
1371 3706 1516 3742 homines,
1535 3706 1570 3736 de
1586 3705 1695 3735 BalliVis
1709 3702 1820 3743 vestris,
1837 3710 1886 3738 per
1902 3709 1971 3738 quos
1990 3710 2029 3730 rei
2042 3709 2139 3731 veritas
2159 3712 2189 3731 in
2205 3705 2341 3741 negotiis,

1281 3745 1452 3783 praedietum
1469 3744 1611 3774 Officium
1631 3740 1871 3779 contingentibUS,
1891 3738 1988 3768 melius
2008 3738 2072 3768 sciri
2087 3741 2188 3776 poter-it
2201 3741 2234 3772 ὃς
2249 3743 2340 3779 inqui-

1282 3786 1322 3822 ri,
1340 3791 1421 3821 prout
1438 3782 1513 3812 idem
1526 3781 1633 3811 Comes
1646 3780 1727 3810 vobis
1742 3778 1809 3807 scire
1822 3776 1905 3808 faciet
1919 3786 1953 3807 ex
1965 3784 2042 3814 parte
2057 3776 2157 3809 nostra.

1319 3821 1352 3852 In
1365 3822 1457 3858 cujus,
1475 3821 1534 3850 &c.

1316 3897 1406 3930 Teste
1422 3895 1507 3935 Rege
1522 3893 1594 3933 apud
1608 3893 1786 3933 Eboracum,
1802 3894 1882 3925 tertio
1895 3890 1942 3924 die
1955 3891 2065 3930 Aprilis.

1936 3971 1992 3999 Per
2007 3967 2089 4007 ipfiam
2108 3971 2210 4008 Regem.
