2562 4279
0 237 56 257 irin.
66 225 103 255 D.

0 274 84 310 1334-

0 311 42 332 av.
65 314 90 340 3.

26 2869 78 2896 IV.

5 2916 50 2934 οὶ.

0 3797 63 3833 itan.
80 3797 124 3829 D.

9 3846 96 3885 1335..

0 3880 85 3903 1n.b.

0 3923 117 3988 {ms

0 3993 18 4016 ῖ.
40 3999 64 4026 3.
84 3999 120 4017 m.

0 4036 34 4062 ,7,

127 153 205 181 110

129 223 346 255 Anteceil‘orum
364 218 542 253 nostrorum,
562 222 663 244 contra
675 209 837 249 hujusmodi
850 208 1049 246 Treugarum,
1064 204 1186 249 Pacufn,

128 265 160 294 ὃς
178 262 433 294 Conventionum,
451 257 539 292 vires,
555 253 674 288 formas,
692 251 738 280 vel
751 248 889 286 effeetus,
903 247 976 277 faeta
986 246 1091 276 fuerint
1106 245 1187 280 (cum

129 312 161 331 ea
184 300 313 330 declarari
335 295 507 331 contigerint
530 301 578 328 per
604 300 656 319 vos
671 311 680 327 ,
701 290 734 320 &
751 288 785 319 ad
800 287 864 317 haec
879 296 926 324 per
942 285 1051 316 didium
1064 283 1188 324 Franco-

129 349 194 370 rum
210 339 321 375 Regem
336 330 519 373 deputandos)
536 329 633 360 debite
647 326 867 365 corrigendum,
886 325 920 355 &
942 323 977 354 ad
993 323 1094 353 statum
1107 320 1188 350 debi-

128 387 190 409 tum
205 373 415 408 revocandum,
864 401 869 407 .
974 401 979 406 ι

167 414 204 445 Et
218 413 251 443 ad
266 410 427 443 faciendum
441 407 538 438 omnia
554 416 635 444 quae,
653 403 808 435 secundum
821 400 981 440 hujusmodi
995 399 1188 437 Treugarum,

128 453 235 485 Pactim
251 475 260 489 ,
285 451 317 481 ὃ(
339 448 578 479 Conventionum
592 467 602 482 ,
628 443 850 474 Ordinationum
862 463 871 478 ,
890 440 923 470 &
938 438 1189 479 Concordiarum,

128 494 200 521 vii-es
215 514 223 528 ,
249 490 353 519 formas
366 510 376 525 ,
400 486 445 515 vel
459 484 596 521 effeetus,
615 482 694 513 dicio
711 481 888 511 Francorum
904 477 998 517 Regi,
1015 478 1049 508 ὃς
1063 475 1188 507 Subditis

130 530 181 561 suis
191 553 199 565 ,
219 538 251 558 ex
264 537 340 565 parte
353 524 448 555 nostra
462 523 565 553 fuerint
580 520 722 557 facienda,

164 568 208 597 Ac
221 566 255 596 ad
274 576 323 603 ea,
341 574 404 602 quae
419 570 533 601 propter
548 561 682 591 locorum
697 557 854 593 distantias,
870 555 1106 592 conquerentium
1114 551 1189 582 mul-

124 606 276 637 titudinem
292 627 301 642 ,
325 604 358 634 δε
379 602 441 632 alias
459 600 550 631 causas
568 599 712 630 evidentes
726 620 735 636 ,
760 595 938 634 personaliter
952 593 1044 623 facere
1058 592 1093 622 &
1105 600 1189 621 com-

125 645 199 683 plere
221 653 280 673 non
302 642 424 680 poteritis
439 664 448 677 ,
476 649 526 677 pei·
541 637 610 668 alios
626 637 798 675 fidediguos,
817 635 833 664 a
846 632 939 663 Vobis
952 632 1071 662 nomine
1089 628 1188 659 nostro

127 681 319 719 deputandos,
337 679 398 709 fieri
413 678 591 713 faciendum,
1087 707 1093 712 ·

163 722 252 759 Super
269 719 373 749 Dubiis
387 718 434 748 seu
449 717 600 754 Ambiguis
622 714 655 752 (si
677 722 740 752 quae
762 713 790 742 in
805 708 950 749 praemiffis
966 706 1138 751 emerserint)
1155 704 1190 735 ad

125 759 236 789 dictum
252 758 429 788 Francorum
445 755 560 795 Regem
574 754 608 785 δε
623 752 691 783 Nos
706 749 909 782 recurrendum
926 771 935 786 ,
959 746 1097 783 nobisque
1110 755 1141 789 ea
1157 744 1190 774 fi-

125 797 223 828 deliter
246 795 425 827 referendum
441 817 450 831 ,
477 802 563 832 prout
582 801 681 823 coram
693 791 774 821 dieto
788 788 882 826 Papa,
900 795 934 816 ex:
948 794 1024 823 parte
1036 783 1190 822 praedicC'co-

129 847 194 867 rum
209 835 343 874 Regum,
361 834 451 863 eXtitit
465 831 691 867 concordatum,
987 863 992 868 ι
1022 863 1026 867 Ι

125 875 280 944 staTenore
299 873 478 914 praesentium
499 870 611 909 plenam
634 867 822 899 concedimus
834 865 868 895 ὃ(
882 871 1092 894 committimus
1106 868 1189 901 pote-

166 923 235 944 tem.

165 951 308 982 Volumus
325 951 427 986 etiam,
446 949 479 979 δε
495 948 578 978 vobis
596 945 785 983 injungimus,
803 941 898 980 quod,
914 939 948 970 ad
962 938 1136 977 requestam,
1154 938 1188 969 &

125 992 155 1022 in
171 989 333 1029 ptaesentia,
352 986 591 1026 Deputandorum
607 994 655 1022 per
670 984 781 1013 dictum
799 981 975 1011 Francorum
992 978 1108 1014 Regem
1124 1000 1133 1015 ,
1153 976 1187 1020 ad

128 1030 262 1068 praediera
285 1027 405 1058 similem
425 1024 602 1055 POtestatem
621 1021 787 1052 habentium
803 1044 812 1057 ,
829 1020 941 1057 juretis,
959 1016 994 1046 ad
1009 1016 1111 1046 SanCm
1128 1015 1187 1045 Dei

128 1068 281 1107 Evangelia
333 1064 413 1103 quod
435 1065 463 1093 in
485 1063 567 1094 dit-”to
583 1060 684 1091 officio
697 1069 749 1090 vos
763 1059 837 1088 bene
854 1058 887 1088 &
902 1056 1017 1086 fideliter
1032 1054 1188 1092 habebitis,

127 1108 162 1138 &
187 1106 267 1144 quod
288 1089 338 1143 J'us
363 1102 485 1133 reddetis
510 1101 544 1132 &
558 1100 663 1130 facietis
675 1098 754 1135 super
770 1096 928 1134 praediffls,
947 1093 1101 1125 secundum
1115 1103 1189 1123 con-

127 1146 255 1176 scientias
275 1142 379 1173 vestras
395 1166 404 1179 ,
423 1151 476 1171 nec
492 1138 688 1176 omittetisJus
701 1137 791 1167 facere
805 1136 838 1166 &
853 1134 948 1165 dicere
962 1134 1082 1169 timore,
1100 1131 1189 1170 odio,

125 1184 171 1214 vel
183 1192 299 1220 amore,
317 1181 388 1212 dum
402 1187 498 1210 tamen
513 1176 680 1216 Deputandi
694 1173 821 1214 praediffl
842 1172 931 1203 simile
945 1170 1125 1210 praestiterint
1140 1170 1190 1201 Sa-

125 1229 322 1253 eramentum:

165 1260 335 1291 Mandantos
353 1257 436 1289 vobis
458 1254 538 1294 quod
552 1277 562 1293 ,
585 1253 619 1283 ad
641 1250 782 1291 praemissa
803 1248 929 1280 facienda
945 1271 954 1287 ,
981 1246 1189 1285 conservanda,

126 1300 160 1331 δε
176 1297 348 1336 complenda
384 1297 414 1325 in
428 1295 520 1325 forma
535 1292 686 1332 praeditsta,
706 1290 852 1328 diligenter
866 1287 1021 1318 intendatis.

166 1337 235 1368 Nos
262 1336 339 1367 enim
356 1320 470 1364 'Ratum
490 1334 698 1370 imperpetuum
720 1327 886 1357 habebimus
899 1348 908 1363 ,
932 1334 1015 1364 atque
1037 1324 1162 1369 Gratum
1178 1348 1188 1362 ,

128 1375 267 1414 quicquid
281 1384 329 1412 per
344 1383 413 1410 vos,
432 1381 478 1401 aut
490 1372 641 1408 Qiatuor,
655 1369 700 1398 seu
713 1367 804 1409 Tres,
819 1374 865 1396 aut
879 1364 964 1395 Duos
978 1363 1190 1401 vestrum,cae—

128 1416 194 1445 teris
209 1413 382 1450 absentibus,
400 1411 509 1440 fabium
523 1409 603 1438 fuerit
617 1409 645 1436 in
660 1406 814 1443 praemillis.

171 1451 373 1482 Mandavimus
394 1450 470 1479 enim
492 1448 627 1477 omnibus
650 1445 791 1475 Fidelibus
804 1466 814 1482 ,
838 1440 995 1479 Ministris,
1009 1439 1188 1479 Justiciariis,

135 1491 170 1522 ὃς
185 1490 308 1521 Subditis
324 1487 479 1524 nostris‚ut
494 1487 522 1515 in
536 1483 697 1522 praemissis,
713 1484 746 1514 δε
760 1493 791 1512 ea
804 1482 1000 1519 tangentibus,
1018 1480 1117 1517 vobis,
1136 1479 1188 1509 sic-

128 1537 164 1560 ut
186 1530 285 1566 nobis,
305 1534 416 1565 pareant
435 1526 468 1556 &
489 1524 652 1560 intendant,
670 1522 703 1553 &
720 1522 819 1552 faciant
840 1530 904 1557 quae
921 1521 958 1550 eis
972 1543 982 1556 ,
996 1519 1075 1558 super
1089 1527 1191 1549 execu-

131 1570 212 1637 tioIne
225 1567 408 1635 negocicgum
422 1562 646 1602 praedictorum,
664 1570 697 1591 ex
713 1569 790 1599 parte
803 1558 916 1597 nostra,
931 1559 1086 1597 injungetis.

182 1617 199 1636 n
215 1616 250 1636 cu
262 1615 290 1635 us
361 1613 387 1634 c.

200 1615 388 1681 Teite’Rege
402 1640 476 1679 apud
490 1639 694 1679 Rokinghain,
713 1636 850 1670 vicesimo
863 1635 940 1666 sexto
953 1634 998 1666 die
1015 1633 1120 1666 Martii.

281 1769 330 1801 De
349 1763 540 1807 intendendo,
558 1763 650 1810 fitper
666 1759 840 1805 Proccffibus
855 1762 1040 1792 memoratis.

132 1857 188 1912 R
198 1854 224 1885 E
234 1854 265 1885 X
293 1851 506 1884 Praefidenfibus
521 1849 618 1880 Ctiriae
635 1847 689 1878 suae
699 1871 707 1885 ,
724 1848 758 1879 ὃ(
771 1846 907 1877 omnibus
914 1844 1069 1874 Terrarum
1083 1843 1191 1875 suarum

210 1892 472 1927 Gubernatoribus,
492 1887 669 1926 Senescallis,
683 1885 864 1924 justiciariis,
885 1883 1012 1920 Ballivis,
1033 1882 1190 1921 Ministris,

128 1932 162 1962 &
187 1931 327 1962 Fidelibus
349 1930 416 1966 suis,
435 1928 472 1958 de
486 1936 573 1966 regno
590 1927 655 1963 suo,
673 1927 706 1956 ὃς
723 1925 830 1954 caeteris
841 1923 957 1960 Terris,
976 1922 1123 1952 Dominio
1139 1922 1188 1952 suo

126 1970 270 2007 subjectis,
287 1968 321 1999 ad
335 1978 406 2007 quos
420 1967 566 2004 praesentes
583 1965 671 1995 literae
685 1964 880 2003 pervenerint,
898 1961 1032 1991 Salutem.

166 2007 246 2039 Cum
261 2031 270 2046 ,
296 2017 344 2045 per
368 2007 458 2036 literas
480 2004 605 2041 nostras,
623 2012 725 2033 omnes
736 2002 917 2040 Treugarum
933 2000 966 2030 &
982 1999 1090 2029 Pacuui
1105 1997 1191 2030 Con-

55 2066 60 2073 ·
108 2068 113 2072 ·
128 2049 292 2084 ventiones,
315 2044 376 2080 ὅγε.
392 2050 472 2083 prout
481 2042 566 2082 fizpra
581 2041 660 2082 usque
674 2041 731 2070 hec
742 2039 849 2077 verba,

166 2086 210 2117 Ac
234 2095 283 2124 per
305 2085 368 2115 alias
393 2085 483 2113 literas
505 2080 612 2112 nostras
626 2105 636 2118 ,
654 2079 689 2110 ad
703 2079 792 2110 dietas
809 2078 1043 2114 Conventiones,
1062 2076 1189 2107 Ordina-

127 2126 234 2163 tiones,
253 2126 286 2156 ὃς
301 2122 498 2160 Concordias,
516 2118 722 2160 complendum
737 2118 769 2148 &
784 2116 1027 2154 conservandum,

164 2163 202 2194 Et
216 2165 244 2193 iii
260 2163 433 2194 contrarium
449 2168 613 2197 attemptata
628 2156 840 2194 revocandum,

164 2202 296 2233 Necnon
311 2201 345 2232 ad
362 2198 559 2230 resumendum
572 2198 605 2229 ὃς
622 2195 848 2227 continuandum
863 2192 1031 2232 Processus,

163 2241 252 2278 Super
273 2239 433 2279 hujusmodi
454 2236 694 2268 Conventionum
712 2259 721 2273 ,
746 2233 987 2271 Ordinationutn,
1005 2233 1038 2263 &
1053 2231 1190 2262 Concor-

128 2280 236 2310 diarum
247 2303 255 2317 ,
275 2278 490 2310 conservatione
511 2278 544 2307 &
566 2273 782 2311 complemento
798 2296 807 2311 ,
826 2282 875 2310 per
889 2270 1107 2302 Commisllirios
1122 2271 1190 2300 hinc

127 2320 195 2349 inde
220 2319 365 2355 deputatos
380 2341 390 2354 ,
415 2315 489 2353 apud
505 2313 731 2351 Monstrollum,
751 2311 923 2351 Agerinum,
941 2310 974 2341 ὅ(
988 2309 1070 2347 alibi,
1088 2310 1191 2339 amica-

127 2357 219 2388 biliter
234 2357 398 2394 inchoatos,

168 2395 300 2426 Diletffios
320 2396 353 2426 &
375 2392 484 2424 Fideles
503 2392 631 2428 nostros,
650 2389 845 2420 Willielmum
859 2387 895 2418 de
908 2386 1056 2426 Clynton,
1074 2385 1192 2416 Bartho-

126 2435 268 2465 lomaeum
288 2433 326 2464 de
347 2431 502 2472 Burgherssi
519 2453 529 2469 ,
551 2428 746 2460 Willielmum
766 2426 881 2457 Trussel
898 2449 908 2464 ,
932 2425 1139 2464 &johannem
1154 2424 1190 2454 de

127 2472 286 2509 Shordich,
306 2471 429 2509 Milites,
448 2469 604 2508 Magistros
616 2468 768 2498 Thomam
780 2465 817 2495 de
832 2464 960 2504 Astleye,
977 2464 1140 2502 johannem
1153 2463 1190 2493 de

128 2510 242 2541 Ufford
258 2533 268 2548 ,
293 2509 389 2540 saneti
402 2509 481 2539 Pauli
495 2507 673 2543 Londoniae,
687 2505 851 2544 johannem
865 2504 988 2533 Travers
1004 2502 1188 2539 Lichfeldiae‚

128 2549 337 2587 &Johannem
360 2548 396 2578 de
416 2547 488 2577 OO.
507 2547 543 2578 de
560 2545 693 2582 Oxonia,
711 2541 909 2580 Herefordiae,
928 2540 1115 2572 Ecclesiarum
1130 2539 1189 2571 Ca-

128 2590 252 2619 nonicos
259 2612 269 2625 ,
285 2587 510 2626 assignaverimus
519 2608 528 2623 ,

164 2626 202 2658 Et
215 2626 249 2657 ad
263 2626 313 2656 alia
328 2624 454 2656 facienda
470 2634 534 2663 quie
548 2625 578 2654 in
591 2622 673 2652 diffis
688 2620 772 2650 literis
794 2618 896 2650 nostris
912 2618 1020 2656 plenius
1036 2619 1187 2648 continen-

127 2674 186 2696 tur·

164 2690 255 2734 ffobis
275 2702 440 2734 mandamus
462 2699 543 2739 qubd
562 2699 642 2730 dic'lis
663 2696 872 2728 Commissariis
893 2694 1014 2733 nostris,
1032 2695 1065 2726 &
1082 2703 1183 2724 eorum

131 2742 262 2779 cuilibet,
279 2743 309 2771 iri
325 2739 488 2780 praemiffis,
503 2739 572 2769 sicut
588 2737 702 2774 Nobis,
721 2736 834 2773 pareatis
845 2735 878 2765 &
892 2733 1040 2764 intendatis
1054 2745 1064 2768 ς
1082 2733 1187 2763 facien-

129 2788 170 2811 tes
184 2790 215 2810 ea
230 2789 293 2818 quae
306 2781 407 2817 vobis,
425 2779 504 2816 super
519 2775 725 2815 praemissorum
747 2774 914 2804 executione
928 2795 938 2810 ,
955 2773 1122 2810 injungent,
1140 2779 1187 2801 aut

130 2829 202 2849 unus
222 2827 322 2848 eorum
343 2819 467 2856 injunget
481 2839 490 2854 ,
509 2825 543 2845 ex
559 2824 635 2852 parte
648 2813 757 2843 nostra·
778 2823 810 2843 ac
826 2813 908 2842 etiam
921 2810 1138 2848 supersedentes,
1156 2810 1186 2840 in

129 2857 265 2887 omnibus
285 2854 382 2887 Causis
396 2880 406 2893 ,
431 2857 465 2887 ὃς
486 2854 622 2892 Negotiis
636 2876 646 2890 ,
670 2852 703 2883 ὃς
720 2853 738 2871 ³³
750 2837 931 2889 {iudiciorum
947 2849 1187 2887 Executionibus,

129 2896 260 2964 ipsprum·
270 2895 465 2964 cogigictionem
477 2892 672 2929 tangentibus,
690 2892 719 2920 in
734 2888 886 2930 praeniiffis.

183 2944 203 2964 n
215 2943 250 2964 cu
263 2943 293 2963 us
364 2942 389 2962 c.

168 2971 236 3003 Dat.
249 2943 328 3009 Japu’d
350 2969 564 3009 Rokyngham,
580 2967 717 2998 vicesimo
731 2967 806 2996 sexto
819 2965 865 2995 die
883 2965 998 3004 Martii,
1018 2964 1106 2996 Anno
1121 2963 1188 2995 Do-

131 3013 203 3081 miii
213 3009 370 3080 ‘gfflmo
383 3032 394 3048 ,
417 3006 646 3039 Trescentesimo
661 3030 670 3044 ,
694 3004 855 3037 Tricesimo
869 3013 987 3042 quarto,
1006 3003 1105 3041 Regni
1118 3005 1189 3035 vero

130 3061 170 3081 no
198 3060 219 3080 ri
312 3058 360 3080 vo.

133 3127 387 3186 Rngeisdem
400 3126 533 3170 Salutem.
904 3157 920 3170 Γ
978 3161 981 3165 ,
1006 3161 1010 3166 .
1049 3159 1053 3164 ·
1109 3159 1114 3164 ‘
1160 3159 1169 3166 ,

232 3166 312 3196 Qum
322 3190 331 3203 ,
350 3175 398 3203 per
413 3166 501 3195 literas
514 3162 640 3198 nostras,
663 3159 724 3195 &a
744 3166 774 3188 ut
783 3159 867 3197 fhpra
881 3168 958 3198 usque
973 3157 1010 3187 tbl
1025 3158 1093 3188 hinc
1106 3157 1190 3196 inde,

135 3204 174 3240 ό
196 3212 259 3234 tunc
275 3204 338 3248 fic)
365 3204 524 3242 Deputatos
541 3201 615 3240 apud
633 3199 819 3238 Petragorum
833 3221 843 3235 ,
870 3198 1040 3236 Agerinum,
1059 3197 1092 3228 &
1108 3196 1191 3234 alibi,

134 3244 297 3275 amicabiter
312 3243 476 3280 inchoatos,

171 3282 199 3312 V
202 3281 351 3312 enerabiles
366 3276 528 3310 in'Christo
539 3278 652 3316 Patres,
669 3275 723 3306 W.
742 3273 964 3305 Norwicensem
980 3273 1012 3303 ὃ(
1027 3272 1190 3303 Meneven-

132 3322 207 3359 sem,
225 3320 325 3350 eadem
338 3318 439 3358 gratia,
458 3318 612 3355 Episcopos
628 3328 634 3347 ;
661 3314 854 3345 W'illielmum
874 3311 988 3342 Trufl'el
1003 3334 1013 3349 ,
1038 3312 1071 3341 ὃς
1083 3310 1192 3348 johan-

134 3370 202 3390 nem
217 3359 253 3390 de
267 3358 424 3395 Shordich,
443 3357 568 3388 Milites:
590 3353 763 3392 Magistros,
780 3351 929 3381 Thomam
944 3349 979 3379 de
996 3348 1191 3387 Astleye,J0-

133 3399 256 3428 hannem
271 3396 307 3427 de
321 3395 454 3434 Ufford,
472 3395 567 3426 Sanffi
580 3393 658 3423 Pauli
674 3391 855 3427 Londoniae,
871 3388 1033 3427 johannem
1047 3388 1189 3425 Travers,

134 3436 302 3467 Lichfeldiae
314 3458 324 3471 ,
346 3436 379 3466 δε
391 3434 554 3473 Johannem
568 3432 604 3462 de
622 3430 692 3461 OO.
714 3430 750 3460 de
763 3428 898 3466 Oxonia,
915 3425 1113 3464 Herefordiae,
1132 3425 1191 3456 Ec-

135 3474 277 3506 clesiarum
293 3473 474 3511 Canonicos,
491 3471 719 3509 assignaverimus
727 3493 736 3506 ,

170 3513 208 3543 Et
228 3512 262 3542 ad
277 3512 327 3542 alia
339 3511 464 3542 facienda
478 3521 541 3549 quae
555 3511 583 3540 in
599 3509 680 3539 dietis
701 3507 785 3537 literis
800 3503 901 3536 nostris
914 3503 1023 3541 plenius
1039 3503 1191 3533 continen-

134 3560 262 3619 turm-,bis
281 3588 447 3619 mandamus
467 3586 548 3626 quod
567 3585 648 3617 dictis
671 3581 879 3614 Commissariis
899 3579 1000 3610 nostris
1017 3602 1026 3617 ,
1043 3580 1077 3609 &
1090 3587 1191 3608 eorum

134 3626 282 3693 Qliatuor,
300 3627 423 3665 Tribus,
441 3634 488 3656 aut
499 3624 640 3663 Duobus,
659 3624 688 3653 in
702 3620 865 3660 praerniffis,
883 3617 945 3654 &c.
958 3624 1041 3657 prout
1049 3616 1144 3656 fhpra.

188 3675 206 3693 n
219 3665 314 3702 cujus,
332 3666 394 3696 &c.
640 3701 644 3705 ι

212 3701 282 3739 Dat>
298 3711 329 3733 ut
343 3703 438 3742 supra,
455 3702 543 3734 Anno
560 3699 715 3740 praedieto,
734 3698 795 3730 &c.

292 3825 347 3855 Pro
367 3824 587 3871 Arclsiepiscopo
603 3822 740 3856 Eborum
756 3820 792 3853 de
809 3819 1037 3853 Pardonatione.

204 3905 287 3950 EX,
304 3905 426 3949 Diletstis
446 3908 478 3937 &
503 3908 641 3938 Fidelibus
661 3907 714 3937 suis
730 3931 740 3945 ,
765 3905 894 3936 Ricardo
906 3904 942 3935 de
955 3904 1139 3945 Wylughby,
1157 3902 1190 3933 &

184 3985 189 3990 ¹
217 3945 297 3975 sociis
316 3944 366 3973 suis
385 3943 544 3981 justiciariis
561 3970 571 3983 ,
597 3946 631 3976 ad
645 3946 752 3976 Placita
767 3953 865 3975 coram
880 3944 963 3974 nobis
978 3942 1098 3974 tenenda
1112 3940 1193 3980 affig-

135 3992 219 4020 natis,
235 3982 368 4013 Salutem.

169 4020 255 4054 Cum
267 4043 279 4061 ,
300 4019 336 4051 de
355 4018 443 4060 grati&
463 4019 561 4052 nostra
579 4020 712 4060 speciali,
737 4019 986 4059 pardonaverimus
1006 4018 1169 4049 Willielmo
1182 4033 1193 4049 >

536 109 1331 171 CONVENTIONE&

1415 110 1817 160 LITERAE,

1231 197 1459 236 Archiepiscopo
1480 196 1628 233 Eborum,
1649 193 1914 232 Transgreffionem
1931 192 1963 224 ὃ(
1978 191 2206 230 Contemptum,
2225 201 2296 230 quos
2312 185 2387 217 Atm-
2404 185 2448 216 D·

1231 237 1314 266 nobis
1327 236 1396 266 fecit
1411 235 1610 266 confirmando
1624 234 1805 264 Eleffionern
1814 256 1823 270 ,
1842 242 1930 268 nuper
1946 232 2050 262 fachm
2062 231 2098 261 de
2114 231 2247 261 Roberto
2260 230 2296 260 de
2343 234 2374 265 13
2384 233 2427 263 34-

1231 274 1371 314 Graystan
1387 297 1397 312 ,
1423 273 1576 304 Monacho
1591 272 1725 302 Ecclefiae
1739 270 1912 302 Cathedral³s
1929 269 2150 307 Dunolmensffi,
2177 270 2205 298 in
2228 268 2297 306 Epi·
2315 266 2378 292 Eds.
2402 274 2428 300 3³

1230 313 1350 350 scopum
1372 313 1431 342 loci
1446 312 1588 349 prendisti,
1616 311 1649 341 &
1671 310 1761 348 ipsum
1785 310 1960 350 Episcopum
1983 307 2175 339 consecrando
2189 331 2198 345 ,
2217 307 2297 337 dicto

1232 351 1367 382 Roherto
1379 360 1428 390 per
1444 350 1514 380 Nos
1530 360 1589 380 non
1604 358 1742 387 accepto,
1758 358 1813 378 nec
1829 348 1926 386 Regio
1943 346 2062 377 Affensu
2078 345 2195 383 n0str0,
2213 353 2299 384 prout

1232 391 1320 420 moris
1335 389 1394 427 est,
1412 391 1443 418 in
1459 389 1513 419 hfic
1529 397 1607 427 parte
1622 388 1748 417 adhibito
1758 410 1768 425 ,

1270 427 1363 458 Vobis
1382 427 1549 458 mandamus
1570 426 1651 465 quod
1669 449 1678 464 ,
1705 426 1828 464 placito,
1846 424 1913 455 inde
1930 433 2029 454 coram
2043 423 2126 453 nobis
2141 423 2214 453 inter
2228 419 2298 451 Nos

1232 466 1266 504 δε
1289 466 1439 504 praefatum
1464 465 1723 505 Archiepiscopum
1746 475 1794 502 per
1816 463 1907 494 Breve
1923 462 2054 492 nostrum
2069 470 2168 499 moto,
2187 461 2299 491 ulterius

1232 505 1366 547 tenendo⁴
1374 505 1485 542 penitus
1497 504 1715 542 Supersedeatis,
1735 504 1768 534 ὃς
1785 503 1874 540 ipsum
1889 499 2298 538 Archiepiscopum,praemis-

1233 543 1262 573 sa
1277 545 1426 573 occasione
1436 565 1445 580 ,
1463 553 1522 573 non
1536 542 1689 572 molestetis
1702 544 1730 571 in
1744 542 1840 579 aliquo
1854 540 1899 570 seu
1915 540 2043 576 gravetis.

1269 581 1359 612 Teste
1372 581 1454 620 Rege
1468 581 1541 618 apud
1558 580 1755 622 Rokyngliam
1764 603 1774 618 ,
1793 579 1937 611 tricesimo
1950 578 1994 608 die
2008 576 2116 609 Martii.

1311 710 1560 741 Procuratorium
1577 705 1622 739 ad
1637 706 1832 739 traffandum
1850 718 1920 739 cum
1939 708 2025 739 Duce
2042 706 2211 737 Britannice.

1232 792 1453 854 UNiversis,
1472 791 1620 830 praesentes
1636 791 1724 822 literas
1739 791 1919 830 inspec'iuris,
1939 790 2094 823 Edwardus
2109 813 2117 828 ,
2135 790 2197 821 &c-
2216 788 2297 820 Salu-
2315 790 2389 822 Ann.
2400 790 2441 824 D.

1320 839 1389 861 tem.
2333 840 2344 860 1
2413 856 2420 862 .

1270 869 1369 900 Sciatis
1384 867 1483 907 quod,
2311 841 2365 898 An3.
2373 841 2411 899 354

1249 947 1253 952 Π
1268 907 1368 946 Cum,
1386 907 1506 952 Nobilis
1526 908 1570 937 vir
1585 931 1596 945 ,
1618 906 1689 938 Dtn'
1704 907 1873 944 Britannice,
1893 906 2124 948 Consanguineus
2139 905 2233 937 noster
2247 915 2295 936 ca·
2311 913 2338 937 Ε,
2361 919 2386 942 ³-

1232 945 1353 990 riffimus
1368 969 1378 985 ,
1398 947 1482 976 nobis
1504 955 1573 976 cum
1596 944 1728 976 instantia
1747 946 1966 984 supplicaverit,
1983 955 2014 977 ut
2027 946 2131 976 Terras
2146 947 2178 977 ὃ(
2196 944 2293 975 Tene·
2310 941 2368 975 Par]
2384 948 2412 975 8.

1232 993 1330 1015 menta
1345 995 1374 1014 iri
1391 983 1498 1024 Regno
1513 983 1613 1014 nostro
1629 984 1755 1023 Angliae,
2314 990 2345 1014 Ε.
2365 996 2392 1022 3.
2409 992 2435 1023 p.

1256 1023 1352 1067 ,Qlae
1365 1023 1478 1067 fuerunt
1489 1022 1625 1067 Johannis
1639 1022 1674 1053 de
1690 1021 1848 1060 Britannis,
1867 1031 1957 1059 nuper
1968 1008 2095 1054 Qimitis
2110 1022 2294 1053 Richemun-
2318 1034 2386 1053 i.m.
2398 1032 2443 1061 23.

1233 1061 1289 1092 diae
1307 1061 1436 1105 defundh
1451 1085 1461 1100 ,
1484 1072 1532 1100 qui
1553 1060 1590 1091 de
1612 1061 1696 1092 nobis
1707 1062 1796 1091 tenuit
1811 1062 1840 1090 in
1856 1059 1976 1098 Capite,
1994 1061 2027 1092 ὃ(
2043 1071 2124 1100 quae,
2141 1061 2294 1092 occasione

1234 1100 1478 1144 mortis—ejusdem
1501 1099 1626 1130 Comitis
1640 1122 1650 1139 ,
1668 1108 1748 1138 capta
1762 1100 1822 1129 sunt
1839 1100 1869 1128 in
1883 1098 2009 1128 Manum
2023 1099 2166 1137 nostram,
2186 1110 2250 1138 quae
2265 1110 2294 1129 e-

1234 1146 1302 1169 tiam
1323 1139 1416 1169 eidem
1436 1138 1517 1170 Duci
1567 1147 1702 1176 tanquam
1715 1138 1911 1176 propinquiori
1925 1136 2042 1168 Haeredi
2056 1137 2138 1176 ipsius
2153 1137 2278 1169 Comitis

1229 1177 1300 1216 Jure
1315 1177 1505 1221 Haereditario
1521 1161 1692 1208 descendere
1705 1177 1828 1214 debent,
1848 1185 1879 1207 ut
1891 1175 1980 1214 dicit,
2285 1161 2295 1176 ³

1272 1215 1401 1283 Kelimus
1416 1216 1509 1247 eidem
1524 1215 1603 1247 Duci
1614 1216 1714 1255 jubere
1727 1216 1835 1246 liberari
1844 1237 1854 1253 ,

1309 1264 1357 1293 os,

1260 1291 1337 1336 ⁴Ejus
1352 1292 1545 1334 supplicationi
1557 1294 1586 1323 in
1600 1293 1656 1324 hac
1680 1301 1757 1331 parte
1770 1302 1893 1323 annuere
1908 1291 2036 1323 volentes
2051 1292 2191 1331 gratiose,
2209 1301 2242 1322 ac
2255 1291 2292 1324 de

1234 1331 1519 1376 Fidelitateprobata
1531 1355 1541 1371 ,
1565 1332 1750 1363 Diledlorum
1765 1332 1799 1363 ὅ(
1815 1331 1956 1362 Fidelium
1969 1329 2151 1368 nostrorum,
2170 1330 2295 1361 Venera-

1235 1370 1296 1413 bilis
1317 1369 1405 1414 Patris
1417 1394 1426 1408 ,
1449 1370 1588 1409 Johannis
1611 1370 1816 1401 Cantuariensis
1831 1369 2063 1407 Archiepiscopi,
2083 1369 2169 1399 totius
2185 1368 2297 1409 Angliae

1235 1408 1381 1446 Primatis,
1399 1409 1432 1440 &
1451 1409 1573 1440 Galfridi
1588 1408 1616 1439 le
1631 1409 1724 1447 Scrop
1741 1408 1859 1446 Militis,
1878 1408 2001 1446 plenarie
2015 1407 2205 1445 confidentes,

1272 1446 1320 1477 Ad
1336 1448 1512 1516 tractandum
1526 1457 1594 1479 cum
1609 1447 1713 1479 eodem
1728 1447 1815 1478 Duce
1828 1447 1909 1485 super
1921 1447 2078 1485 aliquibus,
2095 1456 2148 1476 nos
2161 1447 2195 1477 &
2210 1445 2302 1484 ipsum

1237 1494 1282 1516 tan
1303 1494 1361 1516 enti
1384 1496 1432 1524 us,

1228 1542 1237 1545 -
1273 1495 1312 1555 ἐπ
1325 1523 1363 1568 ad·
1374 1525 1504 1563 quaedam
1519 1525 1643 1564 Scripta,
1663 1524 1847 1555 Munimenta
1861 1547 1870 1563 ,
1888 1524 1922 1555 ὅ(
1937 1523 1988 1555 alia
2006 1522 2216 1561 Memoranda,
2234 1521 2302 1553 Nos

1236 1571 1381 1607 tangentia
1396 1586 1405 1602 ,
1428 1574 1493 1601 quae
1513 1574 1598 1602 penes
1617 1564 1709 1602 ipsum
1727 1563 1845 1594 Ducem
1866 1562 2002 1600 resident,
2021 1562 2160 1601 praefatis,
2181 1561 2302 1592 Archie-

1235 1601 1400 1671 piscopogissc
1419 1601 1567 1642 Galfrido,
1584 1602 1619 1633 ad
1629 1613 1702 1641 opus
1717 1602 1849 1633 nostrum
1863 1601 2022 1640 liberanda,
2039 1601 2075 1632 ab
2091 1601 2197 1632 eodem
2213 1600 2299 1631 Duce

1235 1650 1358 1678 recipien
1381 1651 1429 1671 um

1274 1679 1310 1710 Et
1359 1665 1447 1710 dietis'
1459 1680 1594 1718 Scriptis,
1612 1679 1802 1711 Munimentis
1816 1703 1826 1719 ‚
1841 1680 1876 1712 &
1889 1679 1947 1710 aliis
1962 1677 2178 1717 Memorandis,
2196 1677 2232 1708 ab
2249 1687 2300 1708 eo-

1235 1717 1303 1747 dem
1361 1728 1413 1749 uce
1435 1718 1473 1749 fic
1487 1720 1624 1757 receptis,
1643 1719 1818 1749 Fidelitatem
1834 1718 1915 1756 ipsius
1932 1717 2042 1756 Ducis,
2061 1727 2146 1756 quam
2161 1716 2246 1748 nobis
2259 1717 2302 1746 fa-

1235 1766 1301 1787 cere
1314 1764 1424 1788 tenetur
1436 1767 1489 1795 pro
1502 1758 1601 1787 Terris
1613 1759 1647 1789 ὃ(
1659 1757 1846 1789 Tenementis
1861 1756 2018 1796 praedidtis,
2036 1757 2090 1788 lisze
2105 1757 2186 1794 vice,
2203 1756 2302 1786 nomi-

1236 1805 1274 1825 ne
1290 1795 1406 1833 nostro,
1422 1796 1618 1834 recipiendum
1628 1820 1638 1836 ,

1274 1833 1406 1864 Necnon
1419 1834 1599 1874 Homagium
1610 1835 1692 1866 suum
1702 1859 1711 1873 ,
1728 1834 1828 1866 Nobis
1840 1836 1870 1865 in
1882 1834 1936 1865 haic
1956 1841 2034 1872 parte
2048 1833 2178 1864 debitum
2188 1855 2197 1870 ,
2215 1832 2253 1862 us
2265 1840 2302 1862 ue

1235 1871 1270 1902 ad
1294 1880 1408 1917 certum*
1427 1882 1538 1918 tempus
1550 1896 1561 1912 ‚
1584 1882 1669 1913 prout
1687 1874 1807 1911 praefatis
1821 1897 1832 1912 ,
1858 1873 2085 1912 Archiepiscopo
2099 1872 2132 1902 &
2148 1870 2240 1901 Galfri
2260 1880 2302 1909 o,

1234 1910 1298 1941 fore
1314 1911 1456 1942 videbitur
1468 1911 1648 1950 faciendum,
1665 1912 1916 1951 respectuandum,

1271 1949 1358 1994 Ettad
1373 1960 1483 1981 certum
1497 1950 1574 1981 diem
1588 1950 1669 1981 dieto
1676 1950 1774 1989 Duci,
1793 1950 1828 1980 ad
1841 1949 2003 1981 faciendum
2015 1949 2114 1980 Nobis
2120 1948 2301 1987 Homagium

1233 1988 1418 2028 praeditstum,
1435 1989 1628 2029 assignandum
1638 2012 1648 2028 ,

1273 2026 1407 2071 Necnon
1428 2028 1463 2058 ad
1486 2028 1583 2058 omnia
1599 2028 1633 2059 δε
1654 2027 1758 2066 singula
1785 2028 1804 2046 ²*
1823 2026 2003 2064 faciendum,
2021 2034 2086 2064 quae
2098 2026 2127 2054 in
2141 2023 2306 2063 praemissis,

1233 2065 1279 2096 vel
1295 2076 1372 2096 circa
1395 2076 1443 2104 ea,
1461 2066 1608 2097 necessaria
1626 2066 1729 2096 fuerint
1747 2066 1794 2097 vel
1811 2073 1972 2103 oportuna,
1993 2064 2131 2102 praefatis,
2157 2062 2306 2101 Arcliiepi-

1229 2104 1317 2142 scopo
1335 2105 1369 2135 &
1388 2104 1540 2143 Galfrido,
1560 2105 1691 2143 plenam,
1709 2113 1810 2136 tenore
1824 2104 2020 2143 praesentium,
2039 2103 2252 2134 committimus
2266 2100 2300 2132 &

1233 2143 1421 2175 concedimus
1436 2143 1611 2174 Potestatem

1260 2181 1576 2227 ‘'Promittentesqquod
1596 2167 1665 2213 Nos
1677 2206 1687 2221 ,
1711 2181 1855 2221 praedietis
1875 2181 1994 2219 Scriptis
2010 2204 2020 2218 ‚
2042 2178 2250 2217 Miinimentis‚
2268 2178 2304 2209 δε

1231 2221 1288 2265 aliis
1302 2220 1518 2261 Memorandis,
1536 2221 1672 2261 praefatis,
1691 2221 1917 2258 Archiepiscopo
1932 2220 1966 2250 &
1982 2218 2131 2256 Galfrido,
2147 2217 2186 2248 sic
2202 2217 2303 2247 libera-

1231 2299 1430 2335 s<
1450 2256 2192 2339 {fflifaedffismmdffis
2209 2255 2300 2323 sa:

1295 2338 1300 2342 .
1666 2322 1676 2337 ²
2197 2319 2207 2332 ⁹

1230 2338 1365 2381 fuerimus
1378 2337 1488 2374 plenius
1503 2337 1656 2374 certiorati)
1673 2337 1767 2367 eidem
1782 2336 1862 2367 Duci
1870 2337 1975 2366 Terras
1989 2336 2023 2366 &
2032 2335 2217 2365 Tenementa
2225 2342 2300 2370 prae-

1231 2376 1324 2414 dicta,
1342 2376 1446 2414 absque
1459 2376 1597 2406 dilationis
1614 2375 1825 2414 incommodo,
1844 2375 1953 2405 liberari
1969 2374 2122 2410 faciemus,

1270 2414 1378 2445 Ratum
1401 2415 1435 2445 &
1450 2414 1568 2445 firmum
1583 2415 1707 2445 habituri
1722 2414 1858 2453 quicquid
1875 2424 1925 2452 per
1941 2412 2088 2450 praefatos,
2106 2407 2302 2447 Archiepisco-

1231 2463 1305 2497 pum·
1322 2454 1356 2484 ὃ(
1378 2452 1543 2484 Galfridum
1559 2476 1569 2492 ,
1593 2454 1718 2492 facturn,
1733 2453 1779 2484 seu
1793 2451 1922 2492 gestum,
1937 2452 2063 2482 fueritin
2076 2446 2237 2488 praemisfis:
2254 2446 2302 2476 sffl

1229 2492 1356 2531 quolibet
1371 2492 1592 2529 praerm'fforum.

1267 2530 1301 2561 In
1314 2531 1410 2569 cujus,
1429 2531 1491 2562 &c.

1303 2569 1372 2600 Dat.
1390 2569 1463 2606 apud
1478 2569 1672 2610 Rokyngham
1683 2591 1692 2606 ,
1711 2568 1856 2599 tricesimo
1869 2567 1916 2596 die
1929 2564 2038 2596 Martii.

2322 2022 2338 2039 ⁸⁵
2360 2022 2415 2049 IV,

2324 2061 2390 2097 603.

1268 2644 1440 2676 Consimiles
1469 2646 1568 2676 litterae
1591 2644 1662 2674 fiunt
1683 2643 1733 2673 sub
1754 2641 1940 2678 nominibus,
1964 2638 2138 2670 Venerabilis
2160 2637 2251 2669 Patris
2270 2636 2297 2677 J.

1231 2682 1439 2727 Cantuariensis
1452 2683 1544 2714 Elesti
1553 2706 1563 2722 ,
1581 2681 1751 2713 Confirmati
1761 2682 1810 2720 ,δε
1827 2679 1955 2719 praediffl
1967 2678 2089 2709 Galfridi
2101 2677 2127 2707 le
2141 2676 2242 2715 Scrop.

1268 2721 1525 2801 hfifflffistffissa

1278 2891 1327 2923 Dc
1344 2885 1486 2932 Potestate
1505 2887 1581 2922 data
1595 2885 1754 2935 recipiendi
1768 2884 1960 2920 Fidelitatem
1976 2881 2133 2931 Johannis
2153 2884 2251 2917 Ducis

1682 2939 1853 2971 Britanniae.

1233 3023 1384 3085 REX,
1404 3023 1526 3055 Dilestis
1547 3024 1581 3055 &
1603 3022 1743 3054 Fidelibus
1764 3023 1833 3061 suis,
1853 3019 2016 3053 Venerabili
2029 3019 2059 3049 in
2073 3014 2194 3047 christo
2206 3015 2297 3054 Patri,
2312 3002 2388 3035 Ann.
2403 3003 2446 3037 D.

1315 3063 1415 3093 eadem
1433 3063 1523 3102 gratia
1538 3087 1547 3100 ‚
1574 3062 1802 3101 Archiepiscopo
1830 3057 2025 3091 cantuariensi
2041 3079 2051 3095 ,
2079 3056 2165 3086 totius
2184 3054 2297 3094 Angliae
2335 3051 2421 3082 1334·

1233 3100 1368 3141 Primati,
1386 3102 1549 3132 Willielrno
1563 3101 1599 3131 de
1612 3099 1649 3131 Cl
1670 3110 1757 3140 nton,
1774 3101 1809 3132 &
1823 3097 1954 3129 Galfrido
1969 3096 1996 3125 le
2011 3095 2121 3132 Scrop,
2136 3092 2271 3124 Salutem.
2313 3086 2364 3110 An.
2377 3083 2406 3110 ὃ·

1257 3140 1368 3184 ‘Sciatis
1389 3140 1470 3178 quod
1490 3140 1560 3171 Nos
1576 3138 1624 3177 (de
1662 3140 1784 3170 idelitate
1797 3135 1890 3170 vestra
1902 3135 2025 3175 plenarie
2039 3132 2225 3176 confidentes)
2240 3141 2295 3163 vo—
2308 3124 2338 3148 ἶ·
2361 3129 2390 3157 3·

1233 3179 1293 3216 διε,
1311 3180 1345 3210 &
1367 3178 1493 3210 Duobus
1513 3177 1642 3209 vestrfim
1663 3178 1800 3215 (quorum
1823 3174 1904 3212 Vos,
1922 3172 2035 3211 praefate
2056 3170 2242 3211 Archiepisco
2263 3180 2296 3210 e,
2311 3158 2408 3187 Pat.8.
2441 3198 2446 3203 ,

1232 3217 1339 3247 Unum
1359 3216 1417 3246 esse
1439 3216 1581 3252 volumus)
1603 3215 1715 3252 plenam
1729 3238 1739 3253 ,
1760 3223 1861 3245 tenore
1881 3211 2078 3250 praesentium‚
2096 3209 2225 3241 dedimus
2263 3219 2297 3239 o-
2312 3201 2446 3234 E·3⁴P·¹⁴

1233 3255 1360 3285 testatem
1376 3254 1546 3292 recipiendi,
1562 3253 1616 3283 hac
1631 3254 1712 3292 vice,
1730 3254 1850 3283 nomine
1873 3249 1990 3289 nostro,
2010 3248 2185 3280 Fidelitatem
2199 3247 2300 3278 Nobi-
2314 3245 2351 3263 m·
2370 3243 2415 3272 ²3·

1234 3294 1266 3324 lis
1286 3295 1340 3323 viri
1360 3317 1366 3323 .
1387 3316 1393 3322 .
1413 3316 1419 3322 .
1440 3293 1532 3323 Ducis
1551 3291 1701 3322 Britanniae
1717 3316 1726 3329 ,
1745 3290 2003 3327 Consanguinei&
2018 3286 2149 3319 Haeredis
2160 3286 2300 3325 Johannis

1234 3332 1270 3362 de
1285 3331 1440 3370 Britannia,
1458 3340 1547 3370 nuper
1562 3329 1688 3360 Comitis
1703 3328 1930 3360 Richemundiae
1952 3326 2080 3358 defunsti
2090 3350 2099 3364 ,
2115 3326 2163 3363 qui
2178 3325 2215 3355 de
2229 3324 2301 3355 No—

1235 3371 1276 3400 bis
1291 3370 1380 3400 tenuit
1396 3370 1424 3399 in
1440 3368 1559 3408 Capite,
1578 3378 1663 3407 quam
1672 3368 1772 3399 Nobis
1788 3368 1880 3398 facere
1896 3374 2005 3397 tenetur
2020 3376 2075 3404 pro
2083 3365 2182 3395 Terris
2197 3363 2300 3395 &Te-

1234 3409 1375 3438 nementis
1389 3430 1399 3445 ,
1425 3418 1490 3446 quae
1513 3407 1589 3438 idem
1604 3406 1713 3437 Comes
1728 3407 1765 3437 de
1780 3406 1879 3437 Nobis
1895 3405 1932 3436 fic
1947 3406 2052 3444 tenuit,
2067 3404 2100 3435 &
2115 3412 2198 3441 quae,
2214 3409 2301 3432 occa-

1235 3447 1313 3477 sione
1326 3448 1426 3477 mortis
1441 3446 1579 3485 ejusdem,
1599 3455 1679 3484 capta
1690 3446 1752 3476 sunt
1765 3446 1795 3475 in
1810 3453 1928 3475 manum
1945 3442 2090 3480 nostram,

1271 3486 1342 3517 Nec
1356 3494 1417 3516 mn
1431 3485 1616 3522 Homagium
1630 3485 1712 3522 ipsius
1727 3483 1838 3522 Ducis,
1856 3482 1937 3521 quod
1951 3481 2052 3512 Nobis
2068 3479 2191 3511 similiter
2205 3476 2299 3507 facere

1233 3533 1344 3556 tenetur
1375 3535 1428 3562 pro
1455 3524 1554 3554 Terris
1574 3524 1608 3554 &
1630 3523 1816 3553 Tenementis
1859 3520 1980 3551 raediffis
1994 3542 2004 3558 ,
2027 3519 2114 3557 usque
2131 3516 2165 3546 ad
2187 3522 2298 3545 certum

1233 3572 1458 3607 tempus,1prout
1473 3563 1572 3600 vobis,
1591 3561 1638 3593 vel
1652 3561 1777 3592 Duobus
1793 3532 1922 3591 veiircim
1942 3559 2078 3600 (quorum
2094 3563 2166 3597 vos,
2183 3552 2298 3591 praefate

1236 3602 1455 3640 Archiepiscope
1470 3624 1480 3640 ,
1505 3600 1610 3631 Unum
1630 3599 1688 3630 effe
1707 3599 1856 3637 volumus)
1881 3598 1945 3628 fore
1966 3596 2091 3628 videritis
2112 3590 2275 3623 faciendum
2287 3614 2298 3629 ,

1235 3641 1334 3671 nostro
1348 3642 1466 3670 nornine
1481 3638 1686 3676 respet‘ifflandi:

1272 3679 1310 3709 Et
1331 3678 1503 3709 ideo-vobis
1523 3676 1689 3707 mandamus
1714 3675 1814 3714 quod,
1837 3674 1920 3713 capta
1934 3670 2012 3703 dieta
2025 3669 2172 3711 fidelitate,
2187 3667 2220 3698 &
2235 3667 2296 3698 Re-

1233 3718 1377 3755 speetuato
1392 3716 1542 3755 Homagio
1561 3715 1700 3753 praedicto
1715 3738 1725 3753 ,
1741 3715 1811 3745 sicut
1824 3711 1991 3752 praedictum
2007 3708 2066 3746 est,
2084 3706 2153 3738 Nos
2165 3705 2231 3736 inde
2245 3705 2296 3736 sub

1234 3756 1336 3792 Sigillo
1360 3754 1457 3786 vestro
1471 3777 1482 3793 ,
1506 3754 1620 3792 praefate
1642 3753 1865 3791 Archiepiscope
1879 3774 1890 3789 ‚
1911 3747 2046 3779 diffindi&
2062 3746 2095 3777 &
2110 3745 2223 3782 aperte,
2239 3744 2298 3776 fine

1235 3794 1385 3830 dilatione,
1403 3793 1577 3830 certificetis,
1595 3793 1653 3823 hoc
1668 3791 1756 3822 Breve
1769 3791 1852 3822 nobis
1865 3787 2045 3818 remittentes.

1271 3830 1340 3863 Dat.
1358 3832 1431 3870 apud
1445 3831 1663 3870 Rokyngham‚
1681 3830 1825 3861 tricesimo
1836 3828 1882 3858 die
1899 3823 2005 3856 Martii.

1273 3899 1443 3931 Consimiles
1463 3901 1551 3931 literae
1568 3900 1639 3932 fiunt
1659 3900 1709 3930 sub
1726 3897 1891 3928 nominibus
1906 3918 1916 3934 ,
1942 3890 2116 3923 Venerabilis
2139 3891 2228 3923 Patris
2241 3915 2251 3929 ,
2265 3891 2295 3930 J.

1237 3938 1440 3969 Cantuariensis
1464 3938 1554 3970 Eleffi
1569 3962 1580 3978 ,
1603 3937 1792 3974 confirmari,
1810 3936 1844 3966 &
1859 3930 2081 3972 praediCtorum,
2095 3929 2248 3962 willielmi
2261 3932 2296 3963 &

1236 3976 1581 4055 Gziggdidtffiplrzttorum
1595 3985 1695 4009 eorum
1704 3998 1714 4014 ,
1731 3983 1856 4014 quorum
1870 3969 2001 4010 praefatus
2016 3967 2132 4000 Electus
2148 3969 2180 4000 sit
2190 3978 2273 4001 unus.

2229 4045 2297 4075 Pron
