2562 4279
732 122 841 163 ET
927 119 1196 161 ACTA

11 216 72 245 ιῃη.
83 211 121 243 D.
135 211 211 243 sione
225 210 359 250 praedicta
372 234 381 250 ,
403 220 453 250 per
467 208 698 253 Brevia'nostraj
720 208 765 238 vel
785 205 1132 251 alio-modosummoniti
1152 203 1197 248 vel

9 260 99 308 ³132.
133 251 295 296 praemuniti
309 252 478 288 extiterunt,
495 249 629 315 ommbss
643 242 1196 322 arlrilisslprgfltffigiiisfilsffedgigiclys<153¹ssng-

10 291 61 319 dv·
77 299 104 319 ²⁶
134 288 274 364 iiifissicsiiie
284 299 299 319 a
316 287 677 363 ggsiiiggifflpegstipigu&
689 294 746 352 hoFc)
760 322 839 366 nullo
851 321 944 351 modo
955 322 1078 365 omittas.
1187 303 1198 319 ³

170 364 263 396 Teste
275 365 358 405 Rege
372 364 445 403 apud
459 361 588 394 Eborum
597 385 606 401 ,
624 361 766 392 tricesimo
780 360 825 390 die
840 359 988 390 OCtobris.

771 438 825 466 Per
835 434 918 475 ipftcm
932 438 1037 473 Regem.

195 518 308 551 Eodem
323 518 412 550 modo
423 516 547 549 scribitur
561 508 788 547 vicecomitibus
801 512 972 551 subscriptis,
991 511 1138 550 videlicet,

172 592 267 631 ‘Notyn
283 595 382 626 ha'miae
394 591 433 629 ὠ
448 592 559 624 Derbiae
568 613 578 629 ,
720 588 950 631 Wstmerlandiae
958 612 969 629 ,

171 608 322 664 Lincofniae
330 655 340 671 ,
719 631 743 657 C
743 627 805 657 amb
809 632 858 658 riae
865 652 874 666 ,
903 670 908 675 ι

172 670 344 712 Lancastriae
353 693 363 710 ‚
719 668 754 697 N
753 666 931 697 orthumbriae
938 690 948 706 ,

131 796 160 823 *ἴ
186 796 245 832 Ad
267 799 381 844 Papam
402 822 412 838 ,
446 793 483 827 de
509 796 696 841 attemptatis
717 804 820 827 contra
847 792 939 841 Jura
961 796 1056 841 Regia
1087 792 1195 838 Refor-

9 826 64 855 In‘
597 841 728 876 mandis.

3 874 46 900 79·

1 930 59 960 inn.
67 927 110 959 D.
186 930 293 963 APAE
313 928 378 960 Rex
392 929 494 960 devota
507 927 611 969 pedum
626 927 720 959 oscula
735 929 892 959 beatorum.

4 976 88 1007 1322.
131 981 133 983 ’
213 970 300 1009 Angit
318 978 371 999 nos
390 967 506 999 interius
521 968 600 1007 quod
616 990 626 1005 ‚
653 977 706 1005 pro
721 967 885 998 defenfione
926 966 982 997 uris
996 965 1086 997 nostri
1104 962 1191 1005 Regii

0 1010 30 1035 in.
47 1009 87 1035 16·
128 1016 227 1040 contra
241 1012 358 1039 conatus
380 1007 493 1037 illicitos
505 1029 515 1044 ,
540 1016 592 1036 nos
611 1007 690 1044 super
710 1007 814 1037 eodem
836 1005 894 1036 infe
921 1016 966 1036 are
983 1015 1042 1036 non
1062 1005 1191 1036 desinen-

1 1051 10 1072 ’-
29 1054 54 1073 2-
126 1048 216 1084 tium,
232 1046 317 1077 vestri
331 1044 515 1083 Apostolatsis
528 1046 638 1085 apicem
653 1067 664 1082 ,
684 1045 760 1085 quasi
777 1045 833 1076 fine
846 1043 1069 1082 intermissione,
1086 1043 1192 1082 pulsare

0 1092 46 1110 om.
65 1084 106 1111 16·
126 1084 344 1123 compellimur,

3 1130 48 1150 .2.
159 1123 226 1162 Set,
243 1131 349 1154 artante
369 1132 422 1153 nos
434 1122 602 1161 juramento
616 1145 627 1162 ‚
651 1123 680 1152 iri
701 1120 901 1153 Coronatione
920 1120 1018 1152 nostra
1031 1121 1110 1161 super
1129 1120 1190 1165 boc

0 1168 50 1195 ·.9.
63 1159 89 1189 d.
121 1161 247 1200 praestito
262 1185 272 1201 ,
299 1160 421 1194 vestram
438 1160 629 1192 Clementiam
647 1171 684 1192 eo
703 1169 837 1199 praetextu
854 1159 1043 1190 confidentius
1058 1159 1190 1203 precibus

121 1208 270 1231 oneramus
285 1223 295 1238 ,
317 1206 375 1241 quo
391 1210 443 1230 vos
461 1199 536 1239 Juris
551 1199 641 1230 nostri
656 1199 785 1237 praediffi
808 1198 998 1242 Defensorem
1012 1207 1189 1242 praecipuum

121 1239 255 1270 ha&enus
271 1239 448 1276 invenimus,
471 1239 505 1269 ὃς
519 1238 711 1270 Turbationes
725 1262 734 1275 ,
760 1236 859 1267 Nobis
877 1248 905 1267 in
923 1238 976 1267 hac
991 1245 1069 1275 parte
1082 1245 1189 1276 irroga-

120 1285 177 1317 tas,
193 1287 345 1316 amovere,
365 1287 414 1316 per
427 1275 530 1307 vestras
545 1276 673 1314 gratiosas
689 1276 814 1314 Literas,
832 1277 982 1316 nuperime
995 1274 1167 1314 promilistis.

158 1315 259 1354 Hinc,
276 1314 359 1347 Pater
378 1315 570 1353 Sancitiffime,
588 1314 707 1345 dileetos
722 1314 852 1345 Clericos
871 1313 997 1352 nostros,
1018 1313 1189 1354 Magistrum

120 1353 285 1385 Robertum
299 1355 336 1386 de
350 1353 473 1392 Baldok,
491 1353 734 1384 Archidiaconum
743 1352 951 1391 Middlesexiae,
968 1353 1002 1384 &
1016 1352 1190 1391 Magistrum

120 1392 314 1424 Willielmum
329 1393 397 1424 deA
418 1401 570 1431 remynne‚
585 1393 633 1432 qui
641 1391 738 1423 Nobis
751 1392 789 1422 fic
802 1391 904 1422 utiliter
917 1391 1093 1430 deserviunt,
1108 1391 1189 1430 quod

121 1435 130 1462 i
153 1431 245 1462 sorum
260 1431 421 1469 praesentiai
437 1430 584 1469 Obsequio
598 1431 757 1461 commode
772 1440 866 1461 carere
884 1439 946 1460 non
962 1430 1121 1470 possumus,
1140 1440 1190 1461 ve-

122 1472 134 1501 1
149 1480 186 1500 rae
199 1469 368 1501 Beatitudini
384 1469 471 1507 plenis
484 1470 634 1501 affectibus
651 1469 887 1500 commendamus
903 1481 913 1507 3
938 1471 1046 1509 quanto
1060 1468 1189 1500 devotius

121 1510 277 1547 poterimus
290 1508 473 1550 supplicantes
481 1532 491 1548 ,

161 1547 310 1587 Qatenus
323 1557 374 1587 ea,
389 1557 454 1585 quae
465 1555 565 1578 contra
580 1546 689 1577 dietum
705 1546 872 1577 Robertum
888 1545 966 1584 super
981 1543 1139 1576 Praebenda
1153 1545 1189 1576 de

122 1585 279 1655 Ayslkesbury
292 1608 303 1624 ,
328 1587 360 1617 in
378 1585 504 1617 Ecclefia
524 1585 718 1617 Lincolnienfi
731 1608 741 1624 ,
767 1595 852 1624 quam
874 1585 958 1616 habet
980 1592 1015 1615 ex
1028 1582 1190 1615 Collatione

120 1634 164 1656 no
191 1635 220 1655 ra

158 1662 196 1694 Et
211 1648 310 1694 c'ontra
327 1663 472 1702 praefatum
490 1662 682 1694 Willielmum
696 1686 706 1702 ,
732 1663 760 1693 su
783 1672 812 1692 er
825 1660 1038 1706 Praebendande
1057 1660 1191 1701 Leghton

123 1699 243 1740 Busard‚
262 1711 346 1740 quam
360 1702 436 1732 idem
457 1701 629 1733 Willielmus
648 1702 730 1733 habet
764 1701 875 1731 imiliter
887 1724 898 1739 ,
924 1701 954 1730 in
972 1699 1049 1731 dicta
1066 1698 1192 1732 Ecclesia

123 1739 332 1778 Lincolniensi,
349 1748 383 1770 ex
398 1737 561 1770 Collatione
577 1740 690 1777 nostra,

160 1778 238 1810 Non
251 1778 308 1809 sine
319 1778 397 1818 gravi
411 1777 578 1816 praejudicio
589 1778 663 1817 Juris
677 1778 768 1809 nostri
786 1776 890 1818 Regii,
906 1779 939 1810 &
953 1776 1084 1808 Honoris
1097 1777 1192 1809 defor-

120 1817 238 1856 mitate,
256 1825 356 1855 praeter
369 1818 490 1847 vestram
511 1816 730 1856 conscientiam,
748 1824 779 1847 ut
796 1817 953 1855 credimus,
972 1824 1191 1857 attempt-antur,

121 1855 299 1894 dignemini,
322 1855 342 1885 fi
362 1854 467 1893 placet,
485 1855 551 1885 zelo
564 1854 692 1894 Justiciae
742 1863 806 1894 quae
816 1855 868 1894 Jus
882 1854 1028 1893 cujussibet
1041 1855 1092 1886 sibi
1104 1856 1190 1887 tribui

120 1892 269 1931 discernit,
286 1894 320 1924 &
333 1903 387 1931 pro
400 1893 499 1924 nostro
511 1893 637 1926 Honore
650 1895 683 1925 ὃ(
717 1904 766 1925 ure
781 1893 978 1924 conservandis
993 1916 1004 1932 ,
1029 1902 1113 1933 prout
1122 1893 1191 1934 Jura

121 1931 246 1969 distant,
263 1931 309 1962 vel
321 1933 403 1971 alias,
421 1932 458 1963 de
472 1933 568 1972 gratiae
581 1932 683 1963 vestrae
698 1932 871 1971 plenitudine
883 1932 976 1962 facere
988 1933 1126 1964 revocari.

160 1969 194 2001 Id
209 1971 336 2010 etenim,
352 1971 430 2009 quod
445 1972 474 2001 in
494 1971 575 2001 dietis
591 1971 669 2001 faffls
689 1973 727 2002 sic
743 1971 865 2002 versatur
876 1993 887 2009 ‚
913 1981 973 2001 non
987 1969 1078 2002 solum
1092 1981 1144 2002 nos
1156 1972 1190 2003 ὃς

118 2005 189 2048 Jura
201 2008 313 2047 nostra,
326 2009 428 2039 verum
443 2010 527 2039 etiam
541 2008 693 2047 Magnates
707 2009 741 2040 de
750 2010 855 2048 Regno
869 2009 1073 2048 nostro,Jura,
1082 2009 1191 2050 Leges,

122 2046 158 2077 &
181 2045 405 2078 Consuetudines
426 2048 550 2078 e'usdem
571 2049 718 2085 contingit
732 2071 742 2086 ,
765 2058 848 2085 prout
874 2048 903 2077 in
923 2047 1025 2078 Literis
1046 2049 1190 2080 dietorum

122 2083 295 2123 Magnarum
304 2108 313 2122 ,
327 2085 428 2116 vesti-ae
467 2085 610 2116 eatitudini
623 2086 690 2116 inde
704 2086 833 2124 directis,
850 2087 992 2117 credimus
1003 2088 1152 2118 contineri,

160 2121 282 2160 Propter
296 2123 373 2161 quod
387 2124 416 2153 in
431 2123 574 2161 praemiffis
592 2134 640 2163 per
652 2124 774 2155 vestram
796 2123 987 2155 Clementiam
1005 2125 1043 2155 sic
1058 2124 1117 2157 fieri
1129 2127 1191 2165 sup-

121 2160 276 2230 pligmsss'
294 2171 331 2192 ne
345 2161 498 2231 Sgindala,
513 2163 591 2203 quod
606 2163 693 2202 absit,
709 2162 811 2194 exinde
827 2163 937 2196 valeant
950 2162 1078 2194 suboriri.

191 2209 231 2230 on
243 2208 321 2230 ervet
390 2211 416 2231 c.

161 2236 230 2269 Dat.
246 2239 319 2279 apud
328 2222 485 2279 ’Eborum,
506 2248 554 2280 31.
568 2239 613 2271 die
628 2238 776 2271 octobris.

143 2359 204 2398 Pro
220 2357 446 2411 Archiepiftopo
468 2368 616 2399 Cantuar.
631 2365 724 2412 fhper
748 2365 938 2411 Bajulatione
963 2367 1068 2399 Crucis
1086 2366 1170 2411 infra

476 2417 672 2448 Provinciam
689 2411 838 2449 Eborum.

46 2532 47 2535 ,
63 2506 95 2545 D
124 2496 274 2555 REX,
291 2499 442 2531 venerabili
457 2501 486 2531 i'n‘
502 2499 620 2532 Christo
634 2500 728 2539 Patri,
746 2500 882 2531 Domino
895 2500 950 2532 W.
970 2500 1069 2533 eadem
1088 2502 1191 2543 gratia,

0 2523 71 2592 ἵζε
97 2537 103 2544 ”
194 2537 417 2577 Archiepiscopo
429 2537 580 2580 Eborum,
597 2540 709 2579 Angliae
721 2539 853 2577 Primati,
873 2539 995 2584 salutern.

0 2594 4 2604 v
60 2577 79 2620 6⁸
160 2573 260 2615 Cum,
278 2577 442 2608 venerabilis
462 2577 545 2609 Pater
581 2577 635 2609 W.
652 2577 858 2609 Cantuariensis
877 2578 1129 2619 Archiepiscopus,
1148 2589 1193 2612 to-

0 2602 54 2658 ·n'21
79 2615 86 2621 ⁸
121 2613 176 2645 tius
191 2615 446 2660 Anguste-Prima&
472 2617 509 2648 de
524 2601 665 2648 Mandato
686 2616 804 2656 nostro,
821 2617 857 2647 us
871 2627 906 2647 ue
923 2616 1073 2662 Eborum,
1090 2620 1123 2649 ad
1138 2627 1192 2650 tra-

0 2653 58 2705 lau]
122 2651 259 2684 ebandum
274 2653 379 2685 ibidem
401 2655 570 2694 nobiscum,
588 2655 622 2686 &
638 2663 706 2686 cum
726 2657 836 2686 caeteris
881 2656 980 2686 raelatis
995 2657 1029 2687 &
1046 2655 1192 2697 Magnati-

0 2707 18 2734 ς.
31 2689 61 2735 E:
79 2718 104 2736 Ζ.
121 2690 174 2722 bus
186 2690 285 2730 Regni
300 2693 408 2733 nostri,
426 2694 504 2734 super
518 2693 629 2725 diverfis
644 2694 678 2725 ὃς
691 2693 781 2725 arduis
793 2693 947 2734 Negotiis,
965 2704 1016 2725 nos
1030 2696 1064 2727 &
1079 2696 1190 2728 Statum

121 2730 244 2768 ejusdem
258 2730 354 2770 Regni
367 2733 560 2772 tangentibus,
577 2733 607 2763 iri
622 2733 755 2770 proximo
770 2732 802 2763 fit
817 2742 968 2771 venturus;

96 2768 103 2776 '
157 2767 248 2807 Nos,
265 2770 468 2801 considerantes
482 2771 563 2810 quod
583 2771 663 2809 super
678 2770 853 2810 Bajulatione
867 2771 970 2802 Crucis
987 2772 1058 2803 dieti
1072 2773 1190 2805 Archie-

121 2806 230 2848 piscopi
241 2808 271 2837 i'n
285 2807 376 2839 vestra
389 2808 558 2847 Provincia,
575 2809 608 2841 &
619 2810 712 2840 crucis
726 2809 826 2840 vestrae
841 2812 871 2841 in
886 2810 931 2841 sua
946 2809 1118 2851 Provincia,
1135 2813 1191 2844 dis-

122 2844 259 2875 tensiones
272 2846 306 2876 &
322 2845 482 2878 Discordiae
502 2847 636 2878 haetenus
656 2858 833 2887 evenerunt,
859 2849 1040 2889 volentesque
1060 2851 1190 2890 periculis

122 2882 287 2919 huiusmodi
307 2885 340 2915 &
355 2886 583 2923 impedimentis,
610 2897 674 2925 quae
697 2886 834 2926 Negotiis
853 2887 954 2918 nostris
975 2898 1024 2925 per
1038 2889 1189 2921 absentiam

121 2921 231 2960 praefati
245 2921 448 2954 Cantuariensis
462 2924 694 2966 Archiepiscopi,
710 2925 730 2956 si
742 2925 848 2956 eisdem
865 2926 1012 2958 tractandis
1028 2937 1088 2959 non
1102 2930 1191 2960 inter-

122 2959 209 2999 effer,
228 2962 344 2991 evenire
363 2963 488 3001 poffent,
505 2964 646 3002 obviare3

160 2999 254 3030 Vobis
272 2999 460 3041 Mandamus,
478 3001 596 3032 firmiter
615 3003 789 3042 injungentes
801 3026 812 3042 ,
835 3002 914 3044 quod
930 3003 1046 3041 praefato
1068 3004 1190 3037 Archie-

123 3036 242 3076 piscopo
256 3037 448 3071 Cantuarienfi
461 3063 471 3079 ,
495 3048 544 3071 aut
561 3039 738 3072 Hominibus
755 3042 791 3072 de
805 3041 910 3072 familia
926 3041 973 3072 sua
985 3065 995 3080 ‚
1021 3053 1079 3082 quo
1096 3045 1190 3076 minus

123 3075 202 3106 idem
221 3075 326 3120 Archie
348 3077 457 3117 iscopus
470 3102 480 3117 ,
504 3079 590 3118 usque
611 3081 646 3110 ad
665 3079 773 3110 dietam
789 3079 943 3111 Civitatem
958 3081 1089 3112 Eborum
1103 3106 1113 3121 ,
1137 3093 1190 3122 pro

125 3113 261 3153 Negotiis
273 3125 312 3145 no
339 3118 374 3146 ris
386 3139 396 3155 ,
418 3118 457 3148 sic
476 3119 573 3149 venire
585 3142 595 3155 ,
621 3119 654 3149 &
671 3118 778 3148 ibidem
795 3119 916 3157 morari,
934 3129 968 3150 ac
986 3120 1088 3151 exinde
1102 3122 1191 3152 redire

124 3151 160 3196 ad
176 3153 288 3196 propria
302 3154 402 3194 posfit,
420 3155 571 3194 Dampna,
590 3155 788 3195 Gravaminia,
806 3156 1015 3198 Impedimenta
1028 3159 1117 3200 aliqua
1130 3168 1192 3191 non

126 3190 265 3229 inferatis,
282 3191 328 3222 seu
340 3202 390 3232 per
401 3194 467 3224 alios
482 3194 540 3225 fieri
553 3194 724 3226 Procuretis.

163 3228 291 3260 scientes
304 3230 398 3270 quod,
416 3232 435 3263 fi
447 3233 523 3264 secus
537 3234 672 3272 feceritis,
689 3233 724 3264 ad
739 3244 792 3265 vos
804 3236 925 3274 graviter
939 3237 1087 3274 capiemus.

162 3266 305 3312 Volumus
317 3270 393 3299 enim
409 3281 476 3310 vos,
495 3271 528 3301 ad
541 3271 699 3303 hu'usmodi
713 3272 878 3311 Trafflrus,
896 3275 925 3304 in
941 3274 1096 3306 Provincia
1111 3276 1192 3307 Can-

126 3306 255 3350 tuarienfi
269 3328 279 3344 ,
304 3315 357 3346 pro
376 3307 514 3346 Negotiis
531 3319 570 3340 no
597 3311 632 3340 ris
643 3333 653 3347 ,
677 3309 781 3350 absque
795 3312 1002 3351 impedimento
1017 3315 1098 3345 vobis
1113 3338 1123 3353 ,
1145 3317 1191 3346 seu

126 3343 240 3413 gestus,
281 3353 310 3374 er
327 3346 495 3384 praedidturn
516 3347 770 3388 Archiepiscopum
783 3351 816 3382 ὃς
836 3352 898 3382 suos
911 3351 1060 3383 inferendo
1074 3376 1085 3392 ,
1109 3364 1191 3386 acce·

147 3392 193 3413 ere
206 3392 234 3412 in
261 3390 382 3414 uturum.

165 3419 257 3452 Teste
269 3420 352 3462 Rege
363 3423 436 3461 apud
450 3423 581 3456 Eborum
589 3448 598 3464 ,
617 3433 646 3464 4.
659 3424 706 3456 die
717 3425 909 3459 Novembris.

317 3501 372 3530 Per
386 3498 468 3539 ipfian
481 3503 576 3540 Regem
584 3525 594 3541 ,
611 3505 756 3534 nunciante
770 3503 905 3545 Magistro
918 3507 953 3535 R.
965 3506 1083 3538 Baldok.

6 3582 61 3614 111.

0 3619 14 3648 Β
125 3573 146 3595 ²*
155 3578 212 3635 R
221 3575 247 3608 E
255 3576 287 3609 X
300 3577 475 3610 Vicecomiti
484 3578 614 3610 Eborum
622 3604 632 3618 ,
640 3576 700 3616 &a
715 3587 748 3611 ut
753 3580 849 3621 fhpra,
856 3582 905 3613 tibi
918 3585 1096 3624 praecipimus
1109 3585 1190 3623 quod

16 3631 43 3652 0.

223 3616 305 3661 dieto
320 3617 554 3662 Archiepiscopo,
562 3628 629 3649 cum
644 3619 677 3650 ad
686 3619 817 3652 Ballivam
830 3629 908 3652 tuam
921 3623 1066 3653 access‘erit
1074 3634 1191 3662 ,occur-

125 3662 185 3692 τας,
202 3654 236 3686 &
255 3656 348 3693 ipsum
360 3656 444 3694 usque
459 3655 613 3702 CiVitaterri
627 3657 758 3704 Eborum
770 3659 943 3705 ’praedictam
954 3661 1031 3692 salvo
1045 3663 1078 3693 &
1095 3662 1190 3694 secure

125 3691 285 3732 conducas,
302 3704 362 3726 non
377 3704 541 3733 permittens
554 3696 622 3733 sibi,
639 3704 685 3727 aut
696 3697 777 3728 alicui
791 3698 827 3728 de
840 3698 945 3730 familia
958 3699 1003 3731 sua
1014 3723 1024 3738 ,
1050 3701 1120 3731 dum
1136 3702 1190 3732 ibi-

123 3729 318 3800 ggmttafsuerint
331 3756 341 3772 ,
365 3732 499 3773 Injuriam
522 3733 581 3764 fieri
600 3743 648 3766 aut
662 3733 849 3776 Gravamen3
871 3737 906 3769 δε
924 3738 982 3769 hoc
1003 3738 1083 3770 nullo
1098 3739 1190 3771 modo

176 3778 185 3798 1
237 3794 244 3800 .

159 3806 249 3839 Teste
261 3817 292 3840 ut
304 3809 391 3848 supra.

161 3845 312 3916 tanlic'igdern
323 3849 414 3881 modo
427 3851 554 3891 scribitur
561 3850 735 3884 vicecomiti
742 3851 979 3894 Notinghamiae,
997 3855 1110 3887 mutatis
1121 3864 1190 3887 mu-

177 4051 248 4085 rm.
261 4056 302 4086 rr.
316 4058 350 4089 P.
364 4046 415 4094 ιι,Ι

1279 120 1749 168 PUBLICA.
2258 139 2310 178 57

2322 204 2452 239 Ann.D‚

2344 255 2428 285 1322.

2317 286 2384 314 Ed'v.
2402 295 2430 314 ΖΑ

1356 295 1450 339 Super
1473 294 1633 330 collatione
1651 297 1808 333 Praebendae
1825 299 1982 334 Gathardo
2006 298 2175 335 Cardinali.

1234 374 1317 434 PA
1326 375 1399 407 PAE
1417 377 1484 409 Rex
1497 379 1600 412 devota
1615 383 1719 422 pedum
1732 385 1824 416 oscula
1836 387 1992 417 beatorum.
2317 391 2370 419 An.
2390 393 2431 420 16.

1319 414 1401 446 illam
1414 417 1451 447 de
1466 417 1557 462 vestra
1570 420 1721 453 Sannititate
1737 423 1867 455 fiduciam
1883 426 1989 465 semper
2001 427 2139 465 gerimus,
2158 425 2236 465 quod
2247 423 2300 464 Ju-
2318 433 2346 455 Ε.
2368 439 2393 456 2.

1237 461 1268 481 ra
1288 454 1383 484 nostra
1404 453 1499 492 Regia
1516 457 1597 489 illaesa
1618 461 1684 491 velit
1701 461 1789 492 vestra
1812 463 1966 502 Benignitas
1986 464 2151 495 conservare
2163 487 2173 503 ,
2199 464 2233 495 ὃς
2245 486 2255 501 ,
2277 464 2297 494 si
2316 471 2386 495 Rom.
2408 467 2449 496 16e

1235 498 1416 559 Piffncontra
1435 494 1534 525 eadem
1545 495 1613 533 Jura
1626 506 1786 536 attemptata
1805 501 1922 541 fuerint,
1939 512 1971 533 ea
1985 502 2144 533 defensione
2155 501 2300 541 praecipua
2316 509 2345 532 Ε.
2369 515 2397 534 2.

1248 539 1264 558 u
1318 540 1412 561 overe.
2315 552 2354 571 m.
2388 563 2395 571 .

1277 566 1358 598 Cum
1375 569 1460 614 igitur
1473 569 1646 615 Collationes
1660 574 1880 608 Praebendarum
1893 601 1904 617 ,
1929 581 1958 609 iri
1976 579 2108 610 Ecclefiis
2125 577 2303 610 Catbedraii-
2365 552 2383 579 9

1236 605 1288 651 bus
1302 606 1398 648 Regni
1413 609 1517 652 nostri,
1537 614 1644 655 ratione
1658 613 1875 652 Temporalium
1891 639 1900 654 ,
1920 619 2080 648 vacantibus
2099 619 2233 655 Sedibus,
2253 616 2300 647 vel

1235 644 1338 675 endem
1356 647 1461 685 plenis,
1480 648 1629 692 Legitimis
1643 652 1679 682 de
1701 653 1785 683 causis
1797 677 1807 691 ,
1834 655 1864 683 in
1884 664 1969 685 manu
1988 656 2082 687 nostra
2102 657 2299 694 existentium,

1232 681 1303 721 jure
1315 684 1413 730 nostro
1428 686 1521 726 Regio
1535 688 1567 718 ad
1584 689 1652 719 Nos
1668 692 1841 729 pertineant3
1855 702 1913 731 quo
1931 693 1998 731 Jure
2011 695 2097 733 Nos,
2111 696 2145 726 &
2160 694 2300 734 Progeni-

1236 730 1311 752 tores
1325 723 1434 761 nostri,
1454 727 1519 756 totis
1531 728 1674 757 retroaffis
1687 730 1877 768 temporibus,
1896 731 1934 760 usi
1949 731 2054 762 sumus:

1273 761 1320 790 Ac
1335 762 1403 792 Nos
1416 762 1603 795 Praebendam
1623 767 1660 796 de
1674 766 1764 806 Stok,
1781 769 1810 797 in
1830 768 1955 800 Ecciesia
1974 770 2181 810 Lincolnienfi,
2198 780 2300 803 vacan-

1233 808 1292 844 tem
1309 800 1342 831 &
1355 800 1388 831 ad
1405 801 1529 833 nostram
1546 803 1744 835 Donationem
1759 806 1944 845 speetantem,
1963 810 2067 839 ratione
2078 809 2299 848 Temporalium

1233 838 1417 877 Episcopatus
1437 841 1642 874 Lincolniensis
1657 866 1666 882 ,
1690 845 1862 884 exigentibus
1885 848 2003 876 notoriis
2025 847 2201 880 Criminibus
2215 849 2300 879 Heri-²

1233 878 1283 908 rici
1298 877 1431 916 Episcopi
1444 879 1503 911 loci
1514 882 1652 919 ejusdem,
1670 881 1698 912 in
1711 892 1796 913 manu
1811 882 1907 914 nostr'a
1926 884 2105 916 existentium
2118 910 2127 925 ,
2146 888 2300 918 contuleri-

1232 926 1312 955 muS,
1331 918 1479 948 venerabili
1494 918 1594 959 Patri,
1621 920 1760 952 Domino
1780 921 1821 952 G.
1835 921 1946 953 Sanetae
1960 922 2060 953 Luciae
2075 926 2103 954 in
2126 926 2209 956 Silice
2226 926 2298 957 Dia-

1232 965 1311 988 cono
1324 954 1484 987 Cardinaii:

1269 993 1319 1025 De
1331 993 1385 1034 qua
1399 995 1513 1034 quidem
1524 995 1698 1036 Praebenda,
1717 997 1751 1028 ad
1767 998 1895 1029 nostram
1910 997 2101 1031 Collationersi
2117 1001 2154 1032 sic
2169 1002 2294 1040 spectan-

1229 1040 1274 1071 te,
1289 1033 1469 1102 inarostro
1481 1035 1511 1065 in
1524 1035 1576 1066 hac
1591 1044 1669 1073 parte
1679 1037 1761 1068 vobis
1774 1047 1835 1068 non
1850 1038 1980 1076 detecto,
2000 1047 2030 1071 ut
2042 1041 2203 1080 accepimus
2216 1064 2226 1080 ,
2250 1039 2296 1072 alii

1252 1081 1312 1102 rovi
1334 1082 1341 1101 ι
1368 1081 1390 1101 is

1229 1081 1250 1109 p
1264 1109 1356 1153 'Nos,
1374 1095 1410 1141 d'e
1424 1110 1524 1142 vestrae
1539 1112 1670 1144 bonitatis
1685 1112 1829 1144 affluentia
1841 1113 1988 1153 specialiter
2002 1116 2176 1147 confidentes
2191 1140 2201 1156 ,
2226 1116 2297 1148 San⁴

1231 1148 1319 1180 Ctitati
1343 1149 1443 1180 vestrae
1464 1150 1618 1182 affectione
1664 1152 1719 1191 qua
1745 1152 1890 1192 possumus
1903 1176 1912 1189 ‚
1936 1154 2078 1186 humiliter
2097 1156 2298 1195 supplicamus,

1231 1186 1376 1231 quatinuS,
1394 1187 1557 1220 Collatione
1578 1176 1674 1221 nostri
1692 1190 1827 1230 praedieca
1841 1214 1850 1229 ,
1876 1193 1957 1222 vobis
1970 1193 2086 1232 accepta
2099 1217 2108 1232 ,
2135 1203 2297 1225 remanente

1229 1226 1310 1256 dieto
1325 1226 1460 1258 Domino
1475 1227 1632 1269 Cardinali,
1652 1237 1683 1260 ut
1694 1230 1832 1268 eandem,
1850 1239 1884 1259 ex
1899 1230 1984 1261 causis
1995 1254 2005 1270 ,
2030 1241 2095 1270 quas
2108 1233 2173 1262 alias
2195 1232 2296 1264 vestrae

1231 1263 1404 1296 Clementiae
1414 1266 1464 1297 scri
1487 1267 1586 1306 limus,
1604 1277 1750 1308 acceptet,
1768 1269 1923 1308 dignemini
1936 1270 2093 1308 injungere,
2111 1272 2144 1301 &
2160 1270 2298 1302 Nuncios

1230 1303 1357 1343 nostros,
1374 1306 1402 1334 in
1417 1316 1452 1336 ve
1479 1317 1507 1336 ra
1521 1306 1605 1337 Sacra
1613 1306 1716 1346 Curia,
1732 1318 1784 1344 pro
1797 1307 1912 1346 negotio
1926 1307 2064 1347 praedieto
2078 1310 2111 1339 ὅτ.
2125 1310 2197 1348 aliis,
2210 1309 2297 1349 Nos,

1231 1342 1265 1373 ὃς
1280 1342 1434 1374 Honorem
1451 1344 1579 1375 nostrum
1594 1368 1604 1384 ,
1630 1355 1662 1376 ac
1675 1345 1742 1385 Jura
1758 1345 1852 1376 nostra
1874 1347 2102 1386 contingentibus
2114 1369 2124 1385 ,
2149 1348 2297 1385 expect-an-

1230 1389 1271 1412 tes
1277 1404 1288 1420 ,
1307 1381 1386 1421 super
1404 1384 1507 1414 eisdem
1522 1383 1640 1414 feliciter
1653 1385 1784 1423 expedire
1799 1407 1809 1423 ,
1829 1385 1863 1415 &
1883 1384 1917 1415 ad
1932 1385 2000 1416 Nos
2020 1395 2088 1415 cum
2105 1385 2200 1416 vestris
2214 1387 2300 1417 bene⁴

1231 1420 1355 1459 placitis,
1375 1421 1408 1452 ad
1423 1432 1488 1461 quae
1504 1424 1589 1460 parati
1605 1423 1698 1453 sumus
1711 1424 1745 1455 ὃς
1758 1425 1860 1455 erimus
1865 1446 1875 1463 ,
1892 1433 1962 1456 cum
1976 1422 2154 1456 festinatione
2166 1423 2300 1456 desidera-

1232 1467 1259 1490 ta
1273 1460 1417 1491 remittere
1430 1461 1519 1492 taliter
1534 1462 1685 1502 expeditos,

1268 1496 1441 1538 Conservet,
1460 1500 1522 1531 &c-

1309 1574 1377 1607 Dat.
1393 1575 1468 1613 apud
1483 1575 1633 1617 Eborum,
1652 1587 1752 1618 quarto
1764 1580 1809 1612 die
1825 1580 2006 1612 Decembris.

1232 1706 1328 1750 Super
1354 1701 1428 1736 dim
1457 1703 1631 1737 Cardinalis
1654 1702 1814 1786 Ptiaebenda
1832 1732 1842 1748 ‚
1869 1709 2062 1741 PraecentorIa
2076 1732 2087 1750 ,
2119 1710 2156 1747 ώ-
2184 1707 2302 1742 Archi-

1702 1764 1852 1790 raconatu.

1233 1837 1359 1895 REX
1377 1839 1527 1878 omnibus,
1545 1839 1577 1871 ad
1610 1850 1676 1879 uos,
1694 1841 1754 1871 &c.
1770 1841 1894 1872 salutem.

1325 1877 1477 1918 Volentes,
1498 1889 1597 1910 venera
1620 1880 1648 1910 ili
1670 1879 1771 1918 Patri,
1795 1879 1930 1911 Domino
1951 1878 1996 1910 G.
2019 1879 2133 1913 Sanetae
2155 1880 2257 1913 Luciae
2274 1883 2302 1913 in
2343 1881 2427 1911 ¹322·

1232 1915 1317 1947 Silice
1329 1915 1465 1948 Diacono
1486 1917 1628 1948 Cardinali
1641 1919 1757 1958 gratiam
1770 1918 1861 1950 facere
1876 1919 2042 1959 specialem,
2060 1920 2251 1952 conceffimus
2263 1923 2304 1952 ei—
2320 1915 2373 1939 ΛΠ·
2393 1913 2434 1939 ¹⁶·

1232 1955 1302 1986 dem
1314 1953 1459 1986 Cardinali
1475 1956 1556 1994 quod
1569 1957 1643 1995 ipse,
2320 1953 2350 1977 Ε·
2371 1960 2397 1978 2·

1270 1993 1359 2034 Super
1382 1993 1622 2026 Archidiaconatu
1641 1995 1767 2026 Oxoniae
1781 2019 1791 2035 ,
1815 1997 1844 2026 in
1867 1994 1990 2027 Ecclesia
2012 1996 2205 2028 Lincolnienfi
2219 2021 2229 2036 ,
2255 2007 2301 2030 aut
2320 1992 2379 2016 ΡΜ·
2392 1987 2436 2017 ¹⁶·

1232 2031 1422 2064 Praecentoria
1436 2033 1470 2063 δε
1487 2032 1645 2063 Praebenda
1658 2034 1688 2063 in
1702 2033 1825 2065 Ecclesia
1838 2033 2007 2065 Cicestrenfi
2020 2058 2030 2073 ,
2053 2045 2119 2074 quas
2132 2037 2160 2066 in
2176 2037 2302 2075 praesenti
2321 2031 2351 2054 E.
2371 2037 2399 2054 ²·

1231 2071 1358 2101 noscitur
1370 2072 1518 2110 optinere,
1535 2081 1569 2102 ac
1584 2072 1663 2109 super
1674 2071 1743 2110 Jure
1757 2095 1766 2110 ,
1793 2072 1838 2103 seu
1854 2072 2028 2104 Poffeffione
2043 2074 2229 2114 eorumdem,
2249 2075 2302 2106 Ar·
2320 2073 2345 2102 P*
2368 2074 2391 2093 ¹⁴

1231 2108 1463 2149 chidiaconatsis,
1483 2108 1700 2148 Praecentoriae,
1718 2111 1753 2141 &
1768 2109 1947 2150 Praebendae,
2319 2112 2357 2132 m.
2377 2112 2420 2140 14.

1269 2147 1396 2179 Ratione
1415 2148 1528 2186 alicujus
1544 2148 1619 2187 Juris
1632 2172 1643 2188 ,
1668 2149 1747 2187 quod
1769 2150 1852 2180 nobis
1869 2149 1964 2188 aliquo
1983 2158 2041 2181 tem
2063 2160 2113 2182 ore
2133 2154 2302 2193 competiit,

1231 2188 1387 2225 competit,
1404 2196 1451 2217 aut
1465 2195 1628 2227 competere
1642 2189 1743 2227 poterit
1757 2189 1786 2218 in
1801 2189 1944 2228 futurum,
1960 2199 2033 2220 occa
2045 2199 2111 2220 ione
2123 2191 2236 2229 alicujus
2251 2202 2302 2224 va-

1232 2226 1349 2256 cationis
1363 2225 1567 2265 praedietorum
1583 2225 1802 2266 Episcopatuum
1815 2250 1825 2265 ,
1851 2227 2013 2258 Lincolniae
2027 2228 2062 2259 &
2076 2227 2225 2261 Cicestriae
2235 2253 2244 2269 ,
2271 2231 2302 2262 in

1232 2274 1321 2333 1manu
1343 2263 1439 2295 nostra
1452 2287 1462 2303 ,
1487 2264 1533 2295 seu
1553 2263 1773 2304 Progenitorurn
1794 2265 1959 2297 nostrorum
1982 2266 2077 2305 aliquo
2097 2275 2228 2309 tempore
2246 2269 2304 2300 exi-

1258 2311 1384 2340 entium,

1269 2339 1324 2371 Per
1336 2340 1405 2371 Nos
1423 2340 1469 2372 seu
1491 2340 1643 2372 Ministros
1661 2341 1772 2373 nostros
1792 2341 1949 2375 nullatenus
1966 2343 2163 2377 occafionetur
2174 2367 2186 2384 ,
2210 2344 2304 2382 mole-3

1232 2378 1320 2410 stetur
1333 2380 1362 2409 in
1376 2379 1470 2419 aliquo
1483 2402 1493 2418 ,
1507 2380 1553 2411 seu
1567 2388 1705 2420 gravetur.

1268 2417 1301 2449 In
1319 2419 1414 2457 cujus,
1434 2419 1495 2449 ἃς.

2322 1833 2399 1864 Ann.
2411 1832 2451 1867 D.

1308 2494 1399 2527 Teste
1413 2494 1496 2535 Rege
1509 2494 1582 2536 apud
1598 2494 1746 2536 Eborum,
1762 2505 1862 2536 quarto
1875 2495 1920 2528 die
1934 2496 2118 2529 Decembris.

1438 2574 1441 2576 ’
1875 2576 1930 2605 Per
1943 2574 2025 2615 ipficm
2038 2577 2144 2614 Regem.

1277 2695 1305 2722 'k
1324 2696 1383 2731 Ad
1401 2696 1598 2731 Cardinalem
1609 2695 1784 2745 praedislum
1796 2698 1889 2746 siaeper
1911 2698 2049 2747 Negotiis
2069 2701 2155 2748 Regis
2170 2711 2257 2748 expe-

1709 2747 1836 2781 diendts.

2323 2712 2405 2742 ⁸111.

2322 2751 2388 2786 981.

1232 2831 1446 2894 VEnerabili
1466 2833 1495 2863 in
1515 2831 1635 2863 Christo
1656 2832 1730 2864 Patri
1754 2832 1888 2865 Domino
1907 2833 1949 2864 G.
1971 2834 2030 2865 Dei
2050 2835 2141 2873 gratia
2154 2859 2163 2874 ,
2188 2835 2301 2868 Sanctae
2323 2834 2451 2867 Ann.D;

1303 2871 1402 2902 Luciae
1416 2873 1446 2902 in
1461 2872 1545 2903 Silice
1560 2871 1697 2902 Diacono
1705 2871 1867 2912 Cardinali,
1884 2874 1981 2904 amico
1996 2873 2047 2904 suo
2059 2874 2218 2914 cariffimo,
2236 2875 2301 2906 Rex
2343 2883 2426 2916 1322.

1230 2907 1362 2948 salutem,
1378 2911 1412 2942 δε
1425 2911 1540 2941 sincerae
1555 2909 1728 2941 Dilectionis
1743 2910 1889 2941 affectum.
2321 2918 2375 2942 An.
2394 2915 2436 2943 16.

1269 2948 1319 2979 De
1339 2958 1375 2979 eo
1396 2949 1477 2988 quod
1499 2948 1626 2979 Nunciis
1645 2949 1764 2988 nostris,
1782 2950 1811 2979 in
1831 2949 1934 2981 Sancta
1947 2949 2083 2982 Romana
2098 2950 2199 2990 Curia,
2218 2952 2297 2999 super
2318 2957 2349 2981 Ε.
2364 2960 2390 2981 2.

1231 2987 1411 3025 expeditione
1426 2987 1626 3057 Nffiotiorum
1638 2987 1801 3018 nostrorum
1814 2988 1981 3028 ibidem,&
1998 2989 2128 3022 Maxime
2141 2991 2219 3029 super
2233 2992 2299 3030 hiis,
2319 2996 2388 3019 Rom.
2410 2989 2453 3019 16„

1252 3036 1296 3056 uae
1318 3035 1388 3065 vos,
1407 3026 1441 3058 &
1497 3037 1543 3064 os,
1567 3036 1620 3065 ac,
1635 3026 1772 3057 dileetum
1793 3024 1945 3058 Clericum
1964 3028 2108 3067 nostrum,
2129 3029 2298 3068 Magistrum
2322 3034 2350 3057 E.
2370 3039 2398 3058 2.

1264 3064 1399 3095 obertum
1420 3065 1457 3095 de
1479 3064 1587 3096 Baldok
1607 3066 1795 3105 contingunt,
1834 3067 1943 3097 ratiosos
1963 3077 2014 3097 vos
2026 3067 2178 3098 reddidistis
2194 3069 2298 3105 (prout
2317 3078 2355 3096 m.
2369 3077 2399 3103 9·

1231 3112 1266 3134 ex
1288 3102 1390 3134 Literis
1410 3103 1556 3134 dictorum
1576 3102 1766 3135 Nunciorum
1781 3127 1792 3144 ,
1855 3105 1917 3135 obis
1935 3104 2047 3136 direetis
2059 3129 2069 3144 ,
2092 3105 2296 3145 intelleximus)

1231 3142 1314 3174 vobis
1327 3150 1414 3182 grates
1427 3143 1571 3173 referimus
1583 3142 1729 3181 speciales,

1269 3180 1469 3212 Paternitatern
1491 3180 1612 3213 vestram
1633 3182 1764 3213 attentius
1782 3182 1975 3222 deprecantes,
1992 3182 2120 3220 quatinus
2133 3191 2198 3222 erga
2212 3183 2297 3223 Nos,

1231 3220 1265 3251 ὅ(
1284 3219 1411 3258 nostros,
1429 3220 1590 3259 hujusmodi
1612 3219 1840 3252 Benevolentiam
1861 3221 1898 3251 sic
1913 3221 2078 3251 continuare
2092 3221 2182 3253 velitis
2183 3244 2203 3274 λ
2216 3224 2297 3261 quod

1232 3268 1284 3289 vos
1306 3259 1341 3290 &
1360 3258 1469 3297 vestra,
1487 3259 1557 3289 infra
1575 3259 1743 3297 potestatem
1764 3259 1903 3296 nostram,
1922 3258 2074 3302 specialiter
2095 3261 2296 3292 commendata

1231 3296 1351 3337 habere,
1370 3299 1404 3329 &
1417 3307 1472 3339 pro
1484 3298 1588 3328 eisdem
1601 3298 1752 3329 debeamus
1764 3297 1886 3337 Regiam
1898 3296 2121 3330 Benivolentiam
2135 3309 2272 3331 exercere.

1269 3373 1340 3405 Dat.
1352 3375 1425 3415 apud
1438 3374 1568 3406 Eborum
1577 3399 1587 3413 ,
1602 3383 1702 3415 quarto
1715 3375 1761 3406 die
1775 3373 1954 3405 Decembris.

1355 3510 1416 3545 Ad
1442 3514 1587 3545 Comitem
1605 3510 1755 3545 Flandriae
1767 3537 1777 3553 ,
1817 3520 1888 3556 uper
1903 3511 2024 3556 Trcuga
2039 3507 2180 3544 ineunda.

1235 3595 1382 3651 REX,
1400 3596 1507 3628 Nobili
1530 3597 1609 3636 viro,
1636 3594 1769 3627 Domino
1791 3594 1980 3634 Ludowyco,
2005 3592 2120 3626 Comiti
2141 3594 2296 3636 Flandriae,
2319 3596 2447 3631 Ann,D⁴

1269 3636 1494 3707 Exsalliitteerrrzirum
1516 3674 1688 3711 vestrarum,
1713 3673 1795 3702 nobis
1815 3670 2053 3710 transmisiarum‚
2073 3679 2173 3703 tenore
2193 3672 2295 3705 didici-
2318 3647 2431 3707 Arg—2¹2&

1230 3723 1307 3751 mus,
1348 3714 1460 3751 naliter,
1479 3722 1532 3750 pro
1549 3711 1683 3742 evitandis
1704 3708 1845 3748 periculis,
1866 3719 1930 3747 quae
1942 3719 1977 3740 ex
1992 3709 2234 3751 Diffenfionibus,
2251 3713 2295 3742 in-
2318 3720 2347 3745 Ε.
2367 3727 2392 3744 2.

1229 3761 1273 3784 ter
1294 3763 1334 3783 no
1362 3762 1406 3781 ros
1421 3752 1455 3782 ὃς
1470 3749 1577 3780 vestros
1591 3749 1724 3780 Subditos
1737 3758 1826 3786 nuper
1839 3749 1959 3787 exortis,
1977 3751 2161 3788 proveniunt,
2179 3751 2213 3782 &
2248 3761 2295 3782 ro-
2316 3754 2406 3791 Claus.

1229 3793 1324 3823 venire
1342 3790 1530 3821 formidantur
1544 3811 1555 3827 ,
1585 3788 1731 3827 Treugam
1746 3810 1756 3826 ,
1789 3788 1862 3817 inter
1888 3787 1980 3817 dictos
2000 3786 2112 3819 nostros
2131 3790 2166 3820 δε
2186 3800 2221 3820 ve
2249 3799 2293 3820 ros
2320 3795 2359 3820 16.
2376 3794 2445 3819 1:121·

1229 3830 1371 3875 subditos,
1389 3829 1466 3873 super
1479 3823 1815 3895 diCtisdDiffensionibus,
1832 3823 1969 3856 affectatis
1982 3827 2071 3866 inire,
2088 3835 2208 3866 eamque
2222 3829 2294 3868 peti·
2313 3830 2402 3873 m.*18.
2417 3829 2444 3857 d,

1227 3866 1679 3944 vaglgpaeiiqublsvcocbtisceddicimus
1694 3901 1904 3941 intimandum,
1919 3902 2000 3943 quod
2015 3901 2162 3936 Dominus
2176 3905 2290 3936 Rober-

1229 3952 1272 3977 tus
1281 3968 1290 3983 ,
1330 3943 1451 3973 nondam
1465 3940 1575 3973 Comes
1589 3941 1743 3986 Flandriae,
1762 3941 1841 3972 Avus
1855 3941 1946 3972 vester
1955 3966 1964 3980 ,
1976 3943 2010 3974 &
2019 3943 2058 3974 sui
2071 3943 2189 3984 subditi,
2202 3944 2291 3976 dieta-

1229 3993 1326 4054 tuipser
1327 3981 1521 4059 &1³2ng
1536 3989 1682 4014 materiam
1695 3980 1730 4012 &
1746 3981 1930 4012 occasionem
1940 3980 2137 4022 praebuerunt,

1497 4042 1508 4059 ²
1742 4055 1778 4090 H

2264 4052 2300 4089 δ’»
