2562 4279
661 111 1468 165 CONVENTIONES,
1523 112 1921 165 LITERAE,

188 140 264 168 1¹2

29 1511 158 1542 ²v.281.

22 2726 99 2757 Ann.
115 2725 157 2758 D.

20 2775 137 2841 Λὶῗῒξζ

21 2847 156 2917 {raim

20 2923 51 2947 E.
74 2928 99 2955 3.

22 2964 47 2993 p.
68 2967 93 2983 2.

24 3004 59 3023 m.
79 3004 104 3023 2.

31 208 109 238 Arm.
124 206 166 238 D.
208 210 247 256 ,In
262 209 349 241 Portu
363 207 445 240 Villae
459 206 493 238 de
507 204 612 237 Sinisto
626 203 769 243 Botulpho
780 227 790 242 ‚
808 202 954 234 Ducentas
968 202 1002 233 δε
1017 199 1234 241 Qinquaginta
2353 204 2431 236 Ann-
2447 204 2491 236 Β.

31 254 146 322 2224}
178 249 292 317 1·ιὲῗίὃᾶ
305 286 393 316 Portu
407 283 442 314 de
457 281 608 323 Kyngston
621 280 699 322 super
713 279 798 318 Hull,
813 278 960 311 Ducentas
973 280 1006 310 &
1021 277 1236 317 Qinquaginta
1323 288 1371 319 De
1396 288 1603 334 prorogatione
1619 286 1740 332 Treugae
1759 296 1829 318 cum
1846 281 2036 329 Adversaris
2051 285 2201 327 Franciae'
2219 295 2292 331 pn-
2357 254 2395 312 ΕΞ
2394 253 2470 321 3413..
2485 283 2487 285 ,

178 325 302 393 Llsslzstlt
316 363 345 391 in
362 360 461 391 Literis
476 358 652 401 Parentibus,
672 356 738 387 inde
755 355 1026 401 confe&is,pleniiis
1039 354 1218 390 continetur,
1717 332 1889 367 Clamanda·

215 400 306 431 Vobis
326 398 489 429 mandamus
512 396 593 434 quod
614 394 708 425 eidem
728 394 831 432 Duci,
845 395 891 425 vel
903 404 960 433 ejus
980 404 1009 422 m
1021 393 1074 423 hac
1094 400 1170 430 parte
1184 390 1239 420 At-
1459 421 1464 426 ,
1573 421 1578 427 ,
1595 420 1601 426 ·
1698 420 1704 425 ,

177 440 290 470 comatis
304 460 313 475 ‚
337 437 483 468 Ducentas
505 436 538 466 δε
562 433 776 473 Quinquaginta
799 433 898 464 Libras
912 455 923 471 ,
942 431 977 463 de
991 431 1072 461 dicitis
1086 431 1237 469 Qingen-
1278 417 1364 477 RE
1375 418 1406 449 X
1427 419 1603 451 V10600m¹t¹
1618 419 1748 457 Kanssae,
1766 418 1900 450 Salutem.
2356 428 2409 452 An.
2429 435 2471 463 15.

183 475 311 545 nsiqgffi.
320 512 402 552 Rege
411 511 484 551 apud
504 511 623 542 Turrim
640 509 779 541 London.
793 509 911 541 decimo
927 507 973 538 die
985 507 1167 547 Septembris.

177 588 341 620 Consimilia
362 588 460 620 Brevia
479 587 633 626 diriguntur
652 562 861 617 Colledffiribus
883 584 1087 616 Custumarum
1107 582 1195 623 Regis
1209 583 1240 613 in

320 627 460 658 Portubus
470 626 645 667 subscriptis,
660 626 710 656 sub
725 625 824 656 eadem
837 623 918 663 data,
938 623 1069 654 videlicet
1077 645 1088 661 ,

215 704 399 736 eollet‘lors'bus
409 727 418 743 ‚
432 702 491 739 ὅγε.
511 707 541 733 in
556 705 641 734 Portu
655 702 687 731 de
702 702 801 732 Sanffo
815 700 948 740 Botulpho
962 700 993 730 de
1007 703 1120 729 Centum
1135 696 1173 733 &
1189 700 1217 727 V
1217 700 1241 727 i-

175 745 246 781 ginti
261 741 298 777 ὠ»
314 742 443 783 „Quinque
458 741 561 774 Libris.

215 781 416 820 Colchoribm,
432 779 493 817 &aa
516 783 546 810 in
569 782 652 810 Portu
669 780 702 809 de
715 778 864 820 Kyngqston
876 777 951 817 fhper
969 776 1057 816 Hull,
1075 777 1106 806 de
1127 778 1240 806 Centum

178 818 216 854 ὠ·
229 823 337 857 Viginti
351 819 389 855 ὠ»
405 819 534 861 Qinque
548 818 650 849 Libris.

216 945 265 977 De
281 943 400 977 foedere
414 956 483 977 cum
502 942 645 990 Johanne
661 942 697 974 de
715 941 895 985 Monteforti
904 968 914 983 ‚
941 943 977 979 ὠ·
995 939 1030 973 de
1046 942 1199 973 Comitntu

497 988 764 1034 Richmundiaestbi
785 989 912 1035 concefflt.

156 1102 162 1108 .
177 1078 309 1149 REXS
321 1080 480 1147 omnibus}i
486 1078 519 1109 ad
533 1088 602 1118 quos
616 1078 677 1109 &c.
697 1076 831 1108 Salutem.

311 1128 386 1149 Clatls
422 1129 460 1147 UO

213 1154 310 1195 Cum,
327 1128 441 1187 lllustcrlis
451 1141 594 1194 Jo’hannes
634 1154 705 1185 Dux
721 1153 888 1191 Britanniae,
906 1152 940 1183 &
960 1150 1069 1182 Comes
1082 1150 1118 1181 de
1134 1149 1241 1181 Monte

177 1192 256 1226 Forti
270 1218 281 1233 ,
301 1195 536 1232 Consanguineus
558 1178 652 1224 noster
671 1192 822 1223 Cariffimus
857 1191 998 1222 attendens
1019 1189 1172 1234 Inju'riam,
1192 1199 1242 1233 per

134 1256 141 1262 .
179 1231 344 1264 Dominum
360 1233 524 1271 Philippum
539 1232 576 1262 de
592 1231 804 1270 Vales10‚super
818 1214 980 1272 detentione
992 1228 1088 1267 Regni
1103 1227 1241 1272 franciae,

177 1272 258 1302 nobis
277 1272 380 1303 fac‘tam
394 1295 403 1311 ‚
434 1272 500 1302 zelo
515 1270 636 1310 Justitiae
659 1278 757 1300 contra
776 1269 886 1299 dietum
909 1267 1070 1306 Philippum
1090 1266 1240 1297 nobiscum

176 1309 281 1341 Foedus
295 1312 431 1350 pepigerit
444 1310 477 1341 δε
493 1309 635 1341 Amicitiae
650 1309 841 1345 Firmitatem,
958 1345 963 1350 ι

211 1348 249 1379 Et
270 1358 381 1389 propter
397 1349 454 1380 hoc
478 1349 554 1379 idern
576 1347 720 1386 Philippus
739 1346 853 1376 dietum
876 1343 1053 1388 Comitatum
1077 1342 1114 1373 de
1131 1342 1237 1373 Monte

174 1386 198 1416 F
200 1388 253 1417 orti
261 1410 270 1425 ‚
288 1397 356 1418 cum
369 1387 554 1425 Pertinentiis,
571 1394 703 1424 tanquam
715 1384 764 1415 sibi
776 1381 1154 1422 Confiscatum,inManum
1162 1382 1238 1413 suam

173 1424 254 1494 seissqri
269 1425 381 1466 fecerit,
400 1427 432 1459 &
447 1426 524 1456 illum
538 1424 657 1455 detineat
672 1424 709 1455 fic
726 1423 877 1461 Seifitum,

252 1475 285 1495 os

209 1503 229 1521 ³*
249 1488 442 1534 Affeffionem
458 1503 593 1541 multam,
610 1511 697 1540 quarn
709 1500 785 1532 idern
802 1500 871 1531 Dux
885 1500 969 1531 nobis
990 1507 1130 1544 gratanter
1141 1498 1237 1544 osten-

173 1540 238 1579 dit,
255 1543 359 1573 merito
383 1541 567 1580 ponderantes
580 1564 590 1579 ,
616 1542 649 1572 &
671 1540 791 1579 proinde
812 1539 938 1571 volentes
954 1538 1155 1578 Indempmtati
1179 1539 1234 1569 suae

177 1580 334 1619 prospicere
369 1581 437 1611 s1cut
451 1580 553 1619 decet,

212 1603 411 1650 Concesli'mus
431 1620 457 1649 ei
477 1629 531 1657 pro
552 1618 666 1658 Nobis,
681 1618 715 1649 &
730 1616 901 1648 Haeredibus
916 1615 1017 1647 nostris
1029 1640 1039 1652 ,
1055 1614 1236 1647 Comitatum

173 1656 418 1696 Richemundiae,
432 1657 609 1688 Habendum
628 1659 662 1690 ὅτ,
682 1655 856 1688 Tenendum
897 1665 965 1686 cum
989 1654 1094 1686 Castris
1109 1678 1120 1694 ,
1139 1654 1238 1695 Villis,

172 1694 343 1727 Hamelettis
382 1696 485 1727 Feodis
505 1696 635 1727 Militum
649 1719 658 1734 ,
678 1679 922 1726 Advocationibus
943 1693 1132 1737 Ecclefiarum
1144 1718 1153 1732 ‚
1173 1694 1237 1724 Ab·

172 1734 329 1772 batiarum',
348 1719 543 1773 Prioratuum,
561 1734 764 1774 Hospitalium‚
781 1733 978 1774 Capellarum,
992 1732 1032 1776 &t
1038 1733 1153 1775 aliarum
1170 1732 1237 1763 Do-

172 1781 287 1803 morum
310 1773 515 1812 Religiosarum
531 1798 541 1810 ‚
569 1772 684 1804 VVardis
696 1796 707 1811 ‚
733 1771 891 1809 Maritagiis
904 1793 914 1810 ,
934 1770 1057 1801 Relevns
1073 1795 1082 1810 ‚
1100 1770 1237 1810 Escaetis,

175 1809 299 1842 Piscariis
312 1835 322 1848 ‚
339 1811 432 1842 Parcis
444 1835 454 1851 ‚
473 1811 565 1843 Boscis
578 1835 587 1850 ,
606 1811 773 1847 Warennis‚
793 1810 879 1840 Feriis
892 1832 902 1848 ‚
920 1808 1070 1848 Mercatis,
1088 1809 1238 1841 Libertati-

175 1850 246 1888 bus,
265 1849 373 1880 Liberis
392 1850 648 1881 Consuetudinibus
662 1873 671 1888 ,
691 1849 814 1880 Servitiis
828 1872 838 1887 ,
856 1849 913 1879 tam
928 1847 1099 1878 Liberorum
1118 1848 1237 1879 Tenen-

174 1889 247 1918 tium
261 1911 270 1927 ,
286 1890 368 1928 quam
389 1888 563 1919 Nativorum
579 1912 589 1927 ,
606 1889 639 1920 δε
661 1888 794 1918 omnibus
807 1888 865 1917 aliis
884 1886 918 1917 ad
933 1886 1042 1917 dictum
1057 1885 1238 1918 Comitatum

174 1925 394 1958 Richemundiae
406 1927 646 1967 qualitercumque
660 1927 693 1958 &
709 1927 882 1964 ubicumque
902 1924 1089 1963 spectantibus
1109 1925 1165 1957 sive
1177 1935 1239 1966 per-

176 1966 346 2003 tinentibus,
366 1966 467 1997 eodem
481 1966 571 1996 modo
586 1976 660 2006 quo,
679 1965 761 1996 clarae
782 1965 931 1995 memoriae
945 1987 954 2001 ,
969 1963 1130 2003 johannes,
1148 1975 1238 2004 nuper

176 2002 246 2033 Dux
269 2004 417 2035 Britanniae
428 2028 438 2043 ,
459 2006 493 2036 δε
514 2004 624 2035 Comes
638 2004 877 2041 Richemundiae,
892 2003 1015 2033 eundem
1033 2004 1121 2034 tenuit
1135 2002 1240 2034 Comi-

175 2050 263 2073 tatum
279 2066 288 2081 ,
309 2044 453 2083 quousque
472 2043 546 2074 idem
569 2043 638 2074 Dux
658 2043 768 2074 dietum
784 2042 966 2073 Comitatum
986 2041 1022 2072 de
1037 2041 1144 2073 Monte
1159 2042 1238 2074 Forti

176 2084 378 2120 recuperaverit
411 2083 456 2112 vel
469 2082 519 2112 fibi
534 2083 615 2113 fixerit
628 2082 786 2120 restitutus,

208 2120 247 2149 lta
269 2121 347 2159 qubd
369 2106 444 2152 idem
466 2120 535 2152 Dux
555 2121 662 2152 dietum
686 2120 866 2151 Comitatum
889 2119 1112 2150 Richemundiae
1127 2143 1137 2157 ,
1164 2120 1235 2152 curn

172 2159 320 2198 praediftus
339 2158 499 2190 Comitatus
521 2159 557 2189 de
574 2160 680 2190 Monte
700 2160 777 2190 Forti
792 2183 802 2196 ,
818 2159 855 2189 sic
895 2169 925 2188 er
940 2168 1006 2188 eum
1028 2158 1246 2198 Recuperatus,-

172 2197 218 2228 vel
239 2200 263 2227 ei
286 2197 441 2228 Restitutus
459 2198 541 2228 fuerit
557 2221 566 2237 ‚
597 2198 696 2229 Nobis
714 2198 759 2229 vel
779 2197 867 2228 Haere
889 2198 949 2228 ibus
971 2196 1073 2228 nostris
1094 2197 1237 2229 dimittere

172 2244 297 2267 teneatur
312 2260 321 2275 ‚
339 2237 388 2268 nisi
409 2238 569 2268 uberiorem
583 2237 712 2268 Gratiam
729 2238 830 2276 (quam
846 2261 854 2276 ,
873 2235 1068 2266 continuando
1082 2246 1150 2266 cum
1169 2246 1236 2277 aug-

173 2283 272 2305 mento
293 2286 376 2316 penes
396 2286 448 2306 nos
469 2275 593 2306 Gestum
608 2275 792 2314 laudabilem,
806 2276 842 2306 de
855 2274 1031 2306 exuberantia
1046 2274 1146 2314 Regiae
1161 2274 1234 2308 Mu-

172 2313 438 2383 ηἰῗξςὲῗῗςΐριέὲῗε
454 2315 573 2353 poterit)
591 2314 640 2345 sibi
655 2314 802 2345 fecerimus
816 2316 845 2345 in
858 2314 911 2345 hac
924 2321 1006 2353 parte.

206 2364 300 2459 'sgiteJ
319 2376 400 2431 R’cge
421 2391 493 2432 apud
508 2390 796 2423 Westmonasterium
811 2416 821 2431 ,
837 2391 971 2422 vicesimo
987 2400 1086 2432 quarto
1104 2391 1150 2424 die
1167 2392 1237 2431 Sep-

173 2436 230 2459 tem
282 2440 296 2459 ·.

252 2440 287 2460 m
862 2471 915 2498 Per
931 2468 1012 2508 ipfima
1025 2471 1129 2506 Regem.

174 2595 232 2626 Pro
261 2592 396 2640 Epifiopo
413 2595 591 2637 Knrlioleqli
608 2593 643 2626 de
660 2594 764 2628 Vadiis
778 2602 896 2640 propter
916 2592 1116 2638 Dcfiffoncm
1134 2596 1234 2626 Mar-

525 2641 592 2675 cln'ae
611 2646 710 2676 Scotiae
720 2642 883 2688 sblvendis.

178 2729 233 2784 R
244 2727 308 2758 EX
320 2751 329 2766 ,
347 2727 454 2759 dilecto
475 2727 590 2759 Clerico
611 2727 818 2797 suo,SJohanni
832 2727 868 2758 de
882 2726 1045 2766 Thyngden
1081 2727 1237 2766 Receptori

258 2766 465 2805 Denariorum,
485 2777 537 2807 pro
554 2766 669 2797 Guerra
704 2768 787 2797 cotiae
803 2766 1003 2797 reservatorum
1042 2750 1173 2797 Salutem.

187 2842 191 2846 -
210 2801 291 2846 Cum
313 2815 400 2844 nuper
420 2814 550 2836 tenemur
585 2805 745 2836 Venerabili
758 2805 832 2835 Patri
865 2804 991 2843 johanni
1003 2789 1146 2844 sspiscopo
1162 2804 1236 2835 Kar-

175 2840 233 2885 holi
254 2844 286 2873 in
312 2844 482 2911 Quingentis
496 2845 528 2875 ὃς
540 2830 576 2875 Vi
599 2845 648 2874 inti
663 2844 696 2874 ὃς
709 2853 817 2874 novem
834 2828 944 2882 LibriS,
962 2843 996 2873 &
1012 2843 1146 2882 Qiatuor
1162 2844 1236 2874 Soli-

177 2879 235 2918 dis,
253 2891 305 2919 pro
355 2882 421 2912 adiis
443 2882 495 2912 suis
507 2883 540 2913 ὃ(
555 2853 721 2912 PFominum
737 2882 866 2920 suorum,
884 2881 981 2912 secum
997 2881 1076 2919 super
1088 2881 1160 2913 salva
1174 2881 1235 2913 Cu·

178 2917 271 2950 stedia
292 2919 432 2950 Marchiae
450 2920 559 2956 Scotiae
577 2930 665 2960 nuper
685 2921 929 2951 commorantium
944 2944 953 2958 ‚
986 2928 1069 2958 prout
1093 2928 1142 2960 per
1160 2920 1237 2952 Duas

177 2956 254 2987 Billas
271 2957 307 2988 de
322 2957 490 2988 Garderobzi
505 2958 601 2989 nostra
617 2959 724 2996 plenius
739 2960 840 2997 poterit
854 2967 1004 2998 apparere,

208 2995 366 3036 Didiusque
387 2996 540 3034 Episcopus
558 2998 639 3027 nobis
650 2997 842 3035 supplicaverit
855 3007 900 3036 ut,

209 3033 290 3064 Cum
311 3035 366 3073 ipse
386 3036 416 3065 in
439 3035 621 3073 Obsequium
641 3036 769 3066 nostrum
786 3061 795 3074 ‚
828 3045 934 3074 quanto
956 3036 1095 3074 potentius
1117 3038 1236 3076 poterit,

171 3072 207 3102 ad
228 3081 317 3110 partes
339 3073 480 3104 Marchiae
522 3074 642 3104 raedietae
664 3082 770 3111 paratus
783 3075 815 3105 sit
831 3073 991 3113 proficisci,
1014 3075 1048 3105 ad
1065 3076 1234 3107 morandum

173 3111 279 3153 ibidem
301 3112 330 3141 in
351 3112 496 3142 Auxilium
544 3111 690 3143 efenfionis
703 3115 823 3152 partium
839 3113 1018 3151 earumdem,
1038 3114 1075 3143 ita
1088 3115 1167 3151 quod
1184 3115 1234 3145 sibi

172 3160 229 3186 Jarn
245 3149 281 3180 de
297 3149 435 3181 Ducentis
450 3151 561 3190 Libris,
580 3151 615 3181 de
631 3150 751 3181 Summa
766 3151 899 3190 praedista
914 3151 1032 3182 satisfieri
1047 3151 1197 3193 faciamus,

209 3186 335 3218 Velimus
347 3190 373 3218 ei
384 3189 470 3220 dietas
491 3189 637 3219 Ducentas
653 3189 752 3219 Libras
763 3190 831 3220 solvi
843 3191 954 3227 jubere3

208 3225 293 3264 Nos,
319 3236 353 3258 ex
372 3228 451 3258 causa
469 3228 620 3265 praedioli,
644 3228 769 3258 volentes
789 3229 847 3266 ejus
867 3228 1070 3266 Supplicationi
1111 3230 1236 3261 ratiosuis

170 3274 294 3295 annuere
315 3267 344 3295 in
365 3265 418 3296 hac
440 3275 531 3305 parte,
549 3267 630 3297 vobis
651 3267 815 3297 mandamus
856 3267 916 3297 uod
931 3266 1021 3297 eidem
1034 3266 1088 3304 Epi
1099 3277 1176 3308 copo
1190 3269 1235 3299 di—

171 3303 230 3333 stas
250 3303 394 3334 Ducentas
411 3303 526 3343 Libras,
544 3305 579 3335 de
601 3303 747 3343 Denariis,
764 3305 800 3336 de
857 3304 930 3342 oni,
948 3315 1036 3345 nuper
1059 3307 1142 3336 nobis
1161 3317 1233 3337 con-

173 3341 248 3372 cessa
269 3343 338 3372 ultra
358 3342 516 3381 Trentam,
531 3343 567 3374 de
588 3342 687 3374 Primo
711 3344 799 3374 Anno
813 3342 1010 3373 Conceffionis
1024 3344 1148 3380 ejusdem
1163 3355 1232 3383 pro-

173 3381 351 3410 venientibus
383 3391 435 3421 pro
454 3381 527 3411 dieta
551 3380 663 3411 Guerra
676 3382 779 3413 Scotiae
790 3383 944 3417 reservam,
962 3383 1007 3412 vel
1020 3383 1055 3412 de
1071 3381 1172 3421 Lanis,
1187 3384 1230 3414 lo-

173 3427 213 3448 co
232 3419 316 3449 dietae
336 3404 452 3456 leonae,
470 3419 504 3450 de
524 3419 657 3450 Secundo
679 3420 768 3450 Anno
780 3419 980 3451 Conceffionis
991 3420 1128 3460 ejusdem,
1147 3422 1231 3453 nobis

174 3456 328 3495 concessu,
347 3467 398 3497 pro
418 3457 516 3488 eadem
538 3457 649 3488 Guerra
667 3460 799 3489 ordinatis
817 3459 855 3493 (fi
867 3458 904 3488 de
916 3458 994 3489 dieta
1010 3457 1120 3498 Nona,
1138 3459 1174 3490 de
1187 3461 1230 3490 di-

173 3494 225 3524 eto
246 3494 344 3525 Primo
364 3496 468 3535 Anno,
488 3496 537 3526 sibi
554 3495 671 3526 satisfieri
684 3507 741 3527 non
753 3497 874 3537 poterit)
895 3497 1017 3533 solvatis-5
1037 3498 1128 3537 aliquo
1142 3498 1230 3530 Man-

173 3532 241 3562 dato
254 3533 368 3573 nostro,
386 3534 468 3565 vobis
482 3535 511 3564 in
525 3536 698 3565 contrarium
711 3536 837 3574 dire&o,
852 3545 912 3565 non
928 3535 1069 3566 obstante:

198 3570 249 3613 'Et
270 3571 348 3602 Billas
369 3572 514 3610 praedictas
534 3575 570 3604 de
589 3573 671 3603 dietis
690 3574 829 3605 Ducentis
851 3573 942 3604 Libris
962 3573 1124 3613 Indorsetis3
1142 3575 1231 3607 Reci-

176 3616 282 3646 pientes
295 3611 329 3639 ab
344 3621 379 3640 eo
395 3610 495 3641 Literas
508 3611 563 3641 suas
578 3612 799 3652 Acquietantiae,
818 3612 999 3643 Solutionem
1013 3612 1150 3643 dictarum
1165 3613 1232 3645 Du—

178 3655 322 3677 centarum
337 3648 485 3679 Librarum
498 3649 712 3687 Testifican1033

175 3718 197 3750 h
213 3683 254 3750 ξπ
277 3696 341 3753 ηὲς,
353 3688 434 3717 vobis
448 3688 531 3727 inde,
549 3690 577 3718 in
591 3687 741 3726 Compoto
755 3689 867 3727 vestro,
885 3688 1009 3719 debitam
1024 3688 1233 3721 Allocationem

198 3730 212 3750 a
233 3731 277 3752 ere
317 3734 430 3756 ciemus.

179 3757 306 3828 κη’ξξῖίίξῗ
324 3762 403 3802 Rege
420 3764 494 3803 apud
517 3764 822 3805 westmonasterium,
841 3765 976 3797 Vlcefimo
988 3766 1090 3805 quinto
1104 3766 1149 3799 die
1163 3766 1234 3806 Sep-

608 3843 661 3873 Per
677 3844 770 3873 Breve
788 3844 819 3872 de
839 3825 957 3874 Privato
976 3842 1074 3882 sigillo.

1387 458 1430 488 uia
1450 458 1582 499 Treuga,
1598 459 1670 489 inter
1691 458 1827 497 Alligatos
1847 457 1960 496 nostros
1978 456 2011 487 &
2032 455 2088 488 ΑΠ’
2108 464 2166 488 atos
2182 457 2340 488 Adversarii
2356 466 2386 489 Ε.
2408 473 2434 500 3.

1277 492 1366 524 nostri
1412 497 1514 527 ranciae
1526 520 1536 535 ,
1561 497 1671 537 pridem
1691 498 1758 528 inita
1774 520 1784 535 ,
1799 497 1859 535 jam
1878 495 1920 526 est
1939 494 2024 535 usque
2045 495 2085 527 Fe
2177 495 2341 528 Nativitatis
2355 500 2477 531 Alcman.

1278 531 1376 563 Santsti
1385 533 1523 577 ⁴Iohannis
1537 535 1668 573 Baptistae
1682 537 1816 574 proximo
1829 535 1954 565 futurum
1971 543 2137 574 prorogata,
2360 548 2404 575 ¹5.
2412 544 2442 569 E.
2451 532 2487 577 3:

1318 571 1337 589 ²*
1352 571 1423 602 Tibi
1442 574 1622 612 praecipimus
1645 575 1723 612 quod
1740 575 1885 618 Treugam
1905 572 1997 610 illam,
2020 582 2071 610 per
2091 581 2183 605 totam
2204 573 2337 605 Ballivarn
2357 587 2393 606 m.
2410 587 2439 614 7,

1279 615 1374 648 tuam,
1389 611 1419 640 in
1433 611 1543 651 fingulis
1555 611 1697 643 Portubus
1710 615 1744 645 ὃς
1758 613 1861 651 Locis,
1880 612 1929 642 ubi
1944 611 2073 649 expedire
2086 613 2203 652 videris,
2218 613 2279 644 tarn
2293 613 2339 643 in·
2355 616 2410 644 dor.

1280 646 1320 677 fra
1342 648 1516 690 Libertatoe,
1535 650 1622 687 quarn
1643 659 1736 690 extra,
1753 651 1868 690 publice
1886 650 2073 688 proclamari,
2090 650 2124 681 &
2143 650 2227 691 usque
2243 651 2278 682 ad
2294 652 2339 682 di-
2359 653 2492 686 *Vasa
2553 651 2559 665 ¹

1280 686 1363 717 etum
1384 687 1501 719 Festum
1520 687 1660 719 observari
1680 689 1778 730 facias,
1804 690 1853 721 nisi
1871 688 1945 720 aliud
1964 688 2031 720 inde
2051 688 2167 721 interim
2184 690 2345 722 duxerimus

1279 724 1526 764 demandandum3

1319 763 1358 794 Et
1379 764 1437 795 hoc
1454 765 1608 795 nullatenus
1622 766 1743 797 omittas.

1280 801 1407 872 tegglsse
1422 803 1505 844 Rege
1518 803 1590 842 apud
1606 803 1895 838 Westmonasterium
1903 830 1914 846 ,
1931 805 2067 838 viccfimo
2079 805 2198 845 septimo
2211 806 2258 838 die
2271 805 2343 846 Sep-

1398 865 1405 871 ·
1937 885 1991 913 Per
2004 883 2085 923 iplt'am
2099 886 2202 922 Regem.

1282 955 1393 987 Eodem
1421 957 1512 988 modo
1539 959 1705 990 mandatum
1724 958 1766 990 est
1786 958 1896 999 fingulis
1914 958 2140 993 vicecomitibus
2161 958 2318 999 subscriptis
2332 982 2343 998 ³

1596 998 1646 1029 sub
1668 997 1766 1029 eadem
1785 998 1866 1037 data;
1883 997 2032 1036 videlicet,

1870 1069 2026 1097 Vite-comiti
2041 1064 2134 1106 Effi’x.

1870 1109 1900 1136 V
1900 1109 2027 1136 icecomiti
2040 1103 2136 1143 Norffi
2151 1103 2190 1140 ὁ·
2202 1105 2269 1145 suff

1871 1148 1900 1175 V
1900 1148 2027 1175 icecomiti
2043 1141 2167 1173 Lincoln.

1868 1186 1898 1213 V
1898 1186 2024 1213 icecomiti
2038 1181 2169 1211 Ehorum.

1872 1224 1901 1252 V
1900 1224 2026 1253 icecomiti
2041 1219 2226 1250 Northumbr.

1318 1068 1347 1097 V
1348 1069 1473 1096 icecomiti
1490 1066 1590 1106 Suffix.

1320 1108 1348 1134 V
1349 1109 1475 1136 icecomiti
1495 1106 1684 1145 Suthamftton,

1318 1147 1347 1173 V
1348 1148 1473 1174 icecomiti
1487 1143 1596 1183 Somers
1611 1144 1649 1182 ό·
1665 1143 1749 1184 Dorfi

1318 1185 1347 1211 V
1348 1186 1474 1213 icecomiti
1491 1187 1601 1213 Devon.

1316 1223 1345 1251 V
1346 1226 1472 1252 icecomiti
1486 1221 1634 1252 cornubia.

1314 1358 1363 1389 De
1387 1357 1508 1389 Statuto
1538 1355 1715 1388 Revocando
1739 1383 1749 1398 ‚
1784 1355 1866 1402 quod
1889 1355 2048 1390 Voluntare
2072 1357 2160 1403 Regis
2178 1361 2321 1403 gratuita

1699 1417 1756 1438 non
1772 1403 1914 1452 proceffit.

1278 1490 1367 1549 RE
1378 1491 1409 1523 X
1429 1491 1602 1523 Viceco‘miti
1616 1491 1748 1523 Lincoln.
1760 1492 1894 1524 Salutem.
2358 1487 2434 1519 Ann-
2451 1488 2494 1521 D-

1389 1530 1471 1561 Cum
1493 1532 1521 1561 in
1542 1530 1733 1563 parliamento
1753 1531 1869 1571 nostro,
1893 1531 1966 1570 apud
1987 1530 2295 1570 Westmonasterium,
2311 1532 2340 1563 in
2377 1536 2461 1568 134¹-

1278 1567 1433 1607 Qiindena
1454 1569 1586 1608 Paschae,
1610 1571 1746 1610 proximo
1788 1571 1926 1608 raeterira,
1943 1578 2041 1609 tento,
2064 1570 2180 1608 quidam
2201 1570 2342 1610 Articuli,
2358 1568 2412 1594 ³¹1-
2431 1577 2473 1603 ¹5·

1277 1606 1402 1647 Legibus
1420 1609 1453 1639 &
1476 1607 1738 1640 Consuetudinibus
1789 1611 1854 1649 egni
1875 1608 1964 1640 nostri
1986 1609 2116 1648 Angliae‚
2134 1607 2340 1678 acdluribus&
2360 1610 2389 1633 Ε·
2406 1614 2431 1642 3·

1276 1648 1465 1687 praerogativis
1487 1647 1587 1678 nostris
1608 1647 1706 1687 Regiis
1745 1648 1869 1689 expresse
1889 1648 2041 1687 contrarii,
2065 1655 2172 1686 praeten
2192 1656 2273 1679 antur
2293 1658 2342 1689 per
2357 1643 2492 1680 claufirf.

1277 1684 1399 1753 mogum
1413 1685 1514 1717 Statuti
1528 1696 1578 1726 per
1592 1696 1644 1717 nos
1658 1671 1737 1717 fuiss²e
1749 1686 1892 1726 concessi,
2357 1687 2391 1758 ξ·
2412 1693 2437 1720 3-

1350 1734 1397 1762 03,
2377 1744 2383 1750 .
2401 1731 2428 1749 2.

1313 1761 1528 1794 considerantes
1545 1764 1660 1803 qualiter
1671 1764 1705 1795 ad
1719 1764 1943 1796 observationem
1957 1765 1991 1796 &
2005 1763 2200 1796 defensionem
2334 1788 2344 1803 ,

1276 1798 1544 1840 Consuetudinum,
1558 1802 1691 1842 Jurium,
1708 1804 1742 1835 ὃς
1757 1802 2016 1843 Ρῑαετοςεῑίναωω
2036 1804 2198 1842 hujusmodi
2211 1829 2222 1844 ,
2239 1815 2254 1835 a
2298 1804 2347 1836 'eh‘

1277 1837 1371 1871 sumus
1391 1841 1511 1872 vinculo
1523 1841 1689 1880 juramenti,

1316 1877 1352 1923 Et
1373 1879 1495 1919 proinde
1520 1879 1647 1911 volentes
1666 1890 1698 1912 ea
1714 1903 1724 1920 ,
1742 1891 1807 1921 quae
1827 1882 1864 1914 [ιε
1889 1880 1960 1912 fiunt
1977 1880 2155 1921 improvide,
2175 1881 2212 1912 ad
2229 1881 2341 1913 Statum

1276 1914 1405 1948 debitum
1420 1928 1571 1958 revocare,
2195 1926 2199 1929 ’

1312 1955 1402 1995 Super
1421 1957 1479 1989 hoc
1502 1968 1570 1989 cum
1591 1957 1756 1990 Comitibus
1776 1959 1809 1990 ὅτ.
1828 1958 2000 1996 Batonibus,
2017 1968 2051 1990 ac
2071 1958 2170 1989 Peritis
2190 1957 2248 1989 aliis
2268 1958 2338 1990 dieti

1275 1993 1305 2025 R
1342 1997 1371 2026 ni
1384 1996 1473 2027 nostri
1511 1996 1671 2028 Consilium
1682 1998 1831 2029 habuimus
1845 1998 1879 2029 &
1892 1997 2061 2035 tractatum,

1337 2042 1348 2065 t
1396 2036 1441 2066 uia
1468 2020 1596 2067 fiditioni
1618 2036 1718 2067 Statuti
1737 2037 1864 2075 praetensi
1884 2044 2031 2074 nunquam
2051 2033 2259 2074 consensimus,
2284 2034 2339 2072 set,

1275 2074 1376 2109 praemi
1401 2084 1423 2104 is
1446 2073 1700 2107 Protestationibus
1715 2075 1750 2106 de
1771 2074 1937 2106 revocando
1958 2073 2072 2105 dictum
2093 2073 2234 2104 Statutum
2251 2074 2290 2112 (fi
2303 2074 2341 2105 de

1274 2111 1354 2143 facio
1375 2113 1560 2152 procederet)
1580 2115 1614 2146 ad
1632 2113 1798 2146 evitandum
1813 2113 1942 2145 Pericula
1956 2122 2021 2152 quae
2035 2122 2068 2144 ex
2083 2112 2166 2150 ipfius
2178 2113 2342 2151 denegatio-

1274 2160 1310 2180 ne
1333 2159 1402 2182 tunc
1426 2152 1597 2184 timebantur
1616 2154 1765 2193 provenire
1789 2153 1885 2191 (curn
1904 2152 2014 2183 dietum
2038 2150 2257 2182 Parliamentum
2277 2151 2342 2182 alias

1273 2189 1367 2221 fuisset
1390 2190 1445 2221 sme
1459 2191 1648 2230 Expeditione
1659 2191 1749 2231 aliqua
1763 2193 1792 2222 in
1805 2189 1946 2222 discordia
1961 2190 2142 2229 dissolutum,
2157 2190 2192 2221 ὃς
2205 2190 2242 2220 fic
2255 2189 2340 2221 ardua

1273 2227 1309 2258 N
1345 2230 1402 2260 otia
1419 2229 1514 2261 nostra
1537 2230 1649 2262 fuissent
1670 2230 1768 2270 (quod
1788 2231 1874 2266 absit)
1892 2229 2075 2260 verisimiliter
2097 2229 2124 2259 in
2145 2228 2245 2266 ruina)
2261 2227 2340 2259 diffi-

1273 2276 1303 2296 m
1333 2269 1442 2299 avimus
1462 2269 1531 2300 ficut
1550 2270 1693 2310 oportuit,
1710 2269 1744 2300 &
1759 2269 1870 2300 dietum
1884 2267 2052 2307 praetensum
2061 2267 2208 2299 Statutum
2219 2266 2340 2308 Sigillari

1271 2307 1444 2345 permisimus
1460 2308 1506 2339 illa
1516 2309 1597 2347 vice,

1309 2345 1464 2377 Videbatur
1487 2346 1570 2378 dietis
1592 2345 1757 2378 Comitibus
1768 2370 1778 2386 ,
1802 2345 1957 2378 Baronibus
1970 2368 1980 2384 ‚
2000 2345 2034 2376 &
2058 2344 2170 2384 Peritis,
2189 2344 2286 2384 quod,
2305 2354 2338 2376 ex

1271 2394 1330 2423 quo
1348 2384 1458 2415 distum
1480 2387 1647 2424 praetensum
1665 2386 1806 2417 Statutum
1825 2386 1862 2416 de
1877 2385 2020 2415 voluntate
2035 2383 2131 2414 nostra
2146 2383 2264 2421 gratuita
2278 2394 2339 2414 non

1271 2423 1418 2492 proceiffig,
1436 2424 1544 2456 nullum
1563 2433 1638 2464 erat,
1656 2424 1689 2456 &
1709 2425 1786 2464 quod
1808 2424 1933 2456 Nomen
1954 2423 2000 2454 vel
2018 2422 2092 2455 Vim
2115 2422 2216 2463 Statuti
2236 2422 2338 2453 habere

1273 2471 1332 2492 non
1366 2472 1382 2492 e
1404 2472 1463 2493 eret

1310 2499 1349 2531 Et
1366 2501 1433 2532 ideo
1453 2488 1564 2533 dictum
1585 2501 1746 2540 statutum,
1760 2501 1796 2532 de
1817 2501 1941 2540 ipsorum
1960 2500 2080 2532 consilio
2095 2500 2130 2531 &
2147 2497 2270 2536 assensu,
2287 2497 2337 2542 de-

1272 2540 1416 2570 crevimus
1430 2541 1486 2571 esse
1501 2541 1626 2580 nullum,
1644 2542 1677 2573 &
1694 2540 1779 2579 illud,
1798 2549 1933 2579 quatenus
1946 2539 1983 2570 de
1995 2538 2074 2569 facto
2087 2535 2238 2575 proceffit,
2257 2536 2339 2567 duxi-

1272 2587 1335 2608 mus
1353 2578 1572 2618 adnullandum3

1312 2615 1446 2648 Volentes
1463 2625 1559 2648 tamen
1581 2616 1661 2656 quod
1684 2616 1821 2654 Articuli,
1841 2617 1871 2646 in
1891 2612 2125 2658 dieto-praetenso
2138 2612 2250 2644 Statuto
2265 2622 2338 2644 con-

1272 2656 1360 2693 tenti,
1378 2657 1427 2693 qui
1441 2665 1490 2693 per
1504 2656 1556 2686 alia
1570 2656 1675 2686 Statura
1690 2654 1784 2684 nostra
1796 2653 1840 2684 vel
1857 2653 2079 2692 Progenitorum
2095 2651 2260 2682 nostrorum
2275 2651 2338 2682 Re—

1272 2701 1342 2731 gum
1363 2694 1479 2730 Angliae
1501 2693 1563 2724 sunt
1583 2694 1660 2732 prius
1678 2692 1842 2730 approbati,
1856 2692 1935 2730 juxta
1949 2691 2071 2720 formam
2084 2689 2229 2720 di&0rum
2245 2690 2339 2721 Statu-

1272 2739 1387 2769 torum‚
1405 2733 1435 2760 in
1456 2732 1607 2770 omnibus,
1625 2739 1709 2769 prout
1730 2731 1884 2768 convenit,
1902 2729 2101 2767 observentur,
2120 2729 2154 2759 &
2175 2728 2233 2758 hoc
2246 2727 2338 2759 solum

1272 2769 1307 2799 ad
1330 2768 1584 2800 Conservationem
1604 2770 1638 2800 &
1659 2768 1946 2806 Redintegrationem
1958 2767 2071 2806 Jurium
2091 2766 2220 2798 Coronae
2234 2767 2339 2798 nostrae

1272 2807 1390 2837 facimus
1421 2816 1451 2838 ut
1470 2816 1602 2838 tenemur
1616 2831 1625 2847 ‚
1659 2817 1719 2838 non
1747 2815 1839 2838 autem
1861 2815 1892 2837 ut
1911 2805 2045 2837 Subditos
2065 2805 2177 2836 nostros
2199 2806 2290 2844 (quos
2308 2807 2339 2836 in

1273 2845 1490 2877 Mansuetudine
1508 2855 1603 2886 regere
1626 2846 1773 2884 cupimus)
1793 2846 1987 2885 opprimamus
2009 2845 2162 2884 aliqualiter
2175 2845 2219 2876 vel
2237 2854 2341 2883 grave-

1272 2894 1353 2923 mus,

1311 2923 1347 2953 Ei
1370 2923 1437 2954 ideo
1457 2924 1507 2953 tibi
1529 2924 1707 2963 praecipimus
1725 2923 1806 2962 quod
1823 2923 1887 2953 haec
1907 2922 2006 2953 omnia
2025 2923 2054 2953 in
2068 2922 2156 2960 locis,
2174 2921 2246 2953 infra
2257 2921 2340 2954 Balli-

1272 2971 1340 2992 vam
1357 2970 1452 3000 tuam,
1469 2962 1519 2992 ubi
1533 2963 1664 3001 expedire
1674 2962 1789 3000 videris,
1808 2962 1922 2999 publice
1937 2961 2021 2992 facias
2034 2960 2213 2999 proclamari.

1310 2999 1400 3032 Teste
1414 2999 1497 3040 Rege
1510 3001 1582 3040 apud
1597 3000 1889 3033 Westmonasterium
1898 3023 1908 3040 ,
1923 3001 2017 3040 pn'mo
2030 3001 2077 3031 die
2090 2998 2237 3029 Octobris.

1726 3080 1780 3108 Per
1793 3076 1874 3116 ipfitm
1889 3079 1985 3114 Regem
1998 3074 2037 3111 ὠ·
2051 3073 2206 3105 Concilium.

1270 3155 1479 3234 gliconfimffla
1508 3154 1609 3188 Brevia
1632 3156 1788 3195 diriguntur
1817 3153 1926 3193 fingulis
1954 3151 2181 3184 vicecomitibus
2202 3161 2251 3190 per
2273 3151 2335 3182 An-

1311 3204 1365 3225 am.

1270 3343 1319 3375 De
1344 3338 1488 3374 Navibus
1512 3336 1694 3381 arestandis,
1717 3348 1772 3384 pro
1801 3336 1935 3384 Paffizgio
1964 3338 2153 3383 Magnarum
2178 3334 2222 3368 ad
2232 3345 2334 3382 partes

1726 3389 1899 3420 Britannia.

1271 3473 1357 3530 RE
1367 3473 1397 3504 X
1417 3471 1565 3504 Univerfis
1577 3472 1609 3503 ὃ(
1624 3472 1663 3503 fin
1683 3472 1733 3503 ulis
1745 3471 1991 3510 Vicecomitibus,
2012 3469 2186 3508 Maioribus,
2201 3468 2329 3506 Ballivis,
2345 3476 2420 3508 Arm,
2437 3477 2477 3508 D¹

1342 3511 1499 3550 Ministris,
1515 3513 1548 3542 &
1570 3511 1626 3541 aliis
1674 3511 1790 3542 idelibus
1807 3512 1874 3549 suis,
1891 3513 1948 3541 tam
1963 3509 2035 3541 infra
2051 3510 2222 3547 Libertatae,
2240 3507 2328 3546 quam
2376 3525 2461 3556 1341,

1271 3559 1365 3590 extra,
1381 3552 1415 3582 ad
1430 3560 1518 3591 quos,
1541 3550 1602 3580 &c.
1621 3550 1758 3581 Salutem.
2347 3558 2400 3582 An.
2420 3566 2463 3591 15·

1309 3590 1406 3621 Sciatis
1424 3588 1504 3627 quod
1524 3586 1570 3618 aff
1627 3590 1742 3627 vimus,
1765 3588 1901 3620 dilestum
1920 3588 1940 3607 *³
1955 3586 2130 3618 Servientem
2147 3584 2277 3616 nostrum
2297 3581 2331 3614 ad
2346 3596 2376 3619 E.
2398 3604 2423 3630 3-

1272 3628 1360 3658 Arma
1373 3627 1536 3658 Robertum
1548 3598 1778 3665 Cllbaumberleyn
1789 3627 1823 3657 ad
1837 3624 2015 3670 arestandum
2028 3635 2128 3656 omnes
2140 3623 2241 3654 Naves
2275 3630 2329 3659 pro
2348 3631 2466 3659 Aleman.

1274 3666 1403 3705 Passagio
1419 3666 1590 3705 Magnarum
1605 3666 1639 3696 δε
1651 3666 1770 3696 aliorum
1786 3663 1924 3696 Fidelium
1938 3662 2099 3708 nostrorum
2118 3665 2207 3707 (quos
2221 3645 2256 3704 ad'
2265 3668 2327 3727 er-
2350 3679 2393 3697 η,
2407 3675 2436 3698 E.
2454 3680 2477 3706 3·

1273 3713 1312 3735 tes
1326 3705 1473 3736 Britanniae
1485 3706 1515 3735 in
1529 3703 1704 3743 Obsequium
1718 3702 1848 3734 nostrum
1859 3713 1914 3747 pro
1929 3701 2041 3746 diverfis
2055 3699 2252 3744 urgentiffimis
2301 3706 2330 3726 e·
2349 3718 2385 3735 m,
2398 3719 2426 3744 5·

1292 3745 1354 3774 otiis
1368 3742 1469 3773 nostris
1482 3742 1588 3773 missuri
1602 3743 1710 3778 sumus)
1726 3751 1800 3780 aptas
1814 3742 1843 3772 in
1858 3741 1967 3780 lingulis
1980 3739 2121 3771 Portubus
2134 3737 2331 3769 Comitatuum
2352 3746 2408 3775 arv,
2417 3746 2481 3782 ²83·

1273 3752 1450 3813 lSornersetiae
1463 3783 1497 3813 &
1510 3780 1667 3820 Dorsetiae,
1682 3782 1742 3812 tam
1757 3781 1828 3811 infra
1843 3780 2014 3816 Libertates,
2032 3779 2118 3818 quam
2130 3785 2204 3807 extra

1309 3819 1347 3851 Et
1367 3820 1401 3850 ad
1423 3821 1531 3850 easdem
1552 3818 1653 3850 Naves
1673 3819 1709 3850 de
1730 3818 1843 3850 Guerra
1860 3817 1966 3849 arraiari
1978 3817 2012 3847 &
2025 3816 2145 3853 muniri,
2161 3814 2193 3844 &
2208 3797 2277 3856 Eas,
2294 3813 2331 3843 fic

1273 3858 1348 3889 bene
1369 3858 1505 3889 Arraiatas
1522 3858 1556 3889 &
1578 3856 1704 3888 Munitas
1726 3857 1810 3897 usque
1832 3857 1953 3888 Portum
1971 3856 2007 3886 de
2021 3850 2199 3896 Portesinuth
2214 3851 2279 3895 duci
2292 3851 2333 3882 fa-

1273 3896 1423 3932 ciendum5
1442 3898 1479 3927 ita
1494 3896 1574 3935 quod
1589 3896 1641 3926 sint
1655 3895 1781 3934 ibidem,
1800 3896 1870 3926 citra
1883 3894 2009 3925 Odiabas
2023 3891 2119 3937 Sars&
2134 3888 2251 3934 Martini
2265 3899 2332 3928 pro-

1273 3935 1355 3965 ximo
1367 3935 1470 3966 futuras
1483 3935 1518 3966 ad
1532 3936 1682 3972 ultimum,
1700 3934 1734 3966 ad
1748 3929 2112 3975 proficiscendum-exmdffi
2128 3927 2163 3972 ad
2177 3927 2266 3972 Vadm
2280 3937 2333 3957 no-

1274 3972 1344 4012 stra,
1361 3982 1430 4004 cum
1450 3973 1534 4004 dietis
1556 3972 1610 4004 Ma
1649 3973 1753 4011 atibus,
1769 3973 1803 4004 &
1824 3972 1882 4004 aliis
1903 3968 2044 4002 Fidelibus
2065 3965 2182 4006 nostris,
2199 3977 2229 3997 in
2242 3965 2334 3998 Obse-

1272 4012 1371 4051 quium
1383 4011 1512 4043 nostrum
1525 4011 1572 4053 sup
1621 4011 1710 4044 istum
1725 4021 1732 4041 :
2228 4042 2336 4074 names
