2562 4279
204 192 211 206 ¹
783 195 900 238 ET
984 193 1258 236 ACTA

63 280 142 312 Arm.
153 277 193 309 D.
216 289 266 318 per
282 279 455 320 Malivolos,
475 282 502 312 in
517 282 709 319 contrarium,
726 280 828 312 vestrae
842 281 948 321 suggeri
968 281 1120 317 contigerit
1135 278 1272 309 Sanctita-

90 326 176 358 1330.
214 320 252 357 ti,
271 319 357 350 fidem
371 321 491 359 aliquam
505 320 663 359 hujusmodi
679 329 778 349 eorum
795 320 938 350 Relatibus
952 329 1011 348 non
1026 318 1159 355 praebere.

62 358 129 386 zdv.
143 366 170 393 3-
253 357 397 389 Mittimus
410 368 501 390 autem
512 360 547 389 ad
561 358 662 389 vestrae
673 358 832 388 Sanctitatis
846 358 1019 396 praesentiam
1028 379 1037 394 ,
1054 355 1193 386 dilectum
1203 353 1273 397 Cle-

213 396 304 426 ricum
328 397 457 427 nostrum
477 420 486 432 ‚
511 397 680 436 Magistrum
700 396 863 433 Johannem
885 393 1157 432 Walewayn,Ju1·is
1171 391 1272 435 Civilis

214 434 407 465 Profefforem
458 434 643 465 Canonicum
664 433 858 471 Herefordiae‚
878 434 926 470 qui
941 431 1062 463 vestram
1079 430 1271 461 Clementiam

214 472 293 510 super
315 458 460 510 praemiiiis
474 496 483 512 ‚
504 475 538 504 &
560 483 591 503 ea
610 473 802 511 tangentibus,
820 471 944 508 plenius,
964 469 984 499 fi
1001 470 1099 512 libeat,
1118 469 1274 512 informare

214 511 319 547 poterit
334 521 385 542 ore
399 519 500 549 tenus,
531 512 578 542 cui
593 512 622 540 in
640 510 767 540 dicendis
790 509 875 539 fidem
893 507 1037 538 credulam
1053 508 1209 545 dignemini
1225 506 1274 536 ad-

214 549 330 587 hibere,
349 550 439 587 ipsum
462 560 510 586 ue,
528 548 616 579 nostri
629 547 869 584 contemplatione
881 568 892 584 ‚
909 546 1013 576 habete
1028 547 1059 575 in
1072 546 1274 583 oportunitati-

215 586 268 616 bus
284 589 402 624 paternis
414 598 430 618 a
455 587 562 617 cetibus
576 585 819 618 commendatum.

253 624 412 658 Conservet
425 635 492 663 VOS,
511 626 570 656 &c.

254 700 322 732 Dat.
341 701 416 740 apud
430 701 596 741 Redyngee,
612 699 748 732 vicefimo
765 706 865 737 quarto
877 698 923 730 die
938 698 1046 731 Martii.

64 825 85 847 η
102 828 155 854 lv,
465 823 493 850 ²1&
518 819 577 855 Ad
592 818 766 852 Cardinales
783 818 819 852 de
839 819 1007 854 Credentia.

62 874 143 932 ‘Kisa
155 902 195 933 D.
218 909 429 971 VEnerabffi
450 908 479 950 ³13
499 903 618 935 Christo
640 904 741 948 Patri,
768 904 902 949 Domino
919 904 964 935 N.
982 905 1040 950 Det
1055 905 1140 944 gratia
1174 904 1270 936 saneti

85 949 170 980 1330.
301 948 414 978 Adriani
433 945 570 975 Diacono
590 942 734 986 Cardinali
747 968 757 982 ,
783 944 890 974 Amico
909 943 958 974 suo
977 944 1133 987 canffimo,
1145 930 1270 987 ²Edwar-

62 983 116 1007 An-
130 991 159 1016 4·
214 987 281 1025 dus,
303 986 401 1016 eadem
416 982 517 1022 gratia,
536 981 601 1012 Rex
615 981 743 1020 Angliae,
763 982 824 1012 &c.
840 982 963 1013 Salutem
978 1005 989 1021 2
1014 984 1047 1015 &
1072 986 1186 1013 iincerae
1200 981 1270 1012 dile-

61 1022 92 1045 E.
114 1028 140 1055 3·
215 1025 315 1056 &ionis
328 1022 474 1053 affectum.

62 1060 133 1083 Rom.
148 1066 176 1092 4·
251 1062 307 1092 Pro
330 1060 494 1099 quibusdam
517 1059 634 1098 negotiis
648 1081 658 1097 ‚
682 1068 747 1097 quae
771 1068 854 1096 penes
869 1058 937 1089 Nos
953 1060 1067 1090 noviter
1079 1059 1269 1097 emerserunt,

61 1098 92 1122 E.
104 1104 117 1131 3
131 1105 195 1132 ⁷²³5-
212 1099 344 1131 Domino
357 1099 481 1129 Summo
492 1097 646 1134 Pontifici,
672 1097 705 1127 &
726 1098 808 1127 vobis
831 1098 913 1127 etiam
931 1122 941 1135 ,
958 1108 1010 1128 ore
1024 1107 1104 1128 tenus
1123 1107 1269 1135 exponen-

209 1139 252 1169 dis
265 1160 276 1177 ,
301 1135 605 1168 dile&um‹Clericum
627 1135 755 1165 nostrum
803 1135 1148 1204 MagistrumI-gohannem
1170 1135 1270 1165 Wale-

208 1186 308 1215 wayn,
323 1175 398 1214 Juris
407 1175 505 1206 Civilis
521 1173 713 1204 Professorem
729 1197 738 1212 ,
758 1158 941 1204 Canonicum
997 1174 1142 1205 erefordiae
1158 1173 1205 1211 (de
1218 1183 1270 1203 cu-

204 1215 248 1254 jus
266 1214 521 1253 circumspetfftione
540 1214 573 1243 ὃς
595 1211 730 1243 industria
749 1211 897 1250 specialem
923 1211 1056 1244 fiduciam
1077 1211 1265 1250 reportamus)

211 1253 246 1284 ad
260 1263 314 1283 vos
327 1253 455 1283 duximus
469 1251 679 1289 destinandum3

245 1291 443 1322 paternitatem
460 1289 580 1320 vestram
593 1297 753 1326 exorantes,
771 1289 899 1326 quatinus
914 1289 1006 1319 eidem
1020 1288 1161 1327 johanni,
1179 1289 1208 1318 in
1224 1287 1269 1318 di-

208 1330 320 1368 cendis,
338 1329 424 1360 fidem
438 1329 560 1368 praebere
571 1328 659 1358 velitis
672 1327 834 1365 indubiam,
849 1325 1014 1365 ipsumque,
1030 1327 1120 1358 nostri
1135 1336 1266 1358 contem-

209 1367 352 1408 platione,
367 1368 469 1398 habere
482 1367 628 1405 oportunis
642 1365 785 1396 favoribus
799 1366 1047 1396 commendatum.

244 1444 315 1477 Dat.
333 1443 407 1482 apud
422 1442 575 1483 Redynges
585 1467 594 1481 ,
612 1442 750 1474 vicesimo
766 1450 868 1481 quarto
882 1441 928 1473 die
944 1441 1051 1473 Martii.

379 1519 494 1552 Eodem
508 1518 599 1551 modo
613 1518 741 1550 scribitur
755 1519 927 1557 subscriptis,
944 1518 1094 1556 videlicet,

245 1596 525 1645 Domino-Reymundo
547 1596 579 1626 de
593 1599 692 1633 Farges
712 1596 820 1626 Sanblae
835 1598 938 1626 Mariae
951 1596 1045 1624 Novae
1060 1596 1181 1624 Diacono
1198 1596 1265 1622 Car-

239 1635 408 1706 Docitlzilnaollss.
427 1675 533 1704 Santfi‘ae
547 1675 650 1702 Mariae
663 1675 691 1702 in
707 1672 763 1702 Via
778 1671 841 1702 latii
857 1674 977 1701 Diacono
992 1669 1141 1699 cardinali.

242 1716 358 1759 D⁰⁷.'²i⁷¹.⁰
376 1715 411 1743 G.
429 1712 571 1743 Albanen.
592 1709 714 1749 Eptfiopo
734 1713 845 1740 Domini
859 1712 959 1739 Summi
972 1707 1112 1749 Pontifici&
1126 1711 1266 1738 Paeniten-

242 1758 403 1820 ΒιξνινῗὶνηιὲῬ.
419 1789 451 1818 de
465 1791 578 1818 Mortuo
593 1789 672 1816 Mari
688 1785 765 1817 tituli
784 1785 880 1816 Sano‘li
893 1783 1023 1824 Stephani
1037 1787 1067 1815 in
1083 1783 1163 1815 Coelio
1181 1787 1266 1815 Mon-

279 1836 307 1857 te
319 1827 471 1857 Presbitero
486 1824 637 1856 cardinali.

242 1869 357 1912 Domino
380 1868 411 1895 Ρ.
433 1864 554 1904 Episcopo
574 1862 722 1904 Penestrin.
740 1864 848 1894 Sandae
866 1864 996 1892 Romame
1019 1861 1144 1903 Ecclefiae
1167 1863 1265 1892 Cardi-

241 1903 355 1973 DZZilZo
370 1940 511 1988 Gallie-Into
525 1943 605 1972 Petri
618 1939 758 1980 Sabinensi
768 1938 892 1979 Epzfiopo
907 1940 1014 1970 Sanstae
1027 1941 1155 1969 Romanae
1170 1937 1264 1968 Eccle-

239 1979 520 2086 Dgzngsrjgmssm
547 2016 625 2047 tituli
650 2017 744 2048 Saum
764 2020 914 2048 Laurentii
933 2019 962 2046 in
980 2019 1088 2046 Lucina
1111 2016 1263 2046 presbitero

301 2068 334 2086 ar
353 2068 400 2086 Ina
412 2069 431 2086 l.

203 2178 255 2211 De
270 2174 413 2211 IVavt'bns
429 2175 623 2223 providendis
639 2187 693 2223 pro
712 2176 845 2223 Paſjhgio
862 2175 1016 2224 Johannis
1034 2176 1070 2210 de
1086 2176 1213 2211 Eltham
1231 2183 1262 2212 in

624 2228 844 2272 Aquitaniam.

52 2313 130 2346 'Ann
144 2315 184 2347 D,
202 2310 317 2368 REX
334 2311 583 2348 Vicecomitibus,
604 2310 780 2352 Mnjoribus,
798 2309 953 2342 Batonibus
963 2311 1043 2350 Qiin
1066 2323 1101 2343 ue
1108 2312 1259 2352 Portuurn,

81 2363 165 2394 1330,
274 2351 308 2380 &
321 2351 458 2381 omnibus
472 2350 529 2380 aliis
543 2349 652 2380 Ballivis
667 2352 700 2379 ὅς
715 2349 854 2379 Fidelibus
870 2349 1027 2388 suis,super
1035 2322 1185 2382 Closteram
1194 2352 1261 2382 Ma-

51 2396 105 2420 An.
119 2403 147 2429 4v
202 2387 255 2424 ris,
274 2389 333 2418 tam
354 2389 425 2418 infra
448 2388 602 2419 Libertates
616 2411 626 2427 ‚
649 2388 736 2426 quam
757 2397 851 2425 eXtra,
869 2387 902 2418 ad
914 2399 986 2426 quos
999 2389 1146 2426 praesentes
1160 2390 1260 2422 litterae

51 2434 82 2458 E.
106 2441 131 2468 3,
201 2427 396 2464 pervenerint,
414 2427 546 2457 Salutem.

49 2472 109 2496 Pas,
128 2479 157 2505 4,
238 2462 335 2501 Cum,
354 2475 407 2502 pro
430 2465 628 2495 reformatione
650 2463 737 2495 status
757 2463 889 2495 Ducatsis
909 2465 998 2495 nostri
1013 2465 1191 2506 Aquitaniae,
1210 2478 1260 2498 or-

50 2510 82 2535 Ε.
103 2518 127 2544 3.
139 2514 162 2545 p.
199 2501 389 2533 dinaverimus
402 2527 411 2541 ,
440 2503 588 2534 DileStum
612 2504 645 2534 ἃ
665 2502 793 2533 Fidelem
814 2503 959 2542 nostrum,
974 2503 1139 2542 Johannem
1156 2506 1192 2536 de
1207 2506 1258 2536 El-

55 2554 79 2574 ι.
92 2547 183 2582 m.36.
199 2540 277 2570 tham
290 2564 300 2580 ,
326 2540 478 2572 Comitem
500 2541 658 2572 Cornubize
674 2564 683 2579 ,
706 2541 832 2571 Fratrem
855 2541 985 2572 nostrum
1007 2543 1179 2574 cariffimum
1193 2569 1202 2583 ,
1222 2546 1256 2575 &

199 2579 336 2616 quosdam
352 2579 419 2610 alios
431 2579 599 2618 Magnates,
617 2579 653 2610 de
666 2580 775 2616 Regno
790 2578 908 2619 nostro,
926 2581 957 2610 in
972 2580 1122 2612 Comitiva
1136 2582 1200 2622 sua>
1219 2583 1254 2614 ad

197 2625 286 2657 partes
302 2617 422 2656 ejusdem
438 2617 568 2649 Ducatsis
583 2620 611 2647 in
627 2619 708 2647 brevi
720 2617 914 2656 destinare,ac
929 2629 981 2656 pro
997 2619 1124 2659 Paffigio
1139 2631 1257 2652 eorum-

198 2654 265 2686 dem
282 2656 395 2687 Navale
409 2656 571 2687 Subsidium
584 2665 714 2694 oporteat
727 2666 780 2686 nos
795 2656 917 2694 habere;

234 2694 303 2724 Nos
315 2718 325 2732 ,
348 2694 384 2723 de
404 2694 546 2725 Fidelitate
595 2695 691 2725 dileeti
711 2694 818 2725 Clerici
833 2694 939 2732 nostri,
951 2694 1088 2734 johannis
1104 2697 1131 2728 le
1146 2697 1256 2738 Smale,

197 2731 306 2770 plenius
315 2732 488 2762 confidentes
496 2756 505 2771 ,
522 2718 717 2772 asiignavimus
730 2733 821 2770 ipsum
833 2733 867 2763 ad
879 2733 1042 2770 eligendum
1055 2736 1088 2766 δε
1103 2737 1256 2773 providen-

199 2770 269 2800 dum
279 2793 288 2808 ,
304 2772 333 2800 in
346 2770 417 2800 locis
431 2770 589 2809 praediffis,
609 2772 657 2800 ubi
672 2771 855 2802 commodius
868 2771 927 2802 fieri
942 2775 1062 2811 poterit,
1078 2773 1256 2815 Qadragin—

199 2815 227 2838 ta
243 2808 360 2847 Naves,
377 2808 413 2838 de
428 2809 590 2838 melioribus
615 2810 647 2839 &
666 2810 830 2840 fortioribus
864 2820 930 2848 quas
944 2812 1071 2842 invenire
1083 2815 1184 2851 poterit
1221 2816 1256 2846 Sc

198 2844 357 2889 adteasdem
371 2847 470 2877 Naves
491 2846 575 2884 usque
595 2846 630 2875 ad
650 2846 771 2877 Portum
785 2848 821 2877 de
835 2833 1011 2888 i‘limmuth>
1029 2860 1096 2881 cum
1111 2838 1255 2883 omni⁷ce-

197 2883 324 2926 lentate,
342 2883 398 2921 qua
411 2884 469 2914 fieri
480 2885 598 2924 poterit,
616 2883 682 2914 duci
695 2885 858 2916 faciendum
870 2911 879 2924 ,
903 2896 988 2925 prout
1006 2890 1032 2918 ei
1046 2899 1095 2926 per
1111 2889 1180 2920 Nos
1194 2891 1255 2928 ple-

197 2931 260 2952 mus
280 2921 321 2952 est
343 2923 501 2960 injunctum
518 2934 528 2960 3
547 2924 585 2952 ita
600 2923 680 2960 quod
695 2923 747 2954 sint
760 2923 866 2954 ibidem
881 2925 897 2955 a
909 2925 954 2955 die
968 2925 1099 2966 Paschae,
1118 2931 1252 2966 proximo

197 2960 312 2998 futuro,
331 2961 359 2989 in
373 2961 446 2990 Tres
464 2960 623 2998 septimanas
639 2960 673 2990 ad
687 2961 829 2991 ultimum.

235 2997 272 3028 Et
289 2998 356 3029 ideo
373 3000 472 3036 vobis,
490 3000 524 3029 ὃς
535 2998 650 3028 cuilibet
669 2998 797 3030 vestrum
819 3000 983 3032 mandamus
998 3026 1007 3040 ,
1034 3003 1150 3035 firmiter
1165 3007 1256 3045 injun-

220 3044 294 3066 entes
309 3046 323 3075 ,·
337 3038 465 3074 quatinus
485 3036 578 3066 eidem
593 3036 739 3075 johanni,
765 3039 794 3067 in
813 3038 962 3069 Electione
975 3063 985 3075 ‚
1010 3039 1176 3074 Provifione
1219 3046 1253 3076 ὃς

235 3074 348 3104 unitione
364 3074 494 3107 Navium
509 3073 707 3112 praedietarum
721 3075 807 3114 usque
820 3076 854 3107 ad
874 3077 1043 3114 praedietum
1062 3080 1161 3111 locum
1171 3104 1181 3120 ,
1191 3068 1254 3113 ’sitis

198 3112 372 3143 intendentes
385 3136 394 3151 ‚
417 3113 609 3150 consulentes,
629 3114 663 3144 &
681 3115 839 3144 auxiliantes
853 3137 862 3152 ‚
888 3117 1018 3153 quotiens
1031 3118 1065 3148 &
1079 3119 1191 3156 quando
1205 3131 1255 3158 per

199 3151 289 3188 ipsum
301 3150 464 3188 johannem
498 3151 576 3191 super
592 3152 666 3189 hoe,
684 3161 718 3182 ex
731 3161 807 3192 parte
821 3152 934 3191 nostra,
953 3154 1057 3185 fueritis
1071 3160 1255 3197 praemuniti,

199 3190 233 3220 &
254 3189 339 3233 hoe,
363 3189 435 3221 sicut
452 3174 520 3221 fios
542 3191 576 3222 &
597 3190 754 3222 Honorem
773 3191 902 3222 nostrum
923 3192 1053 3235 diligitis,
1071 3194 1150 3226 nullo
1165 3197 1256 3228 modo

199 3235 342 3258 omittatis.

237 3264 270 3296 In
286 3266 383 3304 cujus,
402 3265 462 3296 &c.

236 3340 327 3373 Teste
339 3340 422 3381 Rege
433 3341 507 3380 apud
519 3342 721 3383 Walingford‚
738 3345 876 3378 vicefitno
889 3347 1008 3385 septimo
1021 3347 1067 3379 die
1082 3348 1187 3381 Martii.

881 3425 936 3452 Per
947 3423 1028 3463 ipfitm
1041 3428 1145 3463 Regem.

316 3561 376 3597 Aa!
389 3566 496 3610 Regem
516 3562 640 3605 Castellae
649 3563 740 3611 sttper
754 3567 893 3614 Qerela
911 3570 1136 3605 Mercatorum.

54 3660 132 3691 Ann-
146 3662 189 3693 D·
202 3648 417 3709 MAgnifico
438 3648 563 3693 Principi
577 3672 587 3688 ,
605 3648 739 3693 Domino
753 3651 891 3692 Alfonso,
910 3653 968 3684 Dei
983 3654 1086 3693 gratia,
1105 3654 1236 3688 Castellae

81 3708 157 3739 1330
296 3688 448 3725 Legionis,
467 3688 583 3726 Toleti,
601 3687 732 3727 Sibilliae,
751 3689 907 3721 Cordubiae
942 3691 1084 3731 Murciae,
1099 3682 1254 3730 Jehennae’

54 3741 108 3765 An.
146 3724 166 3766 Δ·
200 3733 284 3762 atque
302 3726 443 3763 Algarbiae
457 3725 548 3766 Regi,
569 3737 600 3756 ac
614 3725 777 3758 Comitatus
793 3728 898 3759 Molini
913 3715 1050 3762 homino
1077 3719 1256 3771 Consanguil

53 3779 84 3802 E.
106 3749 142 3812 ξ’
201 3772 256 3792 neo
278 3763 327 3794 suo
350 3763 491 3794 carissimo
507 3789 516 3802 ,
535 3764 704 3802 Edwardus,
723 3766 844 3802 ejusdem
858 3768 961 3807 gratia,
980 3769 1040 3800 &c.
1058 3756 1182 3801 ’Salutem
1219 3773 1252 3804 &

53 3813 139 3851 Claus.
157 3824 186 3849 4·
197 3800 351 3840 successus,
369 3803 404 3832 ad
418 3812 503 3841 vota,
522 3803 666 3841 prosperos
680 3804 713 3833 &
727 3804 830 3834 felices.
1190 3796 1200 3810 ³

53 3855 84 3878 E.
102 3861 170 3886 ΞΜ.
221 3838 256 3882 1*
276 3838 354 3870 Cum
380 3851 466 3879 nuper
482 3842 515 3871 ad
533 3842 702 3880 Qerelam,
720 3842 816 3873 dilecti
831 3843 1000 3876 Mercatoris
1021 3845 1110 3875 nostri
1147 3847 1253 3880 Gerar-

57 3898 70 3923 3
77 3898 89 3924 3
120 3891 146 3919 d·
198 3875 226 3905 dl
240 3876 276 3906 de
289 3876 376 3918 Byole
387 3879 609 3924 Suthamptoniae
617 3880 742 3948 &Nobis
758 3881 924 3929 suggerentis
937 3883 1025 3920 ipsum
1038 3869 1178 3930 quandam
1186 3887 1253 3918 Na-

53 3925 144 4000 :²21
196 3918 1252 4025 1352?pgcgcssltlaagstleir){2313}uOr1eligii&idggagifissffiieisqgainyifflglelmgss

196 4000 253 4020 una
269 3989 338 4026 Pipa
352 3991 420 4022 Vini
438 3993 529 4025 Bastar
552 3998 558 4024 i
573 4018 582 4034 ,
607 3996 679 4032 apud
700 3997 725 4025 la
741 3996 872 4027 Rochele
886 4007 973 4034 nuper
990 3997 1114 4029 carcasse
1148 4002 1250 4033 exinde

196 4028 283 4065 usque
305 4027 443 4065 Regnum
464 4032 592 4064 nostrum
614 4034 774 4066 ducendam
816 4035 851 4068 ad
863 4036 1066 4077 negotiandum
1079 4023 1230 4072 de’eisdem

197 4065 444 4136 &aglomlniotlipm
460 4069 540 4102 suum
556 4072 737 4115 faciendum,
788 4059 798 4075 ³
1238 4063 1250 4080 ’

253 4114 301 4135 om.
354 4127 362 4135 .
405 4128 413 4135 .
430 4108 490 4138 111.

1342 193 1826 240 PUBLICA.
2317 214 2367 253 41

1346 278 1391 308 Ac
1413 279 1557 323 quosdam·
1572 280 1770 314 Malefastores
1783 309 1792 321 ,
1818 283 1955 315 Villarum
1977 283 2013 315 de
2031 282 2138 314 Sancio
2159 283 2311 322 Audoero,
2330 284 2365 315 de
2389 283 2463 313 Ann.
2478 283 2518 315 D,

1312 315 1414 346 Castro
1429 316 1586 354 Durdialis,
1606 320 1641 350 de
1654 321 1760 351 Sancio
1774 322 1953 361 Sebastiano,
1971 322 2006 353 de
2021 322 2049 352 V
2051 332 2166 360 erineo,
2185 323 2221 353 de
2235 323 2260 353 la
2273 323 2367 361 Rede,
2410 331 2493 361 1330.

1311 354 1347 383 de
1360 354 1452 384 Fonte
1467 355 1600 398 Arabeo,
1619 360 1651 388 ὃς
1666 359 1799 389 Guttario
1815 383 1824 398 ,
1844 362 1878 390 de
1897 361 2037 391 Potestate
2052 361 2084 390 &
2102 360 2243 392 Dominio
2258 361 2369 400 vestro,
2390 363 2454 389 Ειέυ.
2476 370 2500 398 3„

1312 391 1431 433 Navem
1446 393 1608 436 praedictam
1623 397 1695 439 apud
1710 398 1735 426 le
1751 397 1840 436 Boys‚
1854 409 1930 437 Juxta
1941 400 1965 429 la
1981 398 2112 429 Rochele
2125 423 2135 436 ,
2159 401 2188 430 vi
2211 399 2313 430 armata
2327 401 2370 429 in-

1311 431 1417 474 gresios
1431 431 1529 468 fuisse,
1547 433 1580 463 &
1594 432 1668 464 Vina
1683 435 1831 476 praedidict,
1851 446 1883 467 ac
1897 437 1945 466 alia
1961 437 2038 467 Bona
2052 438 2085 468 &
2100 436 2206 467 Camila
2220 438 2371 476 iptiusGe-

1313 468 1401 512 rardr,
1420 468 1453 497 ad
1468 469 1617 513 valentiam
1631 472 1848 504 Trelcentarum
1861 476 1893 505 &
1911 477 2124 514 Qinquaginra
2137 476 2303 515 Librarum,
2323 486 2370 507 ce-

1312 507 1381 545 ptsse
1395 507 1429 536 &
1440 505 1606 550 asportasse,
1624 510 1657 540 &
1671 511 1845 541 voluntatem
1862 513 1937 543 suam
1952 513 2018 543 inde
2032 513 2143 551 fecisse,

1333 583 1339 588 ⁶
1352 543 1414 574 Vos
1447 544 1530 574 lunes
1545 549 1750 590 rogaverimus,
1769 560 1818 587 per
1833 551 1938 580 nostras
1956 552 2058 582 Literas
2074 552 2218 589 speciales,
2238 562 2372 590 quatenus

1315 582 1407 626 eidem
1460 591 1577 614 ercatori
1592 586 1704 624 nostro,
1722 587 1767 618 vel
1783 588 1832 617 suo
1847 588 2000 619 Attornato
2016 591 2042 618 in
2059 590 2112 619 hac
2127 600 2219 627 pane,
2236 592 2272 621 de
2281 591 2362 621 Vinis

1316 620 1402 651 Bonis
1417 643 1426 658 ‚
1449 622 1482 652 &
1504 620 1617 666 Catallis
1633 648 1642 660 ,
1666 624 1718 667 suis
1740 626 1880 662 praeditfi'tis
1898 649 1907 664 ,
1924 627 2049 657 debitam
2067 628 2306 668 Restitutionem,
2326 616 2373 661 vei

1317 668 1534 697 competentem
1552 661 1777 692 Satisfaetionem
1792 687 1801 701 ,
1826 674 1879 694 nec
1901 675 1960 694 non
1979 665 2014 694 de
2035 665 2175 703 Dampnis
2195 667 2377 707 &jaciuris‚

1317 698 1549 741 quzeroccasione
1562 700 1702 736 praemissa
1714 701 1857 739 sustinuit,
1870 703 2044 733 rationabiles
2059 704 2208 743 emendas,
2225 705 2313 736 nostri
2326 716 2375 737 ro-

1319 745 1442 772 gaminis
1453 737 1694 774 contemplatione
1702 762 1711 775 ,
1730 739 1790 768 fieri
1805 740 1930 770 faceretis
1939 764 1949 779 ,

1357 774 1407 817 De
1429 784 1487 812 quo
1509 775 1595 805 nichil
1617 775 1710 806 facere
1727 777 1859 815 curastis,
1883 779 1951 809 ficut
1971 788 2005 808 ex
2017 786 2095 816 parte
2108 781 2187 818 ipfius
2204 781 2375 813 Mercatoris

1319 812 1406 842 nostri
1442 814 1561 852 graviter
1575 815 1796 853 conquerendo,
1816 815 1914 846 Nobis
1928 816 1968 846 est
1983 817 2188 856 monstratum,-

1358 850 1383 880 V
1387 834 1489 894 eiiram
1502 852 1584 890 igitur
1599 852 1763 883 Amicitiam
1777 853 1868 884 adhuc
1883 856 2049 891 requirimus
2064 856 2096 886 ὃ(
2112 866 2259 895 rogamus,
2276 867 2370 896 quate-

1318 898 1371 919 nus
1387 888 1488 932 eldem-
1498 889 1654 921 Mercatori
1667 892 1784 930 nostro,
1801 891 1847 922 seu
1863 892 2014 922 Attornato
2029 894 2095 931 suo,
2112 895 2139 922 in
2154 897 2312 934 prcenu'ffis,
2326 908 2373 927 ce-

1319 927 1405 957 lerem
1417 927 1559 965 Justitiam
1576 930 1700 959 exhiberi
1712 930 1815 960 faciatis
1821 952 1833 968 ,
1845 931 1923 969 juirta
1935 929 2063 969 Rogatus
2079 931 2190 962 nostros
2213 935 2292 964 vobis
2308 936 2372 965 alias

1319 965 1386 995 inde
1398 965 1504 1003 factos,
1522 968 1577 1005 ne,
1595 968 1623 996 in
1638 967 1751 998 defectu
1764 969 1940 999 exhibitionis
1951 968 2069 1007 Justitiae
2084 970 2198 1006 praefato
2216 971 2372 1005 Mercatori

1315 1004 1434 1042 nostro,
1452 1004 1488 1034 de
1501 1004 1555 1035 alio
1570 1005 1730 1044 Remedio,
1748 1007 1779 1036 in
1794 1006 1848 1037 hac
1862 1016 1954 1045 parte,
1972 1016 2023 1037 nos
2037 1016 2166 1044 oporteat
2178 1011 2334 1045 providere.

1357 1042 1396 1072 Et
1415 1043 1450 1072 de
1470 1052 1522 1080 e0,
1542 1043 1620 1080 quod
1639 1044 1674 1074 ad
1695 1053 1829 1084 rogatum
1849 1045 1978 1075 nostrum
1999 1044 2167 1082 praeditstum
2187 1048 2213 1076 in
2228 1050 2372 1084 prnemiffis

1315 1080 1452 1111 duxeritis
1465 1080 1627 1112 faciendum
1637 1104 1647 1120 ‚
1665 1081 1734 1113 Nos
1750 1092 1800 1120 per
1814 1083 1917 1114 vestras
1933 1084 2024 1114 literas
2037 1107 2047 1121 ,
2066 1084 2099 1115 ὃ(
2113 1085 2290 1122 praesentium
2302 1086 2375 1117 Por-

1311 1121 1448 1157 tit-orem,
1467 1119 1558 1150 velitis
1572 1119 1690 1151 reddere
1702 1122 1843 1152 certiores.

1350 1194 1432 1226 Data
1444 1195 1518 1233 apud
1531 1195 1719 1229 Wodestoke
1728 1221 1740 1237 ,
1759 1198 1896 1230 vicesimo
1913 1198 2019 1230 ostavo
2031 1198 2075 1229 die
2091 1199 2201 1230 Martii.

1326 1272 1379 1279 -—.

1312 1321 1372 1353 Pro
1390 1315 1521 1353 *Roberto
1553 1318 1590 1352 de
1607 1323 1681 1354 Veer
1700 1323 1813 1354 Comite
1834 1322 1954 1355 Oxoniae
1971 1348 1980 1364 ‚
2007 1320 2043 1354 de
2061 1321 2158 1354 Feodo
2175 1326 2373 1370 Camerariae‚

1564 1368 1612 1401 die
1631 1372 1833 1402 Coronationis
1851 1369 1986 1416 Philippa
2004 1373 2126 1416 Reginae.

1381 1452 1451 1485 EX
1476 1453 1660 1484 Tbesszurario
1675 1454 1709 1485 ὃς
1724 1452 1890 1485 camerario
1905 1455 1956 1486 suis
1970 1455 2104 1485 Salutem.
2396 1457 2522 1491 AnnD,

1412 1492 1591 1530 Supplicavit
1613 1493 1696 1522 nobis
1708 1515 1718 1529 ,
1742 1492 1862 1523 dilectus
1881 1494 1915 1524 &
1934 1492 2022 1523 fidelis
2042 1492 2139 1524 noster
2151 1518 2161 1532 ‚
2180 1493 2327 1527 Robertus
2340 1496 2375 1528 de
2422 1507 2504 1537 1330.

1311 1527 1404 1568 Veer,
1422 1530 1539 1562 Comes
1554 1530 1698 1567 Oxoniae,
1715 1531 1810 1569 quod,
2390 1539 2440 1564 Aa.
2460 1548 2488 1572 4,

1348 1567 1428 1599 Cum
1445 1569 1523 1606 ipse,
1538 1568 1606 1607 jure
1617 1568 1820 1607 Haereditario,
1838 1568 2013 1600 Camerarius
2026 1569 2148 1610 Reginae
2162 1572 2292 1612 Angliae,
2310 1584 2374 1613 quae
2392 1578 2420 1599 11-
2443 1586 2468 1611 3.

1309 1613 1362 1644 pro
1373 1615 1511 1645 tempore
1525 1607 1623 1644 fuerit,
1641 1606 1687 1636 die
1702 1605 1902 1637 Coronationis
1917 1608 1971 1637 suae
1986 1609 2043 1638 esse
2056 1609 2169 1648 debeat,
2392 1613 2503 1642 Liberat.

1343 1643 1383 1675 Et
1396 1645 1461 1683 Ipse
1475 1668 1488 1684 ,
1513 1644 1547 1673 &
1565 1645 1762 1675 Anteceffores
1776 1645 1831 1683 sui,
1852 1644 1983 1676 Comites
1998 1646 2136 1686 Oxoniae,
2155 1649 2297 1681 Officium
2314 1651 2372 1682 Ca-
2387 1660 2414 1685 4-
2429 1656 2457 1679 E.
2480 1662 2507 1689 3.

1308 1685 1448 1722 merariae,
1468 1683 1571 1714 diebus
1584 1682 1816 1713 Coronationum
1829 1683 2009 1720 Reginarum
2022 1685 2225 1725 Angliae,quae
2238 1699 2290 1726 pro
2298 1699 2373 1720 tem·
2390 1700 2425 1718 m.
2441 1700 2467 1726 7.

1307 1729 1378 1756 pore
1391 1723 1527 1760 fuerunt,
1545 1722 1560 1751 a
1574 1730 1722 1761 tempore,
1741 1723 1819 1761 cujus
1834 1723 1966 1752 contrarii
1978 1725 2118 1754 memoria
2131 1734 2191 1754 non
2203 1727 2311 1766 existit,
2331 1729 2372 1760 fa-

1309 1768 1374 1789 cere
1390 1761 1424 1791 ὃ(
1439 1770 1592 1798 exercere,

1344 1797 1399 1837 Et,
1418 1810 1471 1836 pro
1484 1799 1588 1829 Feodo
1603 1798 1669 1837 suo,
1687 1798 1788 1829 eodem
1801 1798 1864 1838 die,
1883 1799 2063 1830 LEcTtJM
2091 1810 2205 1832 1Pstu
2217 1812 2228 1833 s
2250 1803 2374 1836 Rssm-

1307 1844 1389 1875 NAE,
1409 1839 1442 1869 ὃς
1461 1837 1783 1868 CALCIAMENTA
1812 1846 1902 1876 sua,
1919 1848 1952 1868 ac
1972 1838 2086 1869 TREs
2113 1839 2276 1871 PELvas
2302 1844 2375 1874 AR-

1307 1883 1330 1904 G
1340 1884 1358 1905 E
1367 1884 1390 1905 N
1399 1885 1421 1905 T
1430 1886 1447 1907 ε
1459 1887 1477 1907 A
1488 1886 1502 1907 s
1511 1901 1521 1915 ,
1542 1885 1593 1913 per
1609 1885 1675 1913 quas
1689 1875 1782 1906 eidem
1796 1875 1920 1914 Reginae
1940 1876 1989 1906 die
2000 1876 2139 1913 praedidto
2149 1878 2370 1920 deserviebatur,

1307 1922 1394 1943 unam
1409 1915 1544 1946 videlicet
1553 1937 1564 1953 ,
1582 1924 1635 1951 pro
1650 1913 1759 1944 lOtione
1775 1912 1883 1951 Capitis
1897 1914 1954 1953 sui,
1973 1915 2006 1945 ὃς
2022 1914 2101 1945 Duas
2115 1926 2168 1956 pro
2182 1917 2290 1949 lotione
2307 1919 2375 1950 Ma-

1307 1960 1395 1982 nuum
1410 1953 1541 1992 suarum,
1564 1953 1710 1991 percipere
1722 1952 1944 1990 consueverunt,

1346 1989 1475 2023 Velimus
1487 1994 1512 2022 ei
1525 1990 1693 2029 hujusmodi
1708 1990 1838 2020 Feodum
1853 2014 1863 2029 ,
1881 2001 1934 2029 pro
1950 1990 1996 2020 die
2008 1990 2212 2023 Coronationis
2226 1993 2374 2036 Philippae,

1307 2027 1430 2068 Reginae
1446 2030 1582 2069 Angliaer,
1601 2028 1748 2059 Consortis
1770 2028 1875 2059 nostrae
1895 2029 2041 2059 cariffimae
2054 2052 2064 2068 ‚
2084 2031 2201 2068 quodie
2216 2032 2294 2063 idem
2310 2034 2374 2065 Co-

1306 2067 1559 2136 mtIesICsamerarius
1575 2066 1701 2105 ejusdem
1716 2067 1841 2104 Reginae
1854 2067 1925 2106 fuit,
1943 2067 2033 2098 facere
2046 2069 2171 2099 liberari:

1378 2116 1398 2136 0
1430 2117 1465 2137 ue

1343 2143 1402 2174 Pro
1411 2117 1452 2175 (ἑο
1465 2130 1562 2183 quod,
1582 2153 1638 2184 per
1653 2143 1771 2175 diversas
1783 2143 1962 2181 Evidentias,
1982 2145 2065 2175 nobis
2080 2156 2128 2183 per
2150 2147 2296 2185 praefatum
2309 2149 2372 2180 Co-

1304 2183 1405 2212 mitem
1425 2183 1560 2215 exhibitas
1575 2208 1585 2221 ,
1614 2182 1721 2220 plenius
1742 2183 1890 2220 apparebat
1902 2182 1982 2220 quod
1998 2183 2074 2213 idem
2089 2183 2216 2224 Comes,
2235 2189 2268 2218 &
2283 2187 2373 2219 Ante-

1307 2221 1428 2251 ceffores
1451 2222 1489 2252 sui
1508 2247 1517 2261 ,
1548 2221 1686 2252 officium
1715 2220 1785 2250 illud
1798 2243 1808 2258 ,
1829 2220 1927 2250 diebus
1947 2220 2174 2254 Coronationum
2197 2225 2373 2265 Reginarum

1304 2259 1505 2296 praedidtarurn
1519 2283 1530 2299 ,
1547 2261 1658 2291 habere
1670 2282 1681 2298 ‚
1700 2259 1734 2290 &
1754 2258 1915 2296 hujusmodi
1938 2259 2067 2290 Feodum
2086 2264 2231 2300 percipere
2254 2265 2373 2296 consue-

1305 2307 1407 2329 verunt

1339 2322 1464 2368 Praefito
1483 2336 1594 2369 Comiti
1610 2361 1619 2376 ‚
1652 2346 1684 2367 ut
1700 2334 1865 2378 Camerario
1878 2336 2000 2374 ejusdem
2017 2336 2167 2369 Consortis
2183 2340 2305 2379 nostrae,
2321 2342 2369 2373 die

1302 2375 1441 2412 praedicto
1456 2401 1465 2414 ,
1492 2375 1691 2407 Calciamenta
1709 2376 1791 2412 ipsius
1812 2373 1960 2405 Consorris
1982 2375 2087 2406 nostrae
2102 2401 2112 2414 ,
2137 2378 2171 2407 ὃς
2185 2379 2258 2409 Tres
2271 2379 2372 2411 Pelves

1305 2413 1474 2453 Argenreas,
1491 2425 1545 2452 pro
1561 2415 1584 2444 F
1586 2415 1667 2446 eodo
1683 2413 1749 2450 suo,
1768 2413 1877 2443 liberari
1891 2414 2055 2452 fecerimus,
2072 2415 2254 2454 volentesque
2267 2419 2292 2447 ei
2306 2441 2315 2457 ,
2334 2419 2372 2450 de

1304 2451 1399 2483 Lefto
1413 2452 1566 2491 praedicto,
1586 2451 1809 2483 satisfactionem
1823 2452 1965 2489 exhiberi,
1984 2452 2175 2484 conceffimus
2196 2456 2221 2485 ei
2241 2454 2372 2487 Centum

1303 2489 1418 2522 Marcas
1430 2502 1483 2529 pro
1498 2491 1592 2522 Lerito
1603 2489 1783 2529 supraditsto,
1801 2490 1994 2528 percipiendas
2007 2490 2044 2520 de
2058 2490 2205 2522 Thesauro
2223 2494 2334 2524 nostro:

1335 2529 1372 2560 Et
1389 2529 1456 2560 ideo
1478 2530 1561 2561 vobis
1581 2529 1751 2559 mandamus
1764 2552 1773 2565 ,
1799 2527 1879 2566 quod
1899 2528 1993 2558 eidem
2013 2527 2125 2559 Comiti
2138 2530 2225 2561 dictas
2240 2531 2369 2564 Centum

1302 2565 1415 2598 Marcas
1428 2568 1549 2599 liberetis
1568 2568 1604 2598 de
1625 2567 1778 2598 Thesauro
1800 2566 1926 2603 nostro,
1946 2566 2130 2604 Recipientes
2145 2569 2161 2598 Ξι
2175 2570 2293 2607 praefato
2307 2571 2371 2601 Co-

1300 2607 1371 2636 mite
1391 2606 1498 2636 Literas
1518 2606 1576 2636 suas
1596 2605 1810 2644 Aequietantiae
1822 2626 1833 2643 ,
1855 2604 2228 2643 Receptionemdistarum
2241 2607 2368 2641 Centum

1303 2642 1468 2676 Marcarum
1484 2644 1697 2676 Testificantes..

1335 2720 1426 2751 Teste
1447 2720 1531 2759 Rege
1545 2720 1619 2760 apud
1632 2719 1822 2759 Wodestok‚
1840 2719 1967 2751 secundo
1979 2719 2026 2751 die
2041 2720 2152 2759 Aprilis.

1585 2845 1612 2873 ’ᾖ
1632 2849 1681 2880 Ne
1696 2851 1766 2894 quis
1785 2845 1905 2879 incedat
1921 2856 2070 2881 armatus.
2387 2869 2403 2886 a*
2421 2871 2473 2899 IV·

1369 2932 1434 2964 EX
1460 2931 1638 2963 Vicecomiti
1653 2932 1757 2963 Surriae
1774 2931 1808 2963 &
1821 2930 1972 2970 Suffexiae,
1990 2931 2123 2963 Salutem.
2382 2917 2449 2976 2271,
2474 2946 2508 2977 D

1401 2971 1481 3002 Cum
1495 2973 1524 3001 in
1539 2971 1728 3001 Parliamento
1742 2968 1861 3008 nostre,
1879 2971 1953 3007 apud
1975 2969 2254 3010 Northamptoniam
2274 2983 2362 3011 nuper
2407 2971 2483 3024 133'0
2507 2970 2516 2978 ⁹

1298 3019 1478 3048 convocato,
1495 3009 1702 3040 concordatum
1725 3007 1825 3040 fuiffet
1847 3008 1927 3046 quod
1940 3008 2050 3048 nullus,
2068 3009 2167 3049 Major
2179 3011 2225 3043 vel
2240 3011 2361 3051 Minor,
2383 3026 2435 3050 An.
2455 3008 2492 3060 4]

1299 3048 1501 3086 cujuscumque
1515 3048 1686 3078 conditionis
1700 3047 1748 3085 sit,
2382 3064 2411 3087 Ε.
2429 3072 2453 3098 3·

1336 3085 1469 3124 Exceptis
1488 3086 1680 3117 Servientibus
1700 3085 1799 3116 nostris
1823 3085 1855 3114 in
1873 3086 2015 3123 praesentia
2030 3085 2140 3126 nostra,
2161 3097 2194 3117 ac
2208 3086 2363 3127 Ministris‚
2381 3099 2468 3136 Claus.
2484 3104 2515 3136 44

1298 3123 1507 3155 Executionem
1520 3124 1717 3155 mandatorum
1728 3124 1899 3154 nostr-orum
1911 3124 1957 3155 vel
1975 3123 2116 3154 Officium
2138 3125 2217 3155 suum
2234 3126 2363 3158 facienti—
2384 3141 2413 3164 E.
2431 3147 2489 3174 3⁸7„

1299 3163 1372 3231 lbus,
1390 3164 1424 3194 ὃ(
1439 3163 1506 3202 illis,
1525 3163 1649 3201 quisunt
1664 3163 1694 3192 in
1708 3161 1859 3195 Comitiva
1874 3162 1934 3200 sua,
1953 3161 2033 3193 dictis
2050 3162 2190 3193 Ministris
2209 3164 2363 3197 auxilianti-
2385 3176 2430 3213 38,
2448 3176 2475 3205 d,
2491 3160 2501 3168 “

1322 3211 1352 3231 us

1339 3224 1493 3270 A'udaciam
1513 3240 1563 3271 fibi
1582 3239 1700 3271 assumat
1719 3241 1780 3272 vim
1803 3239 1952 3270 Armatam
1967 3238 2087 3276 ducere,
2104 3240 2133 3268 in
2147 3238 2292 3272 laefionem
2306 3241 2361 3273 Pa-

1299 3278 1357 3316 cis,
1376 3288 1429 3309 nec
1445 3279 1571 3317 equitare
1586 3302 1595 3317 ‚
1620 3289 1676 3309 nec
1693 3287 1813 3309 armatus
1833 3280 1892 3315 ire,
1906 3277 1943 3307 de
1951 3277 2002 3320 'die
2019 3286 2074 3320 nec
2090 3276 2126 3307 de
2140 3278 2245 3318 notite,
2261 3281 2291 3309 in
2306 3280 2360 3310 Fe-

1301 3318 1364 3355 riis,
1382 3316 1534 3356 Mercatis,
1552 3327 1606 3348 nec
1629 3317 1717 3355 alibi,
1735 3317 1786 3347 sub
1800 3325 1889 3355 poena
1901 3314 2052 3344 amissionis
2066 3315 2242 3355 Armorum,
2260 3318 2294 3348 &
2308 3318 2359 3349 In-

1302 3357 1496 3386 carcerationis
1508 3365 1663 3394 corporum
1677 3355 1793 3386 suorum
1807 3355 1841 3384 ad
1854 3353 2031 3396 voluntatem
2046 3353 2187 3385 nostram:

1338 3392 1376 3424 Et
1389 3395 1446 3431 jam
1460 3394 1678 3424 intellexerImus
1694 3394 1772 3431 quod
1787 3391 1968 3431 quamplures
1981 3401 2011 3420 in
2026 3390 2128 3423 Balliva
2142 3401 2189 3424 tua
2202 3395 2299 3423 armati
2313 3394 2360 3424 in-v

1300 3432 1400 3462 cedere
1413 3432 1659 3470 praesumpserunt,
1677 3433 1710 3463 ὃς
1723 3432 1811 3461 indies
1823 3429 1957 3461 incedere
1977 3439 2037 3459 non
2055 3430 2188 3460 defistunt
2200 3453 2210 3468 ,
2225 3432 2253 3460 in
2267 3432 2358 3463 laesio-

1299 3481 1366 3501 nem
1381 3470 1461 3501 Pacis
1474 3471 1579 3501 nostrae
1588 3494 1598 3509 ,
1615 3472 1648 3502 ὃς
1663 3479 1800 3500 terrorem
1812 3468 1919 3506 Populi
1932 3467 2021 3511 nostri
2033 3478 2094 3511 ,ac
2112 3467 2356 3504 Commotionern

1299 3509 1491 3546 manifestam,
1513 3509 1547 3540 δε
1562 3517 1660 3540 contra
1674 3508 1797 3538 formam
1812 3506 1913 3537 Statuti
1928 3506 2070 3547 praednsti,

1338 3548 1423 3586 Nos,
1442 3547 1583 3578 Statutum
1597 3546 1664 3577 illud
1676 3545 1873 3576 inviolabiliter
1886 3544 2053 3586 obiervaril,
2064 3545 2103 3587 ¹&
2118 3543 2361 3584 Tranligreffionae

1300 3586 1459 3625 hujusmodi
1482 3587 1595 3625 puniri,
1621 3585 1749 3616 volentes
1764 3607 1774 3622 ‚
1796 3592 1881 3621 prout
1900 3582 2000 3625 decet,
2019 3583 2070 3624 tibi
2083 3584 2261 3622 praecipimus
2276 3586 2358 3623 quod

1300 3635 1400 3655 omnes
1414 3625 1493 3662 illos,
1512 3634 1584 3662 quos
1597 3625 1626 3654 in
1641 3622 1744 3653 Balliva
1757 3623 1820 3659 sua,
1837 3621 1895 3652 five
1907 3620 2011 3650 fuerint
2023 3619 2094 3651 infra
2108 3620 2281 3661 Libertum,
2299 3624 2357 3656 sive

1299 3671 1374 3693 extra
1384 3687 1393 3701 ‚
1411 3663 1449 3693 fic
1463 3671 1584 3693 armatos
1598 3662 1734 3692 inveneris
1748 3659 1928 3701 incedentes,v
1944 3657 2001 3688 una
2017 3667 2085 3701 cum
2098 3657 2187 3697 Equis
2200 3661 2234 3691 δε
2251 3661 2356 3693 Arma-

1297 3703 1364 3732 turis
1377 3702 1561 3740 suis‚capias‚
1576 3701 1610 3731 ὃς
1623 3708 1742 3737 corpora
1755 3697 2007 3735 Transgressorum
2021 3696 2181 3734 hujusmodi
2199 3699 2229 3728 in
2243 3698 2357 3732 Prisona

1298 3739 1410 3778 nostra,
1428 3750 1460 3770 ac
1482 3740 1580 3778 Equos
1601 3739 1635 3768 &
1652 3738 1814 3767 Armaturas
1829 3735 1998 3778 praedi&os‚
2015 3734 2091 3766 salvo
2104 3735 2263 3776 custodias,
2281 3748 2356 3777 quoe

1298 3779 1384 3815 usque
1399 3777 1473 3808 aliud
1485 3778 1501 3807 a
1515 3778 1596 3807 nobis
1609 3776 1689 3813 super
1702 3775 1760 3804 hoc
1773 3774 1900 3804 habueris
1911 3783 1941 3803 in
1954 3772 2100 3804 mandatis.

1333 3817 1372 3847 Et
1386 3816 1422 3846 de
1434 3815 1596 3846 nominibus
1610 3814 1647 3844 sic
1661 3811 1887 3849 arestandorum‚
1907 3821 1939 3842 ac
1958 3811 1996 3841 de
2012 3821 2081 3842 vero
2094 3812 2191 3844 valore
2203 3812 2355 3853 Equorum

1298 3856 1331 3886 &
1346 3855 1559 3888 Armaturarum
1574 3851 1792 3891 praedidiorum,
1810 3850 1895 3888 Nos,
1913 3849 1949 3880 de
1965 3859 2097 3887 tempore
2109 3852 2140 3882 in
2155 3860 2286 3894 ternpus,
2302 3854 2354 3887 sub

1296 3893 1395 3932 Sigillo
1407 3902 1471 3930 tuo,
1490 3890 1621 3921 distincte
1635 3891 1669 3922 ὃς
1681 3890 1793 3928 aperte,
1811 3888 1908 3919 reddas
1920 3889 2062 3921 certiores.

1333 3969 1424 4003 Teste
1434 3968 1517 4010 Rege
1528 3966 1603 4008 apud
1616 3966 1800 4006 Wodestok,
1817 3967 1901 4000 tertio
1914 3965 1961 3998 die
1971 3965 2084 4006 Aprilis

1979 4044 2034 4075 Per
2047 4042 2130 4085 ipsum
2141 4045 2247 4086 Regem.

1781 4115 1805 4151 F.
2284 4110 2349 4149 Eo}
