2562 4279
132 116 208 153 192

0 189 59 216 lnn.
73 185 113 216 D.
129 187 280 225 rumdem,
301 186 466 224 justiciarii,
491 183 675 221 Cancellarii,
701 184 734 214 &
754 182 914 222 Nicholai,
932 182 993 213 fore
1014 181 1136 213 videritis
1155 177 1196 207 fa-

5 233 89 266 1327.
128 225 281 259 ciendum,
300 225 409 264 proiiio
432 225 537 263 semper
558 222 655 260 quod,
675 221 710 251 de
725 220 851 251 Exitibus
868 221 1028 260 praedictis,
1045 229 1098 260 pro
1111 225 1196 258 expe—

0 265 50 297 μυ.
70 273 98 301 3.
129 264 238 294 ditione
255 262 374 292 Guerrae
389 261 491 291 nostrae
507 261 630 297 Scotiee,
645 260 680 290 ad
694 269 765 300 opus
780 259 911 291 nostrum
925 260 1092 298 reservetur,
1106 267 1196 298 quan-

129 311 191 333 tum
206 301 333 330 reservari
348 300 450 337 poterit
466 301 546 329 beno
560 301 659 328 modo.

167 339 256 371 Teste
271 338 352 376 Rege
367 338 439 375 apud
456 336 642 376 Toppecliff,
660 336 837 368 duodecimo
849 337 894 368 die
903 337 979 377 Julii.

556 415 609 444 Per
623 413 704 453 ipficm
717 416 813 452 Regem
826 412 864 448 ὠ
880 412 1032 443 Concilium.

311 542 369 574 Pro
398 537 556 572 edwardo
589 537 625 572 de
650 538 775 572 Balliolo
798 537 835 572 de
853 536 1016 571 Conduffu.

0 626 57 656 lnn.
74 624 115 657 D.
133 626 268 689 REX
285 625 419 657 omnibus
437 618 550 656 Amicis
569 624 603 656 &
625 624 767 658 Fidelibus
787 623 854 663 suis,
871 623 907 656 ad
928 633 1016 663 qum,
1033 623 1094 655 ὅτε.
1118 621 1196 654 Salu—

10 674 93 705 1327.
216 675 284 697 tem.

0 708 76 778 r·l3¹
169 707 272 782 {stiffi
279 702 407 773 cffifflgus
422 742 456 773 ὃ(
470 741 556 773 fidelis
568 739 664 787 noster
673 765 683 782 ,
700 741 907 786 Edwardusde
921 741 1043 778 Baliolo,
1062 739 1098 770 ad
1111 738 1197 775 NOS,

1 789 38 807 1³¹·
58 790 83 810 ¹·
131 784 203 816 infra
218 782 353 821 Regnum
365 781 511 818 nostrum,
529 791 544 811 a
559 782 681 820 partibus
696 782 897 819 transmarinis,
914 780 946 811 sit
959 787 1108 824 venturus,
1121 814 1130 823 Α
1170 815 1175 820 .

5 840 8 844 ·
34 828 58 854 3-
169 821 375 860 *suscepimus
390 819 687 863 ipsum-Edwardum,
705 830 738 850 ac
753 819 894 850 Homines
905 819 941 849 de
951 817 1074 862 'Familia
1086 817 1150 853 sua,
1168 825 1198 845 in

0 878 17 922 ἑ.
28 867 63 923 26·-
132 858 631 930 Prooeffiggssffufffmffiffssffissem
652 859 795 896 nostram,
812 867 927 888 necnon
948 867 980 886 in
994 855 1098 886 salvum
1111 856 1144 888 ὃς
1159 852 1198 883 se-

0 943 1 946 ’
26 935 78 961 lV·
132 910 296 969 cuiiutmideo
317 946 369 968 vos
389 937 508 967 Amicos
520 921 668 979 rogamus,
682 935 764 981 vobis
780 935 905 981 fidelibus
920 933 1099 980 mandantes,
1117 929 1198 970 quod

0 974 46 1007 9⁶·
131 977 226 1008 eidem
246 975 408 1014 Edwardo,
426 973 486 1009 ὠς.
503 983 584 1014 prout
597 978 627 1005 in
641 974 763 1014 ejusmodi
778 977 897 1011 Lirem,
917 973 995 1018 'fsque
1009 973 1066 1010 ibt,

168 1015 321 1084 Indcujus,
339 1015 400 1045 δίε.
418 1013 503 1053 usque
523 1014 558 1044 ad
579 1013 693 1045 Festum
709 1013 821 1045 Natalis
835 1012 961 1043 Domini
974 1010 1108 1052 proximo
1122 1009 1198 1039 futu-

130 1065 194 1084 rum
229 1063 356 1083 maturas.

168 1091 260 1123 Teste
276 1091 362 1130 Rege
374 1089 447 1131 apud
460 1090 589 1130 Topclif.
604 1089 778 1122 duodecimo
792 1090 836 1121 die
846 1090 924 1129 Julii.

270 1221 328 1252 Pro
346 1212 535 1251 'Hominibus
561 1217 690 1248 armatis
703 1213 747 1247 ad
761 1213 934 1261 repellendos
950 1218 1058 1248 Scotos.

0 1306 59 1336 lnn.
77 1305 116 1337 D.
132 1303 261 1360 REX
273 1328 283 1342 ,
310 1303 420 1335 dilectis
442 1303 476 1334 &
495 1301 623 1332 fidelibus
643 1300 713 1338 suis,
731 1299 862 1331 Thomae
885 1299 920 1330 de
942 1299 1144 1338 Mounceaux,
1162 1301 1196 1332 &

4 1354 79 1384 132*
204 1342 330 1381 Johanni
349 1342 385 1373 de
405 1341 555 1379 Sordeval,
572 1340 751 1370 Electoribus
767 1340 800 1370 &
815 1339 1017 1370 Arraiatoribus
1029 1338 1195 1370 Hominum

130 1380 160 1410 in
173 1381 382 1421 wapentachia.
396 1380 431 1411 de
444 1378 634 1410 Holdernesse
643 1401 652 1416 ,
669 1378 802 1408 Salutem.

172 1419 271 1459 Cum,
286 1420 320 1451 ad
340 1418 531 1458 repellendum
551 1417 708 1447 Scotorum
728 1417 903 1455 nequitiam,
921 1417 969 1456 qui
990 1415 1126 1455 Regnum
1142 1427 1196 1447 no-

133 1458 224 1490 strum
245 1460 380 1490 hostiliter
399 1459 460 1488 sunt
475 1456 602 1496 ingreffi,
621 1454 806 1493 Homicidia,
823 1454 1076 1495 Depraedationes,
1093 1455 1198 1486 Incen-

134 1497 197 1537 dia,
216 1499 249 1529 &
272 1498 322 1528 alia
344 1496 422 1527 Mala
444 1496 589 1525 innumera
608 1493 811 1532 perpetrando,
829 1494 920 1524 versus
940 1503 1029 1531 partes
1053 1494 1196 1525 Marchiae

134 1536 262 1574 Scotiae,
280 1546 348 1566 cum
362 1534 514 1565 Excercitu
528 1532 643 1570 nostro,
658 1534 716 1570 jam
727 1532 907 1563 direxerimus
921 1533 970 1563 iter
989 1532 1118 1563 nostrum
1135 1543 1142 1562 :

171 1574 211 1606 Et
233 1575 318 1605 iidem
340 1574 437 1611 Scoti,
452 1582 521 1603 cum
542 1580 607 1602 toto
627 1571 706 1610 posse
723 1570 788 1609 suo,
806 1580 837 1602 ut
878 1581 910 1601 ro
930 1579 1010 1602 certo
1030 1571 1197 1610 didicimus,

135 1624 224 1654 prope
245 1612 400 1643 Civitatem
424 1611 548 1641 nostram
570 1609 703 1647 Karlioli,
719 1609 769 1640 ista
789 1609 835 1640 die
906 1611 969 1648 rtis,
985 1610 1011 1640 se
1027 1619 1198 1649 congregare

135 1660 320 1691 proponunt,
337 1651 371 1682 ad
391 1649 459 1681 Nos
474 1650 507 1681 &
521 1649 706 1680 Excercitum
727 1647 857 1679 nostrum
871 1658 923 1687 pro
945 1649 1048 1679 viribus
1068 1649 1199 1679 insultan-

135 1691 222 1722 dum:

175 1730 261 1768 Nos,
280 1729 484 1760 considerantes
501 1725 677 1766 periculum,
695 1725 772 1763 quod
794 1726 892 1763 nobis,
909 1726 944 1756 &
959 1727 1011 1756 toti
1025 1725 1132 1766 Regno
1144 1736 1197 1756 no—

137 1768 213 1808 stro,
231 1779 280 1805 per
297 1768 420 1808 ipsorum
444 1764 608 1805 Aggreffus,
631 1766 744 1794 evenire
763 1765 882 1804 poterit,
897 1764 946 1794 nifi
960 1774 1062 1795 eorum
1084 1765 1199 1796 malitiae

138 1808 257 1838 celeriuS
277 1807 310 1837 ὃ(
332 1806 472 1846 potentius
489 1805 636 1841 obvietur,
654 1803 686 1833 &
707 1803 789 1840 quod
808 1803 897 1833 nullus
916 1803 1044 1834 excusare
1057 1803 1082 1833 se
1093 1805 1198 1841 poterit

137 1847 224 1916 (grin,
241 1855 294 1886 pro
308 1844 466 1875 defensione
479 1843 518 1873 sui
533 1842 630 1882 ipfius,
645 1841 678 1872 &
691 1840 813 1878 ejusdem
828 1840 942 1881 Regni,
959 1843 1032 1881 juxta
1047 1843 1119 1874 vires
1132 1842 1199 1881 suas,

194 1894 239 1915 em
253 1885 319 1914 terat

172 1895 265 1953 1Ὶὶῐοωε
285 1906 464 1960 ma'ndamus,
480 1921 529 1952 sub
551 1918 726 1951 forisfactura
745 1918 911 1959 Corporum
927 1920 960 1951 ὃ(
974 1919 1138 1958 Bonorum,
1153 1919 1200 1950 fir-

135 1962 220 1993 miter
240 1962 431 2002 injungentes,
450 1960 548 1999 quod,
565 1960 645 1990 omni
664 1959 795 1989 dilatione
819 1959 851 1989 &
873 1959 1048 1989 excusatione
1070 1959 1200 1989 cessanti-

136 2001 204 2037 bus,
223 2010 323 2030 omnes
342 1999 487 2030 Homines
508 1998 713 2035 Defensabiles,
733 1997 766 2028 &
787 1996 922 2028 Potentes
942 1997 977 2027 ad
999 1997 1200 2036 pugnandum,

129 2039 257 2076 eiusdem
270 2038 487 2077 Wapentachii,
508 2039 564 2068 tam
580 2036 703 2074 Milites,
723 2037 809 2074 quam
822 2036 905 2074 aliOS,
923 2036 1126 2075 cujuscumque
1140 2036 1201 2066 Sta-

135 2077 181 2109 tus
193 2078 238 2109 seu
252 2077 437 2109 Conditionis
450 2076 566 2107 existant
575 2101 583 2114 ,
601 2084 736 2114 armatos,
751 2076 895 2113 arraiatos,
906 2075 983 2112 juxra
996 2076 1107 2106 forman
1122 2084 1201 2105 man-

134 2118 192 2148 dati
208 2117 320 2157 nostri,
334 2117 397 2148 alias
415 2117 497 2147 vobis
521 2115 588 2146 inde
610 2114 727 2151 directi,
745 2114 779 2145 ad
794 2113 878 2152 Nos,
894 2113 929 2144 de
943 2113 988 2145 die
1000 2114 1034 2145 &
1048 2113 1083 2144 de
1098 2113 1201 2153 nodie,

134 2155 260 2194 ducatis,
276 2158 306 2186 in
329 2156 460 2186 auxilium
480 2154 646 2186 defensionis
665 2152 736 2184 diffl
758 2152 855 2193 Regni
865 2151 971 2191 nostri,
990 2161 1089 2184 contra
1102 2151 1200 2183 Inimi-

135 2204 188 2226 cos
202 2195 314 2225 nostros
325 2193 505 2233 supradietos.

175 2232 318 2264 Volumus
335 2242 432 2264 autern
448 2231 529 2272 quod
549 2231 605 2268 illi,
641 2231 670 2261 ui
690 2229 867 2269 Impotentoe
878 2231 941 2262 sunt
951 2231 985 2262 ad
999 2231 1181 2271 pugnandum
1192 2255 1202 2270 ,

138 2272 173 2303 &
194 2272 299 2303 habent
315 2272 391 2303 unde
406 2272 585 2302 contribuere
599 2280 632 2300 va
645 2278 724 2309 eant,
742 2279 795 2308 pro
809 2269 932 2307 expensis
946 2271 1083 2309 aliorum,
1102 2271 1150 2308 qui
1165 2270 1202 2300 de

138 2311 191 2341 suo
207 2320 268 2341 non
286 2311 392 2341 habent
409 2310 486 2340 unde
505 2309 555 2339 sibi
569 2308 678 2339 valeant
702 2307 870 2346 providere,
889 2307 1143 2340 Contributionem
1163 2309 1205 2339 fa-

139 2350 234 2386 ciant,
252 2358 306 2388 pro
327 2348 460 2386 Expenfis
480 2348 612 2385 illorum,
630 2348 679 2385 qui
698 2348 734 2377 de
748 2347 797 2376 suo
812 2356 871 2377 non
886 2346 1005 2386 habent,
1023 2356 1106 2386 prout
1121 2349 1205 2377 ratio-

139 2387 266 2417 nabiliter
285 2387 387 2424 fuerit,
405 2385 558 2423 faciendis,
574 2387 613 2416 ita
634 2395 729 2415 tamen
750 2385 830 2422 quod
849 2384 982 2416 adventus
1004 2386 1124 2424 ipsorum
1138 2385 1205 2416 Ho-

142 2426 270 2462 minum,
289 2426 337 2462 qui
355 2424 484 2455 Potentes
498 2424 602 2454 fuerint
614 2423 650 2454 ad
666 2422 869 2463 pugnandum,
885 2423 921 2454 ad
935 2424 1021 2463 Nos,
1036 2434 1072 2455 eo
1086 2432 1205 2463 praetex-

142 2472 174 2494 tu
184 2486 193 2500 ‚
211 2463 367 2493 nullatenus
384 2462 544 2492 retardetur.

179 2501 285 2531 Talem
303 2502 384 2541 igitur
405 2501 594 2539 diligentiam,
613 2500 643 2530 in
662 2501 829 2532 executione
849 2501 987 2539 praesentis
1008 2501 1130 2533 mandati
1150 2513 1204 2533 no-

138 2539 207 2576 stri,
223 2541 386 2578 apponatis,
404 2539 484 2578 qued
500 2548 598 2570 contra
610 2548 661 2570 vos
673 2538 775 2570 sinistra
790 2539 906 2579 suspicio
926 2540 1022 2578 (quod
1036 2541 1122 2579 absit)
1142 2542 1205 2573 nul-

139 2578 248 2609 latenus
256 2580 371 2609 oriatur.

178 2617 306 2648 Scientes
318 2627 370 2655 pro
379 2625 460 2647 certo
473 2616 552 2654 quod
564 2626 617 2646 nos
628 2625 728 2647 omnes
741 2616 817 2654 illos,
835 2627 906 2656 quos
922 2616 1068 2656 Rebelles,
1082 2618 1128 2648 seu
1142 2618 1204 2649 Re-

143 2656 257 2693 miffos,
282 2657 311 2686 in
334 2655 391 2686 hoc
414 2655 576 2686 neceffitatis
593 2655 726 2692 articulo,
742 2656 896 2692 contigerit
916 2656 1052 2694 inveniri,
1070 2657 1203 2687 Fautores

141 2694 266 2731 ipsorum
287 2693 477 2725 inimicorum
491 2692 652 2724 nostrorum
664 2716 673 2731 ,
689 2704 747 2724 non
764 2695 926 2731 immerito,
945 2695 1150 2733 reputabimus,
1169 2696 1203 2726 &

140 2732 178 2764 ad
200 2732 285 2771 ipsos,
304 2740 386 2770 prout
407 2733 559 2771 convenit,
574 2742 642 2763 cum
662 2741 839 2770 oportunum
853 2732 1030 2771 videbimus,
1049 2733 1203 2764 secundum

141 2770 189 2801 sua
204 2771 337 2801 demerita
351 2772 500 2809 capiemus,

181 2808 268 2840 Teste
280 2809 362 2850 Rege
377 2809 450 2848 apud
464 2809 499 2840 N
501 2809 699 2849 orthallerton,
714 2808 828 2841 decimo
842 2809 926 2841 tertio
941 2809 987 2840 die
996 2809 1073 2848 Julii.

0 1389 39 1411 111.
58 1395 81 1413 Ι.

0 1436 16 1450 ¹..
35 1433 61 1460 3.

0 1468 54 1490 Tot.
78 1473 100 1489 1.

0 1513 15 1527 ·..
37 1510 62 1537 3.

0 1549 66 1575 ⁹·4·

757 2889 811 2917 Per
824 2886 906 2928 ipfitm
923 2890 1027 2925 Regem.

141 3016 191 3050 De
210 3018 342 3049 Civitate
359 3013 495 3049 Eburum
511 3013 676 3047 munienda
691 3017 727 3052 (ῥ’
743 3013 929 3057 custodienda
939 3042 949 3057 ,
976 3019 1112 3049 maxime
1128 3015 1202 3048 dum

183 3067 312 3108 Mirer,
338 3067 467 3107 Frater,
493 3066 529 3102 ὠ
552 3066 670 3096 Sorores
687 3066 774 3110 Regis
793 3067 824 3096 in
838 3076 872 3097 ca
889 3076 1007 3098 moram
1020 3064 1159 3109 fecerint.

0 3150 73 3179 Anu.
88 3148 129 3179 D.
213 3149 296 3188 EX,
315 3150 422 3182 dilectis
444 3149 494 3180 fibi
516 3148 626 3187 Majori
645 3148 678 3180 δε
699 3148 807 3180 Ballivis
830 3148 959 3181 Civitatis
978 3149 1033 3180 suae
1054 3150 1201 3190 Eborum,

18 3197 29 3216 1
38 3197 103 3218 22⁷.
224 3188 357 3219 Salutem.

0 3217 51 3253 Ans
74 3213 97 3255 ι’.
181 3226 264 3258 Cum
284 3228 382 3265 Scoti,
400 3227 512 3257 Inimici
535 3227 569 3257 &
588 3225 721 3257 Rebelles
742 3226 845 3265 nostri,
863 3237 933 3258 cum
952 3235 1015 3257 toto
1036 3227 1119 3258 Posse
1134 3228 1200 3267 su0,

0 3269 26 3291 Ε.
45 3274 69 3298 3.
145 3264 283 3305 Regnum
301 3265 429 3296 nostrum
439 3289 452 3309 ².
464 3275 554 3304 prope
574 3274 662 3303 partes
677 3264 811 3303 Karlioli,
830 3273 860 3295 ut
874 3275 926 3303 pro
940 3275 1020 3296 certo
1034 3266 1201 3303 didicimus,

0 3308 62 3329 Scot.
81 3313 104 3331 ι.
142 3304 203 3342 jam
223 3304 360 3335 hostiliter
381 3305 432 3335 fint
446 3304 571 3343 mgreffi,
589 3305 622 3335 ὃς
642 3303 823 3340 Homicidia,
843 3303 1090 3342 Depraedationes,
1107 3306 1139 3335 &t
1155 3304 1201 3334 Iu—

0 3344 25 3367 E.
47 3348 72 3378 3-
144 3343 259 3381 cendia,
280 3353 314 3374 ac
334 3343 386 3373 alia
407 3342 502 3380 Mala,
521 3352 584 3380 quae
604 3350 751 3382 poterunt,
770 3342 857 3372 indies
876 3352 1031 3382 perpetrare
1052 3353 1111 3372 non
1132 3343 1202 3374 deli—

0 3380 107 3414 ”¹·3.d.
144 3381 235 3419 stant,
254 3391 366 3421 propter
382 3381 475 3421 quod,
497 3381 532 3411 ad
553 3380 675 3418 ipsorum
697 3380 855 3419 Malitiam,
874 3391 942 3411 cum
965 3380 1022 3410 Dei
1046 3380 1202 3418 adjutorio,

144 3420 351 3451 refraenandum
360 3443 370 3460 ,
386 3429 455 3450 cum
467 3419 618 3450 Excercitu
631 3418 729 3448 nostro
738 3419 785 3456 ,ad
801 3427 889 3456 partes
905 3418 1043 3448 Marchiae
1056 3419 1202 3456 praedi&ae

143 3458 362 3496 declinavimus,
379 3458 412 3489 &
426 3467 527 3488 contra
540 3457 611 3497 ipsos
625 3456 758 3487 Inimicos
769 3457 911 3496 dirigimus
926 3457 1044 3487 Gressus
1056 3457 1180 3488 nostros:

182 3495 264 3535 Nos,
278 3498 458 3528 defiderantes
474 3496 630 3527 Civitatem
644 3494 768 3525 nostram
782 3496 944 3533 praedictam
957 3495 1083 3525 Eborum
1092 3519 1101 3533 ,
1115 3498 1203 3526 maxi-

145 3536 195 3565 me
210 3534 283 3565 dum
298 3535 422 3575 isabella,
442 3534 691 3575 RQinaAngliae,
706 3533 799 3563 Mater
813 3533 906 3564 nostra
917 3534 1071 3572 cariffima,
1089 3535 1122 3564 <Sc
1136 3535 1201 3564 Fra-

146 3581 205 3610 ter,
224 3574 256 3604 &
277 3574 409 3611 Sorores,
427 3573 531 3611 nostri,
550 3583 660 3604 moram
679 3573 798 3603 fecerint
817 3574 846 3602 in
867 3572 982 3609 eadem,
1008 3573 1045 3602 sic
1067 3572 1143 3603 salvo
1167 3574 1200 3603 &

146 3610 240 3642 secure
263 3614 365 3644 muniri
385 3614 417 3643 δε
430 3612 586 3651 custodiri,
603 3611 682 3651 quod
697 3610 852 3648 periculum
865 3611 991 3649 aliquod,
1009 3620 1042 3640 ex
1056 3612 1201 3648 repentino

147 3648 290 3685 Aggreffu
310 3653 430 3689 ipsorum
452 3650 659 3688 Inimicorum,
677 3649 770 3680 eidem
793 3648 910 3680 Civitati
931 3659 989 3679 non
1003 3651 1128 3687 eveniat,
1147 3660 1200 3680 nec

147 3687 233 3715 timor
255 3688 300 3718 seu
313 3698 399 3720 terror
411 3690 487 3726 ipsis,
507 3689 597 3720 Matri
611 3688 731 3726 nostrae,
750 3687 852 3725 Fratri,
871 3689 904 3718 &
918 3687 1082 3725 Sororibus,
1100 3688 1203 3718 nostris

142 3725 240 3761 (quod
255 3727 339 3764 absit)
356 3729 504 3759 incutiatur
519 3738 573 3766 pro
584 3728 698 3760 defestu
713 3726 887 3758 Munitssonis
900 3727 934 3758 δε
946 3725 1093 3757 Custodiae
1107 3727 1137 3756 in
1151 3726 1204 3758 hac

169 3770 244 3791 arte·

147 3771 167 3800 p
191 3800 210 3819 ²*
223 3787 310 3845 vobis
324 3826 332 3840 ,
356 3805 385 3834 in
407 3804 475 3835 Fide
496 3806 530 3836 &
552 3804 715 3843 Ligeantia,
739 3813 772 3834 ac
794 3803 843 3834 sub
861 3803 1037 3834 forisfactura
1055 3804 1204 3842 omnium,

150 3848 217 3877 quae
236 3841 318 3883 nob1s
336 3841 494 3873 forisfacere
518 3844 641 3880 poteritis
655 3866 666 3882 ,
691 3843 805 3872 firmiter
826 3843 1016 3881 injungendo,
1041 3842 1205 3873 mandamus

148 3877 230 3920 quod
254 3877 362 3915 statim,
380 3881 440 3909 vilis
460 3882 651 3919 praesentibus,
669 3882 749 3911 omni
762 3881 937 3911 excusatione
949 3881 983 3911 &
998 3880 1130 3911 dilatione
1144 3890 1205 3910 ces-

149 3916 291 3953 (antibus,
317 3916 436 3955 Muros,
454 3919 578 3956 Foffata,
601 3921 634 3950 &
655 3919 787 3949 Turellos
827 3929 861 3949 ac
883 3918 1063 3950 Munitiones
1083 3918 1206 3956 ejusdem

151 3954 281 3984 Civitatis
302 3955 520 3994 circumquaque
542 3957 700 3997 (assumptis
713 3958 860 3987 vobicum
874 3959 956 3988 certis
971 3958 1092 3996 personis
1098 3979 1108 3995 ,
1122 3956 1157 3987 de
1173 3957 1206 3987 fi-

149 3992 259 4024 delibus
278 3991 394 4030 nostris,
412 4003 482 4034 quos
501 3994 535 4025 ad
554 3995 611 4026 hoc
627 3995 755 4026 duxeritis
766 3994 925 4034 eligendos)
943 3996 1152 4035 supervideatis,
1172 3996 1205 4027 ὃς

2 3815 23 3835 ⁸¹
44 3817 97 3843 l'V.

621 88 1422 140 CONVENTIONES‚

1480 92 1874 140 LITERAE‚

1240 176 1276 207 de
1297 176 1442 210 Custodiis
1465 180 1632 210 eorumdem
1655 180 1694 210 sic
1716 179 1836 219 provide
1864 178 1898 209 &
1926 177 2135 217 circumspecte
2152 181 2286 212 ordinetis
2299 203 2310 219 ,
2326 175 2402 208 Ann-
2418 177 2460 209 D-

1239 216 1321 261 quod
1343 218 1499 255 periculum
1519 219 1612 249 eidem
1625 217 1760 255 Civitati,
1778 227 1832 256 pro
1843 216 1958 248 detectu
1970 218 2056 248 bonae
2069 217 2233 258 Custodiae,
2247 229 2308 250 non
2346 224 2436 285 3327·

1241 263 1395 295 contingat.
2325 260 2345 284 E
2362 267 2393 284 v.
2415 265 2442 292 3.

1279 292 1391 325 Damus
1409 304 1502 326 autem
1517 296 1617 334 vobis,
1635 303 1734 326 tenore
1749 293 1943 334 praesentium,
1961 294 2114 332 plenariam
2128 294 2305 327 Potestatem

1239 331 1423 372 distringendi
1449 335 1484 364 &
1505 333 1697 371 compellendi
1716 343 1817 363 omnes
1836 334 1870 364 ὃς
1890 333 2010 373 singulos
2023 357 2032 372 ,
2059 333 2240 364 Tenementa
2257 334 2305 366 seu

1240 370 1380 402 Redditus
1397 374 1427 402 in
1447 372 1550 403 eadem
1570 372 1695 403 Civitate
1716 372 1867 410 habentes,
1885 380 1933 401 aut
1952 371 2142 402 Mercandisas
2155 381 2308 403 excercen-

1241 417 1299 447 teS,
1317 410 1362 441 seu
1382 411 1578 442 conversantes
1599 413 1628 441 in
1649 410 1763 448 eadem,
1778 420 1828 448 per
1842 411 2003 448 captionem
2019 410 2187 449 Corporum
2201 411 2235 441 &
2249 410 2308 441 Bo-

1239 457 1346 480 nQrurn
1365 448 1498 489 suorum,
1515 450 1551 480 ad
1573 449 1740 487 Custodias,
1759 449 1837 488 super
1856 448 1961 479 Muros
1983 449 2017 480 &
2035 448 2167 479 Turellos
2184 449 2307 480 e'usdem

1240 485 1389 524 Civitatis,
1407 488 1480 524 juxta
1501 488 1680 519 discretiones
1702 487 1803 519 vestras
1822 487 1979 524 ordinatas,
2001 486 2046 518 seu
2066 487 2185 518 ordinari
2240 511 2250 527 ,
2271 489 2307 519 δε

1240 524 1306 562 alia,
1324 535 1388 564 quae
1401 526 1475 556 circa
1491 527 1631 564 praemissa
1643 527 1792 557 neceffiiria
1803 526 1837 557 ὅς
1851 526 1928 556 utilia
1938 526 2055 564 fuerint,
2074 526 2254 557 faciendum:
2270 527 2308 557 δε

1241 564 1375 603 puniendi
1395 574 1497 595 omnes
1515 565 1592 604 iilos,
1611 575 1682 606 quos
1703 566 1733 596 in
1748 565 1802 595 hac
1815 573 1892 604 parte
1906 565 2078 602 contrarios,
2095 564 2142 595 seu
2156 564 2307 604 Rebelles,

1240 610 1286 632 aut
1307 601 1353 632 sus
1367 602 1445 633 cetos
1464 604 1640 643 inveneritis,
1655 614 1704 643 per
1725 603 1999 642 Incarcerationem,
2017 603 2052 634 &
2065 603 2122 634 aliis
2135 604 2229 634 modis
2241 604 2307 643 qui-

1243 641 1296 671 bus
1308 641 1335 670 vi
1356 641 1428 671 eritis
1441 642 1582 679 expedire.

1281 678 1386 713 Talem
1406 680 1490 719 igitur
1507 681 1540 711 &
1563 689 1668 711 tantam
1687 681 1860 721 diligentiam
1875 704 1885 720 ,
1912 681 1942 711 in
1965 681 2127 712 executione
2147 680 2306 722 praemiffo-

1241 727 1307 760 rum
1321 740 1330 754 ,
1351 724 1493 758 apponere
1513 718 1642 750 studeatis
1655 742 1665 758 ,
1688 721 1769 758 quod
1792 719 1913 751 vestram
1934 719 2067 758 possirnus
2083 719 2256 760 diligentiam
2271 721 2304 750 in

1241 756 1346 786 effectu
1368 758 1461 794 operis
1481 758 1615 796 experiri,
1633 758 1667 788 δε
1687 759 1767 797 quod
1780 768 1839 789 non
1853 758 2006 789 habeamus
2019 759 2180 797 materiam,
2198 760 2239 789 ob
2252 769 2306 789 ve-

1242 794 1291 825 stri
1309 795 1496 863 *tepiditatems
1505 797 1552 827 seu
1573 795 1715 827 defeetum
1730 798 1768 833 (fi
1781 796 1873 827 forsan
1886 798 2043 835 periculum
2055 798 2182 836 eveniat)
2201 797 2237 829 ad
2251 807 2304 829 vos

1239 842 1359 873 gravrter
1372 843 1468 873 capien
1490 844 1507 864 1.

1279 871 1369 902 Teste
1382 871 1469 911 Rege
1481 872 1556 912 apud
1571 872 1712 905 Dunolm.
1726 873 1844 905 decimo
1857 875 1959 914 quinto
1973 875 2018 906 die
2027 874 2104 914 Julii.

1734 953 1788 981 Per
1800 952 1963 981 Petitionem
1975 952 2008 982 de
2022 951 2143 984 Concilio.

1401 990 1444 1019 Et
1458 996 1519 1020 erat
1538 991 1650 1019 Patens.
2179 990 2185 993 '

1370 1116 1465 1160 Super
1490 1110 1646 1146 Libertate
1672 1113 1778 1161 Regali
1805 1114 2009 1158 Dunolmensis
2023 1116 2168 1163 Epifiopi.

1243 1198 1328 1256 RE
1341 1198 1371 1230 X
1405 1199 1512 1230 dilecto
1527 1200 1560 1231 &
1575 1199 1648 1231 fideli
1661 1199 1728 1239 suo,
1745 1199 1866 1239 Rogero
1879 1199 1916 1231 de
1931 1199 2055 1231 Mortuo
2070 1199 2165 1240 Mari,
2181 1201 2305 1234 Custodi
2323 1195 2399 1227 Ann-
2411 1197 2452 1227 D·

1321 1224 1414 1269 Casiri
1437 1237 1567 1269 Bernardi
1580 1261 1591 1282 ,
1616 1248 1650 1268 ac
1668 1238 1787 1269 aliorum
1809 1238 1966 1270 Terrarum
1987 1239 2021 1270 &
2042 1239 2303 1280 Tenementorum,
2343 1244 2428 1274 1327.

1240 1285 1305 1314 quae
1325 1277 1439 1308 fuerunt
1455 1276 1599 1307 Guidonis
1613 1277 1649 1307 de
1663 1276 1741 1308 Bello
1757 1276 1890 1316 Campo,
1908 1277 2054 1317 quondam
2068 1276 2192 1309 Comitis
2203 1279 2305 1310 Warra
2320 1278 2373 1303 An.
2393 1284 2419 1303 ¹-

1239 1315 1307 1346 wici
1322 1339 1332 1354 ,
1353 1316 1499 1354 defuneti,
1524 1316 1571 1354 qui
1594 1315 1630 1346 de
1649 1315 1785 1346 Domino
1804 1315 1839 1346 E.
1859 1326 1950 1354 nuper
1968 1316 2050 1355 Rege
2070 1316 2181 1355 Angliae
2222 1316 2305 1349 Patre
2320 1318 2351 1342 Ε·
2370 1323 2397 1350 3·

1240 1353 1340 1384 nostro
1355 1378 1365 1394 ,
1389 1354 1478 1384 tenuit
1500 1355 1530 1384 in
1550 1352 1671 1393 Capite,
1696 1355 1767 1385 infra
1788 1354 1964 1386 Libertatem
1984 1354 2169 1393 Episcopatfis
2188 1340 2306 1387 bunol-
2319 1352 2434 1388 Clausi.

1240 1393 1358 1432 mensiS,
1374 1393 1417 1423 vel
1433 1393 1490 1430 ejus
1506 1393 1620 1423 Locum
1637 1394 1761 1432 tenenti,
1779 1393 1911 1423 Salutem.
2318 1394 2348 1417 13.
2370 1400 2395 1427 3-

1278 1431 1399 1471 Petitio,
1417 1431 1592 1462 Venerabilis
1605 1430 1708 1470 Patris,
1727 1431 1880 1463 Lodowici
1893 1431 1994 1472 Episco
2015 1432 2022 1461 i
2035 1431 2103 1462 dieti
2118 1431 2193 1472 loci,
2319 1434 2344 1465 P·
2360 1439 2386 1456 2-

1276 1468 1385 1500 Coram
1399 1471 1479 1500 nobis
1494 1470 1527 1501 &
1543 1469 1682 1500 Concilio
1694 1470 1812 1509 nostro,
1830 1471 1860 1500 in
1875 1471 1978 1502 ultimo
2016 1471 2181 1502 arliamento
2194 1470 2305 1511 nostro,
2321 1476 2357 1495 m·
2378 1477 2424 1495 20·

1240 1508 1315 1546 apud
1330 1508 1618 1539 Westmonasterium
1633 1517 1730 1548 tento,
1748 1508 1886 1547 exhibita,

1278 1547 1454 1578 Continebat
1466 1555 1515 1585 ut,

1280 1586 1376 1625 Cum,
1393 1588 1423 1616 in
1445 1585 1633 1616 parliamento
1653 1586 1810 1625 praedicto,
1828 1587 2015 1618 forisfactura:
2027 1585 2149 1617 Guerrae
2160 1587 2253 1618 eidem
2266 1587 2309 1619 E-

1241 1624 1318 1664 pisco
1338 1635 1373 1662 o,
1392 1634 1423 1655 ut
1441 1624 1492 1664 Jus
1517 1624 1651 1655 Ecclefiae
1673 1625 1727 1656 suae
1745 1625 1907 1663 praedietae,
1925 1626 1958 1656 &
1978 1625 2177 1656 Praedeceffori
2192 1626 2258 1666 suo,
2276 1629 2307 1658 in

1242 1664 1301 1694 aliis
1319 1635 1531 1702 {arliamentig
1550 1662 1665 1693 fuissent
1683 1664 1863 1702 adjudicatae3
1880 1665 1930 1702 δε,
1948 1664 2028 1701 super
2048 1664 2121 1703 hoc,
2140 1664 2236 1696 Brevia
2254 1675 2308 1696 no-

1244 1702 1299 1732 stra
1318 1703 1390 1733 faeta
1403 1703 1504 1732 fuerint
1518 1701 1693 1732 Custodibus
1709 1701 1883 1740 Terrarum,
1901 1702 2108 1733 forisfactarum
2124 1704 2193 1734 infra
2209 1703 2310 1742 Rega-

1242 1741 1298 1771 lem
1319 1741 1494 1772 Libertatem
1515 1740 1596 1778 ipsius
1621 1740 1773 1779 Episcopi,
1792 1741 1873 1779 quod
1891 1751 2008 1771 manum
2027 1740 2152 1780 Regiam
2166 1742 2233 1773 inde
2246 1752 2308 1773 am-

1243 1788 1380 1810 moveant

1280 1818 1324 1849 Ac
1347 1803 1481 1849 Ca’strum
1503 1817 1672 1856 praedictum
1687 1841 1696 1856 ,
1727 1817 1891 1848 Manerium
1914 1816 1950 1848 de
1969 1816 2137 1857 Geyneford
2152 1841 2162 1857 ‚
2192 1819 2226 1850 &
2249 1819 2310 1850 aliae

1243 1856 1344 1887 Terrae
1354 1880 1363 1895 ,
1383 1867 1447 1895 quae
1461 1858 1575 1887 fuerunt
1588 1857 1702 1894 Rogeri
1717 1857 1753 1886 de
1769 1855 1893 1886 Clifford
1902 1879 1913 1895 ,

1280 1896 1358 1935 Qae
1374 1894 1489 1934 quidem
1502 1918 1512 1934 ,
1530 1893 1664 1925 Castrum
1674 1918 1683 1931 ,
1703 1894 1849 1932 Maneria,
1863 1895 1980 1933 Terrae,
1990 1895 2023 1926 &
2038 1894 2236 1934 Tenementa,
2247 1895 2310 1926 alias

1242 1934 1382 2003 forilsrafita
1395 1934 1509 1965 fuerunt
1521 1943 1570 1972 per
1581 1933 1935 1973 forisfacturamJohannis
1948 1934 1984 1964 de
1998 1933 2132 1972 Balliolo,
2147 1935 2180 1966 ὃ(
2194 1934 2310 1966 Rober-

1244 1982 1267 2004 t1
1302 1984 1318 2003 e
1355 1984 1416 2011 rus,
1599 2007 1601 2009 ,

1280 2012 1317 2042 Et
1329 2012 1401 2043 infra
1414 2013 1587 2044 Libertatem
1603 2012 1770 2051 praedictam
1782 2011 1920 2051 existunt,
2060 2040 2062 2042 ,

1280 2050 1315 2081 In
1330 2061 1416 2082 manu
1431 2051 1527 2082 nostra
1542 2051 1734 2089 detineantur,
1751 2061 1784 2082 ac
1801 2051 1820 2082 fi
1834 2059 1901 2088 nos,
1919 2048 2223 2081 ratione‘forisfatsturae
2238 2059 2311 2089 prae-

1243 2089 1345 2129 dietae,
1365 2090 1552 2129 praerogativa
1565 2090 1760 2129 nostra,infra
1775 2090 1949 2120 Libertatem
1958 2088 2126 2126 praedictam
2134 2112 2146 2128 ,
2166 2091 2205 2121 nti
2220 2090 2314 2130 poffe-

1245 2138 1323 2168 mus,
1339 2129 1407 2160 sicut
1426 2130 1490 2160 alibi
1503 2129 1574 2160 infra
1589 2129 1724 2169 Regnum
1738 2128 1887 2166 nostrum,

1285 2169 1363 2208 Qae
1383 2169 1498 2206 quidem
1520 2168 1710 2208 praerogativa
1730 2167 1765 2198 ad
1779 2167 1870 2206 ipsum
1885 2165 2073 2207 Episcopum,
2090 2167 2162 2198 infra
2179 2166 2310 2200 Liberta-

1246 2215 1304 2238 tem
1325 2208 1508 2246 praedietam,
1527 2208 1661 2246 pertinet,
1680 2208 1750 2238 ficut
1771 2206 1858 2245 dicit,

1284 2246 1373 2286 Super
1395 2256 1454 2285 quo
1476 2247 1559 2276 nobis
1577 2246 1758 2285 supplicavit,
1776 2253 1807 2275 ut
1828 2245 1983 2283 praecipere
1999 2244 2117 2275 velimus
2136 2243 2314 2276 Custodibus

1247 2285 1400 2316 Terrarum
1416 2285 1629 2323 praedicstarum,
1648 2294 1698 2324 per
1715 2284 1814 2316 Brevia
1833 2282 1946 2321 nostra,
1965 2283 2045 2322 quod
2060 2293 2178 2313 manum
2190 2283 2312 2323 Regiam

1247 2324 1283 2354 de
1304 2323 1403 2354 Terris
1422 2324 1490 2361 illis,
1508 2324 1578 2354 sicut
1601 2323 1636 2353 de
1649 2323 1723 2362 aliis,
1740 2330 1940 2359 ammoveant,
1958 2332 1991 2352 ac
2010 2322 2181 2361 praediclum
2195 2322 2313 2360 Episco-
2362 2340 2375 2345 x

1247 2372 1317 2401 pum
1339 2363 1483 2393 Libertate
1504 2362 1549 2393 sua
1569 2361 1703 2401 praedieta
1724 2361 1791 2397 (ubi
1812 2360 1900 2391 Breve
1920 2360 2050 2391 nostrum
2071 2359 2107 2390 de
2123 2361 2187 2399 jure
2202 2370 2313 2390 currere

1248 2412 1308 2432 non
1330 2402 1432 2439 debet,
1451 2411 1505 2431 nec
1526 2400 1595 2432 Nos
1609 2400 1716 2432 ibidem
1731 2400 1852 2432 Terram
1866 2399 1953 2431 seifire
1965 2399 2119 2436 debemus)
2140 2399 2180 2429 uti
2193 2399 2228 2430 &
2242 2407 2311 2437 gau-

1249 2441 1321 2510 dei}
1329 2442 1510 2480 permittant,

1324 2491 1356 2511 os

1285 2517 1344 2549 Pro
1365 2504 1402 2550 eo
1423 2519 1502 2560 quod
1523 2530 1571 2558 per
1585 2519 1672 2558 Nos,
1691 2519 1724 2551 &
1738 2517 1907 2549 Concilium
1921 2515 2050 2559 nostrum
2067 2514 2145 2553 alias,
2163 2514 2193 2544 in
2208 2515 2313 2559 eodem

1247 2557 1452 2596 Parliamento,
1471 2558 1678 2589 consideratum
1701 2559 1770 2595 fuit,
1787 2556 1868 2593 quod
1886 2552 2134 2597 idernhpiscnopus
2146 2553 2245 2585 habeat
2260 2553 2312 2583 Li-

1247 2597 1384 2626 bertatem
1398 2597 1474 2627 suam
1491 2596 1630 2636 Regalem
1641 2619 1652 2633 ,
1674 2603 1758 2635 prout
1771 2595 1834 2624 alias
1847 2593 2017 2623 concellum
2033 2592 2086 2622 fuit
2102 2601 2232 2629 tempore
2247 2591 2314 2622 Do-

1249 2635 1319 2664 mini
1343 2634 1384 2664 H.
1405 2634 1550 2672 quondam
1572 2634 1660 2674 Regis
1680 2633 1803 2671 Anuliae,
1823 2631 1926 2662 Proavi
1947 2630 2055 2668 nostri3
2075 2630 2108 2660 δε
2131 2632 2214 2660 etiam
2229 2630 2314 2661 Con-

1246 2673 1394 2704 cordatum
1418 2673 1470 2703 fuit
1492 2672 1616 2710 ibidem,
1634 2672 1710 2710 quod
1726 2658 1760 2701 f<
1762 2681 1794 2701 os
1807 2679 1990 2700 amoveamus
2005 2679 2121 2699 manum
2136 2668 2264 2700 nostram
2277 2669 2315 2699 de

1247 2712 1327 2741 omni
1347 2721 1382 2740 eo
1397 2711 1475 2749 quod
1491 2710 1628 2740 babemus
1643 2712 1671 2740 in
1688 2720 1774 2740 manu
1790 2707 1901 2747 nostra,
1917 2709 2022 2738 ratione
2030 2706 2238 2745 Jurisditstionis
2251 2707 2313 2738 Re-

1247 2750 1326 2789 galis,
1344 2750 1376 2780 &
1391 2751 1477 2780 etiam
1491 2748 1639 2779 Ministros
1653 2748 1764 2779 nostros
1777 2748 1806 2777 in
1820 2747 1922 2785 Regali
1937 2745 2049 2776 Officio
2066 2745 2269 2785 ministrantes,

1283 2788 1417 2818 Volentes
1430 2787 1510 2827 quod
1523 2797 1629 2828 ea,qu2e
1644 2787 1682 2817 sic
1697 2785 1877 2817 Concordata
1888 2784 1951 2815 sunt
1960 2783 2076 2815 effectui
2089 2785 2300 2824 mancipentur,

1285 2827 1376 2857 Vobis
1395 2826 1561 2857 mandamus
1582 2826 1662 2865 quod
1678 2835 1795 2856 manum
1812 2823 1938 2854 nostram
1953 2823 1988 2854 de
2003 2823 2152 2867 omni-eo,
2169 2824 2248 2863 quod
2261 2824 2313 2854 ha-

1247 2866 1347 2895 bemus
1365 2867 1393 2895 in
1415 2875 1499 2895 manu
1519 2864 1631 2903 nostra,
1650 2865 1757 2894 ratione
1774 2862 1976 2901 Jurisdiftionis
1997 2860 2128 2899 Regalis,
2143 2863 2176 2893 ὃς
2199 2872 2264 2900 quae
2283 2863 2314 2892 in

1249 2903 1390 2934 Custodia
1409 2903 1497 2934 vestra
1511 2903 1648 2941 existunt,
1667 2903 1686 2922 *²
1701 2913 1753 2933 nec
1769 2912 1829 2932 non
1846 2900 1994 2931 Ministros
2010 2900 2137 2938 nostros,
2155 2900 2175 2930 si
2187 2901 2236 2938 qui
2249 2899 2312 2930 fue-

1248 2944 1303 2973 rint
1324 2944 1352 2972 in
1378 2942 1480 2979 Regali
1499 2941 1627 2980 Officio,
1645 2941 1714 2971 iufra
1737 2941 1911 2970 Libertatem
1928 2938 2092 2977 praedietam
2109 2937 2311 2981 ministrantes,

1247 2982 1439 3020 ammoveatis,
1448 2981 1598 3011 lecundum
1613 2981 1736 3011 formam
1750 2978 1989 3020 Considerationis
2004 2977 2037 3007 &
2051 2975 2228 3005 Concordiae
2240 2986 2313 3015 prae·

1246 3020 1404 3055 dictarum
1423 3029 1474 3049 vos
1490 3020 1574 3057 inde,
1590 3027 1688 3050 contra
1702 3017 1828 3056 easdem,
1842 3015 2110 3047 Conhderatlonem
2125 3014 2158 3045 ὃς
2175 3012 2312 3046 Concor—

1246 3058 1338 3097 diam,
1357 3059 1510 3088 nullatenus
1524 3059 1751 3088 intromittentes.
2006 3091 2011 3096 Ι
2140 3091 2145 3096 -
2176 3091 2182 3097 ⁶

1284 3097 1451 3128 Intentionis
1472 3105 1566 3127 tamen
1585 3097 1703 3133 nostrae,
1722 3096 1755 3126 &
1775 3093 1902 3125 Concilii
1922 3090 2012 3121 nostrl
2031 3100 2091 3135 non
2104 3089 2212 3129 existit,
2227 3091 2308 3130 quod

1244 3136 1346 3175 aliqui,
1365 3137 1413 3173 qui
1433 3135 1553 3174 Terras,
1571 3134 1616 3165 seu
1629 3134 1807 3164 Tenementa
1821 3131 1858 3161 de
1869 3129 2066 3173 forisfaCturis,
2083 3138 2118 3158 ex
2135 3129 2307 3160 Conceffio-

1245 3185 1282 3204 ne
1301 3174 1521 3212 progenitorum
1545 3173 1726 3209 nostrorum,
1743 3177 1856 3206 tenent,
1875 3168 1959 3206 inde,
1978 3175 2079 3198 Virtute
2093 3166 2307 3200 consideratio·
2354 3205 2356 3207 ,

1245 3214 1287 3243 nis
1302 3212 1462 3249 praedietae,
1478 3211 1579 3248 absque
1597 3209 1809 3245 Responfione,
1824 3215 2049 3250 ammoveantur.

1283 3249 1374 3281 Teste
1388 3249 1474 3286 Rege
1489 3249 1563 3286 apud
1576 3247 1718 3278 Dunolm.
1734 3247 1851 3277 decimo
1863 3254 1964 3284 quinto
1975 3245 2021 3275 die
2030 3245 2107 3284 Julii.

2332 2911 2351 2931 ⁸
2371 2918 2425 2947 tv.

2332 2955 2395 2990 298.

1737 3325 1790 3353 Per
1806 3325 1966 3353 Petitionem
1978 3322 2010 3352 de
2025 3321 2147 3353 Concilio.

1587 3454 1637 3486 De
1658 3450 1762 3484 eadem
1780 3461 1836 3497 pro
1853 3449 1963 3485 eodem.

1244 3537 1330 3593 RE
1341 3537 1372 3568 X
1388 3561 1399 3576 ,
1421 3538 1529 3568 <meno
1552 3537 1624 3576 fibi,
1650 3537 1785 3568 Roberto
1805 3536 1842 3567 de
1856 3533 1998 3575 Cimbra,
2017 3535 2138 3578 custoai
2156 3533 2304 3579 Manerio-
2321 3526 2397 3557 Ann-
2410 3526 2452 3558 D.

1316 3586 1380 3606 rum
1397 3575 1432 3607 de
1451 3576 1527 3607 Hert
1547 3577 1580 3607 &
1602 3576 1755 3607 Herternes
1768 3598 1777 3613 ,
1793 3585 1856 3614 quae
1878 3575 1989 3605 fuerunt
2007 3573 2117 3612 Rogeri
2129 3571 2165 3602 de
2178 3572 2302 3603 Clifford
2343 3574 2429 3605 1327.

1243 3612 1371 3645 defuncti
1386 3637 1395 3653 ,
1415 3616 1463 3653 qui
1484 3614 1520 3645 de
1538 3614 1672 3644 Domino
1693 3614 1729 3644 Ε.
1744 3622 1832 3652 nuper
1853 3613 1934 3652 Rege
1948 3612 2074 3650 Angliae,
2090 3609 2175 3641 Patre
2187 3609 2303 3650 nostro,
2320 3608 2370 3632 An.
2389 3615 2415 3634 ¹·

1243 3654 1331 3682 tenuit
1343 3654 1372 3682 in
1385 3653 1504 3690 Capite,
1522 3652 1567 3682 vel
1581 3653 1639 3690 ejus
1658 3653 1772 3683 Locum
1789 3653 1893 3682 tenenti
1907 3650 2029 3686 ibidem,
2049 3648 2183 3679 Salutem.
2320 3647 2352 3671 Ε·
2374 3652 2399 3687 3:

1280 3689 1399 3729 Petitio,
1419 3691 1592 3722 Venerabilis
1606 3691 1710 3730 Patris,
1728 3688 1788 3725 &a
1801 3697 1833 3720 ut
1836 3689 1931 3730 fiaepra.
1951 3686 2075 3718 Manum
2097 3686 2218 3726 Regiam
2236 3687 2304 3719 inde
2359 3680 2424 3710 ΠΜ·

1245 3738 1478 3811 ἃωΑοὲρέἶῗιῖίῖτμῑῃ
1491 3767 1639 3812 Bernardi,
1660 3767 1826 3799 Manerium
1839 3767 1874 3798 de
1887 3763 2066 3803 Geynefford
2080 3785 2090 3801 ‚
2107 3762 2141 3794 &
2157 3762 2218 3794 aliae
2231 3764 2307 3810 Ter-

1246 3814 1284 3834 ree
1300 3828 1309 3842 ,
1334 3815 1398 3843 quae
1419 3811 1531 3837 ruerunt
1548 3806 1691 3837 Gurdonis
1710 3807 1746 3837 de
1768 3806 1847 3837 Bello
1869 3803 2001 3840 Campo,
2021 3800 2165 3839 quondam
2179 3801 2307 3834 Comitis

1247 3843 1398 3874 Warrwici
1408 3867 1416 3881 ,
1435 3846 1468 3876 &
1482 3844 1557 3876 dieta
1572 3845 1704 3877 Maneria
1715 3846 1751 3876 de
1763 3845 1838 3874 Hert
1849 3844 1882 3874 &
1894 3838 2095 3877 Herterneffe3

1285 3881 1364 3945 (lQiae
1377 3883 1511 3922 quidem,
1529 3882 1682 3922 Castrum,
1701 3883 1847 3920 Manem,
1865 3880 1964 3912 Terrae
1983 3877 2017 3908 &
2028 3877 2227 3919 Tenementa,
2245 3878 2308 3916 &62

1247 3926 1278 3949 ut
1304 3927 1378 3957 upra.

1284 3947 1374 3989 Teste
1389 3967 1420 3991 ut
1433 3961 1517 3993 supra.

1823 3997 1876 4027 Per
1891 3995 2051 4026 Petitionem
2063 3995 2096 4026 de
2108 3995 2230 4028 Concilio.

2206 4037 2312 4066 Idterae
