2562 4279
48 274 125 304 Arm.
139 268 180 299 D.

67 309 152 355 1318.

47 353 116 377 Itlv.
134 356 160 374 2.

51 481 128 511 Ami.
144 477 185 509 D.

72 517 157 555 1318.

53 561 106 586 An.
125 565 167 584 12.

51 600 83 625 Ε.
103 605 128 622 2.

52 639 123 662 Rom.
134 629 167 664 ὠ·

53 676 94 700 Fr.
107 673 190 697 12.E.

56 718 126 736 2.m.
139 717 181 735 10.

79 1093 96 1109 ⁴-
115 1091 170 1118 111.

89 1138 153 1164 742·

79 1941 154 1974 Ann.
171 1938 211 1970 D.

100 1979 186 2019 1318.

79 2022 130 2047 An.
152 2027 193 2044 ¹2.

81 2062 112 2085 E.
130 2066 156 2084 2.

79 2099 139 2123 Fae.
160 2104 201 2121 Η..

82 2138 112 2161 Ε.
134 2139 198 2169 2.p.

87 2180 217 2202 1.m.12.

99 3080 175 3112 Ann.
191 3075 232 3107 D.

128 3116 213 3156 1318.

101 3161 154 3185 An.
181 3165 223 3183 12.

101 3199 131 3222 E.
149 3204 175 3221 2.

61 3266 65 3268 η
103 3237 152 3260 Par
191 3240 232 3258 12.

103 3275 235 3307 E.2.p.1.

104 3317 194 3344 m,i4.

193 137 274 183 164

209 315 302 358 Super
324 306 449 349 Ecclesia
473 303 508 336 a'e
532 297 711 343 Horncastre
729 325 739 341 ,
773 299 958 345 fpiftopatm‘
983 295 1155 339 Carliolenfi
1174 305 1265 325 anne-

253 356 376 397 Henda,
412 364 446 386 ut
468 351 511 385 ad
533 361 599 383 eam
615 375 626 391 ‚
653 348 777 394 furente
807 344 890 381 rabie
917 349 1071 379 Scotorum
1092 371 1102 387 ,
1135 342 1266 388 Episcopi

246 405 344 454 poffint
367 401 532 448 confugere.

207 488 312 555 PAP
323 487 364 520 AE
383 485 448 517 Rex
464 485 566 516 devota
584 482 686 521 pedum
703 481 796 513 oscula
813 481 969 512 beatorum.

277 527 361 558 Dum
373 525 407 555 ad
423 532 550 555 mentem
565 522 724 555 reducimus
755 530 799 551 uae
813 520 847 551 δε
858 526 959 557 quanta
973 515 1084 555 pertulit
1103 515 1271 546 incommo-

208 567 259 606 da,
277 563 440 597 venerabilis
459 560 557 599 Pater,
575 559 718 599 johannes
769 557 912 589 arliolensrs
931 555 1099 594 Episcopus,
1116 563 1149 586 ex
1169 552 1272 584 Scoto»

210 615 272 638 rum
285 603 393 635 assiduis
406 599 512 633 insidiis
536 601 570 632 δε
585 596 770 637 Agareffibus
786 595 940 635 ⁴repentinis
975 595 1009 624 ὃ(
1031 592 1129 623 nostris
1147 591 1273 621 occurrit

209 643 351 675 obtutibus
372 639 488 680 qualiter
505 638 569 677 sua,
585 638 619 670 ὃς
639 635 790 674 Ecclesiae,
808 635 863 666 cui⁴
875 617 1001 672 praeiidet
1021 632 1098 669 (quae
1114 631 1191 668 juxta
1206 628 1274 659 fines

211 681 362 713 constituta
383 678 424 710 est
466 676 581 710 estiferae
599 673 740 711 Nationis)
764 672 864 705 vastata
881 672 943 703 sunt
964 670 1086 708 Praedia,
1113 666 1276 699 Combusta

210 718 366 758 AEdificia,
381 718 419 749 &
433 688 592 754 Knimalia,
609 711 867 751 acquaequeBona
880 718 982 741 caetera
997 706 1153 746 depraedata
1173 705 1275 744 (Colo-

211 760 254 791 nis
269 766 326 798 quo
347 766 382 788 ue
391 779 401 796 ,
417 765 466 796 per
479 753 600 792 ipsorum
613 751 772 791 nephandas
784 750 906 781 dexteras
921 748 978 779 aliis
991 747 1095 777 necatis
1111 744 1274 781 crudeliter,

209 797 267 828 aliis
287 767 389 828 &ciuis
405 793 601 826 Mansionibus
618 789 737 826 exulatis)
759 789 903 819 turbamur
921 787 949 816 in
971 785 1077 816 intimis
1092 807 1101 822 ,
1125 784 1158 814 &
1180 791 1276 820 graves

209 835 350 867 anxietatis
361 833 470 865 aculeos
485 832 516 862 in
537 829 636 862 nostris
659 827 820 868 praecordiis
839 825 1013 862 milei-amus,
1030 831 1162 859 tantoque
1182 821 1277 851 anxius

211 873 292 905 dieto
304 871 380 904 Patri
396 870 606 909 compatimur,
622 869 729 906 quantu
750 865 831 903 ipsius
851 863 986 898 fidelitatis
1009 861 1210 898 constantiam,
1228 858 1277 889 de-

212 912 335 943 votionis
349 912 483 948 vigorem
493 931 502 947 ,
520 907 553 938 &
567 905 809 943 longanimitatem
825 902 964 940 patientiae
978 901 1128 930 intuemur.

249 949 441 981 Desiderantes
463 949 548 984 igitur
570 946 650 982 ipsius
671 943 777 973 mederi
797 941 993 979 languoribus,
1018 939 1050 969 δε
1076 936 1279 968 necessitatibus

212 988 371 1029 provideri,
390 998 444 1026 ne,
461 984 607 1016 destruc‘iis
628 980 844 1013 Possessionibus
863 980 895 1010 δε
912 977 1116 1014 proventibus,
1134 975 1211 1006 unde
1227 974 1279 1004 sus-

213 1028 310 1058 tentari
325 1026 456 1062 deberet,
472 1033 554 1059 egere
568 1030 702 1059 cogatur,
720 1021 749 1050 in
764 1018 952 1056 obprobrium
966 1015 1137 1054 Episcopalis
1153 1013 1279 1051 Ordinis,

214 1067 247 1097 &
257 1065 377 1096 dedecus
390 1064 475 1094 totius
488 1061 621 1092 Ecclesiae
637 1058 822 1097 Anglicanae,
839 1056 872 1086 ad
888 1054 985 1086 vestra:
1008 1053 1163 1084 Sane‘titatis
1178 1052 1280 1082 Provi-

214 1104 340 1135 dentiam
360 1105 434 1140 (quae
449 1102 468 1120 ³*
486 1099 595 1131 moestis
608 1098 796 1135 compatitur,
815 1095 848 1126 ἃ
861 1094 969 1125 adversa
985 1092 1151 1131 patientibus
1164 1091 1280 1121 libenter

215 1142 412 1175 consolationis
424 1139 546 1178 prresidia
560 1136 726 1175 impertitur)
746 1134 910 1165 recurrimus
919 1156 928 1170 ,

252 1181 336 1211 Totis
348 1179 486 1210 desideriis
502 1185 645 1207 exorantes
666 1176 809 1211 quatinus,
828 1172 861 1202 ad
883 1169 1090 1209 depressionem
1107 1168 1192 1199 status
1211 1167 1281 1198 dieti

215 1219 365 1258 Episcopi,
384 1218 416 1248 δε
432 1216 565 1247 Ecciefiae
579 1215 650 1252 suae,
668 1213 796 1243 Paternae
810 1209 1037 1241 considerationis
1051 1207 1150 1237 oculos
1165 1216 1283 1237 conver·

213 1267 319 1296 tentes,
334 1255 492 1287 concedere
506 1250 764 1289 digneminieidem
773 1248 927 1280 Ecclesiam
938 1246 1131 1277 Parochialem
1143 1245 1180 1275 de
1186 1244 1283 1275 Horn-

216 1296 303 1328 castre
324 1293 504 1325 Lincolnenii
520 1291 658 1329 Diocese,
676 1298 742 1319 curn
756 1287 878 1325 Capellis
890 1285 982 1316 eidem
1003 1285 1117 1315 annexis
1129 1307 1139 1323 ,
1165 1293 1229 1322 quae
1248 1283 1285 1313 de

215 1335 267 1367 suo
281 1333 370 1364 existit
392 1333 557 1369 patronatu,
574 1332 603 1360 in
627 1329 752 1368 proprios
777 1327 836 1356 usus
858 1325 993 1363 perpetuo
1014 1322 1223 1361 possidendam,
1241 1323 1284 1360 ip-

217 1374 328 1411 samque
343 1372 392 1402 suo
407 1370 582 1408 Episcopatui
597 1369 745 1399 annectere
760 1366 794 1395 &
807 1365 896 1395 unire:
917 1371 946 1393 ut
961 1363 1022 1393 tam
1037 1363 1046 1391 i
1068 1360 1109 1399 se,
1125 1361 1211 1405 quam
1228 1362 1287 1399 ejus

217 1411 394 1442 Successores
414 1409 520 1446 (saltem
535 1407 643 1437 furente
660 1406 735 1436 rabie
749 1403 850 1434 Gentis
863 1402 1006 1441 praeditstae
1057 1400 1167 1436 ationis)
1188 1398 1224 1429 ad
1243 1401 1287 1437 ip-

219 1450 279 1481 sam
301 1448 456 1485 confugere
470 1470 479 1485 ,
506 1446 539 1477 &
561 1445 617 1475 sure
637 1443 798 1483 indigentiae
815 1441 941 1479 valeant,
957 1448 991 1470 ex
1011 1440 1067 1477 ejus
1108 1438 1288 1476 roventibus,

221 1487 384 1527 providere:
403 1497 436 1517 ac
447 1509 456 1524 ,
482 1483 577 1514 sedatis
595 1482 769 1513 Guerrarum
786 1480 958 1517 turbinibus,
975 1477 1062 1508 dietae
1111 1476 1216 1507 cclesiae
1233 1476 1288 1507 suae

221 1527 288 1557 dam
310 1536 343 1556 na
360 1527 392 1557 &
409 1522 549 1562 deperdita
566 1521 721 1559 Dominia,
746 1518 844 1550 divinia
862 1517 973 1549 favente
990 1515 1153 1547 Clementia}
1167 1538 1178 1554 ,
1202 1524 1288 1546 com-

223 1575 276 1597 mo
297 1565 337 1594 ius
354 1564 507 1594 restaurare.

260 1602 430 1640 Conservet,
446 1601 507 1632 &c.

294 1641 362 1672 Dat.
379 1640 452 1681 apud
471 1638 618 1676 Eborum,
635 1635 770 1668 vicesimo
787 1641 882 1674 quarto
900 1632 946 1663 die
962 1631 1154 1663 Novembris.

226 1791 276 1823 De
299 1789 404 1828 Vmis,
439 1783 620 1818 Hominibus
643 1779 866 1815 Northumbriae
883 1807 892 1822 ‚
927 1779 1040 1813 damna
1060 1778 1145 1828 paffis
1161 1790 1216 1826 per
1238 1782 1292 1812 In-

499 1834 620 1878 cursum
643 1835 819 1873 Scotorum,
845 1826 1015 1862 liberandis.

230 1930 368 1990 REX,
386 1928 492 1960 dilectis
511 1928 544 1959 δε
562 1926 688 1957 fidelibus
704 1925 756 1957 suis
799 1924 962 1955 willielmo
979 1924 1091 1966 Rydel,
1115 1924 1239 1956 Ricardo
1258 1923 1294 1956 de

303 1968 463 2006 Emeldon,
481 1967 513 1997 &
530 1966 680 2009 ‘Stephano
697 1964 722 1994 le
739 1948 867 2001 Biound‚
885 1963 1005 1994 salutem.

269 2008 346 2046 Quia
364 2007 451 2045 plures
470 2004 590 2042 Milites,
613 2005 647 2034 &
665 2003 709 2033 alii
724 2026 734 2041 ,
758 2003 794 2032 de
813 2001 961 2032 Comitatu
979 2001 1218 2040 Northumbriae,
1244 2011 1296 2039 pro

231 2056 267 2077 eo
281 2046 359 2087 quod
376 2045 402 2076 ie
419 2044 453 2075 ad
470 2043 556 2074 fidem
579 2041 703 2073 nostram
728 2048 874 2071 tenuerunt
898 2040 931 2071 ὃ(
956 2048 1050 2070 tenent
1065 2061 1074 2077 ,
1101 2049 1150 2077 per
1174 2040 1297 2071 incursus

231 2085 400 2121 Scotorum,
418 2082 608 2113 inimicorum
623 2079 784 2111 nostrorum
794 2102 803 2118 ,
822 2080 850 2108 in
866 2087 973 2109 tantum
986 2078 1046 2109 sunt
1060 2078 1296 2118 destru&i,quod

232 2125 299 2155 vita:
312 2123 460 2154 neceiiiiria
478 2131 537 2151 non
555 2120 677 2157 habent,
702 2128 749 2157 per
765 2117 841 2157 quod
858 2119 896 2148 eis
913 2117 1101 2148 concessimus
1113 2118 1299 2157 quadraginta

234 2161 321 2193 Dolia
339 2162 425 2199 Vini,
444 2162 471 2190 in
487 2159 619 2191 auxilium
636 2157 836 2188 sustentationis
852 2155 922 2194 suae,
941 2156 977 2186 de
994 2156 1075 2186 dono
1093 2155 1206 2195 nostro,

272 2201 353 2240 Nos,
369 2200 405 2231 de
424 2198 689 2237 Circumspetstione
706 2194 795 2226 vestra
814 2195 921 2233 plenius
938 2194 1127 2233 confidentes,
1153 2195 1302 2231 assignavi—

235 2250 298 2271 mus
315 2250 366 2270 vos
384 2238 417 2269 ad
436 2238 514 2268 dieta
532 2236 714 2274 quadraginta
732 2233 816 2264 Dolia
843 2233 909 2263 Vini
925 2257 934 2272 ,
958 2235 1029 2264 inter
1055 2232 1162 2264 Milites
1185 2236 1218 2266 δε
1235 2234 1303 2264 alios

236 2279 272 2309 de
291 2277 438 2308 Comitatu
464 2275 604 2314 praedicTto
616 2296 625 2312 ,
650 2274 698 2311 qui
718 2282 752 2303 ex
769 2272 849 2303 causii
867 2272 1001 2309 praedicta
1019 2272 1057 2302 fic
1074 2275 1136 2303 iunt
1154 2271 1305 2310 destructi,

233 2318 308 2356 juxta
326 2315 450 2354 ipsorum
469 2313 561 2344 Status
578 2312 775 2350 Exigentiam,
793 2311 826 2341 δε
844 2319 944 2341 eorum
963 2310 1124 2348 Demerita,
1142 2321 1255 2342 necnon
1269 2312 1303 2341 &

236 2356 418 2394 quantitatem
436 2352 625 2390 dampnorum
675 2360 739 2390 quae
756 2350 814 2379 hoc
840 2356 973 2386 praetextu
998 2349 1191 2388 incurrerunt,
1214 2350 1247 2380 ὃ(
1265 2349 1305 2380 se-

238 2393 365 2425 cundum
382 2391 576 2421 discretionem
593 2399 628 2419 ve
655 2398 730 2427 ram,
748 2387 936 2426 participanda
954 2386 987 2416 &
1004 2386 1200 2418 distribuenda.

275 2431 312 2463 Et
330 2431 396 2461 ideo
414 2430 497 2460 vobis
516 2427 680 2459 mandamus
694 2449 704 2464 ,
727 2425 806 2466 quod
824 2426 1065 2463 participationem
1081 2426 1115 2456 &
1133 2425 1306 2457 distributio-

238 2480 307 2501 nem
325 2469 467 2499 Vinorum
486 2467 685 2505 praedietorurn
704 2466 739 2494 ita
764 2463 970 2501 circumspecte
996 2463 1120 2502 faciatis,
1145 2465 1222 2503 quod
1244 2465 1306 2495 dili-

239 2509 366 2548 gentiam
383 2506 502 2537 vestram
519 2505 668 2546 providam
685 2502 835 2533 debeamus
852 2503 953 2532 merito
972 2502 1184 2533 commendare.

278 2546 479 2577 Mandavimus
501 2545 578 2575 enim
603 2542 758 2580 Receptori
781 2541 954 2572 ViCtualium
973 2540 1131 2571 nostrorum
1149 2541 1221 2579 apud
1240 2542 1306 2573 No-

240 2595 312 2616 vum
337 2583 469 2615 Castrum
492 2582 569 2620 super
593 2582 736 2619 Tyn-am,
767 2579 843 2617 quod
869 2578 1002 2617 praedieta
1020 2579 1200 2618 quadraginta
1218 2580 1307 2612 Dolia

242 2624 311 2692 Vifi
328 2624 408 2666 vobis
424 2622 533 2691 liggrari
552 2621 634 2652 faciet
651 2629 685 2649 ex
703 2618 784 2649 causa
798 2617 943 2658 praedidici.

296 2672 314 2691 n
329 2671 366 2691 cu
378 2671 408 2691 us
478 2670 505 2690 c.

278 2671 375 2732 TesteJ
385 2684 469 2737 Riege
486 2697 559 2739 apud
576 2696 722 2734 Eborum,
740 2694 875 2726 vicesimo
892 2703 990 2732 quarto
1006 2694 1051 2725 die
1069 2694 1255 2725 Novembris.

709 2775 762 2802 Per
782 2770 863 2811 ipfiaem
882 2774 979 2810 Regem
996 2769 1034 2806 ὠ·
1052 2771 1202 2802 Concilium.

257 2866 376 2875 *pm-7..
486 2866 506 2868 ᾖ
523 2865 564 2867 *⁷7
580 2864 610 2866 ψ*
623 2864 647 2866 .Ϋ
703 2863 735 2865 v
750 2863 798 2864 j
890 2862 919 2864 c*

247 2925 298 2958 De
320 2920 472 2965 Substdio,
503 2930 557 2967 per
582 2921 668 2952 Cives
692 2915 898 2962 Londonienfis
921 2920 994 2964 Regi
1008 2918 1093 2963 fabio
1111 2945 1121 2961 ‚
1154 2921 1184 2950 in
1206 2919 1310 2965 Consi·

573 2971 726 3015 quentiam
750 2979 805 2998 non
826 2964 981 2999 trahendo.

251 3067 331 3126 RE
341 3066 372 3097 X
391 3065 541 3101 omnibus,
559 3062 593 3093 ad
608 3072 678 3101 quos
694 3061 754 3092 &c.
771 3060 893 3090 salutern.

344 3105 442 3135 Sciatis
478 3102 536 3134 uod
547 3124 556 3140 ,
572 3102 644 3132 cum
663 3100 770 3138 Major,
789 3098 985 3137 Aldermanni,
1003 3099 1035 3130 δε
1049 3099 1244 3131 Communitas
1257 3098 1312 3130 Ci-

249 3145 338 3174 vitatis
355 3142 455 3173 nostrae
502 3141 651 3178 ondoniae,
669 3148 745 3169 anno
763 3136 903 3175 praesenti,
929 3137 964 3167 ad
983 3137 1092 3168 nostros
1108 3149 1136 3168 re
1158 3139 1313 3169 uisiti'onem

249 3183 283 3213 &
301 3190 449 3219 rogatum,
467 3187 576 3210 certum
595 3186 741 3208 numerum
761 3176 925 3206 Hominum
944 3175 1069 3212 peditum
1089 3178 1118 3206 in
1138 3178 1260 3207 Livitate
1282 3177 1315 3207 il-

251 3221 278 3251 la
295 3220 448 3257 elegerint,
465 3217 588 3256 ipsosque
606 3215 733 3254 Pedites,
751 3214 903 3251 Aketonis‚
921 3214 1133 3253 Haubergettis,
1151 3215 1316 3254 Bacinettis,

252 3261 285 3290 &
303 3258 442 3289 Cirotecis
459 3256 550 3286 ferreis
568 3255 714 3292 Armaros,
731 3253 766 3284 ad
784 3262 853 3290 nOS,
871 3252 953 3289 usque
972 3251 1123 3282 Civitatem
1142 3253 1265 3283 nostram
1280 3253 1319 3283 E-

252 3299 373 3334 borum,
389 3296 486 3326 venire
504 3294 638 3331 fecerint,
653 3293 752 3323 exinde
770 3300 868 3322 contra
885 3290 1001 3328 ScotOS,
1020 3289 1155 3321 Inimicos
1169 3292 1201 3322 &
1211 3291 1317 3322 Rebel-

253 3337 291 3367 les
309 3334 433 3372 nostros,
450 3343 498 3371 per
517 3331 696 3370 quadraginta
714 3330 788 3368 dies,
809 3329 868 3360 sum
890 3329 960 3359 tibus
977 3329 1165 3368 eorumdem,
1184 3329 1317 3368 Maioris,

255 3373 532 3409 Aldermannorum,
546 3371 581 3401 ὃς
601 3369 837 3406 Communitatis,
853 3377 871 3406 p
885 3366 1055 3404 ogreffuros:
1075 3368 1123 3405 qui
1136 3368 1249 3405 quidem
1270 3378 1319 3406 pe-

256 3414 323 3443 dites
337 3411 488 3444 nobiscum
507 3418 617 3439 moram
636 3407 762 3438 fecerunt
777 3429 786 3445 ,
811 3416 860 3445 per
877 3411 985 3444 tempus
1003 3415 1062 3436 non
1082 3406 1232 3437 modicum
1245 3430 1256 3446 ,
1284 3407 1319 3437 de

256 3450 390 3481 mandato
407 3448 516 3479 nostro:

295 3488 379 3526 Nos,
397 3487 593 3525 indempnitati
611 3484 745 3524 Majoris,
762 3482 1034 3520 Aldermannorum,
1052 3482 1085 3513 &
1098 3481 1322 3514 Communitatis

258 3527 457 3565 praedictorum
482 3525 639 3563 prospicere
663 3522 787 3554 volentes
812 3523 842 3551 in
868 3520 923 3551 hac
942 3529 1034 3559 parte,
1052 3521 1252 3561 concedimus,
1269 3533 1321 3560 pro

261 3566 355 3603 nobis,
371 3565 403 3594 &
421 3564 586 3594 Heredibus
604 3561 721 3600 nostris,
738 3560 814 3599 quod
833 3559 989 3589 Subsidium
1008 3569 1057 3596 per
1074 3559 1145 3596 ipsos
1159 3582 1169 3598 ,
1191 3560 1226 3590 de
1243 3560 1323 3600 pedi-

262 3604 334 3633 tibus
353 3603 507 3640 predictis,
526 3602 606 3631 nobis
619 3624 628 3640 ,
655 3608 685 3630 ut
703 3599 879 3638 praemittitur
897 3598 1019 3635 factum,
1043 3598 1080 3627 eis
1094 3620 1104 3635 ,
1131 3598 1175 3628 vel
1192 3597 1322 3629 Haeredi-

262 3642 329 3677 bus,
344 3649 389 3671 aut
405 3639 615 3670 Successoribus
631 3638 681 3669 suis
698 3649 756 3668 non
774 3637 855 3667 cedat
872 3637 902 3667 in
919 3635 1111 3674 praejudicium
1125 3635 1253 3675 aliquod,
1271 3647 1324 3669 nec

262 3680 380 3746 “affitur
395 3680 427 3721 ‘iri
448 3677 697 3747 ansequentiani,
715 3678 744 3706 in
762 3675 895 3706 futurum.

356 3725 449 3753 cujus,
499 3727 525 3747 c.

339 3752 426 3785 Teste
446 3753 526 3795 Rege
543 3754 615 3794 apud
632 3753 776 3792 Eborum,
796 3752 934 3785 vicesimo
947 3750 1063 3782 Ocitavo
1077 3750 1123 3782 die
1137 3751 1325 3785 Novembris.

923 3830 976 3858 Per
994 3826 1076 3868 ipsimi
1092 3829 1198 3867 Regem.

601 100 2004 163 CONVENTIONES,LITERAE,

1303 277 1329 303 2&
1341 282 1401 313 Pro
1411 281 1527 312 Simone
1543 275 1578 309 de
1587 275 1814 309 Monte-Acuta
1827 299 1837 315 ,
1861 272 2078 318 Confhnguineo
2098 274 2184 319 Regis
2195 298 2205 315 ‚
2231 274 2366 308 [Τηίων-

1598 325 1699 367 fitati's
1722 321 1893 364 Oxonietfis
1913 320 2061 353 Alumno.

1308 412 1392 466 RE
1402 412 1449 451 X,
1468 410 1618 443 venerabili
1642 410 1671 439 in
1695 406 1813 438 Christo
1830 404 1903 447 Patri
1954 404 2089 435 Domino
2114 404 2156 436 G.
2181 404 2240 436 Dei
2265 406 2369 446 gratir'i,

1386 450 1479 482 Tituli
1496 449 1666 480 Santstorum
1682 445 1844 477 Marcellini
1860 444 1893 475 δε
1912 428 1987 474 Ferri
1999 466 2010 480 ,
2021 443 2188 475 v*Presbitero
2208 443 2370 484 Cardinali,

1306 490 1414 522 Amico
1434 490 1483 520 suo
1501 487 1657 525 carissimo,
1679 484 1848 522 EdwarduS,
1871 483 1932 513 &c.
1949 481 2080 521 salutem,
2110 483 2143 514 &
2163 482 2278 514 sincerae
2300 483 2370 515 dile-

1305 530 1410 560 &ionis
1416 558 1418 560 ,
1425 526 1571 558 affeRum.

1345 566 1535 598 Multiformis
1552 566 1591 595 rei
1608 572 1739 601 eventus,
1757 563 1788 592 iri
1805 558 2006 599 promovendis
2024 560 2111 591 nostri
2125 560 2218 591 cordis
2230 560 2377 600 defideriis,

1307 606 1448 645 praeclarae
1471 604 1630 634 dilectionis
1646 602 1744 633 vestrae
1762 610 1830 638 erga
1849 609 1901 629 nos
1917 597 2096 629 manifestum
2112 598 2283 638 deprompsit
2302 600 2375 630 indi-

1309 646 1409 688 cium,
1433 643 1466 674 &
1485 642 1521 673 ad
1538 642 1664 672 ulteriora
1682 638 1872 679 promovenda
1896 637 1982 668 fidem
2008 638 2091 669 nobis
2111 638 2257 670 indubiam
2279 648 2377 676 repro-

1309 690 1404 713 mittit.

1348 720 1427 751 Cum
1446 721 1554 758 itaque,
1572 716 1690 747 dilectus
1708 715 1939 752 Consanguineus
1959 714 2070 752 noster,
2087 714 2189 745 Simon
2210 715 2246 747 de
2270 713 2376 747 Monte

1311 759 1424 796 Aemo,
1442 758 1567 788 Oxoniae
1585 755 1685 786 Studio
1705 755 1872 785 Litterarum
1888 753 2010 784 insistens
2031 754 2108 791 (cui,
2132 754 2288 785 secundum
2303 765 2376 786 con-

1310 797 1482 828 suetudinem
1500 795 1599 832 Regni
1617 793 1721 832 nostri,
1739 793 1794 832 qufi
1813 791 2001 829 Primogeniti
2011 791 2173 823 Parentibus
2186 794 2216 823 in
2231 793 2292 823 totii
2304 793 2377 824 Hae-

1312 836 1426 866 reditate
1443 833 1609 870 succedunt,
1627 840 1758 870 tanquam
1777 829 1906 868 postnato
1918 853 1928 868 ,
1945 831 1974 860 in
1991 830 2210 868 Temporalium
2229 830 2378 862 successio-

1312 883 1349 903 ne
1367 874 1487 903 minime
1504 870 1675 909 providetur)
1701 870 1792 907 gratia
1815 868 1893 899 Sedis
1907 867 2079 907 Apostolicae
2091 891 2102 908 ,
2128 869 2206 917 super
2220 869 2380 908 optinendo

1312 911 1454 942 Beneficio
1471 908 1665 940 Ecclesiastico
1684 915 1780 938 curato
1799 907 1907 945 (utpote
1925 908 1973 945 qui
1992 908 2077 938 aetatis
2093 909 2124 937 iri
2141 919 2175 939 ea
2193 917 2270 946 parte
2287 909 2381 946 requi-

1313 951 1370 982 sitae
1398 949 1543 980 defectum
1561 947 1670 985 patitur)
1698 946 1818 985 indigeat
1835 946 1865 975 in
1883 945 2006 982 praesenti
2021 956 2027 975 z
2050 955 2103 983 pro
2121 948 2200 985 cujus
2223 949 2310 978 etiam
2327 947 2382 977 ob-

1314 997 1393 1058 }entu
1407 988 1510 1056 lgratiae
1524 1010 1534 1025 ,
1560 986 1694 1017 Domino
1709 984 1832 1015 Summo
1846 982 1979 1014 Pontifici
1998 993 2092 1021 preces
2111 985 2217 1017 nostras
2234 985 2384 1024 dirigimus

1364 1038 1406 1058 cia
1417 1037 1444 1057 es
1453 1038 1458 1043 ·

1327 1038 1519 1096 peAmiciiiam
1538 1062 1659 1093 vestram
1677 1058 1833 1091 affectuose
1847 1060 2010 1099 requirimus
2027 1059 2061 1091 &
2078 1069 2214 1098 rogamus
2226 1085 2237 1100 ,
2260 1064 2388 1101 quatinus

1315 1104 1387 1136 dieti
1405 1102 1614 1141 Consanguinei
1628 1099 1716 1130 nostri
1735 1099 1863 1137 Negotia
1878 1107 2032 1129 memorata
2044 1121 2054 1137 ,
2077 1108 2146 1129 cum
2166 1099 2245 1137 super
2269 1102 2331 1138 ipsis
2351 1110 2386 1130 ex

1317 1151 1391 1181 parte
1409 1142 1454 1173 sui
1471 1142 1575 1172 fueritis
1593 1138 1760 1177 informati,
1782 1137 1922 1169 consuetae
1948 1138 2012 1167 beni
2033 1138 2121 1168 nitatis
2147 1147 2229 1169 more
2253 1147 2385 1170 contem-

1318 1182 1441 1220 plantes,
1465 1191 1497 1210 ea
1514 1189 1597 1218 penes
1613 1178 1728 1208 dietum
1746 1177 1902 1208 Summum
1921 1175 2008 1206 Ponti
2029 1186 2094 1206 cern
2121 1186 2311 1216 promovere,
2336 1177 2388 1216 &,

1318 1228 1349 1250 ut
1367 1219 1487 1250 exaudiri
1506 1218 1622 1257 gratiose
1638 1216 1761 1254 valeant,
1806 1223 1875 1246 artes
1893 1214 1994 1246 vestras
2010 1215 2188 1252 interponere
2204 1215 2311 1256 velitis,
2334 1225 2388 1246 iio-

1319 1258 1378 1289 stris
1394 1258 1521 1295 precibus
1537 1255 1738 1292 mediantibus,
1754 1264 1770 1284 e
1805 1263 1892 1284 caces.

1359 1296 1426 1327 Dat.
1445 1295 1518 1335 apud
1537 1294 1684 1332 Eborum,
1701 1292 1836 1324 vicesimo
1854 1293 1959 1324 oetavo
1977 1292 2022 1324 die
2035 1292 2222 1324 Novembris.

1491 1370 1661 1402 Consimiles
1675 1370 1778 1400 Literas
1791 1369 1895 1400 habent
1908 1368 2069 1409 subscripti,
2084 1369 2232 1409 videlicet,

1361 1452 1492 1479 Dominus
1510 1452 1551 1478 A.
1569 1449 1662 1477 Sanni
1681 1446 1789 1485 Eufibii
1807 1449 1945 1475 Diaconus
1964 1446 2138 1485 Cardinalis,

1362 1491 1493 1518 Dominus
1511 1490 1550 1517 L.
1566 1488 1674 1517 Sandae
1692 1488 1795 1516 Mariae
1813 1488 1842 1514 in
1860 1484 1911 1515 Via*
1929 1483 1991 1515 latei
2010 1488 2145 1515 Diaconus
2161 1483 2324 1516 cardinalis.

1529 1623 1623 1667 Super
1648 1619 1869 1666 Dispenfiztione
1885 1630 1941 1665 pro
1962 1617 2040 1652 dicio
2060 1622 2189 1653 Simone.

1331 1705 1472 1762 REX,
1487 1706 1594 1750 dilecto
1610 1704 1728 1750 Clerico
1742 1703 1809 1742 suo,
1827 1703 1971 1743 Magistro
1990 1702 2077 1735 Petro
2098 1704 2194 1742 Fabri,
2211 1703 2342 1742 salutem,
2360 1703 2393 1736 &

1410 1748 1522 1776 iincerae
1535 1744 1695 1775 dilectionis
1708 1741 1853 1774 affecitum.

1367 1783 1485 1827 Qianta
1497 1783 1579 1826 fuerit
1593 1783 1701 1820 semper
1723 1781 1871 1820 haetenus,
1888 1782 1918 1811 in
1939 1780 2119 1820 beneplacitis
2139 1782 2172 1813 &
2191 1780 2328 1811 mandatis
2344 1790 2393 1820 per

1328 1831 1380 1852 vos
1391 1822 1513 1866 adhibita
1527 1821 1690 1859 diligentia,
1707 1821 1741 1851 ὃ(
1756 1820 1902 1851 solicitudo
1915 1822 2046 1851 continua
2059 1843 2069 1859 ,
2093 1829 2126 1850 ex
2140 1821 2311 1857 argumentis
2334 1829 2393 1849 non

1328 1870 1498 1904 quaerimus,
1515 1861 1583 1904 cum
1597 1859 1655 1898 ipsa
1667 1860 1758 1897 operis
1772 1858 1899 1889 efficacia
1914 1859 1943 1889 id
1961 1869 2008 1898 per
2023 1860 2063 1888 rei
2084 1858 2252 1889 evidentiam
2274 1858 2395 1888 manife-

1328 1899 1398 1938 stet,
1413 1898 1487 1930 &id
1502 1909 1582 1930 circo
1595 1909 1645 1936 ea,
1664 1908 1726 1936 quae
1740 1897 1880 1935 specialius
1892 1898 1921 1927 in
1936 1899 2007 1929 votis
2019 1897 2156 1936 gerimus,
2174 1896 2330 1927 discretioni
2346 1907 2394 1927 ve-

1330 1937 1394 1968 strae
1408 1937 1581 1976 frequentius
1592 1937 1739 1976 aperimus.

1345 2016 1351 2021 .
1371 1976 1452 2007 Cum
1466 1978 1570 2015 itaque,
1584 1984 1616 2007 ut
1624 1974 1710 2014 fitpra
1718 1998 1729 2014 ,
1742 1975 1820 2016 usque
1834 1974 1890 2005 haec
1904 1973 2076 2013 verba,viz.
2094 1974 2224 2010 Indigeat
2236 1975 2266 2003 in
2279 1972 2396 2011 praesen-

1331 2024 1378 2059 ti,
1390 2021 1453 2045 tunc
1462 2014 1518 2056 fic,
1537 2024 1589 2046 vos
1605 2013 1756 2044 affe&uose
1779 2014 1959 2053 requirimus,
1979 2014 2106 2051 quatinus
2127 2013 2200 2044 dieti
2220 2012 2400 2049 Consangui-

1334 2064 1380 2084 nei
1393 2053 1480 2086 nostri
1495 2053 1624 2091 Negotia
1638 2060 1792 2082 memorata
1807 2050 1945 2082 consuetae
1966 2052 2191 2089 promptitudinis
2204 2051 2399 2089 contemplan-

1334 2101 1373 2124 tes
1387 2091 1509 2130 affectu,
1525 2102 1557 2122 ea
1573 2101 1655 2129 penes
1670 2090 1834 2121 Dominum
1847 2089 1996 2122 Summum
2010 2089 2181 2122 Pontificem
2203 2090 2261 2128 (cui
2278 2099 2331 2127 pro
2347 2099 2401 2127 op-

1335 2139 1413 2162 tentu
1429 2130 1644 2169 Dispensationis
1659 2128 1784 2167 gratio&
1794 2138 1889 2167 preces
1902 2127 2006 2159 nostras
2016 2127 2167 2165 dirigimus
2183 2128 2320 2167 speciales)
2355 2138 2402 2158 ro-

1339 2179 1455 2201 movere
1469 2169 1575 2206 velitis,
1593 2169 1626 2200 ὃς
1642 2170 1716 2198 circa
1730 2169 1858 2198 votivam
1871 2177 1970 2197 eorum
1993 2167 2202 2204 expeditionem
2234 2177 2302 2198 cum
2333 2177 2403 2205 uper

1336 2209 1390 2239 hiis
1406 2218 1439 2238 ex
1452 2216 1529 2246 parte
1543 2207 1613 2237 dieti
1628 2207 1752 2237 Simonis
1766 2205 1869 2236 fueritis
1883 2205 2027 2235 informati
2037 2228 2045 2241 ,
2061 2214 2148 2243 partes
2164 2190 2265 2237 vesiras
2279 2208 2404 2244 interpo-

1338 2257 1420 2284 nere,
1437 2246 1536 2276 nostris
1551 2246 1679 2282 precibus
1698 2243 1896 2281 mediantibus,
1913 2242 2049 2273 efficaces.

1377 2285 1443 2316 Dat.
1463 2284 1535 2322 apud
1553 2284 1702 2321 Eborum,
1718 2282 1851 2313 vicelimo
1866 2281 1971 2312 οέὶεινο
1985 2282 2032 2312 die
2047 2281 2239 2314 Novembris.

1380 2360 1495 2392 Eodem
1510 2360 1599 2391 modo
1614 2359 1778 2390 mandatum
1793 2357 1834 2389 est
1850 2357 1993 2396 Magistro
2008 2357 2132 2391 Andreae
2145 2359 2240 2398 Sapiti.

1516 2493 1576 2529 Ad
1598 2497 1733 2540 Papam,
1753 2504 1807 2539 pro
1830 2492 2051 2539 Dispenfiztione
2067 2490 2232 2539 prelibata.

1344 2581 1348 2585 '
1394 2579 1505 2611 APAE
1524 2579 1590 2610 Rex
1607 2578 1709 2610 devota
1725 2577 1830 2618 pedum
1847 2576 1940 2608 oscula
1957 2578 2110 2608 beatorum.

1431 2619 1518 2649 Grata
1531 2617 1609 2649 Sedis
1623 2615 1797 2655 Apostolicae
1813 2615 2029 2655 circumspectio
2045 2617 2155 2653 generis
2169 2615 2312 2646 nobilitate
2334 2625 2406 2654 prce-

1343 2658 1422 2696 ditis,
1438 2659 1576 2688 virtutum
1598 2657 1631 2687 &
1647 2664 1763 2686 morum
1778 2654 1900 2685 claritate
1914 2654 2102 2693 fulgentibus,
2119 2655 2209 2685 sinum
2224 2655 2321 2693 gratiae
2336 2664 2407 2685 con-

1343 2696 1429 2727 suevit
1443 2704 1473 2726 ut
1489 2694 1643 2733 plurimum
1656 2693 1805 2723 benionius
1820 2694 1933 2730 aperire.

1382 2735 1581 2772 Qiamobrem
1597 2740 1658 2801 (gro
1670 2717 1806 2775 [dffe‘sto
1830 2731 2052 2768 Consanguineo
2077 2730 2173 2762 nostro
2187 2754 2197 2770 ,
2228 2731 2348 2762 Simone
2372 2730 2408 2762 de

1346 2772 1452 2816 Monte
1467 2772 1580 2810 Acuto,
1631 2779 1721 2800 xoniae
1737 2769 1906 2800 Litterarum
1919 2769 2019 2801 Studio
2030 2769 2184 2808 insistente,

1384 2810 1441 2842 Cui
1457 2811 1599 2841 bonorum
1612 2810 1743 2839 omnium
1761 2808 1935 2839 Distributor
1950 2809 2093 2839 materiam
2106 2809 2212 2839 virtutis
2223 2808 2355 2840 decenter
2369 2809 2414 2838 in-

1347 2849 1435 2887 fudit,
1453 2849 1525 2879 dum
1539 2849 1567 2878 in
1581 2847 1739 2886 Disciplinfi
1754 2846 1952 2885 philosophici
1967 2846 2134 2877 Coaetaneos
2148 2847 2208 2878 suos
2223 2847 2410 2878 transcendere

1346 2888 1495 2926 disposuit,
1513 2887 1581 2918 sicut
1595 2887 1679 2930 nobis
1695 2885 1779 2916 Fama
1802 2886 1883 2923 ipsius
1906 2885 2032 2916 redolens
2052 2887 2211 2916 nunciavit:
2230 2886 2330 2925 cuique
2350 2885 2411 2915 suc-

1347 2926 1504 2996 geffifflem
1523 2924 1725 2956 haereditariam
1747 2934 1781 2954 ac
1794 2925 1838 2962 jus
1858 2923 2095 2962 Primogeniturae
2116 2924 2226 2955 fortuna
2247 2933 2416 2960 praecurrens

1368 2972 1517 3002 enegavit,

1363 3044 1368 3048 ι
1385 3004 1404 3023 ²¹²
1422 3004 1567 3034 Sanctitati
1582 3001 1679 3032 vestrae
1692 3001 1801 3032 sinceris
1812 3000 1959 3032 affectibus
1965 3000 2097 3031 duximus
2110 2999 2335 3038 supplicandum,
2349 3011 2416 3041 qua-

1349 3052 1441 3080 tinus,
1459 3051 1495 3072 eo
1514 3051 1574 3071 non
1589 3040 1717 3071 obstante
1729 3039 1807 3078 quod
1829 3041 1961 3080 quintum
1974 3039 2120 3069 decimum
2135 3038 2188 3068 suae
2202 3039 2288 3068 aetaris
2307 3049 2414 3069 annum

1350 3080 1481 3112 nondum
1501 3081 1636 3119 peregerit
1661 3080 1758 3117 (quem
1778 3077 1924 3108 defectum
1938 3099 1948 3114 ‚
1974 3085 2005 3107 ut
2022 3075 2176 3115 credimus,
2202 3076 2309 3115 supplet
2332 3079 2361 3108 in
2379 3088 2415 3107 eo

1350 3129 1463 3150 morum
1479 3119 1599 3155 gravitas
1614 3117 1748 3154 ordinata)
1770 3125 1800 3147 ut
1816 3116 1994 3152 Dignitatem
2006 3113 2248 3154 Ecclesiasticam,
2267 3125 2336 3146 cum
2352 3115 2415 3147 Cu—

1350 3159 1398 3196 ri,
1414 3157 1459 3187 seu
1472 3156 1546 3187 aliud
1563 3154 1735 3186 Beneficium
1751 3152 1979 3185 Ecclesiasticum
1990 3154 2217 3191 curatum,licite
2230 3154 2354 3193 recipere
2368 3165 2416 3184 va-

1351 3196 1451 3263 leaffa&
1467 3203 1576 3231 tenere,
1595 3193 1744 3231 dispensare
1758 3202 1826 3222 cum
1847 3202 1882 3222 eo
1897 3191 1987 3222 velitis
2005 3190 2041 3221 de
2063 3191 2162 3222 vestrae
2182 3192 2351 3230 plenitudine
2366 3201 2417 3230 po-

1353 3243 1381 3265 te
1420 3243 1462 3263 tis.

1392 3270 1563 3307 Conservet,
1580 3270 1642 3300 &c.

1431 3309 1499 3340 Dat.
1517 3310 1591 3347 apud
1609 3308 1757 3346 Eborum,
1773 3306 1908 3338 vicesimo
1924 3317 2004 3338 nono
2023 3306 2068 3338 die
2088 3307 2283 3342 Novembris.

1358 3446 1416 3481 Ad
1438 3449 1545 3494 Regem
1568 3448 1717 3487 Franciae,
1741 3445 1777 3479 de
1801 3444 1958 3479 Credentia
1973 3472 1982 3488 ,
2009 3456 2065 3491 pro
2085 3444 2242 3478 Wlltelmo
2263 3441 2299 3474 de
2325 3445 2422 3476 Mon-

1633 3496 1776 3528 te-Acuto
1798 3494 1958 3540 Senefiallo
1982 3494 2138 3539 Vascom'ae.

1360 3578 1632 3638 EXcellentiffimo
1647 3579 1787 3617 Principi,
1806 3579 1939 3610 Domino
1957 3578 2090 3617 Philippo
2101 3599 2112 3616 ,
2135 3575 2193 3606 Dei
2214 3575 2317 3615 gratifi,
2344 3575 2421 3613 Regi

1379 3658 1384 3662 .
1424 3620 1547 3651 Franciae
1567 3618 1600 3649 &
1615 3617 1752 3648 Navarrae
1768 3617 1880 3657 illustri,
1897 3618 1985 3648 Fratri
2003 3616 2052 3647 suo
2075 3613 2232 3651 kariffimo‚
2251 3613 2421 3654 Edwardus,

1360 3658 1496 3701 ejusdem,
1513 3657 1574 3687 &c.
1591 3656 1722 3695 salutem,
1740 3657 1772 3687 &
1788 3656 1822 3687 ad
1834 3666 1900 3688 vota
1914 3654 2051 3688 successus
2064 3652 2208 3691 prosperos
2219 3662 2253 3682 ac
2272 3651 2375 3683 felices.

1399 3695 1547 3739 Dilefmm
1573 3695 1606 3725 &
1630 3693 1741 3725 fidelem
1759 3694 1904 3732 nostrum,
1928 3691 2119 3725 willielmum
2141 3690 2176 3721 de
2198 3688 2304 3727 Monte
2326 3690 2421 3722 Acuto

1364 3735 1454 3772 (cujus
1476 3733 1648 3764 Fidelitatem
1660 3734 1693 3775 ὃς
1714 3732 2008 3772 Circumspefflonem
2029 3728 2176 3769 providam
2191 3729 2222 3758 in
2236 3727 2347 3759 diversis
2353 3751 2366 3767 ,
2391 3729 2423 3759 ὃς

1363 3773 1453 3803 arduis
1466 3797 1476 3812 ,
1501 3772 1623 3809 negotiis
1637 3795 1647 3810 ,
1672 3773 1721 3801 nbi
1740 3782 1788 3809 per
1808 3783 1857 3803 nos
1882 3767 2053 3806 commiffis,
2073 3767 2205 3797 haetenus
2228 3766 2375 3806 sensimus,
2393 3770 2426 3799 &

1364 3820 1466 3854 quem,
1479 3812 1538 3848 jam
1552 3811 1581 3840 in
1595 3809 1669 3840 certa
1692 3810 1864 3842 confidentia
1889 3805 2071 3840 Senescallum
2093 3804 2222 3836 nostrum
2240 3803 2368 3836 Ducatfis
2387 3807 2429 3837 A-

1365 3858 1495 3916 ςωῑιιὲιεε
1510 3847 1715 3886 constituimus)
1737 3849 1836 3880 vestrae
1851 3844 2076 3884 Magnificentiae
2091 3843 2178 3882 plenis
2191 3842 2340 3875 affectibus
2346 3854 2430 3876 com-

1367 3896 1434 3917 men
1457 3897 1548 3917 amus:

1405 3924 1596 3962 Deprecantes
1615 3926 1738 3963 quatinus
1758 3926 1851 3964 ipfiim
1865 3921 2051 3954 Senescallum
2072 3919 2201 3952 nostrum
2219 3920 2373 3960 specialiter
2390 3932 2433 3953 re-

1369 3963 1600 3995 commendatum
1611 3963 1699 3995 velitis
1710 3965 1830 4001 habere,
1852 3972 1886 3994 ac
1906 3960 2001 3991 eidem
2019 3959 2097 3998 super
2117 3959 2170 3990 hiis
2183 3982 2193 3998 ‚
2214 3969 2276 3998 quae
2297 3961 2378 3992 vobis
2397 3969 2432 3990 ex

2358 4005 2434 4036 parte

2384 182 2461 216 Ann.
2473 184 2516 218 D.
2557 191 2562 214 ῑ

2414 224 2503 262 1318.
2558 229 2561 233 '

2387 264 2453 290 Edv.
2465 273 2490 292 2.

2405 301 2422 316 ⁴*
2439 301 2492 331 111.

2407 346 2473 375 743·

2391 401 2465 434 Ann.
2479 403 2519 439 D,

2413 443 2496 481 1318.

2390 484 2443 508 An.
2464 491 2505 512 η.

2395 522 2424 545 Ε.
2440 528 2468 548 2.

2395 561 2465 586 Rom.
2487 557 2520 593 ό-

2397 598 2437 623 Fr.
2456 606 2498 626 12.

2396 638 2427 662 E.
2441 643 2467 661 2.
2487 644 2523 664 m.

2400 682 2443 701 ιο.
2455 673 2480 702 d.

2416 1705 2491 1736 Ann.
2505 1704 2543 1736 D.

2438 1743 2521 1783 1318.

2417 1787 2470 1811 An.
2488 1793 2528 1810 12.

2416 1826 2442 1849 Ε.
2465 1831 2491 1850 2.

2416 1865 2485 1887 Rom.
2501 1858 2534 1894 ὁ·

2418 1901 2463 1926 Fr.
2483 1907 2525 1926 12.

2416 1942 2448 1964 E.
2463 1946 2489 1963 2.
2507 1945 2541 1964 m.

2420 1974 2498 2005 md.

2433 2578 2508 2610 Ann.
2519 2577 2560 2608 D.

2459 2616 2541 2655 1318.

2430 2659 2482 2683 An.
2504 2665 2543 2683 12.

2427 2699 2459 2722 E.
2475 2705 2500 2722 2.

2433 2730 2544 2766 Rom&

2437 2776 2478 2799 Fr.
2500 2780 2540 2799 η.

2436 2814 2466 2836 E.
2481 2819 2506 2836 2.
2523 2817 2555 2836 m.

2437 2858 2480 2876 10.
2495 2848 2520 2876 d.

2460 3007 2480 3028 '¹‘
2489 3009 2541 3036 111.
2556 3037 2560 3040 ,

2467 3054 2529 3082 744·

2444 3579 2562 3616 AnnuD=

2469 3618 2552 3664 13¹1&

2443 3665 2494 3689 An.
2514 3667 2557 3686 121

2444 3704 2473 3728 Ε.
2491 3709 2515 3726 2.

2447 3743 2514 3765 Rom.
2529 3730 2560 3766 ό·

2449 3778 2493 3805 Fr.
2509 3781 2548 3800 12·

2453 3818 2516 3841 ΕΛ..
2534 3816 2562 3836 m

2459 3860 2499 3879 io.

2455 3891 2480 3917 in
2491 3883 2562 3915 cedn-

2454 3928 2489 3955 Ia.
