<?xml version="1.0" encoding="UTF-8"?>
<!DOCTYPE html PUBLIC "-//W3C//DTD XHTML 1.0 Transitional//EN"
    "http://www.w3.org/TR/xhtml1/DTD/xhtml1-transitional.dtd">
<html xmlns="http://www.w3.org/1999/xhtml" xml:lang="en" lang="en">
 <head>
  <title>
</title>
<meta http-equiv="Content-Type" content="text/html;charset=utf-8" />
  <meta name='ocr-system' content='tesseract 3.04.00' />
  <meta name='ocr-capabilities' content='ocr_page ocr_carea ocr_par ocr_line ocrx_word'/>
</head>
<body>
  <div class='ocr_page' id='page_1' title='image "./fderaconventione02ryme/fderaconventione02ryme_0434.png"; bbox 0 0 2562 4279; ppageno 0'>
   <div class='ocr_carea' id='block_1_1' title="bbox 1227 256 2284 271">
    <p class='ocr_par' dir='ltr' id='par_1_1' title="bbox 1227 256 2284 271">
     <span class='ocr_line' id='line_1_1' title="bbox 1227 256 2284 271; baseline 0 4008"><span class='ocrx_word' id='word_1_1' title='bbox 1227 256 2284 271; x_wconf 95' lang='lat' dir='ltr'> </span> 
     </span>
    </p>
   </div>
   <div class='ocr_carea' id='block_1_2' title="bbox 0 413 73 438">
    <p class='ocr_par' dir='ltr' id='par_1_2' title="bbox 0 413 73 438">
     <span class='ocr_line' id='line_1_2' title="bbox 0 413 73 438; baseline 0.014 -1"><span class='ocrx_word' id='word_1_2' title='bbox 0 413 28 437; x_wconf 60' lang='grc' dir='ltr'>ἂι.</span> <span class='ocrx_word' id='word_1_3' title='bbox 49 419 73 438; x_wconf 85' lang='lat'>1.</span> 
     </span>
    </p>
   </div>
   <div class='ocr_carea' id='block_1_3' title="bbox 0 1495 109 1603">
    <p class='ocr_par' dir='ltr' id='par_1_3' title="bbox 0 1495 109 1603">
     <span class='ocr_line' id='line_1_3' title="bbox 0 1495 109 1528; baseline -0.018 -2"><span class='ocrx_word' id='word_1_4' title='bbox 0 1495 109 1528; x_wconf 61' lang='lat' dir='ltr'>„nn.D.</span> 
     </span>
     <span class='ocr_line' id='line_1_4' title="bbox 0 1544 83 1581; baseline 0 -16"><span class='ocrx_word' id='word_1_5' title='bbox 0 1544 83 1581; x_wconf 50' lang='lat'>{327-</span> 
     </span>
     <span class='ocr_line' id='line_1_5' title="bbox 2 1584 70 1603; baseline 0.029 -2"><span class='ocrx_word' id='word_1_6' title='bbox 2 1585 27 1602; x_wconf 71' lang='lat'>71.</span> <span class='ocrx_word' id='word_1_7' title='bbox 47 1584 70 1603; x_wconf 72' lang='grc' dir='ltr'>Χ.</span> 
     </span>
    </p>
   </div>
   <div class='ocr_carea' id='block_1_4' title="bbox 0 2613 119 2694">
    <p class='ocr_par' dir='ltr' id='par_1_4' title="bbox 0 2613 119 2694">
     <span class='ocr_line' id='line_1_6' title="bbox 0 2613 119 2647; baseline 0.008 -1"><span class='ocrx_word' id='word_1_8' title='bbox 0 2616 61 2646; x_wconf 60' lang='lat' dir='ltr'>xnn.</span> <span class='ocrx_word' id='word_1_9' title='bbox 77 2613 119 2647; x_wconf 91' lang='lat' dir='ltr'>D.</span> 
     </span>
     <span class='ocr_line' id='line_1_7' title="bbox 10 2662 95 2694; baseline 0 -10"><span class='ocrx_word' id='word_1_10' title='bbox 10 2662 95 2694; x_wconf 84' lang='lat'>1327.</span> 
     </span>
    </p>
   </div>
   <div class='ocr_carea' id='block_1_5' title="bbox 0 2696 81 2721">
    <p class='ocr_par' dir='ltr' id='par_1_5' title="bbox 0 2696 81 2721">
     <span class='ocr_line' id='line_1_8' title="bbox 0 2696 81 2721; baseline 0.025 -2"><span class='ocrx_word' id='word_1_11' title='bbox 0 2696 38 2720; x_wconf 74' lang='lat' dir='ltr'>!n.</span> <span class='ocrx_word' id='word_1_12' title='bbox 58 2703 81 2721; x_wconf 83' lang='lat'>1.</span> 
     </span>
    </p>
   </div>
   <div class='ocr_carea' id='block_1_6' title="bbox 40 2778 91 2797">
    <p class='ocr_par' dir='ltr' id='par_1_6' title="bbox 40 2778 91 2797">
     <span class='ocr_line' id='line_1_9' title="bbox 40 2778 91 2797; baseline 0 0"><span class='ocrx_word' id='word_1_13' title='bbox 40 2778 91 2797; x_wconf 69' lang='lat' dir='ltr'>em.</span> 
     </span>
    </p>
   </div>
   <div class='ocr_carea' id='block_1_7' title="bbox 4 3624 83 3657">
    <p class='ocr_par' dir='ltr' id='par_1_7' title="bbox 4 3624 83 3657">
     <span class='ocr_line' id='line_1_10' title="bbox 4 3624 83 3657; baseline -0.063 0"><span class='ocrx_word' id='word_1_14' title='bbox 4 3624 83 3657; x_wconf 61' lang='lat' dir='ltr'>Arm.</span> 
     </span>
    </p>
   </div>
   <div class='ocr_carea' id='block_1_8' title="bbox 0 126 2439 365">
    <p class='ocr_par' dir='ltr' id='par_1_8' title="bbox 0 126 2439 365">
     <span class='ocr_line' id='line_1_11' title="bbox 119 126 1806 194; baseline -0.01 -10"><span class='ocrx_word' id='word_1_15' title='bbox 119 158 195 194; x_wconf 77' lang='lat'>190</span> <span class='ocrx_word' id='word_1_16' title='bbox 589 131 1364 181; x_wconf 75' lang='lat' dir='ltr'>CONVENTIONES,</span> <span class='ocrx_word' id='word_1_17' title='bbox 1420 126 1806 175; x_wconf 81' lang='lat' dir='ltr'>LITERAE,</span> 
     </span>
     <span class='ocr_line' id='line_1_12' title="bbox 727 204 2439 237; baseline -0.015 25"><span class='ocrx_word' id='word_1_18' title='bbox 727 220 729 223; x_wconf 31' lang='grc' dir='ltr'>Ι</span> <span class='ocrx_word' id='word_1_19' title='bbox 2301 204 2380 237; x_wconf 78' lang='lat' dir='ltr'>Anu.</span> <span class='ocrx_word' id='word_1_20' title='bbox 2396 206 2439 237; x_wconf 91' lang='lat' dir='ltr'>D.</span> 
     </span>
     <span class='ocr_line' id='line_1_13' title="bbox 0 227 2411 306; baseline -0.016 6"><span class='ocrx_word' id='word_1_21' title='bbox 0 227 107 306; x_wconf 46' lang='lat' dir='ltr'>any?</span> <span class='ocrx_word' id='word_1_22' title='bbox 2327 253 2411 286; x_wconf 81' lang='lat'>1327.</span> 
     </span>
     <span class='ocr_line' id='line_1_14' title="bbox 0 286 2417 365; baseline -0.013 10"><span class='ocrx_word' id='word_1_23' title='bbox 0 306 46 334; x_wconf 77' lang='lat' dir='ltr'>dv.</span> <span class='ocrx_word' id='word_1_24' title='bbox 68 315 94 343; x_wconf 41' lang='lat'>3·</span> <span class='ocrx_word' id='word_1_25' title='bbox 193 315 241 346; x_wconf 83' lang='lat' dir='ltr'>De</span> <span class='ocrx_word' id='word_1_26' title='bbox 264 308 463 345; x_wconf 70' lang='lat' dir='ltr'>providentiis</span> <span class='ocrx_word' id='word_1_27' title='bbox 478 307 629 353; x_wconf 82' lang='lat' dir='ltr'>faciendis</span> <span class='ocrx_word' id='word_1_28' title='bbox 645 318 702 354; x_wconf 64' lang='lat' dir='ltr'>pm</span> <span class='ocrx_word' id='word_1_29' title='bbox 725 307 759 355; x_wconf 77' lang='lat' dir='ltr'><em>J</em></span> <span class='ocrx_word' id='word_1_30' title='bbox 757 307 872 342; x_wconf 74' lang='lat' dir='ltr'>ohanne</span> <span class='ocrx_word' id='word_1_31' title='bbox 899 308 935 342; x_wconf 65' lang='lat' dir='ltr'>de</span> <span class='ocrx_word' id='word_1_32' title='bbox 958 311 1113 343; x_wconf 63' lang='lat' dir='ltr'>Hamnia‘</span> <span class='ocrx_word' id='word_1_33' title='bbox 1223 321 1273 355; x_wconf 84' lang='lat' dir='ltr'>De</span> <span class='ocrx_word' id='word_1_34' title='bbox 1290 316 1411 363; x_wconf 83' lang='lat' dir='ltr'>Custode</span> <span class='ocrx_word' id='word_1_35' title='bbox 1426 318 1544 365; x_wconf 79' lang='lat' dir='ltr'>Capellae</span> <span class='ocrx_word' id='word_1_36' title='bbox 1556 316 1601 351; x_wconf 79' lang='lat' dir='ltr'>ad</span> <span class='ocrx_word' id='word_1_37' title='bbox 1616 318 1776 358; x_wconf 77' lang='lat' dir='ltr'>Mentem,</span> <span class='ocrx_word' id='word_1_38' title='bbox 1801 313 1855 349; x_wconf 80' lang='lat' dir='ltr'>ubi</span> <span class='ocrx_word' id='word_1_39' title='bbox 1871 325 1962 363; x_wconf 82' lang='lat' dir='ltr'><em>nuper</em></span> <span class='ocrx_word' id='word_1_40' title='bbox 1977 315 2077 348; x_wconf 78' lang='lat' dir='ltr'>Comes</span> <span class='ocrx_word' id='word_1_41' title='bbox 2102 310 2281 356; x_wconf 83' lang='lat' dir='ltr'>Lancastriae</span> <span class='ocrx_word' id='word_1_42' title='bbox 2302 286 2371 314; x_wconf 74' lang='lat' dir='ltr'><em>Edv.</em></span> <span class='ocrx_word' id='word_1_43' title='bbox 2389 295 2417 322; x_wconf 84' lang='lat'>3·</span> 
     </span>
    </p>
   </div>
   <div class='ocr_carea' id='block_1_9' title="bbox 128 391 1184 509">
    <p class='ocr_par' dir='ltr' id='par_1_9' title="bbox 128 391 1184 509">
     <span class='ocr_line' id='line_1_15' title="bbox 128 391 1184 454; baseline -0.002 -28"><span class='ocrx_word' id='word_1_44' title='bbox 128 394 254 454; x_wconf 76' lang='lat' dir='ltr'>REX</span> <span class='ocrx_word' id='word_1_45' title='bbox 271 394 405 424; x_wconf 81' lang='lat' dir='ltr'>omnibus</span> <span class='ocrx_word' id='word_1_46' title='bbox 425 391 534 424; x_wconf 89' lang='lat' dir='ltr'>Ballivis</span> <span class='ocrx_word' id='word_1_47' title='bbox 553 393 587 423; x_wconf 86' lang='lat'>&amp;</span> <span class='ocrx_word' id='word_1_48' title='bbox 608 393 735 425; x_wconf 88' lang='lat' dir='ltr'>fidelibus</span> <span class='ocrx_word' id='word_1_49' title='bbox 760 394 829 433; x_wconf 87' lang='lat' dir='ltr'>suis,</span> <span class='ocrx_word' id='word_1_50' title='bbox 847 395 911 426; x_wconf 74' lang='lat' dir='ltr'>&#39;tam</span> <span class='ocrx_word' id='word_1_51' title='bbox 924 394 994 426; x_wconf 88' lang='lat' dir='ltr'>infra</span> <span class='ocrx_word' id='word_1_52' title='bbox 1009 394 1184 432; x_wconf 52' lang='lat' dir='ltr'>Libertate,</span> 
     </span>
     <span class='ocr_line' id='line_1_16' title="bbox 200 432 769 472; baseline 0.002 -10"><span class='ocrx_word' id='word_1_53' title='bbox 200 433 283 472; x_wconf 67' lang='lat' dir='ltr'>qudm</span> <span class='ocrx_word' id='word_1_54' title='bbox 297 441 390 469; x_wconf 81' lang='lat' dir='ltr'>extra,</span> <span class='ocrx_word' id='word_1_55' title='bbox 407 433 441 462; x_wconf 88' lang='lat' dir='ltr'>ad</span> <span class='ocrx_word' id='word_1_56' title='bbox 454 440 542 469; x_wconf 88' lang='lat' dir='ltr'>quos,</span> <span class='ocrx_word' id='word_1_57' title='bbox 558 433 619 462; x_wconf 91' lang='lat' dir='ltr'>&amp;c.</span> <span class='ocrx_word' id='word_1_58' title='bbox 635 432 769 463; x_wconf 85' lang='lat' dir='ltr'>Salutem.</span> 
     </span>
     <span class='ocr_line' id='line_1_17' title="bbox 164 469 1184 509; baseline -0.002 -7"><span class='ocrx_word' id='word_1_59' title='bbox 164 470 243 502; x_wconf 79' lang='lat' dir='ltr'>Cum</span> <span class='ocrx_word' id='word_1_60' title='bbox 266 471 425 507; x_wconf 81' lang='lat' dir='ltr'>mittamus,</span> <span class='ocrx_word' id='word_1_61' title='bbox 442 469 578 499; x_wconf 62' lang='lat' dir='ltr'>dilectum</span> <span class='ocrx_word' id='word_1_62' title='bbox 592 470 766 501; x_wconf 85' lang='lat' dir='ltr'>Servientem</span> <span class='ocrx_word' id='word_1_63' title='bbox 780 470 924 509; x_wconf 85' lang='lat' dir='ltr'>nostrum,</span> <span class='ocrx_word' id='word_1_64' title='bbox 943 470 1134 502; x_wconf 76' lang='lat' dir='ltr'>Alexandrum</span> <span class='ocrx_word' id='word_1_65' title='bbox 1148 470 1184 501; x_wconf 92' lang='lat' dir='ltr'>de</span> 
     </span>
    </p>
   </div>
   <div class='ocr_carea' id='block_1_10' title="bbox 65 507 1184 549">
    <p class='ocr_par' dir='ltr' id='par_1_10' title="bbox 65 507 1184 549">
     <span class='ocr_line' id='line_1_18' title="bbox 65 507 1184 549; baseline -0.002 -9"><span class='ocrx_word' id='word_1_66' title='bbox 65 507 72 514; x_wconf 87' lang='grc'><em>“</em></span> <span class='ocrx_word' id='word_1_67' title='bbox 126 508 388 547; x_wconf 71' lang='lat' dir='ltr'>Northamptonia,</span> <span class='ocrx_word' id='word_1_68' title='bbox 405 508 439 538; x_wconf 90' lang='lat' dir='ltr'>ad</span> <span class='ocrx_word' id='word_1_69' title='bbox 457 517 506 545; x_wconf 88' lang='lat' dir='ltr'>ea,</span> <span class='ocrx_word' id='word_1_70' title='bbox 523 517 588 546; x_wconf 87' lang='lat' dir='ltr'>quae</span> <span class='ocrx_word' id='word_1_71' title='bbox 607 519 659 546; x_wconf 87' lang='lat' dir='ltr'>pro</span> <span class='ocrx_word' id='word_1_72' title='bbox 679 509 791 540; x_wconf 85' lang='lat' dir='ltr'>Officio</span> <span class='ocrx_word' id='word_1_73' title='bbox 811 509 966 549; x_wconf 81' lang='lat' dir='ltr'>Panetriae‚</span> <span class='ocrx_word' id='word_1_74' title='bbox 981 509 1077 540; x_wconf 66' lang='lat' dir='ltr'>dileeti</span> <span class='ocrx_word' id='word_1_75' title='bbox 1099 507 1184 539; x_wconf 88' lang='lat' dir='ltr'>Con-</span> 
     </span>
    </p>
   </div>
   <div class='ocr_carea' id='block_1_11' title="bbox 124 545 1185 587">
    <p class='ocr_par' dir='ltr' id='par_1_11' title="bbox 124 545 1185 587">
     <span class='ocr_line' id='line_1_19' title="bbox 124 545 1185 587; baseline -0.003 -8"><span class='ocrx_word' id='word_1_76' title='bbox 124 548 265 584; x_wconf 73' lang='lat' dir='ltr'>sanguinei</span> <span class='ocrx_word' id='word_1_77' title='bbox 286 547 319 578; x_wconf 74' lang='grc' dir='ltr'>δε</span> <span class='ocrx_word' id='word_1_78' title='bbox 340 545 426 576; x_wconf 82' lang='lat' dir='ltr'>fidelis</span> <span class='ocrx_word' id='word_1_79' title='bbox 447 546 553 584; x_wconf 86' lang='lat' dir='ltr'>nostri,</span> <span class='ocrx_word' id='word_1_80' title='bbox 567 546 704 585; x_wconf 86' lang='lat' dir='ltr'>Johannis</span> <span class='ocrx_word' id='word_1_81' title='bbox 725 549 761 579; x_wconf 91' lang='lat' dir='ltr'>de</span> <span class='ocrx_word' id='word_1_82' title='bbox 775 548 926 587; x_wconf 73' lang='lat' dir='ltr'>Hanonia,</span> <span class='ocrx_word' id='word_1_83' title='bbox 964 549 990 578; x_wconf 93' lang='lat' dir='ltr'>ui</span> <span class='ocrx_word' id='word_1_84' title='bbox 1004 548 1039 578; x_wconf 92' lang='lat' dir='ltr'>ad</span> <span class='ocrx_word' id='word_1_85' title='bbox 1052 556 1185 584; x_wconf 87' lang='lat' dir='ltr'>rogatum</span> 
     </span>
    </p>
   </div>
   <div class='ocr_carea' id='block_1_12' title="bbox 0 583 1185 627">
    <p class='ocr_par' dir='ltr' id='par_1_12' title="bbox 0 583 1185 627">
     <span class='ocr_line' id='line_1_20' title="bbox 0 583 1185 627; baseline -0.001 -11"><span class='ocrx_word' id='word_1_86' title='bbox 0 609 2 616; x_wconf 75' lang='grc'>,</span> <span class='ocrx_word' id='word_1_87' title='bbox 40 583 47 588; x_wconf 78' lang='grc'><strong>”</strong></span> <span class='ocrx_word' id='word_1_88' title='bbox 68 621 73 627; x_wconf 51' lang='grc'><strong>,</strong></span> <span class='ocrx_word' id='word_1_89' title='bbox 124 586 254 617; x_wconf 89' lang='lat' dir='ltr'>nostrum</span> <span class='ocrx_word' id='word_1_90' title='bbox 277 595 329 623; x_wconf 82' lang='lat' dir='ltr'>pro</span> <span class='ocrx_word' id='word_1_91' title='bbox 343 584 522 621; x_wconf 74' lang='lat' dir='ltr'>expeditione</span> <span class='ocrx_word' id='word_1_92' title='bbox 537 584 657 616; x_wconf 80' lang='lat' dir='ltr'>Guerrae</span> <span class='ocrx_word' id='word_1_93' title='bbox 671 586 774 617; x_wconf 72' lang='lat' dir='ltr'>nostr-‚13</span> <span class='ocrx_word' id='word_1_94' title='bbox 791 587 912 625; x_wconf 84' lang='lat' dir='ltr'>Scotiae,</span> <span class='ocrx_word' id='word_1_95' title='bbox 929 597 943 616; x_wconf 92' lang='lat' dir='ltr'>a</span> <span class='ocrx_word' id='word_1_96' title='bbox 979 586 1045 617; x_wconf 93' lang='lat' dir='ltr'>Nos</span> <span class='ocrx_word' id='word_1_97' title='bbox 1060 585 1101 616; x_wconf 91' lang='lat' dir='ltr'>est</span> <span class='ocrx_word' id='word_1_98' title='bbox 1115 595 1185 615; x_wconf 86' lang='lat' dir='ltr'>ven-</span> 
     </span>
    </p>
   </div>
   <div class='ocr_carea' id='block_1_13' title="bbox 122 622 1186 1010">
    <p class='ocr_par' dir='ltr' id='par_1_13' title="bbox 122 622 1186 854">
     <span class='ocr_line' id='line_1_21' title="bbox 125 622 1185 693; baseline 0 -39"><span class='ocrx_word' id='word_1_99' title='bbox 125 633 286 693; x_wconf 33' lang='lat' dir='ltr'>ttirusgkpro</span> <span class='ocrx_word' id='word_1_100' title='bbox 307 622 438 654; x_wconf 86' lang='lat' dir='ltr'>Denatiis</span> <span class='ocrx_word' id='word_1_101' title='bbox 458 622 559 654; x_wconf 85' lang='lat' dir='ltr'>nostris</span> <span class='ocrx_word' id='word_1_102' title='bbox 579 624 727 664; x_wconf 70' lang='lat' dir='ltr'>facienda,</span> <span class='ocrx_word' id='word_1_103' title='bbox 746 634 830 664; x_wconf 87' lang='lat' dir='ltr'>prout</span> <span class='ocrx_word' id='word_1_104' title='bbox 852 627 878 656; x_wconf 88' lang='lat' dir='ltr'>ei</span> <span class='ocrx_word' id='word_1_105' title='bbox 894 635 942 665; x_wconf 90' lang='lat' dir='ltr'>per</span> <span class='ocrx_word' id='word_1_106' title='bbox 957 635 1008 656; x_wconf 92' lang='lat' dir='ltr'>nos</span> <span class='ocrx_word' id='word_1_107' title='bbox 1021 624 1130 665; x_wconf 77' lang='lat' dir='ltr'>plenius</span> <span class='ocrx_word' id='word_1_108' title='bbox 1143 622 1185 654; x_wconf 90' lang='lat' dir='ltr'>est</span> 
     </span>
     <span class='ocr_line' id='line_1_22' title="bbox 122 671 309 693; baseline -0.005 -1"><span class='ocrx_word' id='word_1_109' title='bbox 122 672 151 693; x_wconf 76' lang='lat' dir='ltr'>ll]</span> <span class='ocrx_word' id='word_1_110' title='bbox 164 674 199 692; x_wconf 72' lang='lat' dir='ltr'>Ul]</span> <span class='ocrx_word' id='word_1_111' title='bbox 234 671 282 693; x_wconf 77' lang='lat' dir='ltr'>um</span> <span class='ocrx_word' id='word_1_112' title='bbox 303 671 309 691; x_wconf 73' lang='grc' dir='ltr'><strong>ἶ</strong></span> 
     </span>
     <span class='ocr_line' id='line_1_23' title="bbox 153 674 1186 742; baseline -0.001 -11"><span class='ocrx_word' id='word_1_113' title='bbox 153 674 256 731; x_wconf 82' lang='lat' dir='ltr'>lVobis</span> <span class='ocrx_word' id='word_1_114' title='bbox 271 699 433 731; x_wconf 84' lang='lat' dir='ltr'>mandamus</span> <span class='ocrx_word' id='word_1_115' title='bbox 447 701 528 738; x_wconf 78' lang='lat' dir='ltr'>quod</span> <span class='ocrx_word' id='word_1_116' title='bbox 541 701 632 732; x_wconf 83' lang='lat' dir='ltr'>eidem</span> <span class='ocrx_word' id='word_1_117' title='bbox 647 702 806 733; x_wconf 81' lang='lat' dir='ltr'>Alexandro</span> <span class='ocrx_word' id='word_1_118' title='bbox 815 726 824 741; x_wconf 83' lang='lat'>,</span> <span class='ocrx_word' id='word_1_119' title='bbox 842 712 894 742; x_wconf 89' lang='lat' dir='ltr'>pro</span> <span class='ocrx_word' id='word_1_120' title='bbox 908 701 1065 741; x_wconf 84' lang='lat' dir='ltr'>hujusmodi</span> <span class='ocrx_word' id='word_1_121' title='bbox 1081 701 1186 731; x_wconf 83' lang='lat' dir='ltr'>Provi-</span> 
     </span>
     <span class='ocr_line' id='line_1_24' title="bbox 126 737 1186 780; baseline -0.003 -9"><span class='ocrx_word' id='word_1_122' title='bbox 126 740 244 777; x_wconf 81' lang='lat' dir='ltr'>dentiis,</span> <span class='ocrx_word' id='word_1_123' title='bbox 262 749 316 777; x_wconf 89' lang='lat' dir='ltr'>pro</span> <span class='ocrx_word' id='word_1_124' title='bbox 336 738 464 769; x_wconf 87' lang='lat' dir='ltr'>Denariis</span> <span class='ocrx_word' id='word_1_125' title='bbox 486 739 604 778; x_wconf 56' lang='lat' dir='ltr'>nostru,</span> <span class='ocrx_word' id='word_1_126' title='bbox 623 750 654 772; x_wconf 90' lang='lat' dir='ltr'>ut</span> <span class='ocrx_word' id='word_1_127' title='bbox 676 742 872 780; x_wconf 70' lang='lat' dir='ltr'>praemittitur,</span> <span class='ocrx_word' id='word_1_128' title='bbox 892 740 1042 778; x_wconf 83' lang='lat' dir='ltr'>faciendis,</span> <span class='ocrx_word' id='word_1_129' title='bbox 1059 740 1114 770; x_wconf 88' lang='lat' dir='ltr'>fitis</span> <span class='ocrx_word' id='word_1_130' title='bbox 1137 737 1186 768; x_wconf 91' lang='lat' dir='ltr'>In-</span> 
     </span>
     <span class='ocr_line' id='line_1_25' title="bbox 126 777 1186 819; baseline -0.003 -9"><span class='ocrx_word' id='word_1_131' title='bbox 126 779 268 811; x_wconf 82' lang='lat' dir='ltr'>tendentes</span> <span class='ocrx_word' id='word_1_132' title='bbox 291 777 325 808; x_wconf 87' lang='lat'>&amp;</span> <span class='ocrx_word' id='word_1_133' title='bbox 349 777 534 817; x_wconf 82' lang='lat' dir='ltr'>Auxiliantes‚</span> <span class='ocrx_word' id='word_1_134' title='bbox 553 779 621 810; x_wconf 79' lang='lat' dir='ltr'>cum</span> <span class='ocrx_word' id='word_1_135' title='bbox 643 781 678 811; x_wconf 91' lang='lat' dir='ltr'>ab</span> <span class='ocrx_word' id='word_1_136' title='bbox 698 779 773 819; x_wconf 86' lang='lat' dir='ltr'>ipso,</span> <span class='ocrx_word' id='word_1_137' title='bbox 790 780 868 818; x_wconf 87' lang='lat' dir='ltr'>super</span> <span class='ocrx_word' id='word_1_138' title='bbox 890 779 962 817; x_wconf 90' lang='lat' dir='ltr'>hoc,</span> <span class='ocrx_word' id='word_1_139' title='bbox 979 788 1014 809; x_wconf 81' lang='lat' dir='ltr'>ex</span> <span class='ocrx_word' id='word_1_140' title='bbox 1035 786 1111 818; x_wconf 88' lang='lat' dir='ltr'>parte</span> <span class='ocrx_word' id='word_1_141' title='bbox 1131 786 1186 807; x_wconf 92' lang='lat' dir='ltr'>no—</span> 
     </span>
     <span class='ocr_line' id='line_1_26' title="bbox 126 816 463 854; baseline -0.012 -5"><span class='ocrx_word' id='word_1_142' title='bbox 126 817 181 849; x_wconf 72' lang='lat' dir='ltr'>stra</span> <span class='ocrx_word' id='word_1_143' title='bbox 214 816 319 847; x_wconf 88' lang='lat' dir='ltr'>fueritis</span> <span class='ocrx_word' id='word_1_144' title='bbox 333 816 463 854; x_wconf 73' lang='lat' dir='ltr'>requisiti.</span> 
     </span>
    </p>

    <p class='ocr_par' dir='ltr' id='par_1_14' title="bbox 123 840 1186 973">
     <span class='ocr_line' id='line_1_27' title="bbox 162 840 1186 895; baseline 0.001 -9"><span class='ocrx_word' id='word_1_145' title='bbox 162 840 310 887; x_wconf 56' lang='lat' dir='ltr'>lxlolumus</span> <span class='ocrx_word' id='word_1_146' title='bbox 328 862 421 885; x_wconf 88' lang='lat' dir='ltr'>tamen</span> <span class='ocrx_word' id='word_1_147' title='bbox 441 854 520 893; x_wconf 81' lang='lat' dir='ltr'>quod</span> <span class='ocrx_word' id='word_1_148' title='bbox 539 855 568 886; x_wconf 89' lang='lat' dir='ltr'>in</span> <span class='ocrx_word' id='word_1_149' title='bbox 590 854 687 886; x_wconf 89' lang='lat' dir='ltr'>Feodo</span> <span class='ocrx_word' id='word_1_150' title='bbox 709 855 843 887; x_wconf 84' lang='lat' dir='ltr'>Eccleliae</span> <span class='ocrx_word' id='word_1_151' title='bbox 856 879 866 895; x_wconf 89' lang='lat'>,</span> <span class='ocrx_word' id='word_1_152' title='bbox 891 864 990 887; x_wconf 88' lang='lat' dir='ltr'>contra</span> <span class='ocrx_word' id='word_1_153' title='bbox 1009 854 1186 887; x_wconf 82' lang='lat' dir='ltr'>Libertatem</span> 
     </span>
     <span class='ocr_line' id='line_1_28' title="bbox 125 893 1185 933; baseline -0.003 -8"><span class='ocrx_word' id='word_1_154' title='bbox 125 894 267 932; x_wconf 74' lang='lat' dir='ltr'>eiusdem,</span> <span class='ocrx_word' id='word_1_155' title='bbox 287 894 336 924; x_wconf 86' lang='lat' dir='ltr'>sub</span> <span class='ocrx_word' id='word_1_156' title='bbox 357 894 456 923; x_wconf 90' lang='lat' dir='ltr'>colore</span> <span class='ocrx_word' id='word_1_157' title='bbox 473 894 663 925; x_wconf 68' lang='lat' dir='ltr'>Providentiae</span> <span class='ocrx_word' id='word_1_158' title='bbox 684 894 864 933; x_wconf 83' lang='lat' dir='ltr'>hujusmodi,</span> <span class='ocrx_word' id='word_1_159' title='bbox 884 894 1010 932; x_wconf 80' lang='lat' dir='ltr'>praefatus</span> <span class='ocrx_word' id='word_1_160' title='bbox 1029 893 1185 924; x_wconf 86' lang='lat' dir='ltr'>Alexander</span> 
     </span>
     <span class='ocr_line' id='line_1_29' title="bbox 123 931 970 973; baseline -0.001 -10"><span class='ocrx_word' id='word_1_161' title='bbox 123 943 174 973; x_wconf 82' lang='lat' dir='ltr'>per</span> <span class='ocrx_word' id='word_1_162' title='bbox 186 933 227 970; x_wconf 90' lang='lat' dir='ltr'>se,</span> <span class='ocrx_word' id='word_1_163' title='bbox 243 931 288 962; x_wconf 88' lang='lat' dir='ltr'>vel</span> <span class='ocrx_word' id='word_1_164' title='bbox 303 941 353 970; x_wconf 83' lang='lat' dir='ltr'>per</span> <span class='ocrx_word' id='word_1_165' title='bbox 366 932 470 968; x_wconf 83' lang='lat' dir='ltr'>alium,</span> <span class='ocrx_word' id='word_1_166' title='bbox 487 933 639 972; x_wconf 88' lang='lat' dir='ltr'>quicquam</span> <span class='ocrx_word' id='word_1_167' title='bbox 654 934 743 972; x_wconf 83' lang='lat' dir='ltr'>capiat</span> <span class='ocrx_word' id='word_1_168' title='bbox 757 934 858 971; x_wconf 89' lang='lat' dir='ltr'>quovis</span> <span class='ocrx_word' id='word_1_169' title='bbox 871 933 970 963; x_wconf 88' lang='lat' dir='ltr'>modo.</span> 
     </span>
    </p>

    <p class='ocr_par' dir='ltr' id='par_1_15' title="bbox 160 969 992 1010">
     <span class='ocr_line' id='line_1_30' title="bbox 160 969 992 1010; baseline -0.001 -8"><span class='ocrx_word' id='word_1_170' title='bbox 160 971 249 1002; x_wconf 88' lang='lat' dir='ltr'>Teste</span> <span class='ocrx_word' id='word_1_171' title='bbox 264 970 346 1010; x_wconf 81' lang='lat' dir='ltr'>Rege</span> <span class='ocrx_word' id='word_1_172' title='bbox 355 970 428 1010; x_wconf 91' lang='lat' dir='ltr'>apud</span> <span class='ocrx_word' id='word_1_173' title='bbox 441 969 589 1009; x_wconf 84' lang='lat' dir='ltr'>Eburum,</span> <span class='ocrx_word' id='word_1_174' title='bbox 604 972 739 1002; x_wconf 83' lang='lat' dir='ltr'>vicelimo</span> <span class='ocrx_word' id='word_1_175' title='bbox 754 982 834 1003; x_wconf 90' lang='lat' dir='ltr'>nono</span> <span class='ocrx_word' id='word_1_176' title='bbox 848 971 894 1002; x_wconf 92' lang='lat' dir='ltr'>die</span> <span class='ocrx_word' id='word_1_177' title='bbox 910 971 992 1002; x_wconf 87' lang='lat' dir='ltr'>Maii.</span> 
     </span>
    </p>
   </div>
   <div class='ocr_carea' id='block_1_14' title="bbox 125 1045 1187 1118">
    <p class='ocr_par' dir='ltr' id='par_1_16' title="bbox 125 1045 1187 1118">
     <span class='ocr_line' id='line_1_31' title="bbox 125 1045 1187 1092; baseline -0.004 -11"><span class='ocrx_word' id='word_1_178' title='bbox 125 1048 294 1081; x_wconf 80' lang='lat' dir='ltr'>Consimiles</span> <span class='ocrx_word' id='word_1_179' title='bbox 307 1046 532 1078; x_wconf 82' lang='lat' dir='ltr'>Commisliones</span> <span class='ocrx_word' id='word_1_180' title='bbox 545 1047 654 1092; x_wconf 77' lang='lat' dir='ltr'>habent</span> <span class='ocrx_word' id='word_1_181' title='bbox 665 1047 805 1088; x_wconf 83' lang='lat' dir='ltr'>subscripti</span> <span class='ocrx_word' id='word_1_182' title='bbox 819 1058 872 1088; x_wconf 89' lang='lat' dir='ltr'>pro</span> <span class='ocrx_word' id='word_1_183' title='bbox 889 1047 1002 1080; x_wconf 86' lang='lat' dir='ltr'>Officiis</span> <span class='ocrx_word' id='word_1_184' title='bbox 1015 1045 1187 1087; x_wconf 78' lang='lat' dir='ltr'>subscriptis3</span> 
     </span>
     <span class='ocr_line' id='line_1_32' title="bbox 627 1096 683 1118; baseline -0.054 0"><span class='ocrx_word' id='word_1_185' title='bbox 627 1096 683 1118; x_wconf 83' lang='lat' dir='ltr'>viz.</span> 
     </span>
    </p>
   </div>
   <div class='ocr_carea' id='block_1_15' title="bbox 162 1154 837 1236">
    <p class='ocr_par' dir='ltr' id='par_1_17' title="bbox 162 1154 837 1236">
     <span class='ocr_line' id='line_1_33' title="bbox 191 1154 837 1195; baseline 0.003 -10"><span class='ocrx_word' id='word_1_186' title='bbox 191 1156 305 1186; x_wconf 65' lang='lat' dir='ltr'>ohannex</span> <span class='ocrx_word' id='word_1_187' title='bbox 318 1156 349 1186; x_wconf 79' lang='lat' dir='ltr'>de</span> <span class='ocrx_word' id='word_1_188' title='bbox 365 1154 544 1195; x_wconf 69' lang='lat' dir='ltr'>Ilselfordpro</span> <span class='ocrx_word' id='word_1_189' title='bbox 563 1155 656 1195; x_wconf 79' lang='lat' dir='ltr'>Officio</span> <span class='ocrx_word' id='word_1_190' title='bbox 669 1155 837 1188; x_wconf 76' lang='lat' dir='ltr'>Botellariae.</span> 
     </span>
     <span class='ocr_line' id='line_1_34' title="bbox 162 1157 803 1236; baseline 0 -11"><span class='ocrx_word' id='word_1_191' title='bbox 162 1157 308 1236; x_wconf 53' lang='lat' dir='ltr'>{ohannes</span> <span class='ocrx_word' id='word_1_192' title='bbox 323 1195 355 1224; x_wconf 87' lang='lat' dir='ltr'>de</span> <span class='ocrx_word' id='word_1_193' title='bbox 370 1194 489 1225; x_wconf 81' lang='lat' dir='ltr'>Eborum</span> <span class='ocrx_word' id='word_1_194' title='bbox 499 1203 549 1234; x_wconf 80' lang='lat' dir='ltr'>pro</span> <span class='ocrx_word' id='word_1_195' title='bbox 561 1194 654 1234; x_wconf 78' lang='lat' dir='ltr'>Officio</span> <span class='ocrx_word' id='word_1_196' title='bbox 670 1199 803 1236; x_wconf 74' lang='lat' dir='ltr'>coquinae.</span> 
     </span>
    </p>
   </div>
   <div class='ocr_carea' id='block_1_16' title="bbox 130 1271 1192 1597">
    <p class='ocr_par' dir='ltr' id='par_1_18' title="bbox 130 1271 1192 1597">
     <span class='ocr_line' id='line_1_35' title="bbox 201 1271 432 1310; baseline -0.009 -6"><span class='ocrx_word' id='word_1_197' title='bbox 201 1271 290 1304; x_wconf 90' lang='lat' dir='ltr'>Teste</span> <span class='ocrx_word' id='word_1_198' title='bbox 301 1280 332 1303; x_wconf 92' lang='lat' dir='ltr'>ut</span> <span class='ocrx_word' id='word_1_199' title='bbox 344 1271 432 1310; x_wconf 83' lang='lat' dir='ltr'>supra.</span> 
     </span>
     <span class='ocr_line' id='line_1_36' title="bbox 142 1385 1121 1441; baseline -0.004 -11"><span class='ocrx_word' id='word_1_200' title='bbox 142 1385 147 1389; x_wconf 78' lang='lat'>.</span> <span class='ocrx_word' id='word_1_201' title='bbox 191 1397 241 1430; x_wconf 88' lang='lat' dir='ltr'>De</span> <span class='ocrx_word' id='word_1_202' title='bbox 255 1396 403 1430; x_wconf 65' lang='lat' dir='ltr'>Traaatu</span> <span class='ocrx_word' id='word_1_203' title='bbox 423 1399 509 1430; x_wconf 79' lang='lat' dir='ltr'>Pacis</span> <span class='ocrx_word' id='word_1_204' title='bbox 527 1399 557 1428; x_wconf 84' lang='lat' dir='ltr'>in</span> <span class='ocrx_word' id='word_1_205' title='bbox 583 1397 709 1428; x_wconf 71' lang='lat' dir='ltr'>Ducam</span> <span class='ocrx_word' id='word_1_206' title='bbox 735 1397 908 1441; x_wconf 65' lang='lat' dir='ltr'>Aquitaniae</span> <span class='ocrx_word' id='word_1_207' title='bbox 929 1391 1121 1440; x_wconf 72' lang='lat' dir='ltr'>obftrvando.</span> 
     </span>
     <span class='ocr_line' id='line_1_37' title="bbox 130 1480 1192 1539; baseline -0.003 -26"><span class='ocrx_word' id='word_1_208' title='bbox 130 1483 187 1539; x_wconf 77' lang='lat' dir='ltr'>R</span> <span class='ocrx_word' id='word_1_209' title='bbox 197 1481 221 1512; x_wconf 89' lang='lat' dir='ltr'><strong>E</strong></span> <span class='ocrx_word' id='word_1_210' title='bbox 231 1481 277 1520; x_wconf 84' lang='lat' dir='ltr'>X,</span> <span class='ocrx_word' id='word_1_211' title='bbox 293 1481 447 1526; x_wconf 77' lang='lat' dir='ltr'>Senescallo</span> <span class='ocrx_word' id='word_1_212' title='bbox 461 1482 510 1525; x_wconf 80' lang='lat' dir='ltr'>suo</span> <span class='ocrx_word' id='word_1_213' title='bbox 523 1480 688 1518; x_wconf 78' lang='lat' dir='ltr'>Vaseoniae,</span> <span class='ocrx_word' id='word_1_214' title='bbox 704 1482 751 1519; x_wconf 87' lang='lat' dir='ltr'>qui</span> <span class='ocrx_word' id='word_1_215' title='bbox 765 1490 841 1525; x_wconf 78' lang='lat' dir='ltr'>nunc</span> <span class='ocrx_word' id='word_1_216' title='bbox 856 1480 912 1518; x_wconf 85' lang='lat' dir='ltr'>est,</span> <span class='ocrx_word' id='word_1_217' title='bbox 930 1480 978 1511; x_wconf 89' lang='lat' dir='ltr'>vel</span> <span class='ocrx_word' id='word_1_218' title='bbox 988 1482 1035 1521; x_wconf 89' lang='lat' dir='ltr'>qui</span> <span class='ocrx_word' id='word_1_219' title='bbox 1051 1489 1104 1520; x_wconf 86' lang='lat' dir='ltr'>pro</span> <span class='ocrx_word' id='word_1_220' title='bbox 1119 1487 1192 1511; x_wconf 88' lang='lat' dir='ltr'>tem-</span> 
     </span>
     <span class='ocr_line' id='line_1_38' title="bbox 211 1519 955 1559; baseline -0.003 -8"><span class='ocrx_word' id='word_1_221' title='bbox 211 1531 279 1558; x_wconf 86' lang='lat' dir='ltr'>pore</span> <span class='ocrx_word' id='word_1_222' title='bbox 293 1521 392 1559; x_wconf 79' lang='lat' dir='ltr'>suent,</span> <span class='ocrx_word' id='word_1_223' title='bbox 408 1528 454 1550; x_wconf 86' lang='lat' dir='ltr'>aut</span> <span class='ocrx_word' id='word_1_224' title='bbox 469 1530 530 1558; x_wconf 72' lang='lat' dir='ltr'>ejus</span> <span class='ocrx_word' id='word_1_225' title='bbox 546 1520 664 1550; x_wconf 89' lang='lat' dir='ltr'>Locum</span> <span class='ocrx_word' id='word_1_226' title='bbox 681 1528 802 1558; x_wconf 83' lang='lat' dir='ltr'>tenenti,</span> <span class='ocrx_word' id='word_1_227' title='bbox 821 1519 955 1550; x_wconf 91' lang='lat' dir='ltr'>Salutem.</span> 
     </span>
     <span class='ocr_line' id='line_1_39' title="bbox 166 1557 513 1597; baseline -0.006 -7"><span class='ocrx_word' id='word_1_228' title='bbox 166 1558 249 1590; x_wconf 75' lang='lat' dir='ltr'>Cum</span> <span class='ocrx_word' id='word_1_229' title='bbox 262 1559 408 1589; x_wconf 65' lang='lat' dir='ltr'>Tractatus</span> <span class='ocrx_word' id='word_1_230' title='bbox 422 1557 513 1597; x_wconf 86' lang='lat' dir='ltr'>Pacis,</span> 
     </span>
    </p>
   </div>
   <div class='ocr_carea' id='block_1_17' title="bbox 131 1595 1195 1675">
    <p class='ocr_par' dir='ltr' id='par_1_19' title="bbox 131 1595 1195 1675">
     <span class='ocr_line' id='line_1_40' title="bbox 169 1595 1195 1635; baseline -0.002 -7"><span class='ocrx_word' id='word_1_231' title='bbox 169 1597 243 1628; x_wconf 87' lang='lat' dir='ltr'>Inter</span> <span class='ocrx_word' id='word_1_232' title='bbox 266 1596 450 1628; x_wconf 85' lang='lat' dir='ltr'>Consiliarios</span> <span class='ocrx_word' id='word_1_233' title='bbox 471 1597 504 1628; x_wconf 76' lang='grc' dir='ltr'>ὅ(</span> <span class='ocrx_word' id='word_1_234' title='bbox 526 1596 746 1635; x_wconf 81' lang='lat' dir='ltr'>Procuratores,</span> <span class='ocrx_word' id='word_1_235' title='bbox 774 1595 1008 1628; x_wconf 81' lang='lat' dir='ltr'>Excellentiffimi</span> <span class='ocrx_word' id='word_1_236' title='bbox 1038 1596 1195 1635; x_wconf 85' lang='lat' dir='ltr'>Principis,</span> 
     </span>
     <span class='ocr_line' id='line_1_41' title="bbox 131 1634 1195 1675; baseline 0.001 -10"><span class='ocrx_word' id='word_1_237' title='bbox 131 1635 252 1666; x_wconf 85' lang='lat' dir='ltr'>Domini</span> <span class='ocrx_word' id='word_1_238' title='bbox 269 1636 287 1654; x_wconf 71' lang='lat'>²*</span> <span class='ocrx_word' id='word_1_239' title='bbox 308 1635 426 1673; x_wconf 77' lang='lat' dir='ltr'>Karofi,</span> <span class='ocrx_word' id='word_1_240' title='bbox 447 1635 538 1673; x_wconf 89' lang='lat' dir='ltr'>Regis</span> <span class='ocrx_word' id='word_1_241' title='bbox 559 1636 685 1666; x_wconf 82' lang='lat' dir='ltr'>Franciae</span> <span class='ocrx_word' id='word_1_242' title='bbox 708 1635 817 1665; x_wconf 88' lang='lat' dir='ltr'>illustris</span> <span class='ocrx_word' id='word_1_243' title='bbox 833 1660 843 1675; x_wconf 86' lang='lat'>‚</span> <span class='ocrx_word' id='word_1_244' title='bbox 876 1635 1019 1667; x_wconf 85' lang='lat' dir='ltr'>Avunculi</span> <span class='ocrx_word' id='word_1_245' title='bbox 1036 1634 1142 1674; x_wconf 86' lang='lat' dir='ltr'>nostri,</span> <span class='ocrx_word' id='word_1_246' title='bbox 1161 1636 1195 1666; x_wconf 88' lang='lat'>&amp;</span> 
     </span>
    </p>
   </div>
   <div class='ocr_carea' id='block_1_18' title="bbox 67 1670 809 1713">
    <p class='ocr_par' dir='ltr' id='par_1_20' title="bbox 67 1670 809 1713">
     <span class='ocr_line' id='line_1_42' title="bbox 67 1670 809 1713; baseline -0.003 -8"><span class='ocrx_word' id='word_1_247' title='bbox 67 1670 73 1677; x_wconf 79' lang='grc'><em>’</em></span> <span class='ocrx_word' id='word_1_248' title='bbox 130 1674 165 1705; x_wconf 92' lang='lat' dir='ltr'>N</span> <span class='ocrx_word' id='word_1_249' title='bbox 168 1675 267 1705; x_wconf 87' lang='lat' dir='ltr'>uncios</span> <span class='ocrx_word' id='word_1_250' title='bbox 280 1674 390 1704; x_wconf 87' lang='lat' dir='ltr'>nostros</span> <span class='ocrx_word' id='word_1_251' title='bbox 404 1684 494 1711; x_wconf 86' lang='lat' dir='ltr'>nuper</span> <span class='ocrx_word' id='word_1_252' title='bbox 507 1674 607 1713; x_wconf 78' lang='lat' dir='ltr'>initus,</span> <span class='ocrx_word' id='word_1_253' title='bbox 626 1675 659 1705; x_wconf 86' lang='lat'>&amp;</span> <span class='ocrx_word' id='word_1_254' title='bbox 674 1673 809 1712; x_wconf 79' lang='lat' dir='ltr'>firmatus,</span> 
     </span>
    </p>
   </div>
   <div class='ocr_carea' id='block_1_19' title="bbox 126 1710 1195 2098">
    <p class='ocr_par' dir='ltr' id='par_1_21' title="bbox 130 1710 1195 1791">
     <span class='ocr_line' id='line_1_43' title="bbox 168 1710 1195 1752; baseline 0 -9"><span class='ocrx_word' id='word_1_255' title='bbox 168 1713 248 1743; x_wconf 78' lang='lat' dir='ltr'>Tam</span> <span class='ocrx_word' id='word_1_256' title='bbox 264 1722 313 1750; x_wconf 91' lang='lat' dir='ltr'>per</span> <span class='ocrx_word' id='word_1_257' title='bbox 326 1713 415 1752; x_wconf 86' lang='lat' dir='ltr'>ipsum</span> <span class='ocrx_word' id='word_1_258' title='bbox 429 1713 541 1752; x_wconf 82' lang='lat' dir='ltr'>Regem</span> <span class='ocrx_word' id='word_1_259' title='bbox 556 1712 700 1750; x_wconf 65' lang='lat' dir='ltr'>Franci-ae,</span> <span class='ocrx_word' id='word_1_260' title='bbox 718 1713 804 1751; x_wconf 75' lang='lat' dir='ltr'>quam</span> <span class='ocrx_word' id='word_1_261' title='bbox 818 1720 867 1751; x_wconf 89' lang='lat' dir='ltr'>per</span> <span class='ocrx_word' id='word_1_262' title='bbox 882 1710 961 1750; x_wconf 86' lang='lat' dir='ltr'>Nos,</span> <span class='ocrx_word' id='word_1_263' title='bbox 978 1713 1145 1752; x_wconf 85' lang='lat' dir='ltr'>approbatus</span> <span class='ocrx_word' id='word_1_264' title='bbox 1153 1712 1195 1751; x_wconf 83' lang='lat' dir='ltr'>fit,</span> 
     </span>
     <span class='ocr_line' id='line_1_44' title="bbox 130 1750 558 1791; baseline 0 -10"><span class='ocrx_word' id='word_1_265' title='bbox 130 1760 304 1791; x_wconf 61' lang='lat' dir='ltr'>accepimus,</span> <span class='ocrx_word' id='word_1_266' title='bbox 320 1752 352 1781; x_wconf 91' lang='lat'>&amp;</span> <span class='ocrx_word' id='word_1_267' title='bbox 366 1750 558 1789; x_wconf 79' lang='lat' dir='ltr'>confirmatus,</span> 
     </span>
    </p>

    <p class='ocr_par' dir='ltr' id='par_1_22' title="bbox 128 1787 1193 1867">
     <span class='ocr_line' id='line_1_45' title="bbox 166 1787 1193 1828; baseline 0.001 -9"><span class='ocrx_word' id='word_1_268' title='bbox 166 1790 233 1820; x_wconf 89' lang='lat' dir='ltr'>Nos</span> <span class='ocrx_word' id='word_1_269' title='bbox 246 1790 415 1820; x_wconf 65' lang='lat' dir='ltr'>Tractatum</span> <span class='ocrx_word' id='word_1_270' title='bbox 431 1789 508 1819; x_wconf 87' lang='lat' dir='ltr'>illum</span> <span class='ocrx_word' id='word_1_271' title='bbox 518 1812 527 1828; x_wconf 87' lang='lat'>,</span> <span class='ocrx_word' id='word_1_272' title='bbox 543 1797 680 1827; x_wconf 85' lang='lat' dir='ltr'>quantum</span> <span class='ocrx_word' id='word_1_273' title='bbox 693 1789 720 1818; x_wconf 90' lang='lat' dir='ltr'>in</span> <span class='ocrx_word' id='word_1_274' title='bbox 733 1789 815 1819; x_wconf 88' lang='lat' dir='ltr'>nobis</span> <span class='ocrx_word' id='word_1_275' title='bbox 830 1787 881 1827; x_wconf 85' lang='lat' dir='ltr'>est,</span> <span class='ocrx_word' id='word_1_276' title='bbox 900 1789 930 1819; x_wconf 90' lang='lat' dir='ltr'>in</span> <span class='ocrx_word' id='word_1_277' title='bbox 945 1790 1079 1820; x_wconf 86' lang='lat' dir='ltr'>omnibus</span> <span class='ocrx_word' id='word_1_278' title='bbox 1098 1789 1193 1820; x_wconf 88' lang='lat' dir='ltr'>obser-</span> 
     </span>
     <span class='ocr_line' id='line_1_46' title="bbox 128 1827 730 1867; baseline -0.003 -8"><span class='ocrx_word' id='word_1_279' title='bbox 128 1828 205 1867; x_wconf 89' lang='lat' dir='ltr'>vari,</span> <span class='ocrx_word' id='word_1_280' title='bbox 221 1829 253 1859; x_wconf 89' lang='lat'>&amp;</span> <span class='ocrx_word' id='word_1_281' title='bbox 269 1827 383 1858; x_wconf 67' lang='lat' dir='ltr'>effectui</span> <span class='ocrx_word' id='word_1_282' title='bbox 400 1828 568 1866; x_wconf 82' lang='lat' dir='ltr'>mancipari,</span> <span class='ocrx_word' id='word_1_283' title='bbox 588 1828 730 1865; x_wconf 70' lang='lat' dir='ltr'>volentes,</span> 
     </span>
    </p>

    <p class='ocr_par' dir='ltr' id='par_1_23' title="bbox 126 1865 1193 1980">
     <span class='ocr_line' id='line_1_47' title="bbox 165 1865 1193 1905; baseline 0 -9"><span class='ocrx_word' id='word_1_284' title='bbox 165 1865 256 1896; x_wconf 88' lang='lat' dir='ltr'>Vobis</span> <span class='ocrx_word' id='word_1_285' title='bbox 270 1865 432 1896; x_wconf 86' lang='lat' dir='ltr'>mandamus</span> <span class='ocrx_word' id='word_1_286' title='bbox 445 1866 525 1903; x_wconf 79' lang='lat' dir='ltr'>quod</span> <span class='ocrx_word' id='word_1_287' title='bbox 537 1866 661 1896; x_wconf 91' lang='lat' dir='ltr'>eundem</span> <span class='ocrx_word' id='word_1_288' title='bbox 673 1865 840 1896; x_wconf 62' lang='lat' dir='ltr'>Tradtatum</span> <span class='ocrx_word' id='word_1_289' title='bbox 863 1866 961 1905; x_wconf 85' lang='lat' dir='ltr'>(cujus</span> <span class='ocrx_word' id='word_1_290' title='bbox 976 1875 1058 1897; x_wconf 90' lang='lat' dir='ltr'>tenor</span> <span class='ocrx_word' id='word_1_291' title='bbox 1077 1866 1193 1897; x_wconf 75' lang='lat' dir='ltr'>inferitis</span> 
     </span>
     <span class='ocr_line' id='line_1_48' title="bbox 126 1903 1192 1944; baseline 0 -8"><span class='ocrx_word' id='word_1_292' title='bbox 126 1906 306 1940; x_wconf 82' lang='lat' dir='ltr'>continetur)</span> <span class='ocrx_word' id='word_1_293' title='bbox 326 1905 354 1934; x_wconf 91' lang='lat' dir='ltr'>in</span> <span class='ocrx_word' id='word_1_294' title='bbox 369 1905 505 1934; x_wconf 88' lang='lat' dir='ltr'>omnibus</span> <span class='ocrx_word' id='word_1_295' title='bbox 516 1905 549 1936; x_wconf 87' lang='lat'>&amp;</span> <span class='ocrx_word' id='word_1_296' title='bbox 566 1904 672 1943; x_wconf 80' lang='lat' dir='ltr'>singulis</span> <span class='ocrx_word' id='word_1_297' title='bbox 686 1903 738 1934; x_wconf 88' lang='lat' dir='ltr'>suis</span> <span class='ocrx_word' id='word_1_298' title='bbox 751 1904 886 1934; x_wconf 76' lang='lat' dir='ltr'>Articulis</span> <span class='ocrx_word' id='word_1_299' title='bbox 905 1904 1067 1944; x_wconf 85' lang='lat' dir='ltr'>observari,</span> <span class='ocrx_word' id='word_1_300' title='bbox 1092 1905 1126 1936; x_wconf 88' lang='lat'>&amp;</span> <span class='ocrx_word' id='word_1_301' title='bbox 1146 1904 1192 1936; x_wconf 84' lang='lat' dir='ltr'>fir—</span> 
     </span>
     <span class='ocr_line' id='line_1_49' title="bbox 126 1942 1020 1980; baseline 0 -6"><span class='ocrx_word' id='word_1_302' title='bbox 126 1944 209 1974; x_wconf 84' lang='lat' dir='ltr'>miter</span> <span class='ocrx_word' id='word_1_303' title='bbox 223 1944 308 1972; x_wconf 88' lang='lat' dir='ltr'>teneri</span> <span class='ocrx_word' id='word_1_304' title='bbox 325 1943 443 1980; x_wconf 77' lang='lat' dir='ltr'>faciatis,</span> <span class='ocrx_word' id='word_1_305' title='bbox 462 1943 595 1980; x_wconf 77' lang='lat' dir='ltr'>quatenus</span> <span class='ocrx_word' id='word_1_306' title='bbox 610 1942 644 1973; x_wconf 80' lang='lat' dir='ltr'>ad</span> <span class='ocrx_word' id='word_1_307' title='bbox 660 1952 711 1973; x_wconf 86' lang='lat' dir='ltr'>nos</span> <span class='ocrx_word' id='word_1_308' title='bbox 726 1943 858 1973; x_wconf 90' lang='lat' dir='ltr'>noveritis</span> <span class='ocrx_word' id='word_1_309' title='bbox 873 1944 1020 1980; x_wconf 81' lang='lat' dir='ltr'>pertinere.</span> 
     </span>
    </p>

    <p class='ocr_par' dir='ltr' id='par_1_24' title="bbox 126 1980 1193 2050">
     <span class='ocr_line' id='line_1_50' title="bbox 164 1980 1193 2019; baseline 0.002 -8"><span class='ocrx_word' id='word_1_310' title='bbox 164 1980 198 2011; x_wconf 86' lang='lat' dir='ltr'>In</span> <span class='ocrx_word' id='word_1_311' title='bbox 211 1982 288 2019; x_wconf 82' lang='lat' dir='ltr'>cujus</span> <span class='ocrx_word' id='word_1_312' title='bbox 301 1982 341 2011; x_wconf 87' lang='lat' dir='ltr'>rei</span> <span class='ocrx_word' id='word_1_313' title='bbox 357 1981 573 2012; x_wconf 80' lang='lat' dir='ltr'>Testimonium</span> <span class='ocrx_word' id='word_1_314' title='bbox 591 1982 639 2012; x_wconf 74' lang='lat' dir='ltr'>has</span> <span class='ocrx_word' id='word_1_315' title='bbox 658 1980 768 2012; x_wconf 84' lang='lat' dir='ltr'>Litcras</span> <span class='ocrx_word' id='word_1_316' title='bbox 785 1980 892 2012; x_wconf 82' lang='lat' dir='ltr'>nostras</span> <span class='ocrx_word' id='word_1_317' title='bbox 913 1980 972 2012; x_wconf 83' lang='lat' dir='ltr'>fieri</span> <span class='ocrx_word' id='word_1_318' title='bbox 994 1982 1116 2013; x_wconf 81' lang='lat' dir='ltr'>fecimus</span> <span class='ocrx_word' id='word_1_319' title='bbox 1140 1981 1193 2013; x_wconf 82' lang='lat' dir='ltr'>Pa-</span> 
     </span>
     <span class='ocr_line' id='line_1_51' title="bbox 126 2027 223 2050; baseline -0.021 0"><span class='ocrx_word' id='word_1_320' title='bbox 126 2027 223 2050; x_wconf 81' lang='lat' dir='ltr'>tentes.</span> 
     </span>
    </p>

    <p class='ocr_par' dir='ltr' id='par_1_25' title="bbox 160 2056 1194 2098">
     <span class='ocr_line' id='line_1_52' title="bbox 160 2056 1194 2098; baseline 0 -9"><span class='ocrx_word' id='word_1_321' title='bbox 160 2057 230 2091; x_wconf 85' lang='lat' dir='ltr'>Dat.</span> <span class='ocrx_word' id='word_1_322' title='bbox 244 2057 317 2097; x_wconf 86' lang='lat' dir='ltr'>apud</span> <span class='ocrx_word' id='word_1_323' title='bbox 332 2056 480 2098; x_wconf 82' lang='lat' dir='ltr'>Eborum,</span> <span class='ocrx_word' id='word_1_324' title='bbox 496 2059 590 2098; x_wconf 85' lang='lat' dir='ltr'>primo</span> <span class='ocrx_word' id='word_1_325' title='bbox 604 2057 651 2089; x_wconf 89' lang='lat' dir='ltr'>die</span> <span class='ocrx_word' id='word_1_326' title='bbox 660 2057 740 2097; x_wconf 86' lang='lat' dir='ltr'>Junii</span> <span class='ocrx_word' id='word_1_327' title='bbox 749 2081 759 2098; x_wconf 85' lang='lat'>‚</span> <span class='ocrx_word' id='word_1_328' title='bbox 776 2068 852 2089; x_wconf 87' lang='lat' dir='ltr'>anno</span> <span class='ocrx_word' id='word_1_329' title='bbox 867 2058 967 2097; x_wconf 82' lang='lat' dir='ltr'>Regni</span> <span class='ocrx_word' id='word_1_330' title='bbox 982 2058 1071 2090; x_wconf 89' lang='lat' dir='ltr'>nostri</span> <span class='ocrx_word' id='word_1_331' title='bbox 1086 2057 1194 2090; x_wconf 90' lang='lat' dir='ltr'>Primo.</span> 
     </span>
    </p>
   </div>
   <div class='ocr_carea' id='block_1_20' title="bbox 330 2134 983 2174">
    <p class='ocr_par' dir='ltr' id='par_1_26' title="bbox 330 2134 983 2174">
     <span class='ocr_line' id='line_1_53' title="bbox 330 2134 983 2174; baseline -0.002 -7"><span class='ocrx_word' id='word_1_332' title='bbox 330 2135 431 2168; x_wconf 89' lang='lat' dir='ltr'>Tenor</span> <span class='ocrx_word' id='word_1_333' title='bbox 449 2143 543 2167; x_wconf 88' lang='lat' dir='ltr'>autem</span> <span class='ocrx_word' id='word_1_334' title='bbox 556 2134 707 2167; x_wconf 65' lang='lat' dir='ltr'>Tradimus</span> <span class='ocrx_word' id='word_1_335' title='bbox 721 2135 848 2174; x_wconf 58' lang='lat' dir='ltr'>praedicti</span> <span class='ocrx_word' id='word_1_336' title='bbox 861 2136 918 2168; x_wconf 88' lang='lat' dir='ltr'>talis</span> <span class='ocrx_word' id='word_1_337' title='bbox 933 2136 983 2167; x_wconf 90' lang='lat' dir='ltr'>est.</span> 
     </span>
    </p>
   </div>
   <div class='ocr_carea' id='block_1_21' title="bbox 127 2212 1194 2408">
    <p class='ocr_par' dir='ltr' id='par_1_27' title="bbox 127 2212 1194 2408">
     <span class='ocr_line' id='line_1_54' title="bbox 188 2212 1194 2254; baseline 0.001 -10"><span class='ocrx_word' id='word_1_338' title='bbox 188 2212 315 2252; x_wconf 62' lang='lat' dir='ltr'>Dwvd,</span> <span class='ocrx_word' id='word_1_339' title='bbox 333 2222 381 2252; x_wconf 87' lang='lat' dir='ltr'>par</span> <span class='ocrx_word' id='word_1_340' title='bbox 398 2213 424 2244; x_wconf 76' lang='lat' dir='ltr'>la</span> <span class='ocrx_word' id='word_1_341' title='bbox 435 2223 516 2253; x_wconf 80' lang='lat' dir='ltr'>grace</span> <span class='ocrx_word' id='word_1_342' title='bbox 530 2212 566 2244; x_wconf 90' lang='lat' dir='ltr'>de</span> <span class='ocrx_word' id='word_1_343' title='bbox 579 2212 671 2252; x_wconf 85' lang='lat' dir='ltr'>Dieu,</span> <span class='ocrx_word' id='word_1_344' title='bbox 685 2212 746 2244; x_wconf 89' lang='lat' dir='ltr'>Roi</span> <span class='ocrx_word' id='word_1_345' title='bbox 763 2213 974 2254; x_wconf 85' lang='lat' dir='ltr'>d’Engleterre,</span> <span class='ocrx_word' id='word_1_346' title='bbox 990 2212 1107 2253; x_wconf 86' lang='lat' dir='ltr'>Seignur</span> <span class='ocrx_word' id='word_1_347' title='bbox 1122 2214 1194 2245; x_wconf 87' lang='lat' dir='ltr'>d’Ir-</span> 
     </span>
     <span class='ocr_line' id='line_1_55' title="bbox 206 2251 1194 2293; baseline 0.003 -11"><span class='ocrx_word' id='word_1_348' title='bbox 206 2252 307 2290; x_wconf 89' lang='lat' dir='ltr'>laund,</span> <span class='ocrx_word' id='word_1_349' title='bbox 325 2254 358 2283; x_wconf 72' lang='grc' dir='ltr'>δε</span> <span class='ocrx_word' id='word_1_350' title='bbox 376 2251 445 2283; x_wconf 90' lang='lat' dir='ltr'>Duc</span> <span class='ocrx_word' id='word_1_351' title='bbox 459 2252 495 2282; x_wconf 87' lang='lat' dir='ltr'>de</span> <span class='ocrx_word' id='word_1_352' title='bbox 513 2251 649 2283; x_wconf 88' lang='lat' dir='ltr'>Guienne</span> <span class='ocrx_word' id='word_1_353' title='bbox 661 2275 671 2291; x_wconf 92' lang='lat'>‚</span> <span class='ocrx_word' id='word_1_354' title='bbox 695 2262 711 2283; x_wconf 93' lang='lat' dir='ltr'>a</span> <span class='ocrx_word' id='word_1_355' title='bbox 736 2260 807 2283; x_wconf 90' lang='lat' dir='ltr'>touz</span> <span class='ocrx_word' id='word_1_356' title='bbox 827 2262 916 2292; x_wconf 81' lang='lat' dir='ltr'>ceux,</span> <span class='ocrx_word' id='word_1_357' title='bbox 933 2254 961 2293; x_wconf 92' lang='lat' dir='ltr'>qi</span> <span class='ocrx_word' id='word_1_358' title='bbox 977 2252 1064 2284; x_wconf 73' lang='lat' dir='ltr'>cestes</span> <span class='ocrx_word' id='word_1_359' title='bbox 1085 2253 1194 2285; x_wconf 88' lang='lat' dir='ltr'>Lettres</span> 
     </span>
     <span class='ocr_line' id='line_1_56' title="bbox 127 2289 607 2329; baseline 0.004 -12"><span class='ocrx_word' id='word_1_360' title='bbox 127 2296 281 2329; x_wconf 81' lang='lat' dir='ltr'>verrount,</span> <span class='ocrx_word' id='word_1_361' title='bbox 303 2291 334 2321; x_wconf 90' lang='lat'>&amp;</span> <span class='ocrx_word' id='word_1_362' title='bbox 349 2300 483 2328; x_wconf 84' lang='lat' dir='ltr'>orrount,</span> <span class='ocrx_word' id='word_1_363' title='bbox 502 2289 607 2321; x_wconf 86' lang='lat' dir='ltr'>Salutz.</span> 
     </span>
     <span class='ocr_line' id='line_1_57' title="bbox 159 2326 1193 2370; baseline 0.006 -14"><span class='ocrx_word' id='word_1_364' title='bbox 159 2326 277 2370; x_wconf 32' lang='lat' dir='ltr'>‚Sachez</span> <span class='ocrx_word' id='word_1_365' title='bbox 293 2339 364 2360; x_wconf 87' lang='lat' dir='ltr'>nous</span> <span class='ocrx_word' id='word_1_366' title='bbox 376 2330 456 2359; x_wconf 86' lang='lat' dir='ltr'>avoir</span> <span class='ocrx_word' id='word_1_367' title='bbox 468 2338 540 2359; x_wconf 87' lang='lat' dir='ltr'>veue</span> <span class='ocrx_word' id='word_1_368' title='bbox 550 2351 560 2367; x_wconf 88' lang='lat'>,</span> <span class='ocrx_word' id='word_1_369' title='bbox 578 2329 611 2360; x_wconf 87' lang='lat'>&amp;</span> <span class='ocrx_word' id='word_1_370' title='bbox 627 2328 743 2366; x_wconf 85' lang='lat' dir='ltr'>regarde</span> <span class='ocrx_word' id='word_1_371' title='bbox 755 2329 792 2360; x_wconf 89' lang='lat' dir='ltr'>les</span> <span class='ocrx_word' id='word_1_372' title='bbox 805 2329 912 2369; x_wconf 88' lang='lat' dir='ltr'>Lettres</span> <span class='ocrx_word' id='word_1_373' title='bbox 923 2338 1033 2362; x_wconf 87' lang='lat' dir='ltr'>overtes</span> <span class='ocrx_word' id='word_1_374' title='bbox 1048 2329 1096 2361; x_wconf 88' lang='lat' dir='ltr'>des</span> <span class='ocrx_word' id='word_1_375' title='bbox 1110 2329 1193 2362; x_wconf 90' lang='lat' dir='ltr'>Con-</span> 
     </span>
     <span class='ocr_line' id='line_1_58' title="bbox 128 2362 963 2408; baseline 0.004 -14"><span class='ocrx_word' id='word_1_376' title='bbox 128 2362 228 2396; x_wconf 71' lang='lat' dir='ltr'>seillers</span> <span class='ocrx_word' id='word_1_377' title='bbox 241 2367 275 2397; x_wconf 90' lang='lat'>&amp;</span> <span class='ocrx_word' id='word_1_378' title='bbox 290 2365 544 2405; x_wconf 78' lang='lat' dir='ltr'>Procureurs‚&amp;c.</span> <span class='ocrx_word' id='word_1_379' title='bbox 559 2366 678 2406; x_wconf 67' lang='lat' dir='ltr'>utsitpra</span> <span class='ocrx_word' id='word_1_380' title='bbox 692 2368 723 2397; x_wconf 78' lang='lat' dir='ltr'>de</span> <span class='ocrx_word' id='word_1_381' title='bbox 737 2369 797 2398; x_wconf 85' lang='lat' dir='ltr'>dat.</span> <span class='ocrx_word' id='word_1_382' title='bbox 818 2378 851 2408; x_wconf 83' lang='lat'>31</span> <span class='ocrx_word' id='word_1_383' title='bbox 869 2371 963 2399; x_wconf 84' lang='lat' dir='ltr'>Mart.</span> 
     </span>
    </p>
   </div>
   <div class='ocr_carea' id='block_1_22' title="bbox 179 2488 1149 2572">
    <p class='ocr_par' dir='ltr' id='par_1_28' title="bbox 179 2488 1149 2572">
     <span class='ocr_line' id='line_1_59' title="bbox 179 2488 1149 2571; baseline 0.005 -51"><span class='ocrx_word' id='word_1_384' title='bbox 179 2489 227 2531; x_wconf 82' lang='lat' dir='ltr'>De</span> <span class='ocrx_word' id='word_1_385' title='bbox 243 2488 416 2522; x_wconf 63' lang='lat' dir='ltr'>intendendo</span> <span class='ocrx_word' id='word_1_386' title='bbox 429 2490 591 2536; x_wconf 79' lang='lat' dir='ltr'>Seneftallo</span> <span class='ocrx_word' id='word_1_387' title='bbox 606 2488 741 2571; x_wconf 56' lang='lat' dir='ltr'>prgydim</span> <span class='ocrx_word' id='word_1_388' title='bbox 768 2497 799 2526; x_wconf 73' lang='lat' dir='ltr'>in</span> <span class='ocrx_word' id='word_1_389' title='bbox 828 2493 1009 2524; x_wconf 77' lang='lat' dir='ltr'>Executione</span> <span class='ocrx_word' id='word_1_390' title='bbox 1030 2492 1149 2539; x_wconf 81' lang='lat' dir='ltr'>praefati</span> 
     </span>
     <span class='ocr_line' id='line_1_60' title="bbox 578 2541 750 2572; baseline -0.012 0"><span class='ocrx_word' id='word_1_391' title='bbox 578 2541 640 2572; x_wconf 76' lang='lat' dir='ltr'>Tra</span> <span class='ocrx_word' id='word_1_392' title='bbox 671 2548 750 2571; x_wconf 79' lang='lat' dir='ltr'>atus.</span> 
     </span>
    </p>
   </div>
   <div class='ocr_carea' id='block_1_23' title="bbox 134 2622 1199 3227">
    <p class='ocr_par' dir='ltr' id='par_1_29' title="bbox 135 2622 1196 2680">
     <span class='ocr_line' id='line_1_61' title="bbox 135 2622 1196 2680; baseline 0.003 -25"><span class='ocrx_word' id='word_1_393' title='bbox 135 2622 274 2680; x_wconf 77' lang='lat' dir='ltr'>REX,</span> <span class='ocrx_word' id='word_1_394' title='bbox 292 2623 424 2654; x_wconf 75' lang='lat' dir='ltr'>universis</span> <span class='ocrx_word' id='word_1_395' title='bbox 438 2625 471 2655; x_wconf 68' lang='grc' dir='ltr'>ὅ(</span> <span class='ocrx_word' id='word_1_396' title='bbox 484 2623 612 2662; x_wconf 77' lang='lat' dir='ltr'>singulis,</span> <span class='ocrx_word' id='word_1_397' title='bbox 636 2624 811 2661; x_wconf 85' lang='lat' dir='ltr'>Senescallis,</span> <span class='ocrx_word' id='word_1_398' title='bbox 832 2624 1072 2664; x_wconf 88' lang='lat' dir='ltr'>Vicecomitibus,</span> <span class='ocrx_word' id='word_1_399' title='bbox 1097 2626 1196 2666; x_wconf 77' lang='lat' dir='ltr'>Maio-</span> 
     </span>
    </p>

    <p class='ocr_par' dir='ltr' id='par_1_30' title="bbox 134 2662 1197 2814">
     <span class='ocr_line' id='line_1_62' title="bbox 207 2662 1197 2703; baseline 0.003 -10"><span class='ocrx_word' id='word_1_400' title='bbox 207 2664 296 2700; x_wconf 81' lang='lat' dir='ltr'>ribus,</span> <span class='ocrx_word' id='word_1_401' title='bbox 312 2662 429 2701; x_wconf 79' lang='lat' dir='ltr'>Juratis,</span> <span class='ocrx_word' id='word_1_402' title='bbox 448 2662 619 2693; x_wconf 84' lang='lat' dir='ltr'>Consulibus</span> <span class='ocrx_word' id='word_1_403' title='bbox 633 2685 642 2697; x_wconf 78' lang='lat'>,</span> <span class='ocrx_word' id='word_1_404' title='bbox 663 2662 914 2700; x_wconf 78' lang='lat' dir='ltr'>Univerfitatibus‚</span> <span class='ocrx_word' id='word_1_405' title='bbox 931 2663 1082 2703; x_wconf 73' lang='lat' dir='ltr'>Colleoiis,</span> <span class='ocrx_word' id='word_1_406' title='bbox 1102 2665 1197 2696; x_wconf 90' lang='lat' dir='ltr'>Com-</span> 
     </span>
     <span class='ocr_line' id='line_1_63' title="bbox 136 2688 1196 2741; baseline 0.006 -12"><span class='ocrx_word' id='word_1_407' title='bbox 136 2701 331 2737; x_wconf 80' lang='lat' dir='ltr'>munitatibus,</span> <span class='ocrx_word' id='word_1_408' title='bbox 350 2701 585 2738; x_wconf 82' lang='lat' dir='ltr'>Constabulariis,</span> <span class='ocrx_word' id='word_1_409' title='bbox 613 2699 775 2731; x_wconf 83' lang='lat' dir='ltr'>Castellanis</span> <span class='ocrx_word' id='word_1_410' title='bbox 789 2724 799 2739; x_wconf 86' lang='lat'>,</span> <span class='ocrx_word' id='word_1_411' title='bbox 824 2701 997 2741; x_wconf 70' lang='lat' dir='ltr'>praepositis,</span> <span class='ocrx_word' id='word_1_412' title='bbox 1014 2688 1144 2741; x_wconf 35' lang='lat' dir='ltr'>ballivis,</span> <span class='ocrx_word' id='word_1_413' title='bbox 1162 2705 1196 2735; x_wconf 95' lang='lat'>&amp;</span> 
     </span>
     <span class='ocr_line' id='line_1_64' title="bbox 134 2739 1194 2781; baseline 0.007 -15"><span class='ocrx_word' id='word_1_414' title='bbox 134 2740 268 2769; x_wconf 83' lang='lat' dir='ltr'>omnibus</span> <span class='ocrx_word' id='word_1_415' title='bbox 283 2739 422 2769; x_wconf 85' lang='lat' dir='ltr'>Ministris</span> <span class='ocrx_word' id='word_1_416' title='bbox 434 2740 466 2770; x_wconf 65' lang='grc' dir='ltr'>ὃς</span> <span class='ocrx_word' id='word_1_417' title='bbox 481 2739 604 2770; x_wconf 84' lang='lat' dir='ltr'>fidelibus</span> <span class='ocrx_word' id='word_1_418' title='bbox 617 2739 683 2777; x_wconf 77' lang='lat' dir='ltr'>suis,</span> <span class='ocrx_word' id='word_1_419' title='bbox 703 2741 732 2770; x_wconf 89' lang='lat' dir='ltr'>in</span> <span class='ocrx_word' id='word_1_420' title='bbox 747 2740 827 2771; x_wconf 66' lang='lat' dir='ltr'>dieto</span> <span class='ocrx_word' id='word_1_421' title='bbox 843 2739 959 2772; x_wconf 85' lang='lat' dir='ltr'>Ducatu</span> <span class='ocrx_word' id='word_1_422' title='bbox 978 2741 1147 2781; x_wconf 85' lang='lat' dir='ltr'>constitutis,</span> <span class='ocrx_word' id='word_1_423' title='bbox 1160 2743 1194 2773; x_wconf 90' lang='lat' dir='ltr'>ad</span> 
     </span>
     <span class='ocr_line' id='line_1_65' title="bbox 136 2777 432 2814; baseline 0 -8"><span class='ocrx_word' id='word_1_424' title='bbox 136 2778 282 2814; x_wconf 85' lang='lat' dir='ltr'>quos,&amp;c.</span> <span class='ocrx_word' id='word_1_425' title='bbox 302 2777 432 2808; x_wconf 80' lang='lat' dir='ltr'>Salutem.</span> 
     </span>
    </p>

    <p class='ocr_par' dir='ltr' id='par_1_31' title="bbox 134 2814 1199 2932">
     <span class='ocr_line' id='line_1_66' title="bbox 173 2814 1197 2858; baseline 0.006 -13"><span class='ocrx_word' id='word_1_426' title='bbox 173 2814 252 2845; x_wconf 82' lang='lat' dir='ltr'>Cum</span> <span class='ocrx_word' id='word_1_427' title='bbox 268 2815 416 2846; x_wconf 64' lang='lat' dir='ltr'>Traetatus</span> <span class='ocrx_word' id='word_1_428' title='bbox 437 2815 518 2846; x_wconf 87' lang='lat' dir='ltr'>Pacis</span> <span class='ocrx_word' id='word_1_429' title='bbox 567 2816 636 2846; x_wconf 87' lang='lat' dir='ltr'>inter</span> <span class='ocrx_word' id='word_1_430' title='bbox 658 2815 836 2847; x_wconf 79' lang='lat' dir='ltr'>Conffliarios</span> <span class='ocrx_word' id='word_1_431' title='bbox 854 2817 886 2847; x_wconf 75' lang='lat' dir='ltr'>Sc</span> <span class='ocrx_word' id='word_1_432' title='bbox 910 2816 1107 2850; x_wconf 83' lang='lat' dir='ltr'>Procuratores</span> <span class='ocrx_word' id='word_1_433' title='bbox 1121 2843 1132 2858; x_wconf 85' lang='lat'>,</span> <span class='ocrx_word' id='word_1_434' title='bbox 1149 2830 1197 2851; x_wconf 81' lang='lat' dir='ltr'>ex·</span> 
     </span>
     <span class='ocr_line' id='line_1_67' title="bbox 134 2839 1199 2898; baseline 0.007 -15"><span class='ocrx_word' id='word_1_435' title='bbox 134 2852 322 2884; x_wconf 83' lang='lat' dir='ltr'>cellentiffimi</span> <span class='ocrx_word' id='word_1_436' title='bbox 344 2853 481 2894; x_wconf 70' lang='lat' dir='ltr'>Principis</span> <span class='ocrx_word' id='word_1_437' title='bbox 496 2877 505 2892; x_wconf 88' lang='lat'>,</span> <span class='ocrx_word' id='word_1_438' title='bbox 530 2839 652 2883; x_wconf 69' lang='lat' dir='ltr'>bomini</span> <span class='ocrx_word' id='word_1_439' title='bbox 672 2853 767 2885; x_wconf 88' lang='lat' dir='ltr'>Karoli</span> <span class='ocrx_word' id='word_1_440' title='bbox 781 2877 790 2892; x_wconf 86' lang='lat'>,</span> <span class='ocrx_word' id='word_1_441' title='bbox 818 2855 904 2894; x_wconf 87' lang='lat' dir='ltr'>Regis</span> <span class='ocrx_word' id='word_1_442' title='bbox 924 2856 948 2885; x_wconf 90' lang='lat' dir='ltr'>F</span> <span class='ocrx_word' id='word_1_443' title='bbox 950 2858 1051 2888; x_wconf 84' lang='lat' dir='ltr'>ranciae</span> <span class='ocrx_word' id='word_1_444' title='bbox 1071 2858 1199 2898; x_wconf 82' lang='lat' dir='ltr'>illustris,</span> 
     </span>
     <span class='ocr_line' id='line_1_68' title="bbox 141 2891 1020 2932; baseline 0.003 -13"><span class='ocrx_word' id='word_1_445' title='bbox 141 2891 287 2923; x_wconf 84' lang='lat' dir='ltr'>Avunculi</span> <span class='ocrx_word' id='word_1_446' title='bbox 299 2891 401 2929; x_wconf 76' lang='lat' dir='ltr'>nostri,</span> <span class='ocrx_word' id='word_1_447' title='bbox 414 2891 473 2926; x_wconf 53' lang='grc' dir='ltr'>ὥς.</span> <span class='ocrx_word' id='word_1_448' title='bbox 484 2892 659 2930; x_wconf 75' lang='lat' dir='ltr'>proutsicpra</span> <span class='ocrx_word' id='word_1_449' title='bbox 676 2891 753 2932; x_wconf 72' lang='lat' dir='ltr'>usque</span> <span class='ocrx_word' id='word_1_450' title='bbox 767 2893 822 2922; x_wconf 84' lang='lat' dir='ltr'>haec</span> <span class='ocrx_word' id='word_1_451' title='bbox 834 2893 939 2931; x_wconf 67' lang='lat' dir='ltr'>verba,</span> <span class='ocrx_word' id='word_1_452' title='bbox 957 2899 1020 2925; x_wconf 81' lang='lat' dir='ltr'>viz.</span> 
     </span>
    </p>

    <p class='ocr_par' dir='ltr' id='par_1_32' title="bbox 135 2929 1198 3084">
     <span class='ocr_line' id='line_1_69' title="bbox 172 2929 1195 2975; baseline 0.007 -16"><span class='ocrx_word' id='word_1_453' title='bbox 172 2929 263 2960; x_wconf 87' lang='lat' dir='ltr'>Vobis</span> <span class='ocrx_word' id='word_1_454' title='bbox 278 2930 455 2967; x_wconf 80' lang='lat' dir='ltr'>mandamus,</span> <span class='ocrx_word' id='word_1_455' title='bbox 476 2929 555 2968; x_wconf 81' lang='lat' dir='ltr'>quod</span> <span class='ocrx_word' id='word_1_456' title='bbox 566 2930 719 2961; x_wconf 80' lang='lat' dir='ltr'>Senescallo</span> <span class='ocrx_word' id='word_1_457' title='bbox 735 2931 832 2962; x_wconf 88' lang='lat' dir='ltr'>nostro</span> <span class='ocrx_word' id='word_1_458' title='bbox 847 2931 974 2963; x_wconf 74' lang='lat' dir='ltr'>Ducatsis</span> <span class='ocrx_word' id='word_1_459' title='bbox 994 2934 1133 2974; x_wconf 62' lang='lat' dir='ltr'>praedicti,</span> <span class='ocrx_word' id='word_1_460' title='bbox 1148 2938 1195 2975; x_wconf 89' lang='lat' dir='ltr'>qui</span> 
     </span>
     <span class='ocr_line' id='line_1_70' title="bbox 135 2968 1197 3008; baseline 0.007 -10"><span class='ocrx_word' id='word_1_461' title='bbox 135 2978 214 2998; x_wconf 89' lang='lat' dir='ltr'>nunc</span> <span class='ocrx_word' id='word_1_462' title='bbox 230 2969 287 3006; x_wconf 88' lang='lat' dir='ltr'>est,</span> <span class='ocrx_word' id='word_1_463' title='bbox 307 2969 350 2998; x_wconf 89' lang='lat' dir='ltr'>vel</span> <span class='ocrx_word' id='word_1_464' title='bbox 366 2970 413 3006; x_wconf 91' lang='lat' dir='ltr'>qui</span> <span class='ocrx_word' id='word_1_465' title='bbox 426 2978 479 3007; x_wconf 90' lang='lat' dir='ltr'>pro</span> <span class='ocrx_word' id='word_1_466' title='bbox 493 2977 620 3007; x_wconf 88' lang='lat' dir='ltr'>tempore</span> <span class='ocrx_word' id='word_1_467' title='bbox 636 2968 717 2999; x_wconf 87' lang='lat' dir='ltr'>fuerit</span> <span class='ocrx_word' id='word_1_468' title='bbox 732 2993 742 3008; x_wconf 90' lang='lat'>,</span> <span class='ocrx_word' id='word_1_469' title='bbox 770 2971 798 2999; x_wconf 93' lang='lat' dir='ltr'>in</span> <span class='ocrx_word' id='word_1_470' title='bbox 819 2973 984 3002; x_wconf 85' lang='lat' dir='ltr'>executione</span> <span class='ocrx_word' id='word_1_471' title='bbox 1002 2973 1197 3005; x_wconf 88' lang='lat' dir='ltr'>Articulorum</span> 
     </span>
     <span class='ocr_line' id='line_1_71' title="bbox 136 3006 1198 3048; baseline 0.008 -13"><span class='ocrx_word' id='word_1_472' title='bbox 136 3007 166 3036; x_wconf 90' lang='lat' dir='ltr'>in</span> <span class='ocrx_word' id='word_1_473' title='bbox 181 3006 317 3036; x_wconf 68' lang='lat' dir='ltr'>Traetatu</span> <span class='ocrx_word' id='word_1_474' title='bbox 333 3007 470 3044; x_wconf 66' lang='lat' dir='ltr'>praedicto</span> <span class='ocrx_word' id='word_1_475' title='bbox 489 3007 584 3044; x_wconf 89' lang='lat' dir='ltr'>(cujus</span> <span class='ocrx_word' id='word_1_476' title='bbox 606 3015 686 3037; x_wconf 84' lang='lat' dir='ltr'>tenor</span> <span class='ocrx_word' id='word_1_477' title='bbox 710 3008 823 3038; x_wconf 83' lang='lat' dir='ltr'>inferius</span> <span class='ocrx_word' id='word_1_478' title='bbox 841 3011 1017 3048; x_wconf 84' lang='lat' dir='ltr'>continetur)</span> <span class='ocrx_word' id='word_1_479' title='bbox 1045 3021 1198 3044; x_wconf 88' lang='lat' dir='ltr'>contento-</span> 
     </span>
     <span class='ocr_line' id='line_1_72' title="bbox 137 3043 563 3084; baseline -0.002 -9"><span class='ocrx_word' id='word_1_480' title='bbox 137 3054 202 3075; x_wconf 85' lang='lat' dir='ltr'>rum</span> <span class='ocrx_word' id='word_1_481' title='bbox 211 3067 220 3084; x_wconf 80' lang='lat'>,</span> <span class='ocrx_word' id='word_1_482' title='bbox 239 3046 352 3084; x_wconf 83' lang='lat' dir='ltr'>pareatis</span> <span class='ocrx_word' id='word_1_483' title='bbox 364 3046 397 3076; x_wconf 92' lang='lat'>&amp;</span> <span class='ocrx_word' id='word_1_484' title='bbox 411 3043 563 3075; x_wconf 88' lang='lat' dir='ltr'>intendatis.</span> 
     </span>
    </p>

    <p class='ocr_par' dir='ltr' id='par_1_33' title="bbox 139 3081 1197 3152">
     <span class='ocr_line' id='line_1_73' title="bbox 176 3081 1197 3121; baseline 0.007 -9"><span class='ocrx_word' id='word_1_485' title='bbox 176 3081 207 3113; x_wconf 84' lang='lat' dir='ltr'>ln</span> <span class='ocrx_word' id='word_1_486' title='bbox 221 3085 298 3121; x_wconf 86' lang='lat' dir='ltr'>cujus</span> <span class='ocrx_word' id='word_1_487' title='bbox 310 3084 350 3113; x_wconf 89' lang='lat' dir='ltr'>rei</span> <span class='ocrx_word' id='word_1_488' title='bbox 364 3082 577 3114; x_wconf 88' lang='lat' dir='ltr'>Testimonium</span> <span class='ocrx_word' id='word_1_489' title='bbox 597 3082 645 3114; x_wconf 85' lang='lat' dir='ltr'>has</span> <span class='ocrx_word' id='word_1_490' title='bbox 667 3082 773 3113; x_wconf 80' lang='lat' dir='ltr'>Litcms</span> <span class='ocrx_word' id='word_1_491' title='bbox 794 3084 899 3115; x_wconf 82' lang='lat' dir='ltr'>nostras</span> <span class='ocrx_word' id='word_1_492' title='bbox 925 3086 983 3117; x_wconf 85' lang='lat' dir='ltr'>fieri</span> <span class='ocrx_word' id='word_1_493' title='bbox 1003 3086 1123 3119; x_wconf 87' lang='lat' dir='ltr'>fecimus</span> <span class='ocrx_word' id='word_1_494' title='bbox 1144 3088 1197 3120; x_wconf 81' lang='lat' dir='ltr'>Pa-</span> 
     </span>
     <span class='ocr_line' id='line_1_74' title="bbox 139 3128 235 3152; baseline -0.021 0"><span class='ocrx_word' id='word_1_495' title='bbox 139 3128 235 3152; x_wconf 82' lang='lat' dir='ltr'>tentes.</span> 
     </span>
    </p>

    <p class='ocr_par' dir='ltr' id='par_1_34' title="bbox 141 3158 1199 3227">
     <span class='ocr_line' id='line_1_75' title="bbox 183 3158 1199 3204; baseline 0.008 -16"><span class='ocrx_word' id='word_1_496' title='bbox 183 3158 253 3190; x_wconf 83' lang='lat' dir='ltr'>Dat.</span> <span class='ocrx_word' id='word_1_497' title='bbox 275 3160 348 3199; x_wconf 85' lang='lat' dir='ltr'>apud</span> <span class='ocrx_word' id='word_1_498' title='bbox 364 3160 512 3198; x_wconf 77' lang='lat' dir='ltr'>Eborum,</span> <span class='ocrx_word' id='word_1_499' title='bbox 531 3160 625 3199; x_wconf 85' lang='lat' dir='ltr'>primo</span> <span class='ocrx_word' id='word_1_500' title='bbox 639 3159 684 3190; x_wconf 91' lang='lat' dir='ltr'>die</span> <span class='ocrx_word' id='word_1_501' title='bbox 698 3159 777 3198; x_wconf 86' lang='lat' dir='ltr'>Junii</span> <span class='ocrx_word' id='word_1_502' title='bbox 789 3183 799 3199; x_wconf 83' lang='lat'>,</span> <span class='ocrx_word' id='word_1_503' title='bbox 812 3160 899 3192; x_wconf 85' lang='lat' dir='ltr'>Anno</span> <span class='ocrx_word' id='word_1_504' title='bbox 920 3162 1014 3203; x_wconf 85' lang='lat' dir='ltr'>Regni</span> <span class='ocrx_word' id='word_1_505' title='bbox 1034 3163 1122 3196; x_wconf 85' lang='lat' dir='ltr'>nostri</span> <span class='ocrx_word' id='word_1_506' title='bbox 1144 3167 1199 3204; x_wconf 87' lang='lat' dir='ltr'>pri-</span> 
     </span>
     <span class='ocr_line' id='line_1_76' title="bbox 141 3205 200 3227; baseline -0.017 0"><span class='ocrx_word' id='word_1_507' title='bbox 141 3205 200 3227; x_wconf 85' lang='lat' dir='ltr'>mo.</span> 
     </span>
    </p>
   </div>
   <div class='ocr_carea' id='block_1_24' title="bbox 344 3274 997 3316">
    <p class='ocr_par' dir='ltr' id='par_1_35' title="bbox 344 3274 997 3316">
     <span class='ocr_line' id='line_1_77' title="bbox 344 3274 997 3316; baseline 0.003 -11"><span class='ocrx_word' id='word_1_508' title='bbox 344 3274 445 3305; x_wconf 88' lang='lat' dir='ltr'>Tenor</span> <span class='ocrx_word' id='word_1_509' title='bbox 458 3283 552 3306; x_wconf 90' lang='lat' dir='ltr'>autern</span> <span class='ocrx_word' id='word_1_510' title='bbox 568 3275 719 3307; x_wconf 58' lang='lat' dir='ltr'>Tradimus</span> <span class='ocrx_word' id='word_1_511' title='bbox 734 3275 861 3316; x_wconf 60' lang='lat' dir='ltr'>praedicti</span> <span class='ocrx_word' id='word_1_512' title='bbox 877 3277 934 3308; x_wconf 85' lang='lat' dir='ltr'>talis</span> <span class='ocrx_word' id='word_1_513' title='bbox 948 3277 997 3308; x_wconf 85' lang='lat' dir='ltr'>est.</span> 
     </span>
    </p>
   </div>
   <div class='ocr_carea' id='block_1_25' title="bbox 139 3350 1203 3427">
    <p class='ocr_par' dir='ltr' id='par_1_36' title="bbox 139 3350 1203 3427">
     <span class='ocr_line' id='line_1_78' title="bbox 139 3350 1203 3427; baseline 0.006 -47"><span class='ocrx_word' id='word_1_514' title='bbox 139 3350 303 3427; x_wconf 58' lang='lat' dir='ltr'>ffipEdward</span> <span class='ocrx_word' id='word_1_515' title='bbox 322 3361 369 3390; x_wconf 84' lang='lat' dir='ltr'>par</span> <span class='ocrx_word' id='word_1_516' title='bbox 393 3351 417 3382; x_wconf 83' lang='lat' dir='ltr'>la</span> <span class='ocrx_word' id='word_1_517' title='bbox 438 3361 519 3392; x_wconf 86' lang='lat' dir='ltr'>grace</span> <span class='ocrx_word' id='word_1_518' title='bbox 540 3352 576 3382; x_wconf 88' lang='lat' dir='ltr'>de</span> <span class='ocrx_word' id='word_1_519' title='bbox 599 3352 677 3384; x_wconf 88' lang='lat' dir='ltr'>Dieu</span> <span class='ocrx_word' id='word_1_520' title='bbox 692 3375 702 3392; x_wconf 89' lang='lat'>,</span> <span class='ocrx_word' id='word_1_521' title='bbox 736 3351 797 3383; x_wconf 91' lang='lat' dir='ltr'>Roi</span> <span class='ocrx_word' id='word_1_522' title='bbox 819 3353 1010 3393; x_wconf 87' lang='lat' dir='ltr'>d’Engleterre</span> <span class='ocrx_word' id='word_1_523' title='bbox 1037 3354 1097 3390; x_wconf 61' lang='grc' dir='ltr'>ὠς.</span> <span class='ocrx_word' id='word_1_524' title='bbox 1120 3363 1203 3396; x_wconf 79' lang='lat' dir='ltr'>prout</span> 
     </span>
     <span class='ocr_line' id='line_1_79' title="bbox 190 3401 231 3421; baseline 0.073 -3"><span class='ocrx_word' id='word_1_525' title='bbox 190 3401 231 3421; x_wconf 69' lang='lat' dir='ltr'>ra.</span> 
     </span>
    </p>
   </div>
   <div class='ocr_carea' id='block_1_26' title="bbox 215 3527 1135 3575">
    <p class='ocr_par' dir='ltr' id='par_1_37' title="bbox 215 3527 1135 3575">
     <span class='ocr_line' id='line_1_80' title="bbox 215 3527 1135 3575; baseline 0.009 -16"><span class='ocrx_word' id='word_1_526' title='bbox 215 3528 265 3560; x_wconf 82' lang='lat' dir='ltr'>De</span> <span class='ocrx_word' id='word_1_527' title='bbox 281 3527 441 3562; x_wconf 70' lang='lat' dir='ltr'>fidelitate</span> <span class='ocrx_word' id='word_1_528' title='bbox 460 3527 617 3575; x_wconf 69' lang='lat' dir='ltr'>Abbatiffie</span> <span class='ocrx_word' id='word_1_529' title='bbox 636 3533 745 3564; x_wconf 64' lang='lat' dir='ltr'>SanHae</span> <span class='ocrx_word' id='word_1_530' title='bbox 764 3534 924 3566; x_wconf 71' lang='lat' dir='ltr'>&#39;Trinitatis</span> <span class='ocrx_word' id='word_1_531' title='bbox 943 3533 978 3566; x_wconf 86' lang='lat' dir='ltr'>de</span> <span class='ocrx_word' id='word_1_532' title='bbox 997 3534 1135 3569; x_wconf 73' lang='lat' dir='ltr'>Cadomo.</span> 
     </span>
    </p>
   </div>
   <div class='ocr_carea' id='block_1_27' title="bbox 76 3609 1210 3963">
    <p class='ocr_par' dir='ltr' id='par_1_38' title="bbox 114 3609 1204 3730">
     <span class='ocr_line' id='line_1_81' title="bbox 131 3609 1204 3677; baseline 0.009 -38"><span class='ocrx_word' id='word_1_533' title='bbox 131 3646 140 3654; x_wconf 55' lang='grc'><em>·</em></span> <span class='ocrx_word' id='word_1_534' title='bbox 155 3609 276 3677; x_wconf 47' lang='grc' dir='ltr'>ΚΡῖὶΧ</span> <span class='ocrx_word' id='word_1_535' title='bbox 291 3635 299 3655; x_wconf 74' lang='lat'>,</span> <span class='ocrx_word' id='word_1_536' title='bbox 317 3612 423 3643; x_wconf 59' lang='lat' dir='ltr'>dilecto</span> <span class='ocrx_word' id='word_1_537' title='bbox 446 3614 480 3644; x_wconf 86' lang='lat'><strong>&amp;</strong></span> <span class='ocrx_word' id='word_1_538' title='bbox 503 3615 576 3662; x_wconf 58' lang='lat' dir='ltr'>fideli</span> <span class='ocrx_word' id='word_1_539' title='bbox 609 3617 659 3647; x_wconf 86' lang='lat' dir='ltr'>suo</span> <span class='ocrx_word' id='word_1_540' title='bbox 674 3641 682 3654; x_wconf 80' lang='lat'>‚</span> <span class='ocrx_word' id='word_1_541' title='bbox 720 3617 833 3648; x_wconf 89' lang='lat' dir='ltr'>Ottono</span> <span class='ocrx_word' id='word_1_542' title='bbox 856 3617 890 3648; x_wconf 91' lang='lat' dir='ltr'>de</span> <span class='ocrx_word' id='word_1_543' title='bbox 915 3617 1095 3649; x_wconf 87' lang='lat' dir='ltr'>Grandisono</span> <span class='ocrx_word' id='word_1_544' title='bbox 1109 3643 1118 3658; x_wconf 83' lang='lat'>,</span> <span class='ocrx_word' id='word_1_545' title='bbox 1144 3619 1204 3650; x_wconf 89' lang='lat' dir='ltr'>Cu-</span> 
     </span>
     <span class='ocr_line' id='line_1_82' title="bbox 114 3649 1204 3697; baseline 0.012 -21"><span class='ocrx_word' id='word_1_546' title='bbox 114 3685 121 3690; x_wconf 44' lang='lat'><strong>.</strong></span> <span class='ocrx_word' id='word_1_547' title='bbox 233 3650 299 3690; x_wconf 28' lang='lat' dir='ltr'>*odi</span> <span class='ocrx_word' id='word_1_548' title='bbox 313 3649 460 3681; x_wconf 75' lang='lat' dir='ltr'>insularum</span> <span class='ocrx_word' id='word_1_549' title='bbox 475 3653 712 3697; x_wconf 47' lang='lat' dir='ltr'>desterneseye,</span> <span class='ocrx_word' id='word_1_550' title='bbox 732 3656 858 3696; x_wconf 87' lang='lat' dir='ltr'>Jerseye,</span> <span class='ocrx_word' id='word_1_551' title='bbox 877 3656 962 3695; x_wconf 84' lang='lat' dir='ltr'>Serk,</span> <span class='ocrx_word' id='word_1_552' title='bbox 986 3658 1019 3687; x_wconf 68' lang='grc' dir='ltr'>ὃ(</span> <span class='ocrx_word' id='word_1_553' title='bbox 1040 3657 1204 3697; x_wconf 83' lang='lat' dir='ltr'>Aureneye,</span> 
     </span>
     <span class='ocr_line' id='line_1_83' title="bbox 158 3682 691 3730; baseline 0.021 -19"><span class='ocrx_word' id='word_1_554' title='bbox 158 3682 200 3712; x_wconf 90' lang='lat' dir='ltr'>vel</span> <span class='ocrx_word' id='word_1_555' title='bbox 214 3694 276 3728; x_wconf 56' lang='lat' dir='ltr'>elus⁴</span> <span class='ocrx_word' id='word_1_556' title='bbox 291 3687 405 3719; x_wconf 89' lang='lat' dir='ltr'>Locum</span> <span class='ocrx_word' id='word_1_557' title='bbox 418 3699 540 3730; x_wconf 82' lang='lat' dir='ltr'>tenenti,</span> <span class='ocrx_word' id='word_1_558' title='bbox 558 3693 691 3724; x_wconf 84' lang='lat' dir='ltr'>Salutem.</span> 
     </span>
    </p>

    <p class='ocr_par' dir='ltr' id='par_1_39' title="bbox 195 3721 1206 3773">
     <span class='ocr_line' id='line_1_84' title="bbox 195 3721 1206 3773; baseline 0.014 -22"><span class='ocrx_word' id='word_1_559' title='bbox 195 3721 290 3753; x_wconf 75' lang='lat' dir='ltr'>Sclatls</span> <span class='ocrx_word' id='word_1_560' title='bbox 303 3727 384 3769; x_wconf 61' lang='lat' dir='ltr'>qued¹</span> <span class='ocrx_word' id='word_1_561' title='bbox 394 3729 519 3770; x_wconf 78' lang='lat' dir='ltr'>cepimus</span> <span class='ocrx_word' id='word_1_562' title='bbox 535 3730 557 3759; x_wconf 91' lang='lat' dir='ltr'>F</span> <span class='ocrx_word' id='word_1_563' title='bbox 559 3731 723 3770; x_wconf 80' lang='lat' dir='ltr'>idelitatem,</span> <span class='ocrx_word' id='word_1_564' title='bbox 741 3732 852 3763; x_wconf 61' lang='lat' dir='ltr'>dileetae</span> <span class='ocrx_word' id='word_1_565' title='bbox 866 3734 947 3764; x_wconf 89' lang='lat' dir='ltr'>nobis</span> <span class='ocrx_word' id='word_1_566' title='bbox 960 3735 989 3763; x_wconf 91' lang='lat' dir='ltr'>in</span> <span class='ocrx_word' id='word_1_567' title='bbox 1003 3732 1206 3773; x_wconf 81' lang='lat' dir='ltr'>Christ0‚Ni-</span> 
     </span>
    </p>

    <p class='ocr_par' dir='ltr' id='par_1_40' title="bbox 76 3758 1210 3963">
     <span class='ocr_line' id='line_1_85' title="bbox 93 3758 1207 3830; baseline 0.014 -43"><span class='ocrx_word' id='word_1_568' title='bbox 93 3799 97 3804; x_wconf 94' lang='lat'>.</span> <span class='ocrx_word' id='word_1_569' title='bbox 118 3787 139 3804; x_wconf 40' lang='grc' dir='ltr'>ι.</span> <span class='ocrx_word' id='word_1_570' title='bbox 156 3758 434 3830; x_wconf 38' lang='grc' dir='ltr'>ἓὶἐοὲζῖιῖήᾼὺὸζῦαμῑιῖκ</span> <span class='ocrx_word' id='word_1_571' title='bbox 447 3767 547 3811; x_wconf 59' lang='grc' dir='ltr'>ίαηέὶιξε</span> <span class='ocrx_word' id='word_1_572' title='bbox 563 3769 709 3825; x_wconf 76' lang='lat' dir='ltr'>Trinitatis</span> <span class='ocrx_word' id='word_1_573' title='bbox 724 3771 760 3800; x_wconf 89' lang='lat' dir='ltr'>de</span> <span class='ocrx_word' id='word_1_574' title='bbox 774 3771 909 3815; x_wconf 75' lang='lat' dir='ltr'>Cadomo</span> <span class='ocrx_word' id='word_1_575' title='bbox 922 3795 931 3810; x_wconf 86' lang='lat'>,</span> <span class='ocrx_word' id='word_1_576' title='bbox 956 3773 984 3802; x_wconf 90' lang='lat' dir='ltr'>in</span> <span class='ocrx_word' id='word_1_577' title='bbox 1006 3772 1207 3826; x_wconf 53' lang='grc' dir='ltr'>Νοτψηῃίᾆ,</span> 
     </span>
     <span class='ocr_line' id='line_1_86' title="bbox 76 3809 1207 3880; baseline 0.016 -16"><span class='ocrx_word' id='word_1_578' title='bbox 76 3837 82 3842; x_wconf 79' lang='grc'><strong>”</strong></span> <span class='ocrx_word' id='word_1_579' title='bbox 157 3836 189 3865; x_wconf 90' lang='lat'>&amp;</span> <span class='ocrx_word' id='word_1_580' title='bbox 204 3845 280 3872; x_wconf 81' lang='lat' dir='ltr'>quae,</span> <span class='ocrx_word' id='word_1_581' title='bbox 291 3811 566 3874; x_wconf 52' lang='lat' dir='ltr'>boccafigli{mneirdtrltsis</span> <span class='ocrx_word' id='word_1_582' title='bbox 584 3809 697 3876; x_wconf 43' lang='lat' dir='ltr'>3311?OEss</span> <span class='ocrx_word' id='word_1_583' title='bbox 710 3810 1207 3880; x_wconf 42' lang='grc' dir='ltr'>Ἑξέιῑίἰῖἒὲῖ113650(ιὲἔέῒὶχάιᾶιῆ</span> 
     </span>
     <span class='ocr_line' id='line_1_87' title="bbox 102 3858 1207 3918; baseline 0.015 -16"><span class='ocrx_word' id='word_1_584' title='bbox 102 3910 109 3917; x_wconf 29' lang='grc' dir='ltr'><strong><em>ἡ</em></strong></span> <span class='ocrx_word' id='word_1_585' title='bbox 159 3873 220 3904; x_wconf 83' lang='lat' dir='ltr'>sunt</span> <span class='ocrx_word' id='word_1_586' title='bbox 238 3875 266 3916; x_wconf 63' lang='lat' dir='ltr'>ir}</span> <span class='ocrx_word' id='word_1_587' title='bbox 280 3883 394 3904; x_wconf 80' lang='lat' dir='ltr'>manum</span> <span class='ocrx_word' id='word_1_588' title='bbox 409 3878 547 3918; x_wconf 82' lang='lat' dir='ltr'>nostram,</span> <span class='ocrx_word' id='word_1_589' title='bbox 564 3884 596 3912; x_wconf 69' lang='grc' dir='ltr'>ὃς</span> <span class='ocrx_word' id='word_1_590' title='bbox 615 3884 657 3914; x_wconf 84' lang='lat' dir='ltr'>illa</span> <span class='ocrx_word' id='word_1_591' title='bbox 672 3886 697 3914; x_wconf 86' lang='lat' dir='ltr'>ei</span> <span class='ocrx_word' id='word_1_592' title='bbox 711 3886 884 3916; x_wconf 88' lang='lat' dir='ltr'>reddidimus.</span> <span class='ocrx_word' id='word_1_593' title='bbox 964 3859 996 3887; x_wconf 66' lang='lat' dir='ltr'>pr</span> <span class='ocrx_word' id='word_1_594' title='bbox 1044 3859 1050 3878; x_wconf 55' lang='grc' dir='ltr'>ι</span> <span class='ocrx_word' id='word_1_595' title='bbox 1082 3859 1107 3888; x_wconf 82' lang='lat'>1,</span> <span class='ocrx_word' id='word_1_596' title='bbox 1129 3858 1207 3888; x_wconf 53' lang='grc' dir='ltr'>σᾶμα</span> 
     </span>
     <span class='ocr_line' id='line_1_88' title="bbox 199 3910 1210 3963; baseline 0.014 -23"><span class='ocrx_word' id='word_1_597' title='bbox 199 3910 235 3941; x_wconf 87' lang='lat' dir='ltr'>Et</span> <span class='ocrx_word' id='word_1_598' title='bbox 253 3912 318 3941; x_wconf 75' lang='lat' dir='ltr'>ideo</span> <span class='ocrx_word' id='word_1_599' title='bbox 333 3914 411 3943; x_wconf 90' lang='lat' dir='ltr'>vobis</span> <span class='ocrx_word' id='word_1_600' title='bbox 427 3919 605 3958; x_wconf 74' lang='lat' dir='ltr'>mandamus,</span> <span class='ocrx_word' id='word_1_601' title='bbox 623 3922 702 3958; x_wconf 79' lang='lat' dir='ltr'>quod</span> <span class='ocrx_word' id='word_1_602' title='bbox 717 3924 807 3953; x_wconf 91' lang='lat' dir='ltr'>eidem</span> <span class='ocrx_word' id='word_1_603' title='bbox 822 3925 991 3962; x_wconf 71' lang='lat' dir='ltr'>Abbatiffie,</span> <span class='ocrx_word' id='word_1_604' title='bbox 1009 3925 1053 3956; x_wconf 90' lang='lat' dir='ltr'>vel</span> <span class='ocrx_word' id='word_1_605' title='bbox 1067 3926 1124 3963; x_wconf 84' lang='lat' dir='ltr'>ejus</span> <span class='ocrx_word' id='word_1_606' title='bbox 1139 3924 1210 3955; x_wconf 86' lang='lat' dir='ltr'>Pro-</span> 
     </span>
    </p>
   </div>
   <div class='ocr_carea' id='block_1_28' title="bbox 158 3950 1208 4004">
    <p class='ocr_par' dir='ltr' id='par_1_41' title="bbox 158 3950 1208 4004">
     <span class='ocr_line' id='line_1_89' title="bbox 158 3950 1208 4004; baseline 0.015 -26"><span class='ocrx_word' id='word_1_607' title='bbox 158 3951 292 3986; x_wconf 69' lang='lat' dir='ltr'>curatori‚</span> <span class='ocrx_word' id='word_1_608' title='bbox 310 3950 354 3980; x_wconf 81' lang='lat' dir='ltr'>seu</span> <span class='ocrx_word' id='word_1_609' title='bbox 370 3951 516 3984; x_wconf 77' lang='lat' dir='ltr'>Attornato</span> <span class='ocrx_word' id='word_1_610' title='bbox 528 3958 555 3985; x_wconf 93' lang='lat' dir='ltr'>in</span> <span class='ocrx_word' id='word_1_611' title='bbox 570 3959 621 3988; x_wconf 83' lang='lat' dir='ltr'>hac</span> <span class='ocrx_word' id='word_1_612' title='bbox 637 3969 722 3997; x_wconf 84' lang='lat' dir='ltr'>parte,</span> <span class='ocrx_word' id='word_1_613' title='bbox 741 3962 840 3991; x_wconf 85' lang='lat' dir='ltr'>Terras</span> <span class='ocrx_word' id='word_1_614' title='bbox 860 3963 893 3993; x_wconf 67' lang='grc' dir='ltr'>ὃς</span> <span class='ocrx_word' id='word_1_615' title='bbox 912 3964 1088 3996; x_wconf 78' lang='lat' dir='ltr'>Tenementa</span> <span class='ocrx_word' id='word_1_616' title='bbox 1110 3963 1208 4004; x_wconf 82' lang='lat' dir='ltr'>praedi-</span> 
     </span>
    </p>
   </div>
   <div class='ocr_carea' id='block_1_29' title="bbox 159 3988 1001 4042">
    <p class='ocr_par' dir='ltr' id='par_1_42' title="bbox 159 3988 1001 4042">
     <span class='ocr_line' id='line_1_90' title="bbox 159 3988 1001 4042; baseline 0.019 -27"><span class='ocrx_word' id='word_1_617' title='bbox 159 3988 223 4042; x_wconf 43' lang='grc' dir='ltr'>ἑξεῖ,</span> <span class='ocrx_word' id='word_1_618' title='bbox 243 3998 309 4017; x_wconf 82' lang='lat' dir='ltr'>cum</span> <span class='ocrx_word' id='word_1_619' title='bbox 326 3990 510 4028; x_wconf 71' lang='lat' dir='ltr'>pertinentiis,</span> <span class='ocrx_word' id='word_1_620' title='bbox 528 3993 664 4033; x_wconf 84' lang='lat' dir='ltr'>liberetis,</span> <span class='ocrx_word' id='word_1_621' title='bbox 684 3999 758 4028; x_wconf 88' lang='lat' dir='ltr'>salvo</span> <span class='ocrx_word' id='word_1_622' title='bbox 768 4000 836 4037; x_wconf 69' lang='lat' dir='ltr'>jure</span> <span class='ocrx_word' id='word_1_623' title='bbox 849 4001 1001 4038; x_wconf 78' lang='lat' dir='ltr'>cujussibet.</span> 
     </span>
    </p>
   </div>
   <div class='ocr_carea' id='block_1_30' title="bbox 172 4025 877 4076">
    <p class='ocr_par' dir='ltr' id='par_1_43' title="bbox 172 4025 877 4076">
     <span class='ocr_line' id='line_1_91' title="bbox 172 4025 877 4076; baseline 0.02 -22"><span class='ocrx_word' id='word_1_624' title='bbox 172 4025 284 4073; x_wconf 45' lang='lat' dir='ltr'>pseste</span> <span class='ocrx_word' id='word_1_625' title='bbox 295 4025 376 4066; x_wconf 84' lang='lat' dir='ltr'>Rege</span> <span class='ocrx_word' id='word_1_626' title='bbox 388 4028 461 4065; x_wconf 78' lang='lat' dir='ltr'>apud</span> <span class='ocrx_word' id='word_1_627' title='bbox 476 4029 602 4062; x_wconf 82' lang='lat' dir='ltr'>Eborum</span> <span class='ocrx_word' id='word_1_628' title='bbox 611 4055 621 4071; x_wconf 87' lang='lat'>,</span> <span class='ocrx_word' id='word_1_629' title='bbox 638 4037 720 4066; x_wconf 81' lang='lat' dir='ltr'>tertio</span> <span class='ocrx_word' id='word_1_630' title='bbox 733 4037 778 4067; x_wconf 85' lang='lat' dir='ltr'>die</span> <span class='ocrx_word' id='word_1_631' title='bbox 788 4038 877 4076; x_wconf 85' lang='lat' dir='ltr'>Junii.</span> 
     </span>
    </p>
   </div>
   <div class='ocr_carea' id='block_1_31' title="bbox 1606 365 1861 410">
    <p class='ocr_par' dir='ltr' id='par_1_44' title="bbox 1606 365 1861 410">
     <span class='ocr_line' id='line_1_92' title="bbox 1606 365 1861 410; baseline -0.012 -10"><span class='ocrx_word' id='word_1_632' title='bbox 1606 365 1766 400; x_wconf 81' lang='lat' dir='ltr'>decollatus</span> <span class='ocrx_word' id='word_1_633' title='bbox 1781 365 1861 410; x_wconf 85' lang='lat' dir='ltr'>fuit.</span> 
     </span>
    </p>
   </div>
   <div class='ocr_carea' id='block_1_32' title="bbox 1223 445 2399 1377">
    <p class='ocr_par' dir='ltr' id='par_1_45' title="bbox 1223 445 2399 1377">
     <span class='ocr_line' id='line_1_93' title="bbox 1227 445 2396 507; baseline -0.007 -24"><span class='ocrx_word' id='word_1_634' title='bbox 1227 451 1359 507; x_wconf 80' lang='lat' dir='ltr'>REX</span> <span class='ocrx_word' id='word_1_635' title='bbox 1375 451 1599 492; x_wconf 85' lang='lat' dir='ltr'>Archiepiscopis</span> <span class='ocrx_word' id='word_1_636' title='bbox 1634 449 1795 492; x_wconf 81' lang='lat' dir='ltr'>Episcopis,</span> <span class='ocrx_word' id='word_1_637' title='bbox 1814 447 1992 493; x_wconf 64' lang='lat' dir='ltr'>Abbatibus,</span> <span class='ocrx_word' id='word_1_638' title='bbox 2006 447 2164 492; x_wconf 71' lang='lat' dir='ltr'>Prioribus,</span> <span class='ocrx_word' id='word_1_639' title='bbox 2181 445 2288 478; x_wconf 70' lang='lat' dir='ltr'>Comi·</span> <span class='ocrx_word' id='word_1_640' title='bbox 2306 449 2358 473; x_wconf 82' lang='lat' dir='ltr'>An.</span> <span class='ocrx_word' id='word_1_641' title='bbox 2370 452 2396 475; x_wconf 78' lang='lat'>1;</span> 
     </span>
     <span class='ocr_line' id='line_1_94' title="bbox 1237 474 2378 531; baseline -0.004 -10"><span class='ocrx_word' id='word_1_642' title='bbox 1237 526 1251 531; x_wconf 90' lang='lat'>..</span> <span class='ocrx_word' id='word_1_643' title='bbox 1304 491 1394 529; x_wconf 86' lang='lat' dir='ltr'>tibus,</span> <span class='ocrx_word' id='word_1_644' title='bbox 1413 490 1582 528; x_wconf 89' lang='lat' dir='ltr'>Baronibus‚</span> <span class='ocrx_word' id='word_1_645' title='bbox 1602 474 1847 526; x_wconf 47' lang='lat' dir='ltr'>vicecomitibus,</span> <span class='ocrx_word' id='word_1_646' title='bbox 1864 488 1899 518; x_wconf 88' lang='lat'>&amp;</span> <span class='ocrx_word' id='word_1_647' title='bbox 1911 487 2048 518; x_wconf 86' lang='lat' dir='ltr'>ommbus</span> <span class='ocrx_word' id='word_1_648' title='bbox 2062 485 2193 524; x_wconf 77' lang='lat' dir='ltr'>Ballivis,</span> <span class='ocrx_word' id='word_1_649' title='bbox 2211 495 2245 517; x_wconf 90' lang='lat' dir='ltr'>ac</span> <span class='ocrx_word' id='word_1_650' title='bbox 2257 495 2287 517; x_wconf 83' lang='lat' dir='ltr'>a-</span> <span class='ocrx_word' id='word_1_651' title='bbox 2303 487 2334 511; x_wconf 69' lang='lat' dir='ltr'>R</span> <span class='ocrx_word' id='word_1_652' title='bbox 2352 493 2378 520; x_wconf 86' lang='lat'>3·</span> 
     </span>
     <span class='ocr_line' id='line_1_95' title="bbox 1223 525 2397 569; baseline 0 -13"><span class='ocrx_word' id='word_1_653' title='bbox 1223 525 1266 556; x_wconf 85' lang='lat' dir='ltr'>lus</span> <span class='ocrx_word' id='word_1_654' title='bbox 1278 527 1385 559; x_wconf 86' lang='lat' dir='ltr'>Christi</span> <span class='ocrx_word' id='word_1_655' title='bbox 1400 528 1584 567; x_wconf 84' lang='lat' dir='ltr'>fidelibus,ad</span> <span class='ocrx_word' id='word_1_656' title='bbox 1598 538 1679 567; x_wconf 85' lang='lat' dir='ltr'>quos,</span> <span class='ocrx_word' id='word_1_657' title='bbox 1691 529 1752 559; x_wconf 70' lang='lat' dir='ltr'>&amp;o</span> <span class='ocrx_word' id='word_1_658' title='bbox 1767 527 1902 558; x_wconf 67' lang='lat' dir='ltr'>Salutem⁷</span> <span class='ocrx_word' id='word_1_659' title='bbox 2107 564 2113 569; x_wconf 36' lang='grc' dir='ltr'>ι</span> <span class='ocrx_word' id='word_1_660' title='bbox 2181 562 2187 568; x_wconf 44' lang='grc'><em>·</em></span> <span class='ocrx_word' id='word_1_661' title='bbox 2303 525 2361 549; x_wconf 84' lang='lat' dir='ltr'>Pat.</span> <span class='ocrx_word' id='word_1_662' title='bbox 2374 532 2397 551; x_wconf 88' lang='lat'>¹·</span> 
     </span>
     <span class='ocr_line' id='line_1_96' title="bbox 1261 562 2372 606; baseline -0.004 -10"><span class='ocrx_word' id='word_1_663' title='bbox 1261 565 1342 597; x_wconf 74' lang='lat' dir='ltr'>Cum</span> <span class='ocrx_word' id='word_1_664' title='bbox 1358 566 1504 598; x_wconf 84' lang='lat' dir='ltr'>Robertus</span> <span class='ocrx_word' id='word_1_665' title='bbox 1514 567 1550 598; x_wconf 92' lang='lat' dir='ltr'>de</span> <span class='ocrx_word' id='word_1_666' title='bbox 1562 566 1654 606; x_wconf 87' lang='lat' dir='ltr'>Wery</span> <span class='ocrx_word' id='word_1_667' title='bbox 1676 575 1745 597; x_wconf 72' lang='lat' dir='ltr'>oton</span> <span class='ocrx_word' id='word_1_668' title='bbox 1758 564 1900 604; x_wconf 77' lang='lat' dir='ltr'>ClericuS,</span> <span class='ocrx_word' id='word_1_669' title='bbox 1918 563 2024 595; x_wconf 89' lang='lat' dir='ltr'>Custos</span> <span class='ocrx_word' id='word_1_670' title='bbox 2035 573 2127 602; x_wconf 82' lang='lat' dir='ltr'>operis</span> <span class='ocrx_word' id='word_1_671' title='bbox 2141 562 2284 602; x_wconf 81' lang='lat' dir='ltr'>cujusdam</span> <span class='ocrx_word' id='word_1_672' title='bbox 2300 563 2332 588; x_wconf 81' lang='lat' dir='ltr'>E·</span> <span class='ocrx_word' id='word_1_673' title='bbox 2347 569 2372 596; x_wconf 83' lang='lat'>3-</span> 
     </span>
     <span class='ocr_line' id='line_1_97' title="bbox 1224 600 2373 644; baseline -0.003 -10"><span class='ocrx_word' id='word_1_674' title='bbox 1224 602 1366 644; x_wconf 87' lang='lat' dir='ltr'>Capellae,</span> <span class='ocrx_word' id='word_1_675' title='bbox 1380 605 1414 636; x_wconf 89' lang='lat' dir='ltr'>ad</span> <span class='ocrx_word' id='word_1_676' title='bbox 1430 604 1584 643; x_wconf 86' lang='lat' dir='ltr'>Montem,</span> <span class='ocrx_word' id='word_1_677' title='bbox 1600 606 1668 644; x_wconf 86' lang='lat' dir='ltr'>ubi,</span> <span class='ocrx_word' id='word_1_678' title='bbox 1720 605 1801 635; x_wconf 90' lang='lat' dir='ltr'>obilis</span> <span class='ocrx_word' id='word_1_679' title='bbox 1813 605 1919 642; x_wconf 86' lang='lat' dir='ltr'>horno,</span> <span class='ocrx_word' id='word_1_680' title='bbox 1943 603 2090 641; x_wconf 85' lang='lat' dir='ltr'>Thomas,</span> <span class='ocrx_word' id='word_1_681' title='bbox 2116 611 2205 640; x_wconf 87' lang='lat' dir='ltr'>nuper</span> <span class='ocrx_word' id='word_1_682' title='bbox 2223 600 2286 632; x_wconf 89' lang='lat' dir='ltr'>Co·</span> <span class='ocrx_word' id='word_1_683' title='bbox 2301 604 2327 635; x_wconf 74' lang='lat' dir='ltr'>p·</span> <span class='ocrx_word' id='word_1_684' title='bbox 2345 608 2373 626; x_wconf 84' lang='lat'>2·</span> 
     </span>
     <span class='ocr_line' id='line_1_98' title="bbox 1225 639 2399 682; baseline 0 -9"><span class='ocrx_word' id='word_1_685' title='bbox 1225 651 1285 673; x_wconf 89' lang='lat' dir='ltr'>mes</span> <span class='ocrx_word' id='word_1_686' title='bbox 1299 643 1486 681; x_wconf 80' lang='lat' dir='ltr'>Lancasttiae,</span> <span class='ocrx_word' id='word_1_687' title='bbox 1504 643 1654 675; x_wconf 88' lang='lat' dir='ltr'>decollatus</span> <span class='ocrx_word' id='word_1_688' title='bbox 1664 645 1734 682; x_wconf 82' lang='lat' dir='ltr'>fuit,</span> <span class='ocrx_word' id='word_1_689' title='bbox 1753 642 1970 681; x_wconf 78' lang='lat' dir='ltr'>construendae,</span> <span class='ocrx_word' id='word_1_690' title='bbox 1993 641 2027 672; x_wconf 88' lang='lat' dir='ltr'>ad</span> <span class='ocrx_word' id='word_1_691' title='bbox 2046 639 2165 672; x_wconf 87' lang='lat' dir='ltr'>diversas</span> <span class='ocrx_word' id='word_1_692' title='bbox 2181 641 2201 660; x_wconf 72' lang='lat'>³¹²</span> <span class='ocrx_word' id='word_1_693' title='bbox 2221 650 2284 679; x_wconf 86' lang='lat' dir='ltr'>par·</span> <span class='ocrx_word' id='word_1_694' title='bbox 2300 646 2338 664; x_wconf 78' lang='lat' dir='ltr'>m·</span> <span class='ocrx_word' id='word_1_695' title='bbox 2358 647 2399 673; x_wconf 83' lang='lat'>¹3·</span> 
     </span>
     <span class='ocr_line' id='line_1_99' title="bbox 1227 676 2397 722; baseline -0.002 -11"><span class='ocrx_word' id='word_1_696' title='bbox 1227 688 1266 712; x_wconf 88' lang='lat' dir='ltr'>tes</span> <span class='ocrx_word' id='word_1_697' title='bbox 1280 681 1376 721; x_wconf 85' lang='lat' dir='ltr'>Regni</span> <span class='ocrx_word' id='word_1_698' title='bbox 1388 681 1480 712; x_wconf 87' lang='lat' dir='ltr'>nostri</span> <span class='ocrx_word' id='word_1_699' title='bbox 1491 681 1517 711; x_wconf 89' lang='lat' dir='ltr'>se</span> <span class='ocrx_word' id='word_1_700' title='bbox 1530 682 1663 720; x_wconf 86' lang='lat' dir='ltr'>divertat,</span> <span class='ocrx_word' id='word_1_701' title='bbox 1681 691 1714 712; x_wconf 91' lang='lat' dir='ltr'>ac</span> <span class='ocrx_word' id='word_1_702' title='bbox 1735 681 1870 722; x_wconf 89' lang='lat' dir='ltr'>quosdam</span> <span class='ocrx_word' id='word_1_703' title='bbox 1891 680 2029 712; x_wconf 91' lang='lat' dir='ltr'>Nuncios</span> <span class='ocrx_word' id='word_1_704' title='bbox 2048 679 2113 710; x_wconf 91' lang='lat' dir='ltr'>suos</span> <span class='ocrx_word' id='word_1_705' title='bbox 2133 680 2228 710; x_wconf 84' lang='lat' dir='ltr'>mittat</span> <span class='ocrx_word' id='word_1_706' title='bbox 2248 678 2284 710; x_wconf 89' lang='lat' dir='ltr'>ad</span> <span class='ocrx_word' id='word_1_707' title='bbox 2303 679 2318 693; x_wconf 67' lang='lat'><strong>⁹</strong></span> <span class='ocrx_word' id='word_1_708' title='bbox 2343 676 2397 703; x_wconf 88' lang='lat' dir='ltr'>lv.</span> 
     </span>
     <span class='ocr_line' id='line_1_100' title="bbox 1226 716 2367 789; baseline -0.001 -39"><span class='ocrx_word' id='word_1_709' title='bbox 1226 719 1336 789; x_wconf 52' lang='lat' dir='ltr'>{asdeff</span> <span class='ocrx_word' id='word_1_710' title='bbox 1359 729 1484 789; x_wconf 42' lang='lat' dir='ltr'>pargis&#39;ff</span> <span class='ocrx_word' id='word_1_711' title='bbox 1489 719 1525 750; x_wconf 89' lang='lat' dir='ltr'>ad</span> <span class='ocrx_word' id='word_1_712' title='bbox 1544 719 1738 760; x_wconf 87' lang='lat' dir='ltr'>colligendum</span> <span class='ocrx_word' id='word_1_713' title='bbox 1760 719 1955 761; x_wconf 67' lang='lat' dir='ltr'>Eleemosynae</span> <span class='ocrx_word' id='word_1_714' title='bbox 1979 728 2032 758; x_wconf 82' lang='lat' dir='ltr'>pro</span> <span class='ocrx_word' id='word_1_715' title='bbox 2059 716 2286 749; x_wconf 70' lang='lat' dir='ltr'>construetione</span> <span class='ocrx_word' id='word_1_716' title='bbox 2303 722 2367 749; x_wconf 85' lang='lat'>²92·</span> 
     </span>
     <span class='ocr_line' id='line_1_101' title="bbox 1257 762 2286 840; baseline -0.003 -12"><span class='ocrx_word' id='word_1_717' title='bbox 1257 768 1438 835; x_wconf 49' lang='lat' dir='ltr'>aspuesczeppnrms</span> <span class='ocrx_word' id='word_1_718' title='bbox 1445 762 1709 840; x_wconf 36' lang='grc' dir='ltr'>1ι’(ἐι(ὐῖΙεῗῐοῑεεῖὶἰοηιτῐη</span> <span class='ocrx_word' id='word_1_719' title='bbox 1725 797 1758 828; x_wconf 89' lang='lat'>&amp;</span> <span class='ocrx_word' id='word_1_720' title='bbox 1771 797 1977 829; x_wconf 89' lang='lat' dir='ltr'>Defenfionem</span> <span class='ocrx_word' id='word_1_721' title='bbox 1990 795 2115 828; x_wconf 87' lang='lat' dir='ltr'>nostram</span> <span class='ocrx_word' id='word_1_722' title='bbox 2122 794 2210 836; x_wconf 89' lang='lat' dir='ltr'>ipsum</span> <span class='ocrx_word' id='word_1_723' title='bbox 2220 794 2286 840; x_wconf 75' lang='lat' dir='ltr'>Rq-</span> 
     </span>
     <span class='ocr_line' id='line_1_102' title="bbox 1224 834 2287 875; baseline -0.003 -9"><span class='ocrx_word' id='word_1_724' title='bbox 1224 835 1336 867; x_wconf 86' lang='lat' dir='ltr'>bertum</span> <span class='ocrx_word' id='word_1_725' title='bbox 1348 836 1382 867; x_wconf 87' lang='lat'>&amp;</span> <span class='ocrx_word' id='word_1_726' title='bbox 1396 835 1533 865; x_wconf 82' lang='lat' dir='ltr'>Nuncios</span> <span class='ocrx_word' id='word_1_727' title='bbox 1544 835 1606 865; x_wconf 91' lang='lat' dir='ltr'>suos</span> <span class='ocrx_word' id='word_1_728' title='bbox 1620 836 1769 873; x_wconf 65' lang='lat' dir='ltr'>praedictos</span> <span class='ocrx_word' id='word_1_729' title='bbox 1783 859 1794 875; x_wconf 83' lang='lat'>,</span> <span class='ocrx_word' id='word_1_730' title='bbox 1809 837 1840 867; x_wconf 87' lang='lat' dir='ltr'>in</span> <span class='ocrx_word' id='word_1_731' title='bbox 1860 836 1955 867; x_wconf 87' lang='lat' dir='ltr'>eundo</span> <span class='ocrx_word' id='word_1_732' title='bbox 1973 835 2063 866; x_wconf 86' lang='lat' dir='ltr'>versus</span> <span class='ocrx_word' id='word_1_733' title='bbox 2080 842 2168 874; x_wconf 86' lang='lat' dir='ltr'>partes</span> <span class='ocrx_word' id='word_1_734' title='bbox 2187 834 2287 871; x_wconf 81' lang='lat' dir='ltr'>praedi-</span> 
     </span>
     <span class='ocr_line' id='line_1_103' title="bbox 1223 873 2286 914; baseline -0.001 -10"><span class='ocrx_word' id='word_1_735' title='bbox 1223 873 1300 914; x_wconf 70' lang='lat' dir='ltr'>ctos,</span> <span class='ocrx_word' id='word_1_736' title='bbox 1324 874 1432 904; x_wconf 90' lang='lat' dir='ltr'>ibidem</span> <span class='ocrx_word' id='word_1_737' title='bbox 1460 873 1614 911; x_wconf 83' lang='lat' dir='ltr'>morando,</span> <span class='ocrx_word' id='word_1_738' title='bbox 1631 874 1665 904; x_wconf 90' lang='lat'>&amp;</span> <span class='ocrx_word' id='word_1_739' title='bbox 1682 873 1716 904; x_wconf 89' lang='lat' dir='ltr'>ad</span> <span class='ocrx_word' id='word_1_740' title='bbox 1735 876 1847 913; x_wconf 86' lang='lat' dir='ltr'>propria</span> <span class='ocrx_word' id='word_1_741' title='bbox 1860 874 2019 913; x_wconf 86' lang='lat' dir='ltr'>redeundo,</span> <span class='ocrx_word' id='word_1_742' title='bbox 2037 874 2108 905; x_wconf 84' lang='lat' dir='ltr'>sicut</span> <span class='ocrx_word' id='word_1_743' title='bbox 2117 873 2286 912; x_wconf 65' lang='lat' dir='ltr'>praedidtum</span> 
     </span>
     <span class='ocr_line' id='line_1_104' title="bbox 1225 910 2255 981; baseline -0.002 -38"><span class='ocrx_word' id='word_1_744' title='bbox 1225 911 1293 981; x_wconf 57' lang='lat' dir='ltr'>estst</span> <span class='ocrx_word' id='word_1_745' title='bbox 1301 911 1362 946; x_wconf 79' lang='lat' dir='ltr'>&amp;c.</span> <span class='ocrx_word' id='word_1_746' title='bbox 1375 919 1458 956; x_wconf 59' lang='lat' dir='ltr'>prout</span> <span class='ocrx_word' id='word_1_747' title='bbox 1469 915 1499 942; x_wconf 85' lang='lat' dir='ltr'>in</span> <span class='ocrx_word' id='word_1_748' title='bbox 1511 910 1682 952; x_wconf 73' lang='lat' dir='ltr'>consimilibus</span> <span class='ocrx_word' id='word_1_749' title='bbox 1687 911 1780 957; x_wconf 67' lang='lat' dir='ltr'>literj5.</span> <span class='ocrx_word' id='word_1_750' title='bbox 1892 952 1897 957; x_wconf 35' lang='grc' dir='ltr'>ι</span> <span class='ocrx_word' id='word_1_751' title='bbox 2250 951 2255 956; x_wconf 34' lang='lat'>⁸</span> 
     </span>
     <span class='ocr_line' id='line_1_105' title="bbox 1225 949 2290 1032; baseline -0.002 -11"><span class='ocrx_word' id='word_1_752' title='bbox 1225 949 1970 1032; x_wconf 41' lang='lat' dir='ltr'>Nmiiissdffivss‘s&#39;z‘ssngsssstJiissssffssnsszaeffissi</span> <span class='ocrx_word' id='word_1_753' title='bbox 1985 950 2290 1032; x_wconf 47' lang='grc' dir='ltr'>ξὲὗεὲῐέἒάῑζὲἶῑὲἒὲ</span> 
     </span>
     <span class='ocr_line' id='line_1_106' title="bbox 1225 1026 2288 1067; baseline -0.002 -9"><span class='ocrx_word' id='word_1_754' title='bbox 1225 1028 1308 1059; x_wconf 62' lang='lat' dir='ltr'>didiae</span> <span class='ocrx_word' id='word_1_755' title='bbox 1322 1026 1465 1066; x_wconf 77' lang='lat' dir='ltr'>Capellae,</span> <span class='ocrx_word' id='word_1_756' title='bbox 1483 1035 1612 1067; x_wconf 78' lang='lat' dir='ltr'>petituri,</span> <span class='ocrx_word' id='word_1_757' title='bbox 1630 1027 1701 1064; x_wconf 80' lang='lat' dir='ltr'>ipsos</span> <span class='ocrx_word' id='word_1_758' title='bbox 1716 1028 1840 1066; x_wconf 85' lang='lat' dir='ltr'>benigne</span> <span class='ocrx_word' id='word_1_759' title='bbox 1853 1028 2005 1066; x_wconf 83' lang='lat' dir='ltr'>recipiatis,</span> <span class='ocrx_word' id='word_1_760' title='bbox 2022 1028 2056 1058; x_wconf 90' lang='lat'>&amp;</span> <span class='ocrx_word' id='word_1_761' title='bbox 2074 1029 2162 1067; x_wconf 87' lang='lat' dir='ltr'>recipi</span> <span class='ocrx_word' id='word_1_762' title='bbox 2183 1027 2288 1058; x_wconf 71' lang='lat' dir='ltr'>faciatis</span> 
     </span>
     <span class='ocr_line' id='line_1_107' title="bbox 1226 1064 2289 1104; baseline -0.001 -7"><span class='ocrx_word' id='word_1_763' title='bbox 1226 1068 1256 1097; x_wconf 86' lang='lat' dir='ltr'>in</span> <span class='ocrx_word' id='word_1_764' title='bbox 1269 1066 1416 1104; x_wconf 84' lang='lat' dir='ltr'>Eccleiiis,</span> <span class='ocrx_word' id='word_1_765' title='bbox 1433 1065 1525 1102; x_wconf 75' lang='lat' dir='ltr'>Villis,</span> <span class='ocrx_word' id='word_1_766' title='bbox 1542 1065 1575 1096; x_wconf 86' lang='lat'>&amp;</span> <span class='ocrx_word' id='word_1_767' title='bbox 1592 1065 1671 1095; x_wconf 88' lang='lat' dir='ltr'>Foris</span> <span class='ocrx_word' id='word_1_768' title='bbox 1683 1065 1779 1096; x_wconf 88' lang='lat' dir='ltr'>vestris</span> <span class='ocrx_word' id='word_1_769' title='bbox 1794 1078 1798 1083; x_wconf 94' lang='lat'>·</span> <span class='ocrx_word' id='word_1_770' title='bbox 1822 1065 1855 1096; x_wconf 89' lang='lat'>&amp;</span> <span class='ocrx_word' id='word_1_771' title='bbox 1872 1067 1910 1095; x_wconf 91' lang='lat' dir='ltr'>eis</span> <span class='ocrx_word' id='word_1_772' title='bbox 1924 1066 1960 1096; x_wconf 91' lang='lat' dir='ltr'>de</span> <span class='ocrx_word' id='word_1_773' title='bbox 1975 1064 2060 1095; x_wconf 91' lang='lat' dir='ltr'>Bonis</span> <span class='ocrx_word' id='word_1_774' title='bbox 2076 1067 2174 1104; x_wconf 80' lang='lat' dir='ltr'>vobis,</span> <span class='ocrx_word' id='word_1_775' title='bbox 2189 1068 2206 1096; x_wconf 70' lang='lat' dir='ltr'>a</span> <span class='ocrx_word' id='word_1_776' title='bbox 2221 1065 2289 1096; x_wconf 89' lang='lat' dir='ltr'>Deo</span> 
     </span>
     <span class='ocr_line' id='line_1_108' title="bbox 1226 1089 2289 1174; baseline 0 -38"><span class='ocrx_word' id='word_1_777' title='bbox 1226 1105 1354 1174; x_wconf 55' lang='lat' dir='ltr'>collaltiS,</span> <span class='ocrx_word' id='word_1_778' title='bbox 1367 1106 1401 1149; x_wconf 84' lang='lat' dir='ltr'>ad</span> <span class='ocrx_word' id='word_1_779' title='bbox 1418 1105 1475 1136; x_wconf 89' lang='lat' dir='ltr'>hoc</span> <span class='ocrx_word' id='word_1_780' title='bbox 1484 1127 1494 1144; x_wconf 82' lang='lat'>,</span> <span class='ocrx_word' id='word_1_781' title='bbox 1509 1103 1639 1135; x_wconf 85' lang='lat' dir='ltr'>Caritatis</span> <span class='ocrx_word' id='word_1_782' title='bbox 1653 1105 1773 1143; x_wconf 88' lang='lat' dir='ltr'>intuitu,</span> <span class='ocrx_word' id='word_1_783' title='bbox 1788 1089 1822 1134; x_wconf 55' lang='lat' dir='ltr'>g»,</span> <span class='ocrx_word' id='word_1_784' title='bbox 1836 1102 1961 1134; x_wconf 88' lang='lat' dir='ltr'>Precum</span> <span class='ocrx_word' id='word_1_785' title='bbox 1975 1102 2133 1134; x_wconf 86' lang='lat' dir='ltr'>nostrarum</span> <span class='ocrx_word' id='word_1_786' title='bbox 2146 1105 2289 1136; x_wconf 70' lang='lat' dir='ltr'>interven-</span> 
     </span>
     <span class='ocr_line' id='line_1_109' title="bbox 1225 1152 1394 1175; baseline -0.006 -1"><span class='ocrx_word' id='word_1_787' title='bbox 1225 1152 1255 1175; x_wconf 74' lang='lat' dir='ltr'>tu</span> <span class='ocrx_word' id='word_1_788' title='bbox 1300 1155 1328 1174; x_wconf 65' lang='lat' dir='ltr'>al*</span> <span class='ocrx_word' id='word_1_789' title='bbox 1349 1154 1394 1174; x_wconf 79' lang='lat' dir='ltr'>m:</span> 
     </span>
     <span class='ocr_line' id='line_1_110' title="bbox 1262 1154 2286 1223; baseline -0.003 -10"><span class='ocrx_word' id='word_1_790' title='bbox 1262 1154 1376 1223; x_wconf 52' lang='lat' dir='ltr'>{tbsg&#39;ue</span> <span class='ocrx_word' id='word_1_791' title='bbox 1396 1182 1506 1213; x_wconf 81' lang='lat' dir='ltr'>Praelati</span> <span class='ocrx_word' id='word_1_792' title='bbox 1514 1181 1630 1212; x_wconf 79' lang='lat' dir='ltr'>Litteras</span> <span class='ocrx_word' id='word_1_793' title='bbox 1645 1179 1746 1212; x_wconf 88' lang='lat' dir='ltr'>vestras</span> <span class='ocrx_word' id='word_1_794' title='bbox 1755 1179 1982 1211; x_wconf 85' lang='lat' dir='ltr'>Convocatorias</span> <span class='ocrx_word' id='word_1_795' title='bbox 1994 1181 2032 1210; x_wconf 87' lang='lat' dir='ltr'>eis</span> <span class='ocrx_word' id='word_1_796' title='bbox 2044 1179 2203 1211; x_wconf 85' lang='lat' dir='ltr'>concedere</span> <span class='ocrx_word' id='word_1_797' title='bbox 2215 1180 2286 1212; x_wconf 88' lang='lat' dir='ltr'>veli-</span> 
     </span>
     <span class='ocr_line' id='line_1_111' title="bbox 1227 1218 2285 1259; baseline -0.002 -8"><span class='ocrx_word' id='word_1_798' title='bbox 1227 1222 1277 1259; x_wconf 62' lang='lat' dir='ltr'>tis,</span> <span class='ocrx_word' id='word_1_799' title='bbox 1296 1221 1333 1252; x_wconf 86' lang='lat' dir='ltr'>Ita</span> <span class='ocrx_word' id='word_1_800' title='bbox 1349 1221 1429 1259; x_wconf 77' lang='lat' dir='ltr'>quod</span> <span class='ocrx_word' id='word_1_801' title='bbox 1444 1223 1458 1251; x_wconf 72' lang='lat' dir='ltr'>a</span> <span class='ocrx_word' id='word_1_802' title='bbox 1473 1220 1657 1251; x_wconf 87' lang='lat' dir='ltr'>Retributore</span> <span class='ocrx_word' id='word_1_803' title='bbox 1670 1221 1801 1250; x_wconf 86' lang='lat' dir='ltr'>omnium</span> <span class='ocrx_word' id='word_1_804' title='bbox 1830 1220 1974 1250; x_wconf 89' lang='lat' dir='ltr'>bonorum</span> <span class='ocrx_word' id='word_1_805' title='bbox 1997 1218 2167 1250; x_wconf 86' lang='lat' dir='ltr'>Mercedem</span> <span class='ocrx_word' id='word_1_806' title='bbox 2183 1219 2285 1250; x_wconf 88' lang='lat' dir='ltr'>condi-</span> 
     </span>
     <span class='ocr_line' id='line_1_112' title="bbox 1229 1258 1906 1299; baseline -0.003 -9"><span class='ocrx_word' id='word_1_807' title='bbox 1229 1268 1328 1299; x_wconf 82' lang='lat' dir='ltr'>gnam,</span> <span class='ocrx_word' id='word_1_808' title='bbox 1343 1261 1375 1290; x_wconf 85' lang='lat'>&amp;</span> <span class='ocrx_word' id='word_1_809' title='bbox 1389 1260 1405 1290; x_wconf 72' lang='grc' dir='ltr'>ὲ</span> <span class='ocrx_word' id='word_1_810' title='bbox 1418 1260 1501 1289; x_wconf 88' lang='lat' dir='ltr'>nobis</span> <span class='ocrx_word' id='word_1_811' title='bbox 1516 1259 1616 1289; x_wconf 85' lang='lat' dir='ltr'>Grates</span> <span class='ocrx_word' id='word_1_812' title='bbox 1629 1267 1766 1297; x_wconf 88' lang='lat' dir='ltr'>reportare</span> <span class='ocrx_word' id='word_1_813' title='bbox 1776 1258 1906 1289; x_wconf 88' lang='lat' dir='ltr'>debeatis.</span> 
     </span>
     <span class='ocr_line' id='line_1_113' title="bbox 1266 1296 1935 1338; baseline -0.003 -10"><span class='ocrx_word' id='word_1_814' title='bbox 1266 1298 1300 1329; x_wconf 92' lang='lat' dir='ltr'>In</span> <span class='ocrx_word' id='word_1_815' title='bbox 1315 1299 1395 1336; x_wconf 85' lang='lat' dir='ltr'>cujus</span> <span class='ocrx_word' id='word_1_816' title='bbox 1408 1299 1470 1329; x_wconf 70' lang='lat' dir='ltr'>&amp;o</span> <span class='ocrx_word' id='word_1_817' title='bbox 1485 1307 1532 1338; x_wconf 89' lang='lat' dir='ltr'>per</span> <span class='ocrx_word' id='word_1_818' title='bbox 1546 1307 1637 1328; x_wconf 87' lang='lat' dir='ltr'>unum</span> <span class='ocrx_word' id='word_1_819' title='bbox 1653 1298 1772 1329; x_wconf 89' lang='lat' dir='ltr'>Annum</span> <span class='ocrx_word' id='word_1_820' title='bbox 1785 1296 1935 1327; x_wconf 81' lang='lat' dir='ltr'>duraturas.</span> 
     </span>
     <span class='ocr_line' id='line_1_114' title="bbox 1265 1335 1983 1377; baseline -0.004 -9"><span class='ocrx_word' id='word_1_821' title='bbox 1265 1337 1354 1369; x_wconf 86' lang='lat' dir='ltr'>Teste</span> <span class='ocrx_word' id='word_1_822' title='bbox 1367 1336 1450 1377; x_wconf 85' lang='lat' dir='ltr'>Rege</span> <span class='ocrx_word' id='word_1_823' title='bbox 1462 1337 1536 1376; x_wconf 89' lang='lat' dir='ltr'>apud</span> <span class='ocrx_word' id='word_1_824' title='bbox 1549 1335 1698 1375; x_wconf 82' lang='lat' dir='ltr'>Eborum,</span> <span class='ocrx_word' id='word_1_825' title='bbox 1717 1336 1824 1367; x_wconf 69' lang='lat' dir='ltr'>octavo</span> <span class='ocrx_word' id='word_1_826' title='bbox 1838 1335 1886 1367; x_wconf 91' lang='lat' dir='ltr'>die</span> <span class='ocrx_word' id='word_1_827' title='bbox 1895 1335 1983 1375; x_wconf 86' lang='lat' dir='ltr'>Junii.</span> 
     </span>
    </p>
   </div>
   <div class='ocr_carea' id='block_1_33' title="bbox 1232 1480 2291 1629">
    <p class='ocr_par' dir='ltr' id='par_1_46' title="bbox 1232 1480 2291 1629">
     <span class='ocr_line' id='line_1_115' title="bbox 1232 1480 2291 1531; baseline -0.004 -13"><span class='ocrx_word' id='word_1_828' title='bbox 1232 1486 1281 1519; x_wconf 87' lang='lat' dir='ltr'>De</span> <span class='ocrx_word' id='word_1_829' title='bbox 1299 1484 1474 1531; x_wconf 74' lang='lat' dir='ltr'>inquirendo</span> <span class='ocrx_word' id='word_1_830' title='bbox 1484 1484 1574 1531; x_wconf 69' lang='lat' dir='ltr'>sirper</span> <span class='ocrx_word' id='word_1_831' title='bbox 1585 1484 1813 1527; x_wconf 71' lang='lat' dir='ltr'>Controversiis,</span> <span class='ocrx_word' id='word_1_832' title='bbox 1839 1486 1918 1516; x_wconf 85' lang='lat' dir='ltr'>inter</span> <span class='ocrx_word' id='word_1_833' title='bbox 1932 1482 2077 1530; x_wconf 75' lang='lat' dir='ltr'>quostiam</span> <span class='ocrx_word' id='word_1_834' title='bbox 2107 1481 2238 1515; x_wconf 83' lang='lat' dir='ltr'>homines</span> <span class='ocrx_word' id='word_1_835' title='bbox 2253 1480 2291 1514; x_wconf 86' lang='lat' dir='ltr'>de</span> 
     </span>
     <span class='ocr_line' id='line_1_116' title="bbox 1278 1529 2290 1576; baseline -0.005 -8"><span class='ocrx_word' id='word_1_836' title='bbox 1278 1537 1420 1568; x_wconf 81' lang='lat' dir='ltr'>Hanonia</span> <span class='ocrx_word' id='word_1_837' title='bbox 1431 1560 1440 1576; x_wconf 89' lang='lat'>‚</span> <span class='ocrx_word' id='word_1_838' title='bbox 1465 1537 1502 1571; x_wconf 62' lang='grc' dir='ltr'>(ῤ’</span> <span class='ocrx_word' id='word_1_839' title='bbox 1517 1533 1647 1566; x_wconf 81' lang='lat' dir='ltr'>homines</span> <span class='ocrx_word' id='word_1_840' title='bbox 1666 1531 1781 1566; x_wconf 81' lang='lat' dir='ltr'>Pedites</span> <span class='ocrx_word' id='word_1_841' title='bbox 1799 1531 1835 1565; x_wconf 85' lang='lat' dir='ltr'>de</span> <span class='ocrx_word' id='word_1_842' title='bbox 1853 1529 2051 1565; x_wconf 80' lang='lat' dir='ltr'>Comitatibus</span> <span class='ocrx_word' id='word_1_843' title='bbox 2079 1531 2234 1565; x_wconf 81' lang='lat' dir='ltr'>Lincolniae</span> <span class='ocrx_word' id='word_1_844' title='bbox 2252 1533 2290 1569; x_wconf 58' lang='grc' dir='ltr'>ἴς·</span> 
     </span>
     <span class='ocr_line' id='line_1_117' title="bbox 1280 1581 1528 1629; baseline -0.004 -12"><span class='ocrx_word' id='word_1_845' title='bbox 1280 1581 1528 1629; x_wconf 72' lang='lat' dir='ltr'>NJrhampwniae.</span> 
     </span>
    </p>
   </div>
   <div class='ocr_carea' id='block_1_34' title="bbox 1228 1665 2438 3133">
    <p class='ocr_par' dir='ltr' id='par_1_47' title="bbox 1234 1665 2438 1814">
     <span class='ocr_line' id='line_1_118' title="bbox 1236 1665 2438 1724; baseline -0.002 -25"><span class='ocrx_word' id='word_1_846' title='bbox 1236 1668 1321 1724; x_wconf 78' lang='lat' dir='ltr'>RE</span> <span class='ocrx_word' id='word_1_847' title='bbox 1331 1666 1379 1705; x_wconf 83' lang='lat' dir='ltr'>X,</span> <span class='ocrx_word' id='word_1_848' title='bbox 1398 1666 1508 1698; x_wconf 70' lang='lat' dir='ltr'>diieffis</span> <span class='ocrx_word' id='word_1_849' title='bbox 1519 1667 1553 1698; x_wconf 88' lang='lat'>&amp;</span> <span class='ocrx_word' id='word_1_850' title='bbox 1567 1667 1692 1699; x_wconf 85' lang='lat' dir='ltr'>fidelibus</span> <span class='ocrx_word' id='word_1_851' title='bbox 1707 1668 1777 1706; x_wconf 76' lang='lat' dir='ltr'>suis,</span> <span class='ocrx_word' id='word_1_852' title='bbox 1794 1667 1924 1698; x_wconf 87' lang='lat' dir='ltr'>Henrico</span> <span class='ocrx_word' id='word_1_853' title='bbox 1937 1668 1964 1700; x_wconf 85' lang='lat' dir='ltr'>le</span> <span class='ocrx_word' id='word_1_854' title='bbox 1980 1667 2052 1698; x_wconf 87' lang='lat' dir='ltr'>Sero</span> <span class='ocrx_word' id='word_1_855' title='bbox 2082 1690 2092 1706; x_wconf 83' lang='lat'>‚</span> <span class='ocrx_word' id='word_1_856' title='bbox 2108 1666 2240 1698; x_wconf 88' lang='lat' dir='ltr'>Waltero</span> <span class='ocrx_word' id='word_1_857' title='bbox 2254 1665 2290 1698; x_wconf 90' lang='lat' dir='ltr'>de</span> <span class='ocrx_word' id='word_1_858' title='bbox 2309 1675 2384 1708; x_wconf 43' lang='lat' dir='ltr'>Ann-</span> <span class='ocrx_word' id='word_1_859' title='bbox 2394 1675 2438 1707; x_wconf 65' lang='lat' dir='ltr'>D,</span> 
     </span>
     <span class='ocr_line' id='line_1_119' title="bbox 1311 1704 2415 1755; baseline -0.002 -18"><span class='ocrx_word' id='word_1_860' title='bbox 1311 1706 1389 1737; x_wconf 84' lang='lat' dir='ltr'>Bello</span> <span class='ocrx_word' id='word_1_861' title='bbox 1403 1704 1534 1744; x_wconf 86' lang='lat' dir='ltr'>Campo,</span> <span class='ocrx_word' id='word_1_862' title='bbox 1547 1706 1671 1745; x_wconf 86' lang='lat' dir='ltr'>Johanni</span> <span class='ocrx_word' id='word_1_863' title='bbox 1691 1707 1727 1737; x_wconf 91' lang='lat' dir='ltr'>de</span> <span class='ocrx_word' id='word_1_864' title='bbox 1746 1706 1898 1738; x_wconf 84' lang='lat' dir='ltr'>Hessarton</span> <span class='ocrx_word' id='word_1_865' title='bbox 1914 1729 1924 1745; x_wconf 83' lang='lat'>,</span> <span class='ocrx_word' id='word_1_866' title='bbox 1947 1705 2051 1738; x_wconf 87' lang='lat' dir='ltr'>Nicho</span> <span class='ocrx_word' id='word_1_867' title='bbox 2065 1716 2100 1737; x_wconf 90' lang='lat' dir='ltr'>ao</span> <span class='ocrx_word' id='word_1_868' title='bbox 2121 1705 2157 1737; x_wconf 90' lang='lat' dir='ltr'>de</span> <span class='ocrx_word' id='word_1_869' title='bbox 2181 1705 2292 1746; x_wconf 87' lang='lat' dir='ltr'>Lange·</span> <span class='ocrx_word' id='word_1_870' title='bbox 2327 1724 2415 1755; x_wconf 44' lang='lat'>1327·</span> 
     </span>
     <span class='ocr_line' id='line_1_120' title="bbox 1234 1744 2406 1814; baseline 0.007 -39"><span class='ocrx_word' id='word_1_871' title='bbox 1234 1745 1355 1812; x_wconf 24' lang='lat' dir='ltr'>torgn&amp;</span> <span class='ocrx_word' id='word_1_872' title='bbox 1369 1744 1482 1814; x_wconf 78' lang='lat' dir='ltr'>Simodni</span> <span class='ocrx_word' id='word_1_873' title='bbox 1498 1744 1635 1785; x_wconf 87' lang='lat' dir='ltr'>Croyser,</span> <span class='ocrx_word' id='word_1_874' title='bbox 1655 1745 1789 1777; x_wconf 87' lang='lat' dir='ltr'>Salutem.</span> <span class='ocrx_word' id='word_1_875' title='bbox 2308 1759 2361 1783; x_wconf 79' lang='lat' dir='ltr'>An.</span> <span class='ocrx_word' id='word_1_876' title='bbox 2381 1765 2406 1783; x_wconf 77' lang='grc' dir='ltr'>ι.</span> 
     </span>
     <span class='ocr_line' id='line_1_121' title="bbox 1292 1792 1441 1813; baseline 0.007 -1"><span class='ocrx_word' id='word_1_877' title='bbox 1292 1792 1368 1813; x_wconf 68' lang='lat' dir='ltr'>cratis</span> <span class='ocrx_word' id='word_1_878' title='bbox 1403 1794 1441 1813; x_wconf 83' lang='lat' dir='ltr'>UO</span> 
     </span>
    </p>

    <p class='ocr_par' dir='ltr' id='par_1_48' title="bbox 1229 1793 2415 2053">
     <span class='ocr_line' id='line_1_122' title="bbox 1270 1793 2415 1862; baseline 0.001 -11"><span class='ocrx_word' id='word_1_879' title='bbox 1270 1820 1351 1851; x_wconf 73' lang='lat' dir='ltr'>Cum</span> <span class='ocrx_word' id='word_1_880' title='bbox 1366 1793 1436 1852; x_wconf 59' lang='lat' dir='ltr'>iriler</span> <span class='ocrx_word' id='word_1_881' title='bbox 1452 1807 1584 1860; x_wconf 72' lang='lat' dir='ltr'>q’uosdam</span> <span class='ocrx_word' id='word_1_882' title='bbox 1600 1822 1743 1854; x_wconf 89' lang='lat' dir='ltr'>Homines</span> <span class='ocrx_word' id='word_1_883' title='bbox 1761 1821 1796 1853; x_wconf 91' lang='lat' dir='ltr'>de</span> <span class='ocrx_word' id='word_1_884' title='bbox 1808 1821 1960 1860; x_wconf 72' lang='lat' dir='ltr'>Hanonia,</span> <span class='ocrx_word' id='word_1_885' title='bbox 1976 1823 2026 1861; x_wconf 85' lang='lat' dir='ltr'>qui</span> <span class='ocrx_word' id='word_1_886' title='bbox 2046 1831 2136 1862; x_wconf 84' lang='lat' dir='ltr'>nuper</span> <span class='ocrx_word' id='word_1_887' title='bbox 2153 1822 2189 1854; x_wconf 89' lang='lat' dir='ltr'>ad</span> <span class='ocrx_word' id='word_1_888' title='bbox 2207 1821 2292 1860; x_wconf 87' lang='lat' dir='ltr'>Nos,</span> <span class='ocrx_word' id='word_1_889' title='bbox 2307 1798 2415 1860; x_wconf 42' lang='lat'>525⁰„-</span> 
     </span>
     <span class='ocr_line' id='line_1_123' title="bbox 1231 1859 2386 1906; baseline 0.001 -17"><span class='ocrx_word' id='word_1_890' title='bbox 1231 1859 1265 1889; x_wconf 81' lang='lat' dir='ltr'>ad</span> <span class='ocrx_word' id='word_1_891' title='bbox 1279 1869 1406 1900; x_wconf 83' lang='lat' dir='ltr'>rogatum</span> <span class='ocrx_word' id='word_1_892' title='bbox 1427 1860 1556 1891; x_wconf 89' lang='lat' dir='ltr'>nostrum</span> <span class='ocrx_word' id='word_1_893' title='bbox 1572 1884 1582 1900; x_wconf 80' lang='grc'>,</span> <span class='ocrx_word' id='word_1_894' title='bbox 1599 1862 1629 1891; x_wconf 91' lang='lat' dir='ltr'>in</span> <span class='ocrx_word' id='word_1_895' title='bbox 1651 1861 1802 1892; x_wconf 79' lang='lat' dir='ltr'>subsidium</span> <span class='ocrx_word' id='word_1_896' title='bbox 1823 1860 2016 1900; x_wconf 85' lang='lat' dir='ltr'>Expeditionis</span> <span class='ocrx_word' id='word_1_897' title='bbox 2044 1860 2167 1892; x_wconf 85' lang='lat' dir='ltr'>Guerrae</span> <span class='ocrx_word' id='word_1_898' title='bbox 2190 1860 2295 1891; x_wconf 85' lang='lat' dir='ltr'>nostrae</span> <span class='ocrx_word' id='word_1_899' title='bbox 2307 1875 2337 1899; x_wconf 74' lang='lat' dir='ltr'>E.</span> <span class='ocrx_word' id='word_1_900' title='bbox 2359 1879 2386 1906; x_wconf 67' lang='lat'>3,</span> 
     </span>
     <span class='ocr_line' id='line_1_124' title="bbox 1230 1897 2378 1946; baseline 0.001 -18"><span class='ocrx_word' id='word_1_901' title='bbox 1230 1897 1352 1937; x_wconf 82' lang='lat' dir='ltr'>Scotiae,</span> <span class='ocrx_word' id='word_1_902' title='bbox 1371 1901 1400 1929; x_wconf 89' lang='lat' dir='ltr'>in</span> <span class='ocrx_word' id='word_1_903' title='bbox 1417 1897 1555 1939; x_wconf 85' lang='lat' dir='ltr'>Regnum</span> <span class='ocrx_word' id='word_1_904' title='bbox 1570 1899 1700 1930; x_wconf 90' lang='lat' dir='ltr'>nostrum</span> <span class='ocrx_word' id='word_1_905' title='bbox 1716 1908 1872 1938; x_wconf 88' lang='lat' dir='ltr'>venerunt,</span> <span class='ocrx_word' id='word_1_906' title='bbox 1889 1899 1923 1930; x_wconf 80' lang='grc' dir='ltr'>ὅτ,</span> <span class='ocrx_word' id='word_1_907' title='bbox 1938 1900 2005 1930; x_wconf 85' lang='lat' dir='ltr'>alios</span> <span class='ocrx_word' id='word_1_908' title='bbox 2018 1898 2161 1930; x_wconf 85' lang='lat' dir='ltr'>Homines</span> <span class='ocrx_word' id='word_1_909' title='bbox 2173 1897 2294 1938; x_wconf 77' lang='lat' dir='ltr'>Pedites,</span> <span class='ocrx_word' id='word_1_910' title='bbox 2307 1915 2332 1946; x_wconf 58' lang='lat' dir='ltr'>p,</span> <span class='ocrx_word' id='word_1_911' title='bbox 2352 1918 2378 1935; x_wconf 75' lang='lat'>2,</span> 
     </span>
     <span class='ocr_line' id='line_1_125' title="bbox 1229 1936 2409 1981; baseline 0.001 -15"><span class='ocrx_word' id='word_1_912' title='bbox 1229 1936 1264 1966; x_wconf 89' lang='lat' dir='ltr'>de</span> <span class='ocrx_word' id='word_1_913' title='bbox 1278 1937 1468 1968; x_wconf 82' lang='lat' dir='ltr'>Comitatibus</span> <span class='ocrx_word' id='word_1_914' title='bbox 1477 1937 1646 1969; x_wconf 74' lang='lat' dir='ltr'>uLincolniae</span> <span class='ocrx_word' id='word_1_915' title='bbox 1655 1963 1666 1977; x_wconf 77' lang='lat'>,</span> <span class='ocrx_word' id='word_1_916' title='bbox 1683 1937 1942 1976; x_wconf 81' lang='lat' dir='ltr'>Norhamptoniae,</span> <span class='ocrx_word' id='word_1_917' title='bbox 1958 1939 1992 1969; x_wconf 92' lang='lat'>&amp;</span> <span class='ocrx_word' id='word_1_918' title='bbox 2005 1937 2119 1969; x_wconf 78' lang='lat' dir='ltr'>aliunde</span> <span class='ocrx_word' id='word_1_919' title='bbox 2133 1938 2170 1970; x_wconf 91' lang='lat' dir='ltr'>de</span> <span class='ocrx_word' id='word_1_920' title='bbox 2183 1936 2294 1977; x_wconf 87' lang='lat' dir='ltr'>Regno</span> <span class='ocrx_word' id='word_1_921' title='bbox 2308 1956 2344 1974; x_wconf 73' lang='lat' dir='ltr'>m,</span> <span class='ocrx_word' id='word_1_922' title='bbox 2365 1948 2409 1981; x_wconf 65' lang='lat'>152</span> 
     </span>
     <span class='ocr_line' id='line_1_126' title="bbox 1230 1975 2409 2021; baseline 0.001 -16"><span class='ocrx_word' id='word_1_923' title='bbox 1230 1975 1344 2013; x_wconf 88' lang='lat' dir='ltr'>nostro,</span> <span class='ocrx_word' id='word_1_924' title='bbox 1368 1975 1440 2016; x_wconf 87' lang='lat' dir='ltr'>apud</span> <span class='ocrx_word' id='word_1_925' title='bbox 1464 1975 1592 2007; x_wconf 85' lang='lat' dir='ltr'>Eborum</span> <span class='ocrx_word' id='word_1_926' title='bbox 1608 1999 1619 2014; x_wconf 88' lang='lat'>‚</span> <span class='ocrx_word' id='word_1_927' title='bbox 1640 1987 1694 2015; x_wconf 83' lang='lat' dir='ltr'>pro</span> <span class='ocrx_word' id='word_1_928' title='bbox 1711 1976 1792 2007; x_wconf 67' lang='lat' dir='ltr'>disto</span> <span class='ocrx_word' id='word_1_929' title='bbox 1812 1976 1945 2007; x_wconf 80' lang='lat' dir='ltr'>Subfidio</span> <span class='ocrx_word' id='word_1_930' title='bbox 1962 1975 2128 2007; x_wconf 87' lang='lat' dir='ltr'>accedentes</span> <span class='ocrx_word' id='word_1_931' title='bbox 2143 1999 2154 2015; x_wconf 87' lang='lat'>,</span> <span class='ocrx_word' id='word_1_932' title='bbox 2180 1975 2295 2008; x_wconf 75' lang='lat' dir='ltr'>diversae</span> <span class='ocrx_word' id='word_1_933' title='bbox 2308 1985 2373 2021; x_wconf 62' lang='lat' dir='ltr'><em>dors„</em></span> <span class='ocrx_word' id='word_1_934' title='bbox 2406 1978 2409 1980; x_wconf 72' lang='grc'><strong><em>’</em></strong></span> 
     </span>
     <span class='ocr_line' id='line_1_127' title="bbox 1230 2012 2375 2053; baseline 0 -10"><span class='ocrx_word' id='word_1_935' title='bbox 1230 2012 1441 2045; x_wconf 82' lang='lat' dir='ltr'>Controveriiae</span> <span class='ocrx_word' id='word_1_936' title='bbox 1457 2016 1489 2046; x_wconf 72' lang='grc' dir='ltr'>δε</span> <span class='ocrx_word' id='word_1_937' title='bbox 1504 2014 1662 2046; x_wconf 86' lang='lat' dir='ltr'>Discordiae</span> <span class='ocrx_word' id='word_1_938' title='bbox 1678 2024 1764 2045; x_wconf 85' lang='lat' dir='ltr'>motae</span> <span class='ocrx_word' id='word_1_939' title='bbox 1778 2015 1908 2053; x_wconf 84' lang='lat' dir='ltr'>fuerunt,</span> <span class='ocrx_word' id='word_1_940' title='bbox 2372 2018 2375 2019; x_wconf 51' lang='lat'><em>⁷</em></span> 
     </span>
    </p>

    <p class='ocr_par' dir='ltr' id='par_1_49' title="bbox 1230 2051 2301 2200">
     <span class='ocr_line' id='line_1_128' title="bbox 1270 2051 2297 2092; baseline 0.003 -12"><span class='ocrx_word' id='word_1_941' title='bbox 1270 2054 1346 2084; x_wconf 87' lang='lat' dir='ltr'>Inter</span> <span class='ocrx_word' id='word_1_942' title='bbox 1360 2063 1431 2091; x_wconf 87' lang='lat' dir='ltr'>quos</span> <span class='ocrx_word' id='word_1_943' title='bbox 1467 2054 1497 2083; x_wconf 94' lang='lat' dir='ltr'>in</span> <span class='ocrx_word' id='word_1_944' title='bbox 1520 2052 1669 2085; x_wconf 66' lang='lat' dir='ltr'>Conflictu</span> <span class='ocrx_word' id='word_1_945' title='bbox 1688 2053 1793 2084; x_wconf 89' lang='lat' dir='ltr'>ibidem</span> <span class='ocrx_word' id='word_1_946' title='bbox 1813 2053 1907 2090; x_wconf 86' lang='lat' dir='ltr'>inito,</span> <span class='ocrx_word' id='word_1_947' title='bbox 1930 2051 2045 2084; x_wconf 67' lang='lat' dir='ltr'>diversae</span> <span class='ocrx_word' id='word_1_948' title='bbox 2066 2051 2297 2092; x_wconf 64' lang='lat' dir='ltr'>Interfestionesg</span> 
     </span>
     <span class='ocr_line' id='line_1_129' title="bbox 1231 2075 2301 2130; baseline 0.001 -9"><span class='ocrx_word' id='word_1_949' title='bbox 1231 2090 1367 2130; x_wconf 87' lang='lat' dir='ltr'>Murdra,</span> <span class='ocrx_word' id='word_1_950' title='bbox 1387 2093 1420 2123; x_wconf 75' lang='grc' dir='ltr'>ὃ(</span> <span class='ocrx_word' id='word_1_951' title='bbox 1435 2075 1591 2130; x_wconf 62' lang='grc' dir='ltr'>Ῐῖοὺετὶκ,</span> <span class='ocrx_word' id='word_1_952' title='bbox 1610 2092 1776 2129; x_wconf 80' lang='lat' dir='ltr'>hincinde,</span> <span class='ocrx_word' id='word_1_953' title='bbox 1798 2092 1949 2122; x_wconf 83' lang='lat' dir='ltr'>extiterunt</span> <span class='ocrx_word' id='word_1_954' title='bbox 1970 2099 2123 2130; x_wconf 89' lang='lat' dir='ltr'>perpetrata</span> <span class='ocrx_word' id='word_1_955' title='bbox 2136 2114 2147 2130; x_wconf 88' lang='lat'>,</span> <span class='ocrx_word' id='word_1_956' title='bbox 2165 2093 2194 2122; x_wconf 92' lang='lat' dir='ltr'>in</span> <span class='ocrx_word' id='word_1_957' title='bbox 2217 2090 2301 2122; x_wconf 77' lang='lat' dir='ltr'>Pacis</span> 
     </span>
     <span class='ocr_line' id='line_1_130' title="bbox 1230 2129 2300 2199; baseline 0.001 -38"><span class='ocrx_word' id='word_1_958' title='bbox 1230 2130 1334 2199; x_wconf 42' lang='lat' dir='ltr'>nofst1tkae</span> <span class='ocrx_word' id='word_1_959' title='bbox 1348 2131 1508 2170; x_wconf 75' lang='lat' dir='ltr'>laesionem,</span> <span class='ocrx_word' id='word_1_960' title='bbox 1526 2130 1560 2162; x_wconf 90' lang='lat'>&amp;</span> <span class='ocrx_word' id='word_1_961' title='bbox 1576 2130 1680 2170; x_wconf 84' lang='lat' dir='ltr'>Populi</span> <span class='ocrx_word' id='word_1_962' title='bbox 1695 2129 1785 2162; x_wconf 87' lang='lat' dir='ltr'>nostri</span> <span class='ocrx_word' id='word_1_963' title='bbox 1798 2137 1935 2163; x_wconf 87' lang='lat' dir='ltr'>terrorem</span> <span class='ocrx_word' id='word_1_964' title='bbox 1947 2130 1981 2163; x_wconf 75' lang='grc' dir='ltr'>δε</span> <span class='ocrx_word' id='word_1_965' title='bbox 1993 2131 2224 2162; x_wconf 87' lang='lat' dir='ltr'>commotionem</span> <span class='ocrx_word' id='word_1_966' title='bbox 2236 2140 2300 2165; x_wconf 48' lang='lat' dir='ltr'>maz</span> 
     </span>
     <span class='ocr_line' id='line_1_131' title="bbox 1230 2179 1360 2200; baseline 0.008 -1"><span class='ocrx_word' id='word_1_967' title='bbox 1230 2179 1259 2199; x_wconf 90' lang='lat' dir='ltr'>n1</span> <span class='ocrx_word' id='word_1_968' title='bbox 1272 2179 1287 2199; x_wconf 88' lang='lat' dir='ltr'>e</span> <span class='ocrx_word' id='word_1_969' title='bbox 1314 2180 1360 2200; x_wconf 89' lang='lat' dir='ltr'>am</span> 
     </span>
    </p>

    <p class='ocr_par' dir='ltr' id='par_1_50' title="bbox 1228 2194 2297 2482">
     <span class='ocr_line' id='line_1_132' title="bbox 1267 2194 2296 2250; baseline 0 -11"><span class='ocrx_word' id='word_1_970' title='bbox 1267 2207 1353 2247; x_wconf 78' lang='lat' dir='ltr'>Nos,</span> <span class='ocrx_word' id='word_1_971' title='bbox 1368 2194 1455 2247; x_wconf 67' lang='lat' dir='ltr'>⁴&#39;super</span> <span class='ocrx_word' id='word_1_972' title='bbox 1477 2207 1629 2240; x_wconf 81' lang='lat' dir='ltr'>Praemiffis</span> <span class='ocrx_word' id='word_1_973' title='bbox 1654 2208 1782 2240; x_wconf 89' lang='lat' dir='ltr'>volentes</span> <span class='ocrx_word' id='word_1_974' title='bbox 1800 2208 1942 2239; x_wconf 84' lang='lat' dir='ltr'>certiorari</span> <span class='ocrx_word' id='word_1_975' title='bbox 1962 2217 2010 2248; x_wconf 88' lang='lat' dir='ltr'>per</span> <span class='ocrx_word' id='word_1_976' title='bbox 2037 2208 2148 2248; x_wconf 54' lang='lat' dir='ltr'>quem}</span> <span class='ocrx_word' id='word_1_977' title='bbox 2171 2209 2217 2239; x_wconf 88' lang='lat' dir='ltr'>vel</span> <span class='ocrx_word' id='word_1_978' title='bbox 2244 2217 2296 2250; x_wconf 82' lang='lat' dir='ltr'>per</span> 
     </span>
     <span class='ocr_line' id='line_1_133' title="bbox 1230 2245 2295 2286; baseline 0.002 -10"><span class='ocrx_word' id='word_1_979' title='bbox 1230 2256 1317 2286; x_wconf 82' lang='lat' dir='ltr'>qUOS,</span> <span class='ocrx_word' id='word_1_980' title='bbox 1336 2255 1447 2286; x_wconf 87' lang='lat' dir='ltr'>utrum,</span> <span class='ocrx_word' id='word_1_981' title='bbox 1465 2247 1614 2286; x_wconf 84' lang='lat' dir='ltr'>videlicet,</span> <span class='ocrx_word' id='word_1_982' title='bbox 1632 2257 1681 2285; x_wconf 87' lang='lat' dir='ltr'>per</span> <span class='ocrx_word' id='word_1_983' title='bbox 1697 2247 1851 2286; x_wconf 68' lang='lat' dir='ltr'>praedietos</span> <span class='ocrx_word' id='word_1_984' title='bbox 1863 2246 2007 2277; x_wconf 76' lang='lat' dir='ltr'>Homines</span> <span class='ocrx_word' id='word_1_985' title='bbox 2018 2246 2055 2277; x_wconf 90' lang='lat' dir='ltr'>de</span> <span class='ocrx_word' id='word_1_986' title='bbox 2076 2245 2214 2278; x_wconf 69' lang='lat' dir='ltr'>Hanonia</span> <span class='ocrx_word' id='word_1_987' title='bbox 2258 2257 2295 2278; x_wconf 88' lang='lat' dir='ltr'>an</span> 
     </span>
     <span class='ocr_line' id='line_1_134' title="bbox 1230 2285 2297 2324; baseline 0.002 -9"><span class='ocrx_word' id='word_1_988' title='bbox 1230 2295 1282 2324; x_wconf 86' lang='lat' dir='ltr'>per</span> <span class='ocrx_word' id='word_1_989' title='bbox 1299 2286 1450 2323; x_wconf 71' lang='lat' dir='ltr'>praedietos</span> <span class='ocrx_word' id='word_1_990' title='bbox 1462 2285 1605 2316; x_wconf 87' lang='lat' dir='ltr'>Homines</span> <span class='ocrx_word' id='word_1_991' title='bbox 1617 2286 1654 2316; x_wconf 89' lang='lat' dir='ltr'>de</span> <span class='ocrx_word' id='word_1_992' title='bbox 1667 2285 1779 2324; x_wconf 86' lang='lat' dir='ltr'>Regno</span> <span class='ocrx_word' id='word_1_993' title='bbox 1789 2285 2117 2324; x_wconf 81' lang='lat' dir='ltr'>nostr0‚Controverfiae</span> <span class='ocrx_word' id='word_1_994' title='bbox 2129 2286 2163 2316; x_wconf 92' lang='lat'>&amp;</span> <span class='ocrx_word' id='word_1_995' title='bbox 2176 2285 2219 2317; x_wconf 91' lang='lat' dir='ltr'>Di</span> <span class='ocrx_word' id='word_1_996' title='bbox 2231 2296 2297 2317; x_wconf 82' lang='lat' dir='ltr'>cor-</span> 
     </span>
     <span class='ocr_line' id='line_1_135' title="bbox 1229 2323 2296 2364; baseline 0 -11"><span class='ocrx_word' id='word_1_997' title='bbox 1229 2324 1285 2354; x_wconf 82' lang='lat' dir='ltr'>diae</span> <span class='ocrx_word' id='word_1_998' title='bbox 1300 2324 1445 2362; x_wconf 63' lang='lat' dir='ltr'>praedidiae</span> <span class='ocrx_word' id='word_1_999' title='bbox 1458 2326 1580 2364; x_wconf 85' lang='lat' dir='ltr'>inceptae</span> <span class='ocrx_word' id='word_1_1000' title='bbox 1593 2323 1723 2363; x_wconf 84' lang='lat' dir='ltr'>fuerunt,</span> <span class='ocrx_word' id='word_1_1001' title='bbox 1743 2325 1777 2355; x_wconf 70' lang='grc' dir='ltr'>ὃ(</span> <span class='ocrx_word' id='word_1_1002' title='bbox 1791 2335 1841 2362; x_wconf 90' lang='lat' dir='ltr'>per</span> <span class='ocrx_word' id='word_1_1003' title='bbox 1854 2333 1957 2363; x_wconf 88' lang='lat' dir='ltr'>quem,</span> <span class='ocrx_word' id='word_1_1004' title='bbox 1975 2324 2020 2355; x_wconf 86' lang='lat' dir='ltr'>vel</span> <span class='ocrx_word' id='word_1_1005' title='bbox 2035 2333 2083 2363; x_wconf 88' lang='lat' dir='ltr'>per</span> <span class='ocrx_word' id='word_1_1006' title='bbox 2097 2334 2168 2363; x_wconf 85' lang='lat' dir='ltr'>quos</span> <span class='ocrx_word' id='word_1_1007' title='bbox 2195 2324 2296 2364; x_wconf 88' lang='lat' dir='ltr'>praedi-</span> 
     </span>
     <span class='ocr_line' id='line_1_136' title="bbox 1228 2362 2291 2402; baseline -0.001 -9"><span class='ocrx_word' id='word_1_1008' title='bbox 1228 2362 1284 2400; x_wconf 69' lang='lat' dir='ltr'>eta,</span> <span class='ocrx_word' id='word_1_1009' title='bbox 1304 2363 1426 2394; x_wconf 79' lang='lat' dir='ltr'>Feloniae</span> <span class='ocrx_word' id='word_1_1010' title='bbox 1439 2364 1472 2394; x_wconf 85' lang='lat'>&amp;</span> <span class='ocrx_word' id='word_1_1011' title='bbox 1489 2363 1698 2402; x_wconf 69' lang='lat' dir='ltr'>Murdra,fa6la</span> <span class='ocrx_word' id='word_1_1012' title='bbox 1710 2363 1875 2402; x_wconf 83' lang='lat' dir='ltr'>fuerunt,&amp;</span> <span class='ocrx_word' id='word_1_1013' title='bbox 1909 2363 2058 2402; x_wconf 83' lang='lat' dir='ltr'>ualiter,&amp;</span> <span class='ocrx_word' id='word_1_1014' title='bbox 2067 2372 2125 2401; x_wconf 91' lang='lat' dir='ltr'>quo</span> <span class='ocrx_word' id='word_1_1015' title='bbox 2141 2363 2242 2400; x_wconf 85' lang='lat' dir='ltr'>modo,</span> <span class='ocrx_word' id='word_1_1016' title='bbox 2256 2362 2291 2392; x_wconf 73' lang='lat'>&amp;-</span> 
     </span>
     <span class='ocr_line' id='line_1_137' title="bbox 1229 2399 2297 2442; baseline -0.001 -11"><span class='ocrx_word' id='word_1_1017' title='bbox 1229 2403 1290 2440; x_wconf 87' lang='lat' dir='ltr'>quis</span> <span class='ocrx_word' id='word_1_1018' title='bbox 1299 2425 1308 2439; x_wconf 92' lang='lat'>,</span> <span class='ocrx_word' id='word_1_1019' title='bbox 1320 2402 1365 2433; x_wconf 89' lang='lat' dir='ltr'>vel</span> <span class='ocrx_word' id='word_1_1020' title='bbox 1381 2403 1430 2440; x_wconf 89' lang='lat' dir='ltr'>qui</span> <span class='ocrx_word' id='word_1_1021' title='bbox 1445 2401 1622 2432; x_wconf 90' lang='lat' dir='ltr'>Consensum</span> <span class='ocrx_word' id='word_1_1022' title='bbox 1637 2402 1681 2432; x_wconf 87' lang='lat' dir='ltr'>vel</span> <span class='ocrx_word' id='word_1_1023' title='bbox 1697 2402 1843 2433; x_wconf 89' lang='lat' dir='ltr'>Auxilium</span> <span class='ocrx_word' id='word_1_1024' title='bbox 1857 2401 1893 2432; x_wconf 84' lang='lat' dir='ltr'>ad</span> <span class='ocrx_word' id='word_1_1025' title='bbox 1926 2411 1962 2432; x_wconf 93' lang='lat' dir='ltr'>oc</span> <span class='ocrx_word' id='word_1_1026' title='bbox 1975 2402 2164 2442; x_wconf 69' lang='lat' dir='ltr'>praebuerunt,</span> <span class='ocrx_word' id='word_1_1027' title='bbox 2175 2400 2209 2431; x_wconf 68' lang='grc' dir='ltr'>ὃς</span> <span class='ocrx_word' id='word_1_1028' title='bbox 2224 2399 2297 2438; x_wconf 81' lang='lat' dir='ltr'>ipsos</span> 
     </span>
     <span class='ocr_line' id='line_1_138' title="bbox 1229 2438 2280 2482; baseline -0.002 -12"><span class='ocrx_word' id='word_1_1029' title='bbox 1229 2439 1416 2478; x_wconf 87' lang='lat' dir='ltr'>postmodum</span> <span class='ocrx_word' id='word_1_1030' title='bbox 1434 2440 1549 2471; x_wconf 87' lang='lat' dir='ltr'>scienter</span> <span class='ocrx_word' id='word_1_1031' title='bbox 1564 2448 1793 2480; x_wconf 86' lang='lat' dir='ltr'>receptaverunt,</span> <span class='ocrx_word' id='word_1_1032' title='bbox 1810 2441 1843 2472; x_wconf 92' lang='lat'>&amp;</span> <span class='ocrx_word' id='word_1_1033' title='bbox 1858 2440 1990 2479; x_wconf 83' lang='lat' dir='ltr'>qualiter,</span> <span class='ocrx_word' id='word_1_1034' title='bbox 2006 2439 2042 2470; x_wconf 71' lang='grc' dir='ltr'>δε</span> <span class='ocrx_word' id='word_1_1035' title='bbox 2053 2448 2112 2477; x_wconf 89' lang='lat' dir='ltr'>quo</span> <span class='ocrx_word' id='word_1_1036' title='bbox 2127 2438 2234 2482; x_wconf 79' lang='lat' dir='ltr'>modo,</span> <span class='ocrx_word' id='word_1_1037' title='bbox 2273 2476 2280 2482; x_wconf 48' lang='grc'><strong>,</strong></span> 
     </span>
    </p>

    <p class='ocr_par' dir='ltr' id='par_1_51' title="bbox 1232 2476 2297 2670">
     <span class='ocr_line' id='line_1_139' title="bbox 1268 2476 2296 2518; baseline -0.004 -9"><span class='ocrx_word' id='word_1_1038' title='bbox 1268 2478 1478 2516; x_wconf 84' lang='lat' dir='ltr'>Affignavimus</span> <span class='ocrx_word' id='word_1_1039' title='bbox 1492 2489 1558 2517; x_wconf 92' lang='lat' dir='ltr'>vos,</span> <span class='ocrx_word' id='word_1_1040' title='bbox 1577 2480 1728 2518; x_wconf 84' lang='lat' dir='ltr'>Quatuor,</span> <span class='ocrx_word' id='word_1_1041' title='bbox 1745 2479 1834 2517; x_wconf 85' lang='lat' dir='ltr'>Tres,</span> <span class='ocrx_word' id='word_1_1042' title='bbox 1850 2480 1883 2509; x_wconf 89' lang='lat'>&amp;</span> <span class='ocrx_word' id='word_1_1043' title='bbox 1897 2478 1980 2508; x_wconf 90' lang='lat' dir='ltr'>Duos</span> <span class='ocrx_word' id='word_1_1044' title='bbox 1993 2476 2139 2515; x_wconf 65' lang='lat' dir='ltr'>vestrim,</span> <span class='ocrx_word' id='word_1_1045' title='bbox 2154 2476 2188 2506; x_wconf 89' lang='lat' dir='ltr'>ad</span> <span class='ocrx_word' id='word_1_1046' title='bbox 2201 2486 2296 2514; x_wconf 80' lang='lat' dir='ltr'>inqui-</span> 
     </span>
     <span class='ocr_line' id='line_1_140' title="bbox 1233 2513 2295 2556; baseline -0.003 -9"><span class='ocrx_word' id='word_1_1047' title='bbox 1233 2517 1372 2556; x_wconf 77' lang='lat' dir='ltr'>rendum,</span> <span class='ocrx_word' id='word_1_1048' title='bbox 1391 2527 1440 2555; x_wconf 86' lang='lat' dir='ltr'>per</span> <span class='ocrx_word' id='word_1_1049' title='bbox 1453 2517 1665 2549; x_wconf 85' lang='lat' dir='ltr'>Sacramentum</span> <span class='ocrx_word' id='word_1_1050' title='bbox 1687 2519 1749 2549; x_wconf 91' lang='lat' dir='ltr'>&amp;c.</span> <span class='ocrx_word' id='word_1_1051' title='bbox 1768 2519 1829 2548; x_wconf 75' lang='lat' dir='ltr'>tam</span> <span class='ocrx_word' id='word_1_1052' title='bbox 1849 2516 1884 2546; x_wconf 90' lang='lat' dir='ltr'>de</span> <span class='ocrx_word' id='word_1_1053' title='bbox 1899 2516 2043 2546; x_wconf 85' lang='lat' dir='ltr'>Libertate</span> <span class='ocrx_word' id='word_1_1054' title='bbox 2061 2513 2192 2544; x_wconf 89' lang='lat' dir='ltr'>Civitatis</span> <span class='ocrx_word' id='word_1_1055' title='bbox 2212 2513 2295 2545; x_wconf 90' lang='lat' dir='ltr'>Ebo-</span> 
     </span>
     <span class='ocr_line' id='line_1_141' title="bbox 1232 2551 2297 2595; baseline -0.003 -10"><span class='ocrx_word' id='word_1_1056' title='bbox 1232 2566 1314 2593; x_wconf 86' lang='lat' dir='ltr'>rum,</span> <span class='ocrx_word' id='word_1_1057' title='bbox 1334 2558 1421 2594; x_wconf 72' lang='lat' dir='ltr'>quam</span> <span class='ocrx_word' id='word_1_1058' title='bbox 1437 2556 1472 2586; x_wconf 90' lang='lat' dir='ltr'>de</span> <span class='ocrx_word' id='word_1_1059' title='bbox 1488 2556 1636 2587; x_wconf 79' lang='lat' dir='ltr'>Comitatu</span> <span class='ocrx_word' id='word_1_1060' title='bbox 1649 2556 1787 2593; x_wconf 64' lang='lat' dir='ltr'>praedicto</span> <span class='ocrx_word' id='word_1_1061' title='bbox 1800 2579 1810 2591; x_wconf 80' lang='lat'>,</span> <span class='ocrx_word' id='word_1_1062' title='bbox 1825 2564 1876 2591; x_wconf 88' lang='lat' dir='ltr'>per</span> <span class='ocrx_word' id='word_1_1063' title='bbox 1897 2563 1968 2592; x_wconf 86' lang='lat' dir='ltr'>quos</span> <span class='ocrx_word' id='word_1_1064' title='bbox 1988 2553 2048 2583; x_wconf 88' lang='lat' dir='ltr'>&amp;c.</span> <span class='ocrx_word' id='word_1_1065' title='bbox 2073 2551 2297 2595; x_wconf 77' lang='lat' dir='ltr'>dePraemiffis,</span> 
     </span>
     <span class='ocr_line' id='line_1_142' title="bbox 1232 2589 2295 2634; baseline -0.002 -11"><span class='ocrx_word' id='word_1_1066' title='bbox 1232 2595 1364 2625; x_wconf 90' lang='lat' dir='ltr'>omnibus</span> <span class='ocrx_word' id='word_1_1067' title='bbox 1380 2595 1413 2625; x_wconf 88' lang='lat'>&amp;</span> <span class='ocrx_word' id='word_1_1068' title='bbox 1428 2594 1554 2634; x_wconf 77' lang='lat' dir='ltr'>singulis,</span> <span class='ocrx_word' id='word_1_1069' title='bbox 1571 2595 1605 2624; x_wconf 91' lang='lat'>&amp;</span> <span class='ocrx_word' id='word_1_1070' title='bbox 1621 2594 1679 2624; x_wconf 87' lang='lat' dir='ltr'>aliis</span> <span class='ocrx_word' id='word_1_1071' title='bbox 1693 2592 1841 2631; x_wconf 66' lang='lat' dir='ltr'>Articulis,</span> <span class='ocrx_word' id='word_1_1072' title='bbox 1859 2592 1893 2623; x_wconf 89' lang='lat'>&amp;</span> <span class='ocrx_word' id='word_1_1073' title='bbox 1909 2589 2151 2630; x_wconf 79' lang='lat' dir='ltr'>Circumstantiis,</span> <span class='ocrx_word' id='word_1_1074' title='bbox 2170 2591 2295 2631; x_wconf 84' lang='lat' dir='ltr'>praemis-</span> 
     </span>
     <span class='ocr_line' id='line_1_143' title="bbox 1233 2632 1759 2670; baseline -0.004 -8"><span class='ocrx_word' id='word_1_1075' title='bbox 1233 2634 1257 2663; x_wconf 88' lang='lat' dir='ltr'>sa</span> <span class='ocrx_word' id='word_1_1076' title='bbox 1269 2633 1461 2670; x_wconf 85' lang='lat' dir='ltr'>tangentibus,</span> <span class='ocrx_word' id='word_1_1077' title='bbox 1480 2632 1586 2670; x_wconf 77' lang='lat' dir='ltr'>plenius</span> <span class='ocrx_word' id='word_1_1078' title='bbox 1598 2633 1759 2662; x_wconf 85' lang='lat' dir='ltr'>veritatem:</span> 
     </span>
    </p>

    <p class='ocr_par' dir='ltr' id='par_1_52' title="bbox 1233 2667 2300 2861">
     <span class='ocr_line' id='line_1_144' title="bbox 1267 2667 2298 2716; baseline -0.002 -16"><span class='ocrx_word' id='word_1_1079' title='bbox 1267 2670 1304 2701; x_wconf 85' lang='lat' dir='ltr'>Et</span> <span class='ocrx_word' id='word_1_1080' title='bbox 1319 2670 1387 2701; x_wconf 81' lang='lat' dir='ltr'>ideo</span> <span class='ocrx_word' id='word_1_1081' title='bbox 1398 2671 1481 2700; x_wconf 88' lang='lat' dir='ltr'>vobis</span> <span class='ocrx_word' id='word_1_1082' title='bbox 1494 2671 1661 2701; x_wconf 87' lang='lat' dir='ltr'>mandamus</span> <span class='ocrx_word' id='word_1_1083' title='bbox 1672 2669 1752 2716; x_wconf 76' lang='lat' dir='ltr'>quod</span> <span class='ocrx_word' id='word_1_1084' title='bbox 1761 2692 1770 2708; x_wconf 87' lang='lat'>‚</span> <span class='ocrx_word' id='word_1_1085' title='bbox 1787 2668 1822 2699; x_wconf 92' lang='lat' dir='ltr'>ad</span> <span class='ocrx_word' id='word_1_1086' title='bbox 1836 2676 1927 2699; x_wconf 83' lang='lat' dir='ltr'>certos</span> <span class='ocrx_word' id='word_1_1087' title='bbox 1937 2667 1994 2699; x_wconf 88' lang='lat' dir='ltr'>dies</span> <span class='ocrx_word' id='word_1_1088' title='bbox 2008 2669 2042 2699; x_wconf 91' lang='lat'>&amp;</span> <span class='ocrx_word' id='word_1_1089' title='bbox 2056 2668 2131 2705; x_wconf 92' lang='lat' dir='ltr'>loca,</span> <span class='ocrx_word' id='word_1_1090' title='bbox 2149 2677 2221 2706; x_wconf 83' lang='lat' dir='ltr'>quos</span> <span class='ocrx_word' id='word_1_1091' title='bbox 2234 2677 2298 2708; x_wconf 88' lang='lat' dir='ltr'>vos,</span> 
     </span>
     <span class='ocr_line' id='line_1_145' title="bbox 1233 2706 2300 2747; baseline -0.001 -9"><span class='ocrx_word' id='word_1_1092' title='bbox 1233 2717 1366 2747; x_wconf 85' lang='lat' dir='ltr'>quatuor,</span> <span class='ocrx_word' id='word_1_1093' title='bbox 1384 2716 1452 2746; x_wconf 82' lang='lat' dir='ltr'>tres,</span> <span class='ocrx_word' id='word_1_1094' title='bbox 1471 2709 1516 2739; x_wconf 90' lang='lat' dir='ltr'>vel</span> <span class='ocrx_word' id='word_1_1095' title='bbox 1530 2707 1589 2739; x_wconf 91' lang='lat' dir='ltr'>duo</span> <span class='ocrx_word' id='word_1_1096' title='bbox 1602 2707 1733 2738; x_wconf 90' lang='lat' dir='ltr'>vestrum</span> <span class='ocrx_word' id='word_1_1097' title='bbox 1747 2708 1780 2738; x_wconf 84' lang='lat' dir='ltr'>ad</span> <span class='ocrx_word' id='word_1_1098' title='bbox 1793 2707 1851 2738; x_wconf 93' lang='lat' dir='ltr'>hoc</span> <span class='ocrx_word' id='word_1_1099' title='bbox 1870 2707 2047 2747; x_wconf 89' lang='lat' dir='ltr'>provideritis</span> <span class='ocrx_word' id='word_1_1100' title='bbox 2061 2729 2070 2745; x_wconf 81' lang='lat'>‚</span> <span class='ocrx_word' id='word_1_1101' title='bbox 2089 2706 2300 2747; x_wconf 83' lang='lat' dir='ltr'>Inquilitionem</span> 
     </span>
     <span class='ocr_line' id='line_1_146' title="bbox 1234 2745 2296 2786; baseline -0.002 -9"><span class='ocrx_word' id='word_1_1102' title='bbox 1234 2747 1300 2777; x_wconf 77' lang='lat' dir='ltr'>inde</span> <span class='ocrx_word' id='word_1_1103' title='bbox 1313 2747 1433 2784; x_wconf 88' lang='lat' dir='ltr'>faciatis,</span> <span class='ocrx_word' id='word_1_1104' title='bbox 1451 2747 1485 2777; x_wconf 88' lang='lat'>&amp;</span> <span class='ocrx_word' id='word_1_1105' title='bbox 1500 2757 1581 2786; x_wconf 87' lang='lat' dir='ltr'>eam,</span> <span class='ocrx_word' id='word_1_1106' title='bbox 1599 2746 1729 2778; x_wconf 67' lang='lat' dir='ltr'>distincte</span> <span class='ocrx_word' id='word_1_1107' title='bbox 1744 2747 1778 2777; x_wconf 88' lang='lat'>&amp;</span> <span class='ocrx_word' id='word_1_1108' title='bbox 1790 2748 1884 2784; x_wconf 82' lang='lat' dir='ltr'>aperte</span> <span class='ocrx_word' id='word_1_1109' title='bbox 1898 2745 2020 2783; x_wconf 63' lang='lat' dir='ltr'>fadiam,</span> <span class='ocrx_word' id='word_1_1110' title='bbox 2045 2745 2144 2776; x_wconf 89' lang='lat' dir='ltr'>Nobis</span> <span class='ocrx_word' id='word_1_1111' title='bbox 2157 2769 2167 2783; x_wconf 93' lang='lat'>,</span> <span class='ocrx_word' id='word_1_1112' title='bbox 2184 2745 2235 2776; x_wconf 90' lang='lat' dir='ltr'>sub</span> <span class='ocrx_word' id='word_1_1113' title='bbox 2251 2745 2296 2776; x_wconf 89' lang='lat' dir='ltr'>Si-</span> 
     </span>
     <span class='ocr_line' id='line_1_147' title="bbox 1233 2782 2297 2825; baseline -0.001 -10"><span class='ocrx_word' id='word_1_1114' title='bbox 1233 2786 1302 2825; x_wconf 88' lang='lat' dir='ltr'>gillis</span> <span class='ocrx_word' id='word_1_1115' title='bbox 1317 2786 1428 2823; x_wconf 80' lang='lat' dir='ltr'>vestris,</span> <span class='ocrx_word' id='word_1_1116' title='bbox 1447 2795 1582 2824; x_wconf 85' lang='lat' dir='ltr'>quatuor,</span> <span class='ocrx_word' id='word_1_1117' title='bbox 1600 2787 1704 2824; x_wconf 90' lang='lat' dir='ltr'>trium,</span> <span class='ocrx_word' id='word_1_1118' title='bbox 1720 2785 1765 2816; x_wconf 89' lang='lat' dir='ltr'>vel</span> <span class='ocrx_word' id='word_1_1119' title='bbox 1779 2785 1902 2816; x_wconf 90' lang='lat' dir='ltr'>duorum</span> <span class='ocrx_word' id='word_1_1120' title='bbox 1916 2782 2044 2815; x_wconf 68' lang='lat' dir='ltr'>vestrum</span> <span class='ocrx_word' id='word_1_1121' title='bbox 2055 2807 2066 2822; x_wconf 87' lang='lat'>‚</span> <span class='ocrx_word' id='word_1_1122' title='bbox 2085 2783 2142 2814; x_wconf 84' lang='lat' dir='ltr'>sine</span> <span class='ocrx_word' id='word_1_1123' title='bbox 2161 2783 2297 2815; x_wconf 86' lang='lat' dir='ltr'>dilatione</span> 
     </span>
     <span class='ocr_line' id='line_1_148' title="bbox 1234 2823 1607 2861; baseline -0.003 -7"><span class='ocrx_word' id='word_1_1124' title='bbox 1234 2825 1366 2861; x_wconf 85' lang='lat' dir='ltr'>mittatis,</span> <span class='ocrx_word' id='word_1_1125' title='bbox 1384 2825 1417 2855; x_wconf 91' lang='lat'>&amp;</span> <span class='ocrx_word' id='word_1_1126' title='bbox 1435 2824 1492 2854; x_wconf 90' lang='lat' dir='ltr'>hoc</span> <span class='ocrx_word' id='word_1_1127' title='bbox 1508 2823 1607 2855; x_wconf 80' lang='lat' dir='ltr'>Breve.</span> 
     </span>
    </p>

    <p class='ocr_par' dir='ltr' id='par_1_53' title="bbox 1233 2859 2300 3086">
     <span class='ocr_line' id='line_1_149' title="bbox 1270 2859 2299 2900; baseline -0.002 -8"><span class='ocrx_word' id='word_1_1128' title='bbox 1270 2862 1470 2893; x_wconf 86' lang='lat' dir='ltr'>Mandavimus</span> <span class='ocrx_word' id='word_1_1129' title='bbox 1484 2864 1560 2893; x_wconf 86' lang='lat' dir='ltr'>enim</span> <span class='ocrx_word' id='word_1_1130' title='bbox 1574 2861 1748 2894; x_wconf 88' lang='lat' dir='ltr'>Vicecomiti</span> <span class='ocrx_word' id='word_1_1131' title='bbox 1764 2861 1862 2892; x_wconf 89' lang='lat' dir='ltr'>nostro</span> <span class='ocrx_word' id='word_1_1132' title='bbox 1875 2860 2038 2892; x_wconf 66' lang='lat' dir='ltr'>Comitatus</span> <span class='ocrx_word' id='word_1_1133' title='bbox 2050 2859 2180 2900; x_wconf 63' lang='lat' dir='ltr'>praedieti</span> <span class='ocrx_word' id='word_1_1134' title='bbox 2189 2859 2299 2899; x_wconf 77' lang='lat' dir='ltr'>‚quod,</span> 
     </span>
     <span class='ocr_line' id='line_1_150' title="bbox 1233 2898 2297 2940; baseline -0.003 -9"><span class='ocrx_word' id='word_1_1135' title='bbox 1233 2901 1266 2932; x_wconf 89' lang='lat' dir='ltr'>ad</span> <span class='ocrx_word' id='word_1_1136' title='bbox 1281 2910 1371 2931; x_wconf 86' lang='lat' dir='ltr'>certos</span> <span class='ocrx_word' id='word_1_1137' title='bbox 1381 2901 1438 2931; x_wconf 87' lang='lat' dir='ltr'>dies</span> <span class='ocrx_word' id='word_1_1138' title='bbox 1451 2901 1484 2931; x_wconf 90' lang='lat'>&amp;</span> <span class='ocrx_word' id='word_1_1139' title='bbox 1497 2901 1576 2940; x_wconf 79' lang='lat' dir='ltr'>loca,</span> <span class='ocrx_word' id='word_1_1140' title='bbox 1595 2911 1665 2939; x_wconf 86' lang='lat' dir='ltr'>quos</span> <span class='ocrx_word' id='word_1_1141' title='bbox 1675 2911 1742 2939; x_wconf 86' lang='lat' dir='ltr'>vos,</span> <span class='ocrx_word' id='word_1_1142' title='bbox 1760 2908 1894 2939; x_wconf 85' lang='lat' dir='ltr'>quatuor,</span> <span class='ocrx_word' id='word_1_1143' title='bbox 1914 2908 1985 2939; x_wconf 79' lang='lat' dir='ltr'>tres,</span> <span class='ocrx_word' id='word_1_1144' title='bbox 2007 2899 2051 2930; x_wconf 89' lang='lat' dir='ltr'>vel</span> <span class='ocrx_word' id='word_1_1145' title='bbox 2072 2898 2131 2930; x_wconf 93' lang='lat' dir='ltr'>duo</span> <span class='ocrx_word' id='word_1_1146' title='bbox 2146 2898 2274 2929; x_wconf 72' lang='lat' dir='ltr'>vestrum</span> <span class='ocrx_word' id='word_1_1147' title='bbox 2285 2920 2297 2934; x_wconf 86' lang='lat'>‚</span> 
     </span>
     <span class='ocr_line' id='line_1_151' title="bbox 1234 2935 2297 2983; baseline -0.005 -13"><span class='ocrx_word' id='word_1_1148' title='bbox 1234 2942 1259 2970; x_wconf 89' lang='lat' dir='ltr'>ei</span> <span class='ocrx_word' id='word_1_1149' title='bbox 1276 2939 1343 2970; x_wconf 86' lang='lat' dir='ltr'>scire</span> <span class='ocrx_word' id='word_1_1150' title='bbox 1359 2939 1463 2970; x_wconf 77' lang='lat' dir='ltr'>facietis</span> <span class='ocrx_word' id='word_1_1151' title='bbox 1477 2963 1486 2976; x_wconf 83' lang='grc'>.,</span> <span class='ocrx_word' id='word_1_1152' title='bbox 1512 2942 1608 2970; x_wconf 87' lang='lat' dir='ltr'>venire</span> <span class='ocrx_word' id='word_1_1153' title='bbox 1627 2940 1709 2970; x_wconf 86' lang='lat' dir='ltr'>faciat</span> <span class='ocrx_word' id='word_1_1154' title='bbox 1731 2949 1830 2970; x_wconf 87' lang='lat' dir='ltr'>coram</span> <span class='ocrx_word' id='word_1_1155' title='bbox 1850 2939 1948 2977; x_wconf 79' lang='lat' dir='ltr'>vobis,</span> <span class='ocrx_word' id='word_1_1156' title='bbox 1970 2946 2089 2981; x_wconf 82' lang='lat' dir='ltr'>quatuor</span> <span class='ocrx_word' id='word_1_1157' title='bbox 2098 2959 2113 2983; x_wconf 68' lang='lat'><em>2</em></span> <span class='ocrx_word' id='word_1_1158' title='bbox 2131 2937 2233 2982; x_wconf 72' lang='lat' dir='ltr'>tribus,</span> <span class='ocrx_word' id='word_1_1159' title='bbox 2252 2935 2297 2965; x_wconf 86' lang='lat' dir='ltr'>vel</span> 
     </span>
     <span class='ocr_line' id='line_1_152' title="bbox 1233 2973 2300 3016; baseline -0.004 -8"><span class='ocrx_word' id='word_1_1160' title='bbox 1233 2979 1344 3008; x_wconf 89' lang='lat' dir='ltr'>duobus</span> <span class='ocrx_word' id='word_1_1161' title='bbox 1356 2977 1499 3016; x_wconf 73' lang='lat' dir='ltr'>vestrum,</span> <span class='ocrx_word' id='word_1_1162' title='bbox 1516 2978 1579 3008; x_wconf 93' lang='lat' dir='ltr'>Tot</span> <span class='ocrx_word' id='word_1_1163' title='bbox 1601 2979 1660 3010; x_wconf 88' lang='lat' dir='ltr'>&amp;c.</span> <span class='ocrx_word' id='word_1_1164' title='bbox 1680 2979 1738 3009; x_wconf 66' lang='lat' dir='ltr'>tam</span> <span class='ocrx_word' id='word_1_1165' title='bbox 1756 2978 1793 3008; x_wconf 88' lang='lat' dir='ltr'>de</span> <span class='ocrx_word' id='word_1_1166' title='bbox 1813 2977 1956 3008; x_wconf 88' lang='lat' dir='ltr'>Libertate</span> <span class='ocrx_word' id='word_1_1167' title='bbox 1976 2975 2112 3014; x_wconf 68' lang='lat' dir='ltr'>praedicta</span> <span class='ocrx_word' id='word_1_1168' title='bbox 2124 2996 2135 3012; x_wconf 85' lang='lat'>,</span> <span class='ocrx_word' id='word_1_1169' title='bbox 2157 2983 2246 3013; x_wconf 84' lang='lat' dir='ltr'>quam</span> <span class='ocrx_word' id='word_1_1170' title='bbox 2262 2973 2300 3005; x_wconf 85' lang='lat' dir='ltr'>de</span> 
     </span>
     <span class='ocr_line' id='line_1_153' title="bbox 1234 3015 1954 3086; baseline -0.001 -40"><span class='ocrx_word' id='word_1_1171' title='bbox 1234 3015 1384 3086; x_wconf 63' lang='lat' dir='ltr'>Colmitatu</span> <span class='ocrx_word' id='word_1_1172' title='bbox 1399 3016 1551 3086; x_wconf 52' lang='lat' dir='ltr'>prigcdiclo,</span> <span class='ocrx_word' id='word_1_1173' title='bbox 1571 3026 1620 3055; x_wconf 91' lang='lat' dir='ltr'>per</span> <span class='ocrx_word' id='word_1_1174' title='bbox 1632 3026 1703 3055; x_wconf 87' lang='lat' dir='ltr'>quos</span> <span class='ocrx_word' id='word_1_1175' title='bbox 1716 3017 1778 3048; x_wconf 88' lang='lat' dir='ltr'>&amp;c.</span> <span class='ocrx_word' id='word_1_1176' title='bbox 1795 3016 1829 3047; x_wconf 92' lang='lat'>&amp;</span> <span class='ocrx_word' id='word_1_1177' title='bbox 1843 3016 1954 3055; x_wconf 90' lang='lat' dir='ltr'>inquiri.</span> 
     </span>
    </p>

    <p class='ocr_par' dir='ltr' id='par_1_54' title="bbox 1288 3065 1495 3085">
     <span class='ocr_line' id='line_1_154' title="bbox 1288 3065 1495 3085; baseline -0.005 -1"><span class='ocrx_word' id='word_1_1178' title='bbox 1288 3065 1306 3084; x_wconf 81' lang='lat' dir='ltr'>n</span> <span class='ocrx_word' id='word_1_1179' title='bbox 1323 3065 1357 3085; x_wconf 84' lang='lat' dir='ltr'>CU</span> <span class='ocrx_word' id='word_1_1180' title='bbox 1372 3065 1401 3085; x_wconf 79' lang='lat' dir='ltr'>us</span> <span class='ocrx_word' id='word_1_1181' title='bbox 1470 3065 1495 3085; x_wconf 87' lang='lat' dir='ltr'>C.</span> 
     </span>
    </p>

    <p class='ocr_par' dir='ltr' id='par_1_55' title="bbox 1308 3065 2156 3133">
     <span class='ocr_line' id='line_1_155' title="bbox 1308 3065 2156 3133; baseline -0.006 -9"><span class='ocrx_word' id='word_1_1182' title='bbox 1308 3065 1397 3125; x_wconf 50' lang='lat' dir='ltr'>Telke</span> <span class='ocrx_word' id='word_1_1183' title='bbox 1407 3078 1499 3133; x_wconf 65' lang='lat' dir='ltr'>’Rege</span> <span class='ocrx_word' id='word_1_1184' title='bbox 1513 3093 1587 3132; x_wconf 89' lang='lat' dir='ltr'>apud</span> <span class='ocrx_word' id='word_1_1185' title='bbox 1603 3093 1752 3132; x_wconf 84' lang='lat' dir='ltr'>Eborum,</span> <span class='ocrx_word' id='word_1_1186' title='bbox 1771 3093 1890 3124; x_wconf 81' lang='lat' dir='ltr'>decimo</span> <span class='ocrx_word' id='word_1_1187' title='bbox 1905 3098 2003 3129; x_wconf 84' lang='lat' dir='ltr'>quarto</span> <span class='ocrx_word' id='word_1_1188' title='bbox 2015 3090 2060 3120; x_wconf 88' lang='lat' dir='ltr'>die</span> <span class='ocrx_word' id='word_1_1189' title='bbox 2070 3089 2156 3129; x_wconf 88' lang='lat' dir='ltr'>Junii.</span> 
     </span>
    </p>
   </div>
   <div class='ocr_carea' id='block_1_35' title="bbox 1873 3166 2139 3205">
    <p class='ocr_par' dir='ltr' id='par_1_56' title="bbox 1873 3166 2139 3205">
     <span class='ocr_line' id='line_1_156' title="bbox 1873 3166 2139 3205; baseline 0 -9"><span class='ocrx_word' id='word_1_1190' title='bbox 1873 3169 1926 3197; x_wconf 82' lang='lat' dir='ltr'>Per</span> <span class='ocrx_word' id='word_1_1191' title='bbox 1941 3166 2021 3205; x_wconf 75' lang='lat' dir='ltr'>ipfirm</span> <span class='ocrx_word' id='word_1_1192' title='bbox 2035 3169 2139 3205; x_wconf 77' lang='lat' dir='ltr'>Regem.</span> 
     </span>
    </p>
   </div>
   <div class='ocr_carea' id='block_1_36' title="bbox 1333 3304 2196 3352">
    <p class='ocr_par' dir='ltr' id='par_1_57' title="bbox 1333 3304 2196 3352">
     <span class='ocr_line' id='line_1_157' title="bbox 1333 3304 2196 3352; baseline -0.001 -13"><span class='ocrx_word' id='word_1_1193' title='bbox 1333 3309 1429 3352; x_wconf 83' lang='lat' dir='ltr'>Super</span> <span class='ocrx_word' id='word_1_1194' title='bbox 1444 3309 1663 3348; x_wconf 75' lang='lat' dir='ltr'>Arraiatione,</span> <span class='ocrx_word' id='word_1_1195' title='bbox 1687 3307 1724 3343; x_wconf 56' lang='grc' dir='ltr'>(ὲν</span> <span class='ocrx_word' id='word_1_1196' title='bbox 1755 3304 1936 3350; x_wconf 66' lang='lat' dir='ltr'>Profeffione</span> <span class='ocrx_word' id='word_1_1197' title='bbox 1960 3314 2064 3338; x_wconf 78' lang='lat' dir='ltr'>contra</span> <span class='ocrx_word' id='word_1_1198' title='bbox 2087 3307 2196 3338; x_wconf 86' lang='lat' dir='ltr'>Scotos.</span> 
     </span>
    </p>
   </div>
   <div class='ocr_carea' id='block_1_37' title="bbox 1239 3388 2448 4108">
    <p class='ocr_par' dir='ltr' id='par_1_58' title="bbox 1239 3388 2448 4108">
     <span class='ocr_line' id='line_1_158' title="bbox 1241 3388 2448 3454; baseline -0.003 -32"><span class='ocrx_word' id='word_1_1199' title='bbox 1241 3391 1330 3454; x_wconf 84' lang='lat' dir='ltr'>RE</span> <span class='ocrx_word' id='word_1_1200' title='bbox 1340 3390 1371 3421; x_wconf 81' lang='lat' dir='ltr'>X</span> <span class='ocrx_word' id='word_1_1201' title='bbox 1387 3391 1587 3422; x_wconf 87' lang='lat' dir='ltr'>Arraiatoribus</span> <span class='ocrx_word' id='word_1_1202' title='bbox 1599 3390 1784 3429; x_wconf 84' lang='lat' dir='ltr'>Hominum,</span> <span class='ocrx_word' id='word_1_1203' title='bbox 1803 3392 1862 3421; x_wconf 69' lang='lat' dir='ltr'>tam</span> <span class='ocrx_word' id='word_1_1204' title='bbox 1876 3389 2034 3429; x_wconf 83' lang='lat' dir='ltr'>Equitum,</span> <span class='ocrx_word' id='word_1_1205' title='bbox 2049 3390 2136 3429; x_wconf 71' lang='lat' dir='ltr'>quam</span> <span class='ocrx_word' id='word_1_1206' title='bbox 2158 3388 2299 3432; x_wconf 70' lang='lat' dir='ltr'>Peditum,</span> <span class='ocrx_word' id='word_1_1207' title='bbox 2312 3390 2388 3422; x_wconf 89' lang='lat' dir='ltr'>Ann.</span> <span class='ocrx_word' id='word_1_1208' title='bbox 2404 3389 2448 3427; x_wconf 59' lang='lat' dir='ltr'>D}</span> 
     </span>
     <span class='ocr_line' id='line_1_159' title="bbox 1322 3426 2424 3472; baseline 0 -13"><span class='ocrx_word' id='word_1_1209' title='bbox 1322 3440 1370 3469; x_wconf 86' lang='lat' dir='ltr'>per</span> <span class='ocrx_word' id='word_1_1210' title='bbox 1383 3429 1547 3461; x_wconf 89' lang='lat' dir='ltr'>Dominum</span> <span class='ocrx_word' id='word_1_1211' title='bbox 1561 3429 1595 3460; x_wconf 92' lang='lat' dir='ltr'>E.</span> <span class='ocrx_word' id='word_1_1212' title='bbox 1610 3440 1648 3460; x_wconf 92' lang='lat' dir='ltr'>nu</span> <span class='ocrx_word' id='word_1_1213' title='bbox 1672 3439 1700 3459; x_wconf 90' lang='lat' dir='ltr'>er</span> <span class='ocrx_word' id='word_1_1214' title='bbox 1715 3428 1827 3468; x_wconf 80' lang='lat' dir='ltr'>Regem</span> <span class='ocrx_word' id='word_1_1215' title='bbox 1841 3429 1970 3468; x_wconf 87' lang='lat' dir='ltr'>Angliae,</span> <span class='ocrx_word' id='word_1_1216' title='bbox 1988 3428 2101 3459; x_wconf 89' lang='lat' dir='ltr'>Patrem</span> <span class='ocrx_word' id='word_1_1217' title='bbox 2113 3426 2251 3472; x_wconf 77' lang='lat' dir='ltr'>nostrum,</span> <span class='ocrx_word' id='word_1_1218' title='bbox 2269 3435 2299 3469; x_wconf 65' lang='lat' dir='ltr'>in</span> <span class='ocrx_word' id='word_1_1219' title='bbox 2338 3438 2424 3470; x_wconf 87' lang='lat'>13²7·</span> 
     </span>
     <span class='ocr_line' id='line_1_160' title="bbox 1677 3464 2407 3506; baseline -0.003 -8"><span class='ocrx_word' id='word_1_1220' title='bbox 1677 3469 1781 3498; x_wconf 88' lang='lat' dir='ltr'>borum</span> <span class='ocrx_word' id='word_1_1221' title='bbox 1793 3490 1804 3506; x_wconf 81' lang='lat'>‚</span> <span class='ocrx_word' id='word_1_1222' title='bbox 1829 3468 1862 3499; x_wconf 89' lang='lat'>&amp;</span> <span class='ocrx_word' id='word_1_1223' title='bbox 1884 3477 1986 3500; x_wconf 89' lang='lat' dir='ltr'>eorum</span> <span class='ocrx_word' id='word_1_1224' title='bbox 2007 3464 2255 3498; x_wconf 81' lang='lat' dir='ltr'>Subarraiatonbus</span> <span class='ocrx_word' id='word_1_1225' title='bbox 2269 3473 2300 3494; x_wconf 87' lang='lat' dir='ltr'>m</span> <span class='ocrx_word' id='word_1_1226' title='bbox 2312 3471 2365 3496; x_wconf 75' lang='lat' dir='ltr'>Aa.</span> <span class='ocrx_word' id='word_1_1227' title='bbox 2382 3478 2407 3496; x_wconf 89' lang='lat'>1.</span> 
     </span>
     <span class='ocr_line' id='line_1_161' title="bbox 1241 3505 2393 3547; baseline -0.001 -12"><span class='ocrx_word' id='word_1_1228' title='bbox 1241 3505 1343 3536; x_wconf 84' lang='lat' dir='ltr'>eisdem</span> <span class='ocrx_word' id='word_1_1229' title='bbox 1358 3508 1493 3547; x_wconf 80' lang='lat' dir='ltr'>partibus,</span> <span class='ocrx_word' id='word_1_1230' title='bbox 1511 3507 1644 3538; x_wconf 84' lang='lat' dir='ltr'>Salutem.</span> <span class='ocrx_word' id='word_1_1231' title='bbox 2314 3510 2344 3534; x_wconf 77' lang='lat' dir='ltr'>E.</span> <span class='ocrx_word' id='word_1_1232' title='bbox 2367 3516 2393 3544; x_wconf 83' lang='lat'>3.</span> 
     </span>
     <span class='ocr_line' id='line_1_162' title="bbox 1281 3544 2430 3584; baseline -0.001 -10"><span class='ocrx_word' id='word_1_1233' title='bbox 1281 3544 1359 3574; x_wconf 77' lang='lat' dir='ltr'>Cum</span> <span class='ocrx_word' id='word_1_1234' title='bbox 1376 3555 1474 3584; x_wconf 76' lang='lat' dir='ltr'>nuper,</span> <span class='ocrx_word' id='word_1_1235' title='bbox 2313 3549 2379 3573; x_wconf 71' lang='lat' dir='ltr'>Scor.</span> <span class='ocrx_word' id='word_1_1236' title='bbox 2404 3548 2430 3573; x_wconf 60' lang='grc' dir='ltr'>ιζ</span> 
     </span>
     <span class='ocr_line' id='line_1_163' title="bbox 1281 3579 2388 3624; baseline -0.001 -12"><span class='ocrx_word' id='word_1_1237' title='bbox 1281 3582 1467 3621; x_wconf 76' lang='lat' dir='ltr'>Intelligentes</span> <span class='ocrx_word' id='word_1_1238' title='bbox 1480 3583 1559 3623; x_wconf 80' lang='lat' dir='ltr'>quod</span> <span class='ocrx_word' id='word_1_1239' title='bbox 1575 3583 1672 3621; x_wconf 76' lang='lat' dir='ltr'>Semi,</span> <span class='ocrx_word' id='word_1_1240' title='bbox 1689 3582 1794 3614; x_wconf 88' lang='lat' dir='ltr'>Nostri</span> <span class='ocrx_word' id='word_1_1241' title='bbox 1808 3583 1841 3615; x_wconf 68' lang='grc' dir='ltr'>δε</span> <span class='ocrx_word' id='word_1_1242' title='bbox 1855 3581 1951 3623; x_wconf 89' lang='lat' dir='ltr'>Regni</span> <span class='ocrx_word' id='word_1_1243' title='bbox 1962 3581 2050 3613; x_wconf 87' lang='lat' dir='ltr'>nostri</span> <span class='ocrx_word' id='word_1_1244' title='bbox 2063 3580 2177 3612; x_wconf 89' lang='lat' dir='ltr'>Inimici</span> <span class='ocrx_word' id='word_1_1245' title='bbox 2186 3579 2241 3624; x_wconf 68' lang='lat' dir='ltr'>,se</span> <span class='ocrx_word' id='word_1_1246' title='bbox 2251 3587 2300 3615; x_wconf 89' lang='lat' dir='ltr'>pa—</span> <span class='ocrx_word' id='word_1_1247' title='bbox 2313 3587 2344 3610; x_wconf 81' lang='grc' dir='ltr'>Ε.</span> <span class='ocrx_word' id='word_1_1248' title='bbox 2363 3592 2388 3619; x_wconf 89' lang='lat'>3.</span> 
     </span>
     <span class='ocr_line' id='line_1_164' title="bbox 1244 3618 2405 3661; baseline -0.002 -10"><span class='ocrx_word' id='word_1_1249' title='bbox 1244 3622 1356 3659; x_wconf 83' lang='lat' dir='ltr'>rabant,</span> <span class='ocrx_word' id='word_1_1250' title='bbox 1375 3623 1394 3641; x_wconf 69' lang='lat'>²¹²</span> <span class='ocrx_word' id='word_1_1251' title='bbox 1415 3624 1521 3660; x_wconf 84' lang='lat' dir='ltr'>quanto</span> <span class='ocrx_word' id='word_1_1252' title='bbox 1532 3622 1674 3661; x_wconf 78' lang='lat' dir='ltr'>potentius</span> <span class='ocrx_word' id='word_1_1253' title='bbox 1688 3630 1830 3661; x_wconf 88' lang='lat' dir='ltr'>poterant,</span> <span class='ocrx_word' id='word_1_1254' title='bbox 1847 3622 1883 3652; x_wconf 91' lang='lat' dir='ltr'>ad</span> <span class='ocrx_word' id='word_1_1255' title='bbox 1899 3622 1973 3653; x_wconf 88' lang='lat' dir='ltr'>idem</span> <span class='ocrx_word' id='word_1_1256' title='bbox 1983 3621 2116 3658; x_wconf 83' lang='lat' dir='ltr'>Regnum</span> <span class='ocrx_word' id='word_1_1257' title='bbox 2128 3618 2300 3656; x_wconf 83' lang='lat' dir='ltr'>proditiona—</span> <span class='ocrx_word' id='word_1_1258' title='bbox 2313 3631 2349 3649; x_wconf 87' lang='lat' dir='ltr'>m.</span> <span class='ocrx_word' id='word_1_1259' title='bbox 2374 3631 2405 3656; x_wconf 85' lang='lat'>4.</span> 
     </span>
     <span class='ocr_line' id='line_1_165' title="bbox 1244 3653 2410 3700; baseline -0.002 -12"><span class='ocrx_word' id='word_1_1260' title='bbox 1244 3659 1322 3697; x_wconf 77' lang='lat' dir='ltr'>liter,</span> <span class='ocrx_word' id='word_1_1261' title='bbox 1341 3670 1408 3690; x_wconf 90' lang='lat' dir='ltr'>cum</span> <span class='ocrx_word' id='word_1_1262' title='bbox 1425 3669 1488 3690; x_wconf 92' lang='lat' dir='ltr'>toto</span> <span class='ocrx_word' id='word_1_1263' title='bbox 1506 3659 1591 3690; x_wconf 87' lang='lat' dir='ltr'>Posse</span> <span class='ocrx_word' id='word_1_1264' title='bbox 1604 3660 1670 3698; x_wconf 87' lang='lat' dir='ltr'>suo,</span> <span class='ocrx_word' id='word_1_1265' title='bbox 1695 3660 1908 3699; x_wconf 85' lang='lat' dir='ltr'>ingrediendum</span> <span class='ocrx_word' id='word_1_1266' title='bbox 1920 3682 1930 3697; x_wconf 84' lang='lat'>,</span> <span class='ocrx_word' id='word_1_1267' title='bbox 1947 3658 1980 3689; x_wconf 85' lang='lat' dir='ltr'>ad</span> <span class='ocrx_word' id='word_1_1268' title='bbox 2000 3656 2132 3700; x_wconf 78' lang='lat' dir='ltr'>Incendia</span> <span class='ocrx_word' id='word_1_1269' title='bbox 2145 3679 2154 3694; x_wconf 81' lang='lat'>,</span> <span class='ocrx_word' id='word_1_1270' title='bbox 2178 3653 2299 3686; x_wconf 85' lang='lat' dir='ltr'>Destru-</span> <span class='ocrx_word' id='word_1_1271' title='bbox 2313 3661 2329 3676; x_wconf 67' lang='lat'>¹*</span> <span class='ocrx_word' id='word_1_1272' title='bbox 2357 3660 2410 3688; x_wconf 85' lang='lat' dir='ltr'>IV.</span> 
     </span>
     <span class='ocr_line' id='line_1_166' title="bbox 1246 3693 2377 3738; baseline -0.002 -12"><span class='ocrx_word' id='word_1_1273' title='bbox 1246 3697 1364 3734; x_wconf 49' lang='lat' dir='ltr'>(stiones,</span> <span class='ocrx_word' id='word_1_1274' title='bbox 1381 3698 1413 3728; x_wconf 89' lang='lat'>&amp;</span> <span class='ocrx_word' id='word_1_1275' title='bbox 1431 3698 1520 3736; x_wconf 81' lang='lat' dir='ltr'>Mala,</span> <span class='ocrx_word' id='word_1_1276' title='bbox 1540 3708 1604 3738; x_wconf 80' lang='lat' dir='ltr'>quae</span> <span class='ocrx_word' id='word_1_1277' title='bbox 1618 3707 1762 3737; x_wconf 82' lang='lat' dir='ltr'>poterant,</span> <span class='ocrx_word' id='word_1_1278' title='bbox 1780 3697 1994 3738; x_wconf 87' lang='lat' dir='ltr'>perpetrandum</span> <span class='ocrx_word' id='word_1_1279' title='bbox 2007 3718 2017 3733; x_wconf 85' lang='grc'>,</span> <span class='ocrx_word' id='word_1_1280' title='bbox 2040 3694 2089 3724; x_wconf 78' lang='lat' dir='ltr'>ntfi</span> <span class='ocrx_word' id='word_1_1281' title='bbox 2111 3695 2142 3724; x_wconf 90' lang='lat' dir='ltr'>in</span> <span class='ocrx_word' id='word_1_1282' title='bbox 2161 3693 2298 3724; x_wconf 70' lang='lat' dir='ltr'>Traetatu</span> <span class='ocrx_word' id='word_1_1283' title='bbox 2313 3706 2377 3734; x_wconf 80' lang='lat'>293,</span> 
     </span>
     <span class='ocr_line' id='line_1_167' title="bbox 1265 3730 2302 3774; baseline -0.001 -11"><span class='ocrx_word' id='word_1_1284' title='bbox 1265 3736 1334 3772; x_wconf 73' lang='lat' dir='ltr'>acis,</span> <span class='ocrx_word' id='word_1_1285' title='bbox 1352 3737 1422 3766; x_wconf 87' lang='lat' dir='ltr'>inter</span> <span class='ocrx_word' id='word_1_1286' title='bbox 1446 3736 1556 3766; x_wconf 85' lang='lat' dir='ltr'>nostros</span> <span class='ocrx_word' id='word_1_1287' title='bbox 1597 3736 1631 3767; x_wconf 74' lang='grc' dir='ltr'>δε</span> <span class='ocrx_word' id='word_1_1288' title='bbox 1651 3737 1773 3774; x_wconf 86' lang='lat' dir='ltr'>ipsorum</span> <span class='ocrx_word' id='word_1_1289' title='bbox 1793 3737 1944 3767; x_wconf 88' lang='lat' dir='ltr'>Scotorum</span> <span class='ocrx_word' id='word_1_1290' title='bbox 1967 3732 2100 3763; x_wconf 90' lang='lat' dir='ltr'>Nuncios</span> <span class='ocrx_word' id='word_1_1291' title='bbox 2113 3754 2123 3770; x_wconf 87' lang='lat'>‚</span> <span class='ocrx_word' id='word_1_1292' title='bbox 2153 3730 2187 3761; x_wconf 84' lang='lat' dir='ltr'>ad</span> <span class='ocrx_word' id='word_1_1293' title='bbox 2208 3730 2302 3762; x_wconf 88' lang='lat' dir='ltr'>Partes</span> 
     </span>
     <span class='ocr_line' id='line_1_168' title="bbox 1270 3761 2303 3814; baseline -0.001 -12"><span class='ocrx_word' id='word_1_1294' title='bbox 1270 3773 1387 3803; x_wconf 70' lang='lat' dir='ltr'>larchiae</span> <span class='ocrx_word' id='word_1_1295' title='bbox 1404 3774 1508 3805; x_wconf 86' lang='lat' dir='ltr'>Scotiae</span> <span class='ocrx_word' id='word_1_1296' title='bbox 1521 3761 1687 3814; x_wconf 56' lang='lat' dir='ltr'>destinatos,</span> <span class='ocrx_word' id='word_1_1297' title='bbox 1703 3785 1771 3806; x_wconf 86' lang='lat' dir='ltr'>tunc</span> <span class='ocrx_word' id='word_1_1298' title='bbox 1784 3773 1932 3811; x_wconf 83' lang='lat' dir='ltr'>habendo,</span> <span class='ocrx_word' id='word_1_1299' title='bbox 1949 3770 2055 3801; x_wconf 85' lang='lat' dir='ltr'>Pacem</span> <span class='ocrx_word' id='word_1_1300' title='bbox 2074 3769 2109 3800; x_wconf 87' lang='lat' dir='ltr'>ad</span> <span class='ocrx_word' id='word_1_1301' title='bbox 2129 3769 2303 3801; x_wconf 88' lang='lat' dir='ltr'>voluntatem</span> 
     </span>
     <span class='ocr_line' id='line_1_169' title="bbox 1246 3811 1569 3850; baseline 0 -8"><span class='ocrx_word' id='word_1_1302' title='bbox 1246 3812 1321 3842; x_wconf 85' lang='lat' dir='ltr'>suam</span> <span class='ocrx_word' id='word_1_1303' title='bbox 1334 3811 1436 3841; x_wconf 85' lang='lat' dir='ltr'>habere</span> <span class='ocrx_word' id='word_1_1304' title='bbox 1448 3812 1569 3850; x_wconf 86' lang='lat' dir='ltr'>poffent,</span> 
     </span>
     <span class='ocr_line' id='line_1_170' title="bbox 1283 3843 2307 3890; baseline 0.004 -13"><span class='ocrx_word' id='word_1_1305' title='bbox 1283 3849 1373 3878; x_wconf 86' lang='lat' dir='ltr'>Vobis</span> <span class='ocrx_word' id='word_1_1306' title='bbox 1396 3852 1621 3882; x_wconf 84' lang='lat' dir='ltr'>mandaverimus</span> <span class='ocrx_word' id='word_1_1307' title='bbox 1637 3874 1647 3890; x_wconf 79' lang='grc'>,</span> <span class='ocrx_word' id='word_1_1308' title='bbox 1671 3851 1751 3889; x_wconf 79' lang='lat' dir='ltr'>quod</span> <span class='ocrx_word' id='word_1_1309' title='bbox 1775 3859 1874 3881; x_wconf 88' lang='lat' dir='ltr'>omnes</span> <span class='ocrx_word' id='word_1_1310' title='bbox 1893 3849 1926 3879; x_wconf 92' lang='lat'>&amp;</span> <span class='ocrx_word' id='word_1_1311' title='bbox 1958 3845 2074 3884; x_wconf 81' lang='lat' dir='ltr'>fingulOS</span> <span class='ocrx_word' id='word_1_1312' title='bbox 2091 3843 2233 3890; x_wconf 69' lang='lat' dir='ltr'>HOminCS</span> <span class='ocrx_word' id='word_1_1313' title='bbox 2249 3870 2258 3885; x_wconf 87' lang='lat'>‚</span> <span class='ocrx_word' id='word_1_1314' title='bbox 2276 3848 2307 3878; x_wconf 76' lang='lat' dir='ltr'>in</span> 
     </span>
     <span class='ocr_line' id='line_1_171' title="bbox 1247 3885 2309 3927; baseline 0 -10"><span class='ocrx_word' id='word_1_1315' title='bbox 1247 3886 1420 3926; x_wconf 76' lang='lat' dir='ltr'>Estiithingo</span> <span class='ocrx_word' id='word_1_1316' title='bbox 1435 3889 1586 3927; x_wconf 71' lang='lat' dir='ltr'>praedicto,</span> <span class='ocrx_word' id='word_1_1317' title='bbox 1606 3890 1662 3919; x_wconf 67' lang='lat' dir='ltr'>tam</span> <span class='ocrx_word' id='word_1_1318' title='bbox 1674 3890 1743 3919; x_wconf 83' lang='lat' dir='ltr'>infra</span> <span class='ocrx_word' id='word_1_1319' title='bbox 1759 3888 1929 3924; x_wconf 86' lang='lat' dir='ltr'>Libertates,</span> <span class='ocrx_word' id='word_1_1320' title='bbox 1946 3885 2031 3923; x_wconf 69' lang='lat' dir='ltr'>quam</span> <span class='ocrx_word' id='word_1_1321' title='bbox 2048 3890 2140 3921; x_wconf 86' lang='lat' dir='ltr'>extra,</span> <span class='ocrx_word' id='word_1_1322' title='bbox 2159 3885 2229 3916; x_wconf 66' lang='lat' dir='ltr'>infra</span> <span class='ocrx_word' id='word_1_1323' title='bbox 2241 3895 2309 3917; x_wconf 79' lang='lat' dir='ltr'>aeta-</span> 
     </span>
     <span class='ocr_line' id='line_1_172' title="bbox 1245 3920 2308 3967; baseline -0.003 -9"><span class='ocrx_word' id='word_1_1324' title='bbox 1245 3935 1305 3955; x_wconf 79' lang='lat' dir='ltr'>tem</span> <span class='ocrx_word' id='word_1_1325' title='bbox 1318 3925 1466 3956; x_wconf 80' lang='lat' dir='ltr'>Sexdecim</span> <span class='ocrx_word' id='word_1_1326' title='bbox 1480 3928 1512 3958; x_wconf 62' lang='grc' dir='ltr'>ὃς</span> <span class='ocrx_word' id='word_1_1327' title='bbox 1526 3927 1672 3967; x_wconf 82' lang='lat' dir='ltr'>Sexaginta</span> <span class='ocrx_word' id='word_1_1328' title='bbox 1688 3935 1831 3957; x_wconf 82' lang='lat' dir='ltr'>annorum</span> <span class='ocrx_word' id='word_1_1329' title='bbox 1844 3925 2003 3959; x_wconf 76' lang='lat' dir='ltr'>existenteS,</span> <span class='ocrx_word' id='word_1_1330' title='bbox 2019 3921 2075 3951; x_wconf 74' lang='lat' dir='ltr'>tam</span> <span class='ocrx_word' id='word_1_1331' title='bbox 2090 3920 2214 3967; x_wconf 73' lang='lat' dir='ltr'>Equites,</span> <span class='ocrx_word' id='word_1_1332' title='bbox 2221 3925 2308 3962; x_wconf 74' lang='lat' dir='ltr'>quarn</span> 
     </span>
     <span class='ocr_line' id='line_1_173' title="bbox 1248 3959 2307 4003; baseline -0.001 -10"><span class='ocrx_word' id='word_1_1333' title='bbox 1248 3963 1374 4001; x_wconf 89' lang='lat' dir='ltr'>Pedites,</span> <span class='ocrx_word' id='word_1_1334' title='bbox 1390 3965 1465 4001; x_wconf 76' lang='lat' dir='ltr'>juxra</span> <span class='ocrx_word' id='word_1_1335' title='bbox 1480 3966 1663 3996; x_wconf 84' lang='lat' dir='ltr'>Arraiationes</span> <span class='ocrx_word' id='word_1_1336' title='bbox 1674 3966 1753 4002; x_wconf 86' lang='lat' dir='ltr'>alias,</span> <span class='ocrx_word' id='word_1_1337' title='bbox 1770 3974 1820 4003; x_wconf 90' lang='lat' dir='ltr'>per</span> <span class='ocrx_word' id='word_1_1338' title='bbox 1835 3972 1886 3992; x_wconf 87' lang='lat' dir='ltr'>vos</span> <span class='ocrx_word' id='word_1_1339' title='bbox 1898 3984 1908 3999; x_wconf 90' lang='lat'>,</span> <span class='ocrx_word' id='word_1_1340' title='bbox 1925 3960 1960 3990; x_wconf 89' lang='lat' dir='ltr'>de</span> <span class='ocrx_word' id='word_1_1341' title='bbox 1975 3959 2106 3991; x_wconf 81' lang='lat' dir='ltr'>mandato</span> <span class='ocrx_word' id='word_1_1342' title='bbox 2128 3961 2196 3995; x_wconf 66' lang='lat' dir='ltr'>diffi</span> <span class='ocrx_word' id='word_1_1343' title='bbox 2218 3962 2307 3994; x_wconf 88' lang='lat' dir='ltr'>Patris</span> 
     </span>
     <span class='ocr_line' id='line_1_174' title="bbox 1239 3998 2308 4041; baseline 0 -9"><span class='ocrx_word' id='word_1_1344' title='bbox 1239 4001 1337 4032; x_wconf 77' lang='lat' dir='ltr'>-nostri</span> <span class='ocrx_word' id='word_1_1345' title='bbox 1348 4024 1357 4041; x_wconf 85' lang='lat'>‚</span> <span class='ocrx_word' id='word_1_1346' title='bbox 1375 4001 1477 4038; x_wconf 65' lang='lat' dir='ltr'>factas,</span> <span class='ocrx_word' id='word_1_1347' title='bbox 1496 4004 1715 4041; x_wconf 59' lang='lat' dir='ltr'>praemunirem,</span> <span class='ocrx_word' id='word_1_1348' title='bbox 1733 4001 1813 4040; x_wconf 79' lang='lat' dir='ltr'>quod</span> <span class='ocrx_word' id='word_1_1349' title='bbox 1826 3999 1955 4037; x_wconf 87' lang='lat' dir='ltr'>Prompti</span> <span class='ocrx_word' id='word_1_1350' title='bbox 1975 3998 2062 4028; x_wconf 85' lang='lat' dir='ltr'>essent</span> <span class='ocrx_word' id='word_1_1351' title='bbox 2079 3999 2116 4041; x_wconf 30' lang='lat'>¹&amp;</span> <span class='ocrx_word' id='word_1_1352' title='bbox 2137 3998 2229 4031; x_wconf 85' lang='lat' dir='ltr'>Parati</span> <span class='ocrx_word' id='word_1_1353' title='bbox 2244 4023 2254 4038; x_wconf 82' lang='lat'>,</span> <span class='ocrx_word' id='word_1_1354' title='bbox 2273 4001 2308 4032; x_wconf 89' lang='lat'>&amp;</span> 
     </span>
     <span class='ocr_line' id='line_1_175' title="bbox 1250 4038 2310 4108; baseline -0.003 -36"><span class='ocrx_word' id='word_1_1355' title='bbox 1250 4041 1346 4072; x_wconf 85' lang='lat' dir='ltr'>Armis</span> <span class='ocrx_word' id='word_1_1356' title='bbox 1361 4041 1605 4080; x_wconf 84' lang='lat' dir='ltr'>competentibus,</span> <span class='ocrx_word' id='word_1_1357' title='bbox 1624 4040 1774 4078; x_wconf 84' lang='lat' dir='ltr'>videlicet,</span> <span class='ocrx_word' id='word_1_1358' title='bbox 1789 4038 1903 4079; x_wconf 87' lang='lat' dir='ltr'>quilibet</span> <span class='ocrx_word' id='word_1_1359' title='bbox 1924 4046 2025 4068; x_wconf 86' lang='lat' dir='ltr'>eorum</span> <span class='ocrx_word' id='word_1_1360' title='bbox 2039 4060 2049 4075; x_wconf 82' lang='lat'>,</span> <span class='ocrx_word' id='word_1_1361' title='bbox 2076 4044 2149 4075; x_wconf 77' lang='lat' dir='ltr'>Juxta</span> <span class='ocrx_word' id='word_1_1362' title='bbox 2169 4038 2310 4108; x_wconf 40' lang='lat' dir='ltr'>facultfftes</span> 
     </span>
    </p>
   </div>
   <div class='ocr_carea' id='block_1_38' title="bbox 1243 3464 1626 3508">
    <p class='ocr_par' dir='ltr' id='par_1_59' title="bbox 1243 3464 1626 3508">
     <span class='ocr_line' id='line_1_176' title="bbox 1243 3464 1626 3508; baseline 0.01 -14"><span class='ocrx_word' id='word_1_1363' title='bbox 1243 3464 1418 3508; x_wconf 80' lang='lat' dir='ltr'>Estrithingo</span> <span class='ocrx_word' id='word_1_1364' title='bbox 1432 3470 1462 3498; x_wconf 90' lang='lat' dir='ltr'>in</span> <span class='ocrx_word' id='word_1_1365' title='bbox 1476 3469 1626 3499; x_wconf 88' lang='lat' dir='ltr'>Comitatu</span> 
     </span>
    </p>
   </div>
  </div>
 </body>
</html>
