2562 4279
8 263 80 299 Ann.
96 258 136 296 D.

4 311 118 372 1:12¹ss

13 1473 85 1507 Ann.
98 1472 138 1503 D.

32 1521 116 1553 1314.

12 1556 63 1581 An.
78 1554 104 1579 8.

10 1595 40 1619 13.
55 1599 80 1616 2.

12 1625 124 1660 Rom&

12 1671 52 1695 Fr.
72 1666 98 1695 8.

13 1709 46 1733 Ε.
63 1715 89 1733 2.
107 1713 144 1733 m.

17 1752 61 1771 η.

45 2420 61 2438 ¹*
78 2421 132 2448 iii.

46 2468 114 2495 505.

30 2543 104 2575 Ann.
121 2542 161 2573 D.

56 2590 141 2622 1314.

31 2624 81 2649 An.
97 2622 123 2649 8.

31 2664 61 2687 Ε.
88 2670 113 2687 2.

30 2702 89 2727 rat.
105 2698 132 2725 8.

31 2741 128 2774 E.2.p.
141 2745 150 2762 1

34 2784 126 2804 m.10·

40 3200 114 3233 Ann.
128 3200 168 3232 D.

60 3249 145 3281 1314.

40 3284 89 3307 An,
107 3281 132 3308 ὃ.

40 3322 64 3345 Ε
81 3327 95 3344 2

39 3339 106 3393 vise]
124 3356 150 3384 8.

42 3397 72 3422 Ε.
87 3404 113 3422 2.
130 3405 166 3423 m.

718 167 827 213 ET
910 163 1170 209 ACTA

157 267 220 301 quae
239 273 290 293 nos
306 262 339 294 &
359 262 496 294 honorem
521 259 646 291 nostrum
665 257 699 288 &
722 253 911 297 commodum
934 251 1085 291 specialiter
1103 257 1214 281 contin-

157 309 240 341 gunt,
257 302 291 332 ad
303 311 369 339 vos,
386 302 435 332 sub
447 299 574 338 peculiari
589 296 705 332 fiducia,
723 303 780 331 prae
795 300 901 322 caeteris
915 299 1092 335 recurramus.

197 338 276 370 Cum
290 341 398 377 itaque,
416 349 469 377 pro
488 337 576 367 arduis
589 335 621 365 &
636 330 832 369 urgentissimis
846 339 982 367 negotiis,
997 338 1049 358 nos
1066 328 1099 358 &
1114 325 1213 371 statum

156 377 255 414 Regni
274 377 360 408 nostri
383 375 569 416 tangentibuS,
595 371 716 410 pecunia
738 369 907 408 indigeamus
927 366 1166 405 quamplurimum
1184 373 1214 393 in

154 416 299 455 praesenti,
938 444 943 449 ⁷
1134 441 1139 446 ,

194 455 362 485 Amicitiam
375 452 509 488 vestram,
527 449 563 479 de
583 446 638 486 qu&
655 447 689 477 ad
706 446 819 484 plenum
840 443 1028 480 confidimus,
1045 440 1213 485 affedhone,

157 492 214 529 qus.
236 492 396 530 possumuS,
415 489 577 527 requirimus
599 487 631 517 «Sc
655 493 804 526 rogamus,
819 483 952 526 ‚quatinus
969 480 1108 524 sexaginta
1128 478 1213 508 Milia

156 530 311 561 Parvorum
332 524 512 559 Florenorum
531 525 615 562 Auri,
634 533 686 560 pro
706 521 881 559 expeditione
902 527 1082 555 negotiorum
1104 517 1213 561 nostr07

156 578 220 599 rum
239 567 457 606 praedietorurn,
474 564 560 595 velitis
575 563 662 598 nobis}
671 569 811 597 mutuare,
828 559 860 589 ὃς
881 569 912 589 ea
933 557 1037 587 (11166ῒο
1056 556 1213 601 Mercatori

153 606 255 637 nostro
270 606 396 636 Antonio
408 602 553 639 Pessaigne
568 601 603 630 de
614 601 717 639 Janua,
734 598 767 628 ad
783 607 851 634 opus
870 595 1016 639 nostrum,
1033 595 1124 626 facere
1143 596 1213 625 libe-

157 645 221 674 rari:
240 643 277 674 Et
289 644 363 680 hoc,
380 642 449 671 sicut
462 651 513 671 nos
523 641 555 671 ὃ(
570 640 707 669 honorem
721 635 848 666 nostrum
857 633 1007 671 affectatis,
1025 642 1054 664 ut
1066 634 1214 672 speramus,

158 682 262 720 velitis,
276 682 351 718 juxta
362 679 449 710 nostri
465 678 645 714 desiderium,
662 675 823 712 adimplere.
858 712 864 717 .
880 712 885 717 .
937 712 942 717 ⁶
1207 711 1212 715 ¹

197 719 286 750 Vobis
305 727 416 756 autem,
434 727 485 755 pro
506 714 668 754 praemissis,
686 714 706 744 fi
728 723 758 742 ea
781 712 918 749 feceritis,
935 721 963 741 in
983 710 1107 740 futurum
1128 717 1213 740 teneri

158 757 285 789 volumus
300 756 334 786 ad
349 764 436 793 grates
449 764 507 784 non
521 752 663 790 modicas,
681 752 713 781 &
729 750 763 780 ad
781 749 906 788 specialia
923 759 1037 779 munera
1056 749 1214 786 gratiarum.

193 794 241 825 Ad
255 795 335 833 haec,
352 794 480 832 quaedam
492 792 657 822 solutionem
672 791 705 820 ὃ(
719 788 932 819 satisfactionem
946 787 1017 817 dieti
1035 788 1142 825 mutui,
1160 797 1213 830 vo-

157 834 213 871 bis,
243 832 404 870 faciendas,
433 832 471 862 &‘
492 830 718 866 obligationem,
752 837 835 865 quam
867 836 953 864 nuper
976 825 1095 869 fecimus
1111 847 1122 863 ,
1153 825 1214 854 feli-

158 872 199 901 cis
213 871 426 907 recordationis,
446 869 580 898 Domino
596 866 634 897 C.
653 875 720 896 tunc
734 865 816 903 Papae
831 867 944 903 quinto,
962 864 998 894 de
1018 865 1136 907 exitibus
1151 863 1214 907 Du-

156 907 234 940 catsis
247 909 335 939 nostri
344 908 539 946 Aquitanniae,
555 907 622 936 sicut
634 905 722 943 scitis,
739 904 993 934 &innovationem
1008 902 1129 940 ejusdem
1141 902 1214 932 obli-

156 949 273 987 gationis
288 948 384 984 (quam
404 947 433 975 in
450 945 595 984 personam
612 942 731 973 vestram
751 943 861 972 tantum
873 941 931 971 fieri
944 941 1137 978 desideramus)
1154 949 1215 971 tan-

155 987 270 1024 gentia,
287 985 454 1022 injunximus
474 983 580 1014 diletSto
595 983 628 1013 &
647 981 720 1011 fideli
739 980 853 1019 nostro,
875 980 1005 1010 Gilberto
1023 978 1154 1017 Pecche,
1182 980 1215 1009 &

157 1023 274 1061 praefato
289 1023 436 1060 Anronio,
454 1023 536 1052 vobis
557 1030 590 1051 ex
611 1028 686 1058 parte
705 1019 796 1050 nostrii
815 1019 937 1049 seriosius
957 1017 1136 1056 exponenda,
1154 1019 1216 1055 qui-

158 1063 226 1099 bus,
243 1061 263 1090 si
279 1060 385 1101 placet,
400 1060 479 1097 super
501 1061 571 1099 hiis,
590 1069 653 1098 quae
667 1059 748 1089 vobis
764 1067 797 1088 ex
817 1065 891 1095 parte
912 1056 1006 1087 nostr‘a
1025 1056 1216 1099 exposuerint,

156 1100 186 1129 in
205 1098 364 1137 praemiffis,
380 1099 495 1129 oraculo
516 1099 589 1128 vivae
608 1098 704 1134 vocis,
722 1096 809 1126 velitis
830 1096 916 1126 fidem
933 1095 1079 1125 indubiam
1099 1094 1217 1124 adhibe-

155 1147 203 1176 re,
219 1138 253 1169 &
268 1137 338 1176 ipsa,
356 1138 424 1168 sicut
436 1137 472 1167 de
485 1138 568 1168 vobis
583 1135 771 1172 confidimus,
789 1134 968 1165 effeetualiter
983 1132 1145 1170 adimplere.

192 1213 259 1244 Dat.
278 1214 352 1252 apud
365 1214 656 1252 Northamptoniam,
676 1221 721 1251 17.
738 1212 785 1242 die
804 1210 983 1242 Decembris.

158 1337 215 1372 Ad
237 1337 425 1372 Ludovicum
447 1342 630 1372 Francorum
657 1339 784 1383 Regem,
818 1335 1070 1369 commendatoria
1089 1347 1143 1382 pro
1167 1337 1219 1367 In-

467 1388 603 1434 gelramo
626 1385 662 1419 de
686 1388 862 1433 ll‘larregny.

158 1471 430 1528 EXcellentiffimo
444 1471 590 1511 principi,
610 1471 742 1516 Domino
758 1470 927 1515 Ludovico,
946 1469 1004 1500 Dei
1020 1469 1125 1508 gratia,
1144 1469 1221 1507 Regi

221 1512 395 1542 Francorum
419 1511 533 1549 illustri,
557 1512 644 1542 Fratri
664 1510 713 1540 suo
735 1508 877 1540 cariffimo
890 1532 900 1547 ,
924 1508 1074 1540 Edwardus
1088 1532 1097 1546 ,
1122 1509 1222 1539 eadem

161 1550 266 1589 gratia,
283 1551 347 1581 Rex
361 1550 494 1588 Angliae,
513 1550 656 1580 Dominus
670 1548 830 1585 Hiberiiiae,
848 1548 881 1578 &
902 1546 970 1577 Dux
992 1548 1166 1585 Aquitani-ie,
1184 1547 1224 1576 sa-
1276 1553 1296 1555 ⁷

160 1586 264 1627 lutem,
282 1590 314 1620 ὃ(
328 1589 468 1627 prosperos
482 1589 587 1626 semper
602 1587 636 1618 ad
650 1595 718 1619 vota
729 1585 883 1625 successus,
903 1585 1073 1624 felicemque
1087 1585 1224 1623 regnandi

163 1626 280 1663 gloriam
294 1637 363 1657 cum
376 1627 467 1658 salute.

199 1664 339 1696 Nobilem
353 1666 472 1705 Virum,
490 1665 612 1696 &nobis
619 1663 773 1701 dilefmm,
788 1662 980 1700 lngelramum
1001 1663 1037 1693 de
1050 1663 1188 1701 Marregn
1217 1687 1226 1703 ,

163 1701 305 1742 Militem,
323 1705 388 1742 qui,
404 1704 455 1734 suis
471 1704 572 1734 meritis
586 1703 774 1739 exigentibus,
792 1702 825 1732 &
839 1701 978 1738 obsequiis
994 1701 1156 1741 fructuosis,
1170 1672 1227 1733 ciii-

163 1751 202 1771 rae
216 1744 379 1781 memoriae,
397 1741 530 1772 Domino
552 1740 699 1778 Philippo,
718 1740 839 1777 genitori
862 1739 968 1777 vestrO,
986 1741 1018 1770 ὃ(
1041 1741 1138 1772 nostro
1154 1741 1227 1771 Patri

164 1779 324 1819 carissimo,
342 1780 487 1819 impensis,
512 1781 542 1809 in
564 1777 714 1809 affeetione
735 1778 845 1816 speciali
870 1778 950 1815 ipsius
974 1780 1108 1815 genitoris
1128 1779 1228 1818 vestri,

164 1826 246 1856 prout
262 1820 382 1857 meruit,
399 1818 597 1855 recumbebat,
616 1818 644 1847 in
660 1818 776 1854 gratiam
799 1817 832 1847 &
848 1816 1032 1847 dilectionem
1053 1818 1152 1848 vestrae
1170 1818 1228 1848 Re-

164 1857 218 1896 gice
231 1856 451 1894 magnificentiae
465 1855 668 1894 comprehendi
684 1856 805 1885 similiter
821 1854 998 1885 affeetamus·

203 1894 347 1934 Sperantes
361 1895 452 1934 quod,
466 1895 535 1926 ficut
549 1894 629 1925 dieto
638 1893 770 1924 Genitori
779 1893 871 1924 vestro
884 1894 965 1924 astitit
979 1879 1110 1925 Consiliis
1125 1895 1229 1926 &Ob-

166 1932 279 1975 sequiis,
298 1942 327 1964 ut
342 1934 515 1972 praedicitur,
533 1933 694 1971 fruituosis,
712 1933 749 1963 ita
764 1932 844 1963 vobis
857 1933 930 1962 bene
943 1933 976 1963 &
990 1932 1103 1964 fideliter
1111 1944 1169 1964 non
1180 1934 1230 1964 de-

167 1974 235 2002 sinet
247 1972 382 2002 famulari.

204 2009 333 2041 Vestram
346 2011 431 2047 igitur
451 2010 650 2041 Excellentiam
668 2008 820 2040 affectuose
843 2009 1004 2047 requirimus
1026 2009 1059 2040 &
1081 2020 1229 2050 rogamuS,

167 2049 294 2086 quatinus
307 2048 412 2079 dileeto
433 2048 543 2080 Valetto
561 2049 594 2079 &
611 2047 764 2078 Mercatori
779 2047 873 2078 nostro
889 2048 1015 2078 Antonio
1036 2048 1182 2086 Peffaigne
1197 2050 1233 2080 de

166 2087 252 2126 janua
274 2087 332 2124 (cui
353 2087 430 2125 super
453 2086 599 2125 praemissis
620 2087 774 2124 aperuimus
800 2094 925 2116 mentem
949 2086 1084 2123 nostram)
1109 2089 1138 2117 in
1164 2088 1236 2125 hiis,

173 2135 238 2162 quae
250 2126 330 2155 vobis
344 2135 377 2155 ex
394 2133 468 2162 parte
482 2124 579 2155 nostra
599 2125 664 2154 inde
685 2124 836 2161 exposuerit
850 2124 918 2154 vivi
931 2135 1021 2160 voce,
1039 2125 1127 2154 velitis
1149 2124 1235 2155 fidem

171 2162 316 2194 indubiam
331 2163 479 2202 adhibere,
496 2164 529 2194 ὃ(
544 2162 634 2200 ipsum
647 2163 723 2200 super
739 2161 857 2200 eisdem,
871 2163 949 2199 juxta
962 2162 1048 2192 nostri
1062 2162 1235 2202 desiderium,

170 2200 315 2239 gratiosius
326 2201 459 2231 exaudire.

212 2276 282 2308 Dat.
299 2277 371 2315 apud
389 2276 567 2316 Bistlesham,
586 2277 719 2309 vicesimo
733 2275 778 2307 die
791 2275 967 2308 Decembris.

178 2404 205 2431 ²ss
222 2405 270 2437 De
295 2401 446 2436 Condufflu
459 2429 468 2445 ‚
501 2401 546 2435 ad
567 2399 739 2444 instantiam
764 2400 915 2447 Radulphi
935 2400 971 2434 de
993 2405 1102 2437 Monte
1124 2402 1240 2439 herme-

473 2454 530 2493 rii,
549 2461 604 2496 pro
626 2453 771 2483 Duncano
796 2449 832 2482 de
854 2451 928 2496 Fiff.

181 2536 317 2593 REX,
335 2535 368 2568 ad
385 2536 543 2567 instantiam
563 2535 706 2573 Radulphi
721 2534 757 2565 de
774 2534 879 2565 Monte
899 2535 1056 2577 Hermerii,
1081 2537 1195 2576 suscepit
1213 2540 1242 2569 in

253 2577 357 2607 salvum
373 2576 406 2606 &
427 2575 555 2606 securum
575 2573 749 2604 coiiduetum
769 2573 846 2604 suurn
865 2574 1041 2605 Dunkanum
1062 2576 1097 2606 de
1120 2576 1192 2615 Fiff,
1210 2579 1242 2608 &

183 2616 327 2654 propriam
340 2614 480 2645 familiam
499 2613 591 2651 suam,
616 2613 645 2642 in
662 2611 801 2642 veniendo
816 2613 845 2642 in
868 2612 1005 2650 Regnum
1027 2614 1123 2652 suum,
1145 2616 1179 2646 &
1197 2626 1245 2654 pei·

183 2655 260 2685 idem
274 2653 410 2690 Regnum
424 2652 458 2682 ad
475 2659 562 2689 partes
575 2651 766 2681 transmarinas
783 2653 899 2688 peregre
914 2652 1093 2691 transeundo,
1111 2663 1145 2683 ac
1168 2657 1246 2685 exin-

181 2693 217 2724 de
232 2703 280 2732 per
295 2692 405 2723 dietum
426 2690 563 2728 Regnum
584 2689 663 2720 suum
677 2689 833 2728 redeundo,
850 2699 899 2727 per
920 2700 1011 2721 unum
1026 2690 1144 2723 Annum
1165 2692 1246 2725 dura-

158 2757 165 2763 .
181 2740 282 2763 turum.

180 2855 182 2857 ¹
220 2807 254 2839 In
267 2807 360 2847 cujus,
376 2808 435 2838 ὅτε.

179 2892 181 2895 ·
222 2882 310 2914 Teste
321 2882 400 2923 Rege
413 2883 484 2921 apud
501 2879 727 2924 Wyndesoram,
745 2893 794 2916 22.
810 2883 856 2916 die
874 2881 1052 2917 Decembris.

769 2963 822 2992 Per
834 2964 926 2992 Breve
944 2963 975 2992 de
982 2966 1098 3002 privato
1113 2962 1209 3001 Sigillo.

207 3107 266 3137 Pro
289 3107 475 3151 Margareta
503 3101 651 3148 Comitiffa
675 3104 757 3135 Fuxi
778 3104 814 3140 (ῥ’
840 3102 1053 3148 Vicecomitifflz
1075 3105 1214 3138 Bearni'ae.

188 3187 306 3246 REX
325 3188 474 3219 Senescallo
488 3189 537 3218 suo
552 3187 716 3225 Vaseoniae,
736 3187 784 3225 qui
799 3197 874 3218 nunc
888 3186 946 3226 est,
967 3187 1012 3218 vel
1035 3189 1084 3226 qui
1103 3198 1156 3226 pro
1175 3196 1247 3220 tern-

261 3236 329 3264 pore
343 3227 440 3265 fuerit,
457 3227 577 3257 salutem.

226 3263 305 3294 Cum
325 3275 409 3303 nuper
424 3265 552 3302 quasdam
568 3265 727 3302 petitioneS,

224 3302 321 3333 Nobis
339 3313 372 3333 ex
394 3312 468 3341 parte
494 3303 662 3339 Margaretae
685 3300 845 3332 Comitiffae
861 3302 946 3341 Fuxi,
968 3303 1001 3333 ὅ(
1026 3303 1248 3334 Vicecomitissae

186 3340 309 3371 Bearniae
329 3342 361 3372 ὃ(
384 3341 522 3372 Marciani
537 3341 681 3378 liberatas,
704 3341 876 3371 continentes
894 3339 1008 3372 diversas
1027 3342 1074 3379 sup
1096 3343 1182 3380 risiaS,
1199 3343 1249 3372 sibi

188 3381 217 3410 in
231 3379 358 3415 Pedagio
373 3378 526 3417 Marciani,
544 3378 614 3409 infra
635 3387 724 3409 certos
743 3379 861 3418 limites,
876 3380 905 3408 in
926 3380 1024 3417 quibus
1044 3392 1058 3411 a
1084 3384 1134 3411 erit
1156 3381 1181 3410 se
1197 3381 1246 3411 ha-

189 3419 254 3448 bere
267 3418 369 3448 debere
379 3416 512 3459 justitiam
526 3417 608 3447 altam
629 3418 661 3448 &
678 3416 798 3455 bassam,
816 3416 849 3447 &
866 3418 1065 3449 omnimodam
1079 3418 1248 3457 jurisdiE'tio-

190 3467 275 3494 nem,
289 3466 322 3486 ac
344 3456 448 3485 diversa
469 3457 629 3492 gravamina
644 3456 805 3485 hominibus
825 3454 892 3494 suiS,
906 3455 1034 3486 locorum
1054 3457 1166 3488 illorum
1199 3468 1248 3495 per

191 3495 335 3525 Officiales
349 3494 381 3524 &
395 3492 502 3522 Gentes
513 3492 617 3523 nostras
629 3494 747 3530 partium
759 3494 933 3531 vicinarum,
947 3493 1021 3525 fasta
1034 3496 1067 3526 &
1082 3496 1154 3527 illata
1167 3480 1246 3526 suisse

189 3533 396 3571 multipliciter,
414 3540 443 3561 ut
458 3532 485 3560 in
500 3531 601 3560 eisdem
617 3533 794 3568 petitionibus
806 3531 1011 3571 suggerebatur,

228 3572 318 3603 Vobis
332 3569 513 3607 misissemus,
531 3568 688 3600 mandantes
700 3570 797 3608 quod,
815 3571 922 3600 vocatis
937 3580 1034 3601 coram
1045 3572 1127 3603 vobis
1143 3573 1191 3609 qui
1206 3573 1247 3602 es-

189 3609 247 3641 sent
269 3609 407 3647 vocandi,
430 3606 637 3644 constitutoque
658 3617 709 3646 pro
730 3609 810 3638 nobis
830 3608 973 3639 defensore
987 3610 1018 3639 in
1033 3610 1195 3649 praemiffis,
1212 3612 1246 3641 δε

189 3649 287 3679 auditis
298 3648 448 3678 rationibus
467 3646 534 3676 hinc
554 3645 620 3675 inde
637 3655 687 3683 pro
728 3646 841 3685 nendis,
858 3646 951 3677 eidem
972 3648 1150 3686 Comitiffae,
1166 3648 1245 3686 super

189 3687 324 3718 contentis
345 3686 373 3716 in
394 3685 574 3724 petitionibus
596 3683 664 3722 illiS,
682 3656 742 3714 Egi-i
760 3684 887 3715 faceretis
908 3685 1035 3717 debitum
1057 3687 1090 3717 &
1110 3687 1245 3718 festinum

187 3725 297 3763 justitiae
310 3724 569 3762 complementum,
588 3729 670 3759 prout
681 3722 717 3751 de
725 3723 785 3760 jure
815 3724 848 3754 &
860 3723 1014 3755 secundum
1029 3724 1104 3755 foros
1124 3725 1158 3756 &
1173 3735 1245 3756 con-

189 3763 342 3794 suetudines
355 3764 474 3801 partium
485 3761 593 3792 illarum
606 3759 676 3789 foret
688 3759 780 3791 facien
800 3771 859 3792 um.

227 3800 313 3839 Super
327 3802 425 3839 quibus
439 3800 553 3838 praefata
566 3800 743 3836 Margareta,
759 3809 809 3836 pro
823 3799 849 3829 sc
858 3822 868 3837 ,
885 3808 930 3831 aut
943 3801 1106 3831 hominibus
1115 3800 1166 3831 suis
1174 3812 1246 3840 prae-

190 3838 273 3869 dietis
287 3861 296 3877 ,
315 3839 428 3877 justitiae
448 3838 706 3876 complementum,
734 3837 800 3866 licet
817 3848 868 3874 pro
887 3839 989 3869 eodem
1011 3847 1093 3877 penes
1113 3850 1163 3870 vos
1177 3851 1244 3871 cum

191 3879 296 3914 magns.
308 3877 455 3914 diligentia
466 3875 624 3913 instetisset,
645 3886 702 3907 non
710 3873 751 3918 est
764 3875 893 3907 haetenus
904 3876 1039 3915 assecuta,
1056 3880 1094 3907 set
1107 3877 1246 3916 supprisiae

191 3915 226 3944 &
239 3917 400 3952 gravamina
413 3915 571 3953 hujusmodi
591 3917 692 3954 majora
706 3913 840 3951 prioribus
857 3915 1047 3953 cumulantur,
1064 3916 1094 3944 in
1110 3916 1121 3945 i
1140 3917 1191 3948 iius
1211 3918 1244 3948 &

191 3951 343 3983 hominum
355 3953 465 3984 suorum
477 3953 633 3991 dampnum
648 3963 705 3983 non
721 3950 888 3991 modicum,
906 3953 940 3983 ὅ(
962 3953 1084 3991 praefatae
1137 3965 1247 3992 argare-

194 3996 231 4018 tae
246 3991 468 4021 exhaeredationis
480 3992 636 4031 periculum
651 3989 841 4022 manifestum:

229 4026 345 4064 Propter
380 4029 436 4059 uod
448 4030 545 4060 eadem
561 4030 736 4067 Margareta,
753 4038 786 4058 ex
807 4028 890 4058 causis
912 4029 1022 4072 praeviis
1042 4029 1086 4066 (&
1105 4031 1246 4069 praecipue

193 4074 291 4134 paren?
305 4068 362 4133 <ffb
372 4067 527 4137 Pinlpurffi
539 4067 634 4100 nostrfi
653 4068 748 4103 Sanc'ti
759 4067 853 4099 Severi
867 4066 1037 4099 recredenua
1056 4066 1102 4099 vel
1115 4069 1245 4101 mallenta

1252 159 1724 206 PUBLICA.
2265 171 2319 215 75

1253 249 1440 288 quorumdam
1459 249 1610 280 hominum
1621 250 1750 288 suorum,
1768 242 2011 287 perSeneicallum
2034 245 2195 278 Landarum'
2215 248 2314 279 aresta·
2333 241 2409 273 Arm·
2423 240 2466 272 Da'

1255 295 1346 317 torum
1356 309 1365 324 ,
1380 296 1413 316 ex
1426 295 1500 324 parte
1512 288 1631 324 praefatae
1644 288 1812 324 Margaretae
1825 287 1932 318 ibidem
1944 287 2055 325 petitae,
2072 286 2102 315 in
2117 285 2196 324 casu,
2215 287 2314 317 videli-
2355 290 2439 320 1314·

1255 334 1318 362 cet,
1333 326 1381 354 ubi
1393 324 1565 356 recredentia
1580 326 1624 355 vel
1638 326 1777 364 mallenta,
1795 326 1948 356 secundum
1963 325 2040 354 foros
2051 324 2084 354 ὅ(
2107 324 2316 355 consuetudines
2336 324 2405 348 ΕΜ·
2421 330 2449 348 2,

1254 364 1372 399 partium
1385 362 1508 400 illarum,
1524 362 1582 392 dari
1596 363 1718 401 debent,
1735 364 1881 401 denegatae
1902 362 2020 400 fuerunt)
2041 361 2075 392 ad
2091 360 2207 392 Curiam
2228 362 2315 393 Fran-

1254 401 1308 429 ciae
1328 400 1498 438 appellavit,
1521 400 1589 431 sicut
1610 400 1709 430 eadem
1731 401 1888 438 Margareta
1910 402 1991 432 nobis
2012 399 2196 439 significavit,
2213 400 2314 441 suppli-³

1255 438 1347 468 cando
1367 438 1572 468 nichilominus
1591 439 1730 469 humiliter
1748 439 1845 478 quod,
1867 440 1946 478 super
1966 437 2132 478 praemiffis,
2156 448 2317 470 curaremus

1254 476 1409 506 remedium
1421 475 1566 506 adhibere:

1289 514 1423 544 Volentes
1434 515 1518 550 igitur
1530 515 1585 552 ejus
1599 514 1806 552 supplicationi,
1823 516 1852 544 in
1866 515 1918 546 hac
1931 524 2020 554 parte,
2039 522 2170 553 quatenus
2191 515 2246 546 sine
2261 526 2316 546 no-

1253 551 1301 594 stri
1323 552 1503 593 praejudicio,
1528 553 1561 582 &
1584 553 1684 589 injuria
1703 552 1819 582 aliorum
1841 555 2004 592 poterimus,
2021 553 2262 593 condescendere,
2279 555 2312 585 &

1254 591 1318 632 sibi,
1337 599 1468 628 praetextu
1482 592 1551 627 grati
1560 590 1679 628 servitii,
1696 590 1773 630 quod
1786 591 1866 620 nobis
1880 591 2010 622 haCtenus
2025 592 2178 631 impendit,
2197 595 2314 632 gratiam

1255 631 1346 658 iacere
1359 628 1502 666 specialem
1510 651 1518 666 ,

1293 667 1382 696 Vobis
1397 666 1576 704 mandamus,
1594 666 1711 696 firmiter
1728 666 1903 703 injungentes
1914 689 1923 704 ,
1941 668 2065 706 quatinus
2086 668 2187 706 (audita
2209 668 2318 707 querela

1255 704 1377 742 praefatae
1399 704 1586 742 Margaretae,
1604 704 1684 734 vobis
1706 713 1739 733 ex
1765 714 1839 741 parte
1856 704 1900 734 sua
1917 706 2081 742 exponenda
2096 706 2132 737 de
2155 707 2318 746 praemiffis,

1256 743 1415 780 vocatisque
1430 743 1581 780 vocandis,
1599 742 1752 772 constituto
1766 743 1852 772 etiam
1868 752 1919 779 pro
1931 744 2013 772 nobis
2028 745 2057 773 in
2070 745 2174 776 eisdem
2187 745 2318 783 legitimo

1256 781 1414 819 defensore,
1432 782 1464 812 ὅ(
1477 781 1574 811 auditis
1588 781 1739 811 rationibus
1753 779 1820 810 hinc
1839 780 1905 810 inde
1921 782 2115 819 proponendis)
2135 783 2170 813 de
2184 784 2319 822 supprisiis

1257 820 1289 850 &
1305 820 1510 857 gravaminibus
1522 818 1697 857 hujusmodi,
1714 818 1734 848 si
1749 818 1798 847 sibi
1813 818 1845 848 &
1862 819 2025 848 hominibus
2038 819 2088 849 suis
2103 821 2174 851 sadia
2194 823 2226 852 &
2249 823 2319 854 illata

1257 858 1378 896 fuerint,
1395 866 1425 887 ut
1439 857 1478 887 est
1493 857 1600 888 dic‘tum
1610 880 1620 896 ,
1639 857 1766 887 debitum
1787 856 1820 886 ὃ(
1836 856 1970 886 festinum
1990 856 2102 895 justitiae
2125 861 2320 897 complemen-

1257 904 1319 926 tum
1333 895 1391 926 fieri
1407 896 1528 934 faciatis,
1546 904 1626 934 prout
1641 895 1676 925 de
1688 896 1765 932 jure,
1781 895 1814 924 &
1829 894 1983 924 secundum
2004 894 2078 924 foros
2101 897 2133 926 &
2147 899 2320 930 consuetudi-

1259 945 1306 965 nes
1322 935 1441 973 partium
1455 934 1580 971 illarum,
1597 934 1678 964 fuerit
1696 932 1874 970 faciendum,

1295 972 1337 1004 Ita
1352 972 1430 1010 quod
1452 972 1550 1003 eadem
1567 972 1746 1011 Margareta,
1772 981 1824 1009 pro
1844 969 1946 1008 vestri,
1964 970 2009 1000 seu
2029 971 2148 1002 aliorum
2171 972 2321 1006 Ministro-

1258 1020 1322 1040 rum
1353 1010 1528 1048 nostrorum,
1545 1012 1665 1049 partium
1678 1010 1803 1047 illarum,
1821 1008 1948 1047 defectu,
1966 1019 2024 1039 non
2043 1009 2141 1040 habeat
2161 1013 2267 1042 causam
2281 1014 2325 1043 di-

1258 1049 1334 1080 &am
1357 1049 1571 1087 appellationem
1586 1048 1694 1079 ulterius
1709 1047 1905 1087 prosequendi,
1922 1057 1976 1077 nec
1991 1049 2152 1085 permittatis
2167 1050 2243 1086 quod
2256 1061 2325 1087 prae-

1257 1086 1321 1117 fatae
1338 1087 1526 1125 Margaretae,
1545 1095 1589 1118 aut
1601 1087 1763 1117 hominibus
1779 1087 1830 1116 suis
1853 1085 2010 1124 praedietis,
2029 1096 2077 1125 per
2100 1086 2263 1125 Ministros,
2281 1089 2325 1119 seu

1258 1124 1405 1156 Officiales
1425 1125 1550 1163 nostros,
1580 1127 1698 1165 partium
1713 1125 1838 1162 illarum,
1856 1124 2013 1161 hujusmodi
2032 1125 2193 1162 gravamina
2213 1126 2248 1155 de
2270 1137 2326 1157 cae-

1260 1172 1319 1194 tero
1340 1164 1464 1194 indebite
1489 1164 1655 1201 inferantur,
1679 1162 1716 1192 set
1737 1163 1826 1200 ipsos,
1852 1164 1952 1192 intuitu
1969 1162 2039 1193 dieti
2059 1163 2183 1201 obsequii
2203 1164 2324 1202 praefatae

1261 1202 1423 1232 Comitissie
1437 1203 1518 1232 nobis
1532 1202 1669 1239 impensi,
1686 1201 1825 1239 injustitia
1841 1200 2019 1231 favorabilier
2035 1203 2219 1240 pertractetis,
2237 1203 2326 1241 &per

1261 1240 1463 1310 Minisgos&
1485 1240 1632 1270 Officiales
1653 1239 1778 1278 nostros,
1796 1240 1914 1277 partium
1936 1238 2063 1278 illarum,
2082 1239 2186 1270 faciatis
2207 1241 2327 1272 similiter

1264 1289 1352 1317 pertra
1384 1289 1432 1309 ati.

1300 1355 1365 1386 Dat.
1384 1354 1457 1394 apud
1474 1354 1680 1394 Wyndesoram
1691 1378 1700 1393 ,
1718 1356 1756 1385 26
1776 1355 1822 1386 die
1839 1354 2018 1385 Decembris.

1813 1433 1866 1462 Per
1885 1435 1977 1462 Breve
1996 1431 2028 1462 de
2042 1433 2158 1471 privato
2176 1430 2275 1470 sigillo.

1521 1597 1539 1617 ⁴¹
1554 1599 1613 1630 Pro
1635 1599 1741 1628 anima
1762 1598 1846 1628 Petri
1867 1594 1903 1627 de
1927 1594 2087 1639 Gavaston.
2372 1595 2390 1615 θ*
2409 1596 2463 1623 ΙΙΙ,

2414 1635 2460 1662 06.

1269 1680 1592 1736 REX'Thesaurario
1607 1682 1639 1712 &
1655 1680 1821 1711 Camerariis
1834 1679 1902 1724 suis,
1919 1679 2053 1725 salutem..
2078 1720 2082 1725 ⁵
2184 1721 2188 1725 -
2355 1644 2430 1703 Αὓξὶ·
2446 1670 2485 1701 Π

1356 1720 1493 1763 ,[,ιὺεταῑε
1502 1743 1511 1757 ,
1528 1720 1565 1750 de
1579 1719 1726 1763 Thesauro
1739 1718 1852 1763 nostro,
1868 1718 1977 1762 ducetis
1985 1721 2067 1750 nobis
2075 1730 2105 1749 in
2117 1719 2338 1759 Christo,Can-
2386 1719 2471 1749 1314·

1271 1756 1382 1801 cellario
1397 1759 1430 1789 &
1449 1758 1605 1789 Scolaribus
1620 1758 1815 1788 Univeriitatis
1837 1757 2006 1787 Oxoniensis
2022 1758 2127 1795 viginti
2143 1757 2257 1798 Libras,
2297 1770 2341 1790 uas
2360 1754 2411 1777 ²¹²²·
2434 1750 2461 1776 8·

1270 1806 1308 1825 eis
1324 1796 1528 1834 concessimus,
1545 1797 1580 1826 de
1595 1796 1672 1826 dono
1688 1796 1801 1834 nostro,
1820 1805 1871 1833 pro
1884 1796 1995 1834 animi,
2012 1796 2096 1827 bonae
2105 1770 2341 1837 memoriae,qu-
2360 1792 2389 1832 E,
2407 1797 2434 1814 ²·

1271 1835 1306 1864 tri
1319 1835 1355 1864 de
1370 1835 1531 1873 Gavaston,
1550 1835 1691 1874 quondam
1707 1834 1832 1864 Comitis
1847 1833 2019 1873 Cornubiae,
2038 1834 2176 1866 defunffl.
2359 1825 2440 1892 Ῑὲώεζ·
2452 1824 2485 1891 ξ’·

1309 1911 1397 1942 Teste
1417 1912 1501 1950 Rege
1517 1911 1591 1951 apud
1606 1911 1840 1952 Wyndesoram,
1860 1920 1907 1950 27.
1923 1910 1969 1942 die
1984 1911 2161 1942 Decembris.
2360 1912 2388 1939 ἴ·

1312 1990 1368 2017 Per
1385 1987 1465 2028 ipsimi
1483 1991 1596 2028 Regem,
1615 1991 1774 2019 Nunciante
1792 1991 1893 2018 Comite
1911 1987 2099 2018 Pembrochiae.

1278 2114 1336 2148 Ad
1362 2114 1553 2148 Ludovicum
1571 2118 1757 2149 Francorum
1777 2117 1906 2161 Regem,
1925 2124 1979 2160 pro
1993 2112 2149 2146 Edwardo
2166 2111 2203 2146 de
2220 2114 2343 2148 Baliolo.

1340 2198 1564 2231 Xcellentiffimo
1578 2199 1721 2239 Principi,
1739 2199 1872 2230 Domino
1894 2198 2063 2238 Ludovico‚
2088 2197 2146 2229 Dei
2161 2198 2265 2237 gratia,
2284 2199 2343 2230 Re·
2362 2196 2437 2229 Ann.
2455 2195 2497 2226 D.

1357 2240 1388 2276 gi
1410 2239 1581 2269 Francorum
1601 2238 1718 2277 Illustii,
1735 2239 1823 2270 Fratri
1842 2239 1893 2268 suo
1915 2237 2072 2275 cariffimo,
2096 2236 2266 2276 Edwardus,
2282 2239 2344 2269 &c.
2392 2245 2475 2275 1315.

1281 2276 1410 2316 salutem,
1430 2278 1463 2308 &
1479 2277 1612 2308 successus
1625 2300 1635 2315 ,
1652 2278 1686 2307 ad
1701 2286 1784 2314 vota,
1802 2276 1909 2314 semper
1924 2277 2069 2313 prosperos
2083 2276 2117 2306 δε
2130 2275 2235 2306 felices.
2365 2278 2417 2303 An.
2428 2273 2456 2305 8.

1320 2315 1401 2346 Cum
1416 2315 1558 2346 Dominus
1566 2316 1707 2355 Johannes
1721 2316 1757 2345 de
1773 2314 1896 2352 Baliolo,
1912 2315 1962 2351 qui
1982 2313 2111 2351 quaedam
2125 2313 2242 2344 feodalia
2261 2316 2349 2345 tenuit
2371 2318 2397 2340 E·
2410 2322 2433 2339 2·

1283 2353 1319 2384 de
1336 2353 1480 2421 gominio
1497 2353 1589 2385 vestro
1601 2376 1612 2392 ,
1635 2355 1713 2384 viam
1728 2352 1861 2383 universae
1876 2353 1986 2390 carnis,
2009 2360 2038 2382 ut
2059 2353 2237 2390 accepimus,
2255 2353 2286 2383 sit
2307 2355 2351 2384 in-
2369 2349 2489 2415 ΒοΜξ-ςόὲ

1307 2402 1335 2422 re
1360 2403 1389 2422 us
2371 2393 2411 2417 Fr.
2447 2410 2454 2416 .
2494 2408 2499 2415 .

1285 2403 1305 2431 g
1321 2415 1570 2468 Magnificentiam
1585 2429 1707 2461 vestram
1723 2430 1825 2460 attente
1840 2429 2004 2467 requirimus
2017 2427 2051 2458 &
2066 2437 2200 2465 rogamus
2213 2430 2355 2468 quatinus,
2374 2436 2445 2455 2·m-
2458 2436 2500 2454 ¹²2

1286 2468 1422 2500 dile-stum
1438 2470 1538 2508 nobis,
1556 2468 1728 2500 Edwardum
1741 2468 1776 2498 de
1789 2468 1914 2506 Baliolo,
1933 2467 2036 2497 Filium
2051 2467 2085 2497 &
2108 2466 2258 2498 Haeredem
2280 2478 2353 2505 prae-

1285 2507 1516 2547 dictiJohannis,
1534 2508 1713 2545 Alunipnum
1727 2506 1870 2544 nostrum,
1888 2506 2034 2543 habentes,
2054 2505 2073 2535 si
2085 2506 2192 2544 placet,
2210 2505 2297 2536 nostri
2311 2507 2353 2536 in-

1286 2548 1374 2584 tuitu,
1400 2547 1559 2585 propcniius
1579 2545 1831 2583 commendatum,
1855 2544 1997 2575 Nobilem
2022 2543 2141 2582 Virum,
2164 2544 2354 2581 Reginaldurn

1287 2585 1322 2616 de
1338 2585 1472 2626 Pynkeny
1483 2608 1493 2623 ,
1512 2584 1736 2615 Vicedominum
1751 2583 1972 2613 Ambienensem
1992 2583 2087 2621 (quem
2109 2583 2186 2613 idem
2202 2583 2355 2614 Edwardus

1288 2633 1495 2661 procuratorem
1508 2623 1586 2654 suum
1605 2622 1749 2654 constituit
1761 2623 1791 2652 in
1806 2622 1859 2653 hac
1872 2621 1955 2659 parte)
1977 2621 2012 2651 ad
2027 2620 2203 2660 fidelitatem,
2222 2620 2353 2660 Majesta-

1288 2664 1310 2692 ti
1324 2663 1423 2693 vestrae
1438 2662 1538 2701 Regiae
1551 2662 1690 2701 debitam,
1708 2662 1826 2691 nomine
1842 2661 1923 2698 ipfius
1939 2659 2090 2698 Edwardi,
2109 2659 2285 2698 faciendam,
2302 2660 2355 2691 be-

1289 2702 1376 2738 nigne
1389 2701 1552 2739 admittere,
1568 2701 1672 2740 sibique
1693 2699 1776 2730 feoda
1796 2699 1930 2736 praedidta
1942 2721 1951 2737 ,
1975 2698 2010 2728 ad
2026 2707 2096 2735 opus
2115 2698 2186 2729 dieti
2205 2697 2357 2737 Edwardi,

1289 2739 1400 2770 liberari
1410 2740 1509 2777 jubere
1522 2739 1680 2778 dignemini
1692 2738 1790 2769 nostris
1804 2738 1934 2775 precibus
1950 2737 1984 2768 ὃ(
1997 2745 2100 2768 amore.

1330 2816 1396 2847 Dat.
1415 2816 1487 2855 apud
1505 2816 1647 2855 Langele,
1664 2825 1694 2856 4.
1711 2814 1757 2846 die
1769 2814 1900 2854 Januarii.

1290 2976 1337 3008 De
1363 2970 1509 3017 Aff’ntia
1533 2966 1752 3014 Archiepifiopi
1773 2962 1959 3010 Eboracenfis
1982 2977 2002 2998 a
2026 2966 2250 3008 Parliamento,
2269 2975 2357 3012 prop-

1622 3027 1667 3050 ter
1688 3020 1786 3050 Scotos
1798 3043 1808 3059 ,
1834 3014 2015 3061 excusanda.

1345 3107 1408 3139 EX
1426 3104 1589 3138 Venerabili
1603 3106 1631 3134 in
1647 3102 1766 3134 Christo
1780 3101 1872 3140 Patri,
1889 3099 1942 3131 W.
1958 3099 2059 3131 eadem
2083 3100 2189 3140 gratifi,
2206 3099 2355 3138 Archiepi—
2372 3102 2448 3134 Αῃῃ,
2463 3100 2504 3134 D,

1361 3147 1448 3184 scopo
1462 3145 1608 3181 Eborum,
1628 3142 1741 3180 Angliae
1759 3140 1874 3170 Primati
1883 3162 1893 3178 ,
1909 3139 2030 3170 salutem.
2269 3177 2274 3182 ι
2394 3149 2477 3181 1315,

1326 3184 1381 3216 Per
1396 3184 1530 3215 diletffmm
1545 3183 1578 3214 ὃ(
1594 3181 1706 3212 fidelem
1722 3179 1867 3217 nostrum,
1882 3178 2041 3217 Johannem
2057 3177 2093 3207 de
2100 3176 2188 3214 Eure,
2205 3176 2288 3206 nobis
2302 3186 2355 3207 nu·
2370 3185 2423 3209 An.
2442 3182 2470 3208 8.

1288 3232 1337 3260 per
1349 3224 1436 3254 extitit
1450 3223 1631 3258 nunciatum,
1649 3219 1728 3258 quod
1743 3228 1794 3249 vos
1805 3217 1882 3255 super
1895 3217 1967 3246 salva
1984 3215 2121 3246 Custodia
2137 3214 2278 3245 Marchiae
2293 3214 2355 3245 Re·
2372 3223 2402 3247 Ε.
2421 3228 2447 3247 2.

1288 3263 1338 3300 gni
1351 3262 1451 3300 nostri,
1468 3260 1558 3291 versus
1573 3268 1660 3300 partes
1674 3257 1806 3294 Boriales,
1830 3265 1880 3294 pro
1900 3254 2052 3291 repulsione
2071 3253 2238 3291 Scotorum,
2256 3253 2356 3283 Inimi—
2371 3257 2458 3293 Claus.
2474 3256 2504 3284 8.

1289 3310 1389 3331 corum
1404 3301 1436 3331 ὃ(
1451 3299 1613 3330 Rebellium
1628 3296 1788 3327 nostrorum
1798 3317 1807 3333 ,
1826 3295 1872 3332 qui
1886 3293 1995 3323 dictum
2009 3291 2285 3329 Regnumhostiliter
2291 3292 2350 3329 jam
2372 3300 2402 3324 Ε,
2419 3305 2444 3322 2.
2465 3304 2500 3323 m.

1288 3338 1401 3376 ingredi
1416 3346 1592 3377 proponunt,
1610 3344 1640 3366 ut
1656 3335 1856 3370 intelleximus,
1873 3341 1905 3361 ac
1922 3341 1973 3368 pro
1983 3341 2051 3369 pace
2061 3331 2094 3362 &
2107 3331 2289 3373 tranquilitate
2302 3339 2354 3373 po—
2372 3343 2418 3369 25.
2431 3334 2458 3361 d.

1289 3378 1345 3415 puli
1359 3377 1443 3407 nostri
1464 3378 1584 3414 partium
1607 3374 1713 3404 illarum
1735 3370 1937 3407 conservanda,
1954 3379 1989 3400 ac
2008 3369 2135 3409 dampnis
2155 3370 2187 3399 &
2208 3369 2354 3412 periculis,

1289 3426 1352 3453 quae
1368 3415 1472 3453 populo
1493 3414 1631 3453 praedic‘to
1646 3435 1655 3451 ,
1681 3422 1728 3449 per
1748 3408 1905 3448 hujusmodi
1929 3407 2052 3438 Hostiles
2067 3407 2187 3437 incursus
2208 3406 2351 3449 distorum

1289 3454 1479 3484 Inimicorum
1494 3476 1504 3491 ,
1530 3453 1640 3483 evenire
1662 3448 1789 3491 pofl'ent,
1814 3447 1864 3477 nisi
1888 3446 1989 3477 eisdem
2016 3447 2173 3476 obviaretur
2202 3443 2353 3482 eVitandis,

1288 3492 1447 3522 Consilium
1462 3493 1495 3522 ὅ(
1512 3492 1653 3521 Auxilium
1668 3496 1839 3526 oportunum
1855 3486 1985 3516 hacienus
1998 3483 2135 3522 posuistis,
2156 3482 2189 3511 &
2199 3481 2294 3525 'adhuc
2307 3483 2351 3512 in-

1288 3531 1347 3560 dies
1369 3540 1509 3569 apponere
1531 3540 1590 3560 non
1613 3527 1754 3558 desinitis:
1780 3526 1816 3555 de
1838 3534 1896 3564 quo
1915 3524 1996 3554 vobis
2016 3530 2103 3559 grates
2124 3519 2269 3550 referimus
2292 3520 2352 3560 spe-

1289 3570 1385 3600 ciales:

1325 3608 1358 3638 Iri
1372 3607 1426 3638 fide
1440 3608 1473 3638 &
1488 3606 1639 3637 dilectione
1649 3627 1658 3641 ,
1676 3603 1774 3641 quibus
1797 3601 1879 3632 nobis
1893 3598 2043 3641 tene—mini,
2069 3596 2351 3642 firmitereinjungem

1287 3655 1343 3685 tes,
1367 3646 1446 3684 quod
1470 3648 1544 3676 circa
1560 3642 1700 3682 praemissa
1721 3648 1889 3679 oportunam
1912 3636 2103 3680 diligentiam,
2127 3635 2164 3666 sic
2188 3645 2350 3675 inceptam,

1288 3686 1471 3723 continuetis,
1488 3685 1521 3715 ὃ(
1542 3684 1616 3713 circa
1631 3681 1807 3711 salvationem
1830 3675 1925 3714 populi
1947 3673 2073 3710 praeditsti
2107 3684 2140 3704 ac
2160 3674 2347 3718 repulsionem

1286 3723 1428 3753 dictorum
1447 3723 1633 3752 Inimicorum
1648 3720 1680 3749 ὅ(
1704 3716 1861 3747 Rebellium
1875 3711 2053 3753 nostrorum,
2099 3712 2229 3743 onsilium
2244 3714 2278 3744 &
2300 3722 2348 3744 au-

1286 3762 1398 3798 xilium,
1417 3770 1483 3790 curn
1497 3760 1574 3798 equis
1589 3760 1622 3788 &
1634 3757 1733 3792 armis,
1750 3755 1782 3784 &
1796 3760 1858 3782 toto
1875 3750 1970 3794 posse,
1987 3760 2050 3788 quae
2065 3760 2113 3788 per
2124 3750 2229 3781 vestros
2239 3752 2349 3783 &alios

1286 3800 1314 3829 in
1328 3800 1430 3829 eisdem
1445 3798 1504 3829 fieri
1521 3797 1643 3836 poteritis
1655 3800 1798 3831 procurare
1807 3813 1817 3829 ,
1834 3789 2013 3819 effeetualiter
2024 3791 2181 3826 apponatis:

1323 3837 1359 3867 Et
1374 3838 1446 3873 hoc,
1463 3837 1531 3866 sicut
1545 3844 1612 3871 nos,
1629 3834 1661 3863 ὅ(
1677 3832 1816 3860 honorem
1828 3827 1972 3865 nostrum,
1989 3837 2023 3857 ac
2035 3826 2158 3858 vestmm
2170 3828 2284 3866 diligitis
2293 3851 2303 3867 ,
2316 3830 2351 3859 &

1284 3877 1320 3907 de
1341 3876 1421 3905 vobis
1439 3873 1587 3911 specialiter
1600 3868 1793 3905 tconfidimus‚
1811 3867 1903 3897 modis
1921 3866 2053 3896 omnibus
2074 3865 2194 3906 faciatisg,
2212 3868 2250 3897 ita
2268 3869 2348 3906 quod

1285 3923 1336 3946 vos
1356 3912 1456 3943 exinde·
1470 3912 1619 3941 debeamus
1630 3907 1730 3938 merito
1743 3904 1951 3936 commendare.

1324 3951 1486 3983 Absentiam
1499 3957 1592 3979 autern
1606 3946 1727 3976 vestram
1742 3944 1777 3974 ad
1793 3943 2007 3974 Parliamentum
2020 3941 2242 3982 nostrum,apud
2250 3943 2350 3975 West-

1286 3989 1486 4021 monasterium
1503 4010 1512 4024 ,
1536 3988 1565 4016 in
1586 3983 1706 4014 Oitabis
1725 3982 1821 4013 Sancti
1841 3981 1953 4012 Hillarii
1973 3982 2101 4019 proximo
2122 3982 2236 4021 futuris,
2252 3991 2347 4013 tenen-

1285 4030 1355 4059 dum
1377 4027 1422 4066 (ad
1437 4026 1511 4064 quod
1530 4033 1580 4054 vos
1597 4032 1683 4060 nuper
1706 4021 1828 4052 fecimus
1843 4020 2026 4058 summoneri)
2045 4028 2080 4052 ex
2098 4020 2181 4052 causis
2205 4019 2348 4059 praemissis

1284 4068 1386 4099 habere
1399 4065 1528 4098 volumus
1541 4061 1702 4094 excusatam.
1809 4095 1838 4128 K
1856 4106 1874 4126 2
2321 4093 2354 4124 In
