2562 4279
9 277 86 311 Ann.
102 277 143 309 D·-

34 324 118 357 1327.

8 361 76 385 Σίν.
96 364 122 391 3.

9 435 62 459 An.
84 439 106 457 i.

10 475 40 498 E.
62 478 87 505 3.

9 506 97 543 Claus.
118 515 143 533 ι.

10 550 42 573 E.
63 554 88 581 3.

10 591 34 621 p.
51 592 76 610 2.

12 631 48 648 m.
67 629 109 647 iz.

13 657 109 691 don&-

12 704 105 763 ἷὶι.“ι’σ.
120 732 145 760 a.

34 2190 57 2213 θ
77 2193 132 2220 IV.

45 2239 109 2265 299.

40 2269 117 2299 Ann.
130 2265 173 2296 D.

68 2313 152 2346 1327.

41 2349 94 2372 Αηι
118 2354 141 2371 1.

44 2389 73 2410 E.
92 2391 117 2418 3.

69 2421 126 2458 'aits

43 2465 75 2487 E.
93 2467 105 2495 3

42 2506 73 2564 ξφ.)
79 2556 84 2561 .
89 2507 142 2561 2¹·8'

123 2428 175 2448 ‚1-

710 186 824 230 ET
907 183 1177 228 ACTA

324 364 429 395 Literae
445 359 643 407 deprecatoriae
660 357 861 406 Magnatibus
884 355 1045 392 Hiberniaet

162 444 219 502 R
229 445 253 477 E
263 446 294 477 X
309 469 319 486 ,
343 445 449 478 dileeto
463 445 496 477 δε
509 444 582 476 fideli
595 444 644 476 suo
656 467 666 484 ,
693 442 831 475 Mauritio
845 466 855 482 ,
875 442 946 473 Filio
966 442 1096 472 'I'iiomae
1109 465 1119 480 ,
1138 440 1216 471 Salu-

242 495 308 515 tem.

199 523 345 593 (fflaliter,
363 523 398 554 de
413 522 556 553 voluntate
570 521 602 552 &
621 519 726 551 assensu
740 519 864 550 Domini
885 517 1034 555 Edwardi,
1051 528 1140 556 nuper
1155 518 1216 547 Rea

163 562 206 598 gis
253 563 337 602 nglite
351 585 361 600 ,
379 561 466 592 Patris
485 560 574 591 nostri
589 582 599 598 ,
615 559 648 589 ad
666 559 870 596 requisitionem
891 555 1093 595 Praelatorum,
1112 556 1218 586 Comi-

163 607 245 638 tum,
259 602 292 631 ὃς
312 601 472 637 Baronum,
490 609 523 628 ac
536 598 618 628 totius
639 596 860 627 Communitatis
875 594 970 632 Regni
986 594 1089 632 nostri,
1106 596 1135 625 in
1150 594 1218 624 Par-

164 638 297 669 liamento
318 638 433 675 nostro,
449 648 463 667 a
485 636 523 667 ud
537 634 834 670 westmonasterium,
854 633 883 662 in
896 631 1028 662 Crastino
1044 632 1219 663 Puris-icario-

162 678 203 706 nis
225 678 313 707 beatae
332 676 435 707 Mariae
487 674 579 713 irgini's
591 695 601 711 ,
626 673 759 710 proximo
780 672 925 716 praeteritq
934 670 952 709 ‚l
978 680 1076 714 tento,
1095 671 1217 714 ejusdem

163 714 261 754 Regni
280 714 425 752 Regimen
446 713 639 754 suscepimus„
665 709 760 741 divin&
780 710 929 740 clementia
951 710 1116 749 providente
1131 734 1141 750 ,
1156 709 1220 740 ali-is

165 755 247 785 vobis
261 754 441 783 meminimus
455 751 522 782 Nos
534 748 695 791 scripsisse,—
828 786 833 791 .
1149 786 1154 791 ι

208 792 269 823 Vos
283 790 408 830 rogando
428 789 548 824 obnixe,
566 796 598 816 ac
613 795 642 816 m
663 785 732 816 Fide
746 786 779 816 δε
798 785 956 826 Ligeantia,
971 787 1072 824 quibus
1086 784 1168 815 nobis
1180 793 1223 816 te-

169 831 296 867 nemini,
315 829 396 860 vobis
411 825 609 857 nichilominus
621 824 736 855 firmiter
747 824 943 863 injungendo,
959 825 1055 873 quoti,
1075 824 1222 855 dileeae&

166 869 242 900 fideli
262 868 361 898 nostro
400 865 526 895 Thomae
539 863 566 893 le
581 863 644 893 Fitz
652 862 730 901 John
744 886 753 901 ,
773 862 885 893 Comiti
898 863 933 893 de
949 862 1081 901 Rildare,
1093 862 1224 900 Justicia-

167 908 212 938 rio
227 906 326 937 nostro
345 889 493 935 I-siberniae
506 925 516 940 ,
535 901 710 931 intendentes
734 901 822 931 essetis
835 925 844 939 ,
860 903 893 932 δε
908 902 935 930 in
948 901 998 931 hiis
1011 924 1020 939 ,
1041 911 1105 939 quae
1117 901 1151 931 ad
1168 901 1224 930 bo-

167 953 241 976 ·num
260 944 401 983 Regimen
413 940 495 970 didiae
514 939 629 982 Terrae,
649 940 682 970 ὃς
696 940 881 978 repulsionem
902 937 1091 970 Inimicorum
1112 939 1225 969 nostro-

170 993 234 1015 rum
247 1006 256 1021 ,
271 981 382 1022 possent
400 979 535 1016 pertinere
550 1001 559 1017 ,
580 979 669 1008 taliter
684 975 815 1008 Consiliis
834 979 867 1008 ὃς
882 978 997 1008 Auxiliis
1012 978 1175 1009 efficacibus
1187 976 1226 1007 as-

171 1022 309 1058 fisteretis,
328 1017 406 1057 quod
419 1016 540 1048 vestram
560 1014 697 1047 fidelitatis
716 1016 903 1046 constantiam
916 1017 949 1047 &
966 1015 1134 1046 Affetstionis
1149 1017 1225 1055 puri-

172 1068 260 1091 tatem
272 1061 353 1095 (quas
366 1065 433 1092 erga
446 1053 514 1085 Nos
527 1056 559 1086 δεῖ
574 1055 708 1085 Domum
722 1054 848 1085 nostram
863 1054 984 1094 Regiam
1002 1055 1147 1094 optinetis)
1164 1054 1226 1093 pos-

171 1099 260 1129 semus
273 1103 393 1133 operum
407 1092 534 1124 efficacia
547 1094 673 1133 experiri.

170 1143 173 1146 '
209 1135 316 1166 Verum
325 1156 334 1171 ,
355 1133 417 1171 quia
431 1133 515 1162 nobis
527 1132 645 1163 relatum
661 1130 702 1162 est
714 1131 791 1170 quod
804 1142 854 1163 vos
873 1132 990 1172 praefato
999 1130 1158 1170 Justiciario
1172 1140 1226 1160 no-

173 1173 232 1204 stro
245 1172 379 1202 haetenus
394 1171 551 1208 intendere,
567 1170 612 1201 stu
627 1180 739 1209 parere,
756 1172 882 1201 recusatis
896 1172 1084 1210 (quamquam
1098 1170 1143 1200 alii
1159 1167 1226 1198 Ma-

169 1218 267 1249 gnates
283 1211 316 1241 ὅτ,
332 1209 471 1248 Nobiles,
489 1210 525 1240 de
539 1208 629 1240 Terra
642 1208 793 1248 praedieia,
810 1209 902 1239 eidem
916 1211 1070 1246 paruerint,
1088 1209 1121 1238 δε
1135 1209 1228 1237 inten-

171 1250 280 1286 derint,
297 1258 328 1279 ut
342 1248 501 1282 debebant)
521 1247 556 1278 de
568 1257 625 1287 quo
640 1257 675 1278 eo
689 1248 779 1284 magis
794 1247 924 1277 admirari
936 1247 1134 1285 compellimur
1148 1269 1158 1285 ,
1171 1256 1229 1284 quo

171 1289 209 1320 de
221 1287 318 1317 vestris
333 1286 461 1317 fidelitate
475 1287 508 1317 &
522 1283 715 1316 Benivolentia
730 1286 865 1324 majorem
879 1285 1009 1316 fiduciam
1024 1286 1213 1316 habebamus:

214 1325 307 1356 Vobis
326 1327 410 1365 igitur
433 1326 533 1355 iterato
557 1324 719 1354 mandamus
732 1346 741 1361 ‚
764 1324 793 1354 in
813 1323 882 1354 Fide
902 1325 935 1354 ὃς
953 1323 1116 1363 Ligeantifi,
1132 1323 1231 1361 quibus

173 1365 256 1396 nobis
270 1364 405 1394 tenemini
422 1386 431 1401 ,
447 1362 562 1393 firmiter
577 1363 766 1402 injungentes,
784 1363 935 1400 quatenus,
953 1361 1062 1393 attentis
1078 1362 1233 1401 Ligeaiitiae

175 1403 276 1434 vestrae
287 1402 386 1432 debito
402 1402 434 1431 &
448 1401 572 1438 periculo
582 1422 591 1439 ,
610 1402 686 1439 quod
700 1400 799 1430 exinde
812 1425 821 1439 ,
841 1402 859 1431 si
875 1401 1029 1431 voluntarie
1044 1409 1233 1439 contempna-

177 1450 223 1473 tur
239 1464 249 1480 ,
267 1440 303 1470 de
319 1441 383 1479 jure
399 1440 473 1477 sequi
494 1439 599 1476 debet,
618 1440 732 1477 praefato
749 1435 909 1476 Justiciario
929 1439 1027 1469 nostro
1039 1462 1048 1477 ,
1067 1439 1124 1469 sine
1144 1447 1233 1468 morae

176 1479 337 1518 dispendio,
355 1478 499 1508 intendere
512 1478 544 1508 &
556 1478 689 1515 obedire,
704 1478 737 1508 &
757 1478 787 1507 in
810 1478 860 1507 hiis
897 1488 960 1517 quie
973 1478 1006 1507 ad
1019 1478 1132 1508 bonum
1146 1477 1236 1515 Regi-

180 1528 248 1548 men
262 1517 347 1547 din-„e
360 1516 461 1546 Terrae
479 1515 599 1554 nostrae,
617 1516 651 1546 δὲ
666 1515 850 1553 repulsionem
879 1517 1052 1546 nimicorum
1073 1514 1236 1545 nostrorum

178 1556 286 1587 ibidem
300 1556 437 1592 pertinere
451 1554 591 1592 videritis,
610 1554 742 1585 Consiliis
754 1554 787 1584 δε
800 1555 905 1585 auxiliis
925 1552 1084 1584 efficacibus
1099 1554 1186 1584 taliter
1199 1552 1238 1582 as-

180 1594 272 1625 sistere
292 1593 418 1623 studeatis
432 1616 441 1631 ,
459 1592 538 1630 quod
560 1592 617 1623 Pax
631 1592 724 1623 nostra
743 1592 849 1622 ibidem
868 1592 962 1622 vestro
983 1591 1111 1632 praesidio
1132 1591 1234 1621 illibata

183 1640 342 1673 permaneat
358 1654 367 1670 ,
383 1632 415 1662 &
438 1631 558 1661 vestram
577 1630 712 1669 poffimus
733 1630 956 1662 Benivolentiam
969 1640 1033 1670 erga
1050 1640 1119 1668 nos,
1134 1630 1167 1661 ὃ(
1186 1639 1240 1659 no-

184 1671 273 1709 stros,
291 1671 318 1699 in
331 1670 436 1700 effetfftu
451 1669 568 1707 Operis,
586 1670 711 1707 experiri.

218 1708 308 1740 Teste
322 1707 405 1748 Rege
417 1708 490 1746 apud
505 1707 645 1738 Dunolm.
661 1707 776 1738 decimo
791 1707 869 1738 sexto
884 1707 930 1737 die
939 1707 1017 1746 Julii.

658 1786 712 1814 Per
723 1780 804 1822 ipficm
818 1785 913 1821 Regem
928 1781 966 1818 εἰς·
982 1783 1134 1814 Concilium.

312 1863 481 1895 Consimiles
493 1856 596 1893 Literae
609 1860 764 1901 diriguntur
776 1857 950 1899 subscriptis,
969 1860 1115 1898 videlicet,

224 1941 354 1980 Johanni
373 1940 405 1970 de
418 1939 634 1980 meyngham,
652 1938 750 1969 Comiti
763 1938 795 1968 de
811 1936 927 1968 Louthe.

221 1980 327 2019 Jacobo
343 1979 366 2008 le
380 1978 507 2008 Botiller.

221 2021 359 2047 Asauritio
370 2019 402 2046 de
420 2015 575 2055 Rochcford.

223 2055 352 2094 Johanni
366 2057 480 2094 Power,
495 2058 601 2084 Barom'
613 2055 644 2084 cle
658 2054 751 2085 Donil.

300 2176 327 2204 ἵε
354 2181 413 2213 Pro
433 2177 653 2226 Archiepifiopo
668 2177 804 2213 Eborum
821 2178 856 2212 de
877 2179 964 2224 Prfis
979 2177 1016 2213 V
1013 2183 1144 2212 inarum.

192 2266 248 2321 R
258 2264 283 2295 E
293 2263 342 2304 X,
359 2264 462 2296 dilec‘to
476 2264 541 2303 sibi,
557 2264 685 2296 Ricardo
698 2264 733 2296 de
746 2265 772 2296 la
786 2265 873 2304 Pole,
892 2261 1041 2296 Pincernae
1057 2264 1121 2303 suo,
1134 2263 1179 2295 vel
1193 2265 1251 2303 ejus

268 2303 366 2334 locum
383 2305 502 2341 tenenti,
522 2304 550 2334 in
567 2303 658 2335 Portu
673 2304 708 2334 de
722 2303 895 2342 Kyngeston
909 2304 987 2343 super
1000 2303 1073 2333 Hull
1087 2325 1097 2341 ,
1116 2303 1249 2333 Salutem.

227 2340 307 2372 Cum
322 2349 428 2381 nuper,
443 2341 476 2372 ad
492 2341 716 2381 prosecutionem
725 2365 734 2380 ,
747 2343 908 2373 venerabilis
919 2342 1024 2379 Patris,
1038 2340 1090 2371 W.
1103 2341 1253 2378 Archiepi-

189 2377 267 2418 scopi
282 2379 413 2410 Eborum
428 2403 438 2418 ,
456 2380 567 2419 Angliae
589 2379 732 2419 Primatis,
751 2381 832 2411 nobis
850 2380 1018 2420 suggerentis
1037 2379 1232 2410 Athelstanum
1242 2402 1252 2418 ,

191 2418 336 2455 quondam
357 2418 469 2456 Regem
490 2419 602 2458 Angliae
617 2442 626 2456 ,
651 2418 867 2464 Progenitorem
888 2418 1017 2449 nostrum
1035 2441 1044 2456 ,
1059 2428 1115 2460 ‘per
1137 2416 1253 2448 Cariam

192 2456 286 2494 suam,
302 2457 481 2494 concessisse,
500 2465 567 2487 tunc
583 2457 765 2495 Archiepisco
786 2468 805 2487 o
826 2457 959 2487 Eborum
975 2479 984 2494 ,
1003 2457 1035 2487 &
1052 2457 1255 2487 successoribus

194 2494 246 2525 suis
257 2494 379 2534 ibidem,
398 2504 499 2525 omnes
514 2495 649 2526 libertates
664 2497 693 2525 in
709 2507 780 2533 aqua
801 2495 836 2526 de
858 2494 929 2525 Hull
949 2495 1011 2533 Qu
1022 2506 1041 2524 A
1052 2504 1064 2525 5
1090 2505 1107 2526 c
1117 2505 1136 2525 o
1146 2504 1169 2525 R
1195 2505 1210 2524 c
1220 2505 1254 2524 o-

195 2541 363 2563 G1TARE
390 2541 543 2563 Possem
562 2557 572 2572 ,
598 2540 672 2564 seu
700 2542 860 2564 octJLus
886 2543 1072 2570 vmmze,
1103 2533 1256 2571 postesque

195 2570 360 2602 Dominum
379 2570 421 2601 H.
442 2572 587 2609 quondam
609 2572 723 2611 Regem
745 2573 874 2611 Angliae,
910 2582 1028 2602 roavum
1045 2572 1190 2609 nostrum,
1208 2582 1256 2609 per

198 2618 304 2640 cartam
314 2610 405 2648 suam,
424 2619 478 2648 pro
493 2610 533 2647 se,
551 2611 584 2640 &
598 2611 755 2641 haeredibus
777 2611 827 2641 suis
842 2634 851 2649 ,
870 2582 930 2645 &Ea
943 2618 1024 2649 prout
1031 2609 1117 2649 fitpra
1140 2611 1171 2640 de
1185 2614 1256 2640 Dat.

192 2657 237 2677 -10
251 2651 341 2677 Mart.
358 2648 436 2687 usque
450 2648 505 2677 haec
518 2648 621 2685 ὐενέας
641 2652 703 2679 viz.

235 2685 271 2716 Et
287 2696 355 2724 nOS,
372 2687 406 2716 ad
423 2685 538 2717 Cartarn
554 2687 586 2717 ὃς
610 2687 826 2726 Inquisitionem
847 2687 993 2726 praedignis
1007 2684 1258 2718 considerationem

197 2723 347 2761 habentes,
364 2733 398 2754 ac
412 2732 464 2760 pro
477 2735 513 2754 eo
526 2725 603 2764 quod
618 2725 784 2757 Benedictus
799 2726 835 2756 de
851 2727 874 2756 F
877 2726 1001 2764 ulssiam,
1020 2736 1108 2766 uuper
1122 2726 1258 2757 Pincerna

198 2761 295 2792 noster
312 2785 322 2800 ,
345 2762 375 2791 in
398 2760 587 2792 Parliamento
608 2763 706 2794 nostro
720 2787 730 2802 ,
753 2764 827 2804 apud
851 2764 1153 2803 Westmonasterium,
1171 2775 1259 2804 nuper

197 2809 377 2842 convocato,
396 2809 495 2829 coram
509 2801 588 2830 nobis
602 2802 724 2832 &dieto
737 2802 873 2833 Concilio
885 2803 984 2833 nostro
1000 2803 1174 2843 personaliter
1190 2814 1261 2834 con-

199 2837 309 2906 {stitutus
321 2860 330 2876 ,
348 2838 436 2868 nichil
448 2838 516 2869 dicit
531 2839 561 2868 in
575 2841 762 2878 contrarium,
780 2842 831 2872 nisi
846 2841 925 2880 qubd
938 2843 1044 2873 invenit
1065 2850 1114 2871 nos
1131 2841 1195 2872 inde
1210 2842 1261 2872 sei-

214 2883 280 2906 itos:

231 2913 274 2957 'Et
296 2912 453 2958 Stephanus
475 2915 510 2945 de
532 2915 675 2956 Abyndon
695 2926 727 2947 ac
747 2917 891 2948 walterus
910 2918 945 2948 de
963 2917 1133 2948 Waldessief
1144 2941 1154 2955 ,
1172 2927 1260 2956 nuper

201 2951 353 2995 Pincernae
374 2953 441 2983 dicsli
463 2952 550 2983 Patris
569 2954 674 2993 nostri,
694 2955 794 2992 quibus
826 2966 854 2985 er
867 2956 970 2986 diversa
984 2956 1080 2986 Brevia
1091 2956 1158 2986 dieti
1174 2956 1262 2987 Patris

201 2989 313 3028 nostri,
328 2991 362 3021 ad
376 2992 588 3022 informandum
603 2993 636 3023 ὃ(
650 2993 792 3024 certifie-an
815 3003 863 3023 um
879 2994 1047 3024 Concilium
1069 2994 1165 3032 suum,
1184 2996 1261 3035 super

203 3028 347 3068 praemiffis
357 3051 366 3067 ,
392 3028 554 3060 mandatum
578 3031 631 3060 fuit
645 3053 655 3068 ,
673 3031 741 3060 nihil
755 3031 944 3062 certificamnt
955 3033 1034 3071 quod
1048 3033 1077 3062 in
1091 3034 1263 3063 contrarium

200 3067 411 3136 gfaeffisffomm
428 3068 535 3108 existit,
552 3068 603 3099 nisi
616 3069 692 3108 quod
704 3070 871 3101 invenerunt
888 3070 1084 3110 Progenitores
1097 3070 1207 3102 nostros
1222 3072 1264 3101 in-

226 3116 242 3136 e
269 3115 292 3134 ei
305 3113 374 3135 itos:

243 3142 280 3173 Et
296 3143 492 3175 Thesaurarius
505 3145 538 3175 ὃς
559 3145 680 3176 Barones
698 3146 804 3186 nostri,
821 3147 856 3178 de
868 3147 1031 3185 Scaccario,
1050 3147 1119 3177 Nos
1133 3148 1166 3179 &
1180 3146 1264 3178 Con-

203 3182 304 3212 cilium
318 3182 445 3225 nostrum
459 3184 582 3214 similiter
595 3185 798 3223 certificiimnt,
816 3186 895 3225 quod
911 3194 969 3216 non
985 3188 1169 3224 invenerunt,
1186 3186 1266 3224 quod

206 3220 408 3259 progenitores
417 3221 628 3265 nostris-‘uerunt
639 3223 717 3253 seisiti
735 3223 772 3253 de
791 3224 950 3263 hujusmodi
970 3224 1066 3262 Prisis,
1082 3225 1111 3254 in
1131 3224 1214 3263 Aqua
1229 3221 1266 3256 de

206 3258 298 3297 Hull,
317 3267 380 3289 ante
393 3260 605 3291 confeetionem
620 3260 715 3292 Cartae
730 3261 810 3299 ipsius
821 3262 862 3292 l-l.
876 3262 1036 3302 supradicti:

208 3337 215 3342 ι
238 3296 434 3365 s{solentesque
454 3296 546 3329 eidem
568 3298 788 3339 Archiepiscopo
807 3302 835 3331 in
856 3301 1002 3339 praemissis
1020 3301 1079 3332 sieri
1092 3326 1102 3341 ,
1126 3302 1204 3342 quod
1222 3302 1263 3333 est

218 3347 235 3366 u
263 3345 331 3373 um,
837 3354 841 3357 -

201 3346 215 3376 J
246 3373 338 3418 Vobis
350 3374 456 3418 ⁸plurites
477 3376 700 3407 mandaverimus
719 3378 798 3416 quod
814 3377 939 3409 Manum
959 3378 1106 3417 nostram,
1120 3378 1156 3409 de
1175 3379 1266 3418 hujus-

204 3412 289 3443 modi
310 3412 389 3443 Prisis
403 3435 412 3450 ,
431 3423 460 3442 in
479 3413 556 3444 dieto
577 3413 666 3445 Portu
688 3416 723 3444 de
737 3414 806 3445 Hull
818 3438 828 3453 ,
847 3419 1028 3456 amoveretis,
1047 3418 1079 3448 δέ
1094 3418 1264 3455 Ρῑῑεάἱὸὶυτη

205 3451 260 3481 W.
280 3460 356 3481 nunc
380 3450 630 3489 Archiepiscopum
645 3476 654 3490 ,
677 3452 764 3483 Prisas
787 3455 859 3491 suaS,
878 3455 908 3483 in
923 3454 1024 3486 eodem
1038 3455 1126 3486 Portu
1137 3480 1145 3493 ,
1161 3457 1263 3495 absque

207 3490 413 3527 impedimento
426 3512 436 3528 ,
451 3490 552 3520 babere
572 3492 766 3529 permitteretis
779 3491 864 3529 (Jure
875 3492 987 3532 nostr0,
1004 3495 1032 3522 in
1047 3495 1180 3525 omnibus
1194 3495 1265 3525 sem-

207 3538 258 3566 per
272 3528 367 3564 salvo)
388 3529 432 3557 vel
450 3527 560 3558 causam
580 3529 662 3558 nobis
677 3528 877 3567 significaretis,
896 3540 978 3567 quare
997 3531 1138 3562 Mandato
1150 3532 1265 3572 nostro,

209 3567 274 3597 alias
288 3567 369 3597 vobis
382 3566 448 3595 inde
461 3566 586 3603 direc'io,
605 3576 698 3606 parere
713 3568 933 3605 contempsistis:

246 3604 308 3635 Vos
324 3628 334 3643 ,
359 3605 452 3642 spretis
476 3603 615 3634 Mandatis
635 3605 735 3635 nostris
752 3606 891 3645 praediffitis
906 3629 915 3643 ,
932 3608 1083 3646 quicquam
1096 3608 1162 3638 inde
1175 3609 1264 3640 facere

208 3652 268 3673 non
282 3642 415 3680 curfistis,
433 3644 461 3672 in
476 3643 560 3673 nostri
573 3644 606 3674 ὃς
619 3644 787 3674 eorumdem
797 3643 1002 3675 Mandatorum
1018 3645 1181 3676 nostrorum
1194 3657 1266 3678 con—

208 3688 350 3719 temptum
366 3681 560 3720 manifestum,
578 3681 709 3720 ipsiusque
723 3681 933 3722 Archiepiscopi
948 3682 1120 3721 dispendium
1129 3695 1188 3715 non
1203 3695 1268 3716 mo-

211 3719 310 3751 dicum
324 3720 357 3750 &
368 3729 533 3759 gravamen,

247 3757 301 3789 Per
314 3759 390 3797 quod
405 3759 486 3788 vobis
499 3760 596 3789 iterato
614 3756 821 3796 mandavimus,
839 3758 953 3790 firmiter
968 3760 1144 3799 injungentes
1158 3785 1167 3799 ,
1187 3762 1266 3800 quod

213 3794 334 3826 Manum
349 3796 473 3827 nostram
486 3796 520 3827 de
535 3796 690 3833 hujusmodi
705 3796 801 3835 Prifis,
813 3798 843 3826 in
855 3798 933 3828 diCto
943 3798 1029 3829 Portu
1043 3799 1078 3828 de
1092 3798 1268 3838 Hull,amo-

211 3835 329 3873 vetetis,
344 3835 378 3865 &
397 3835 545 3874 praefatum
567 3835 776 3871 Willielmum,
792 3845 868 3866 nunc
891 3836 1161 3876 Archiepiscopum,
1182 3837 1267 3869 Prisas

210 3870 266 3901 suas
286 3873 316 3902 in
334 3873 437 3904 eodem
459 3873 547 3904 Portu
559 3896 568 3912 ,
587 3873 688 3911 absque
710 3873 917 3910 impedimento
932 3897 941 3912 ,
959 3875 1061 3904 habere
1074 3878 1267 3914 permitteretis

211 3907 295 3945 (Jure
307 3910 405 3941 nostro
418 3913 448 3941 in
462 3913 596 3942 omnibus
610 3911 718 3950 semper
731 3911 804 3941 salvo
819 3912 828 3949 )
849 3912 974 3943 volentes
994 3923 1045 3943 vos
1059 3914 1122 3943 inde
1136 3924 1199 3953 erga
1214 3926 1267 3946 nos

210 3949 374 3984 exonerari:,
399 3949 445 3979 vel
468 3951 546 3988 quod
567 3959 618 3980 vos
641 3951 690 3987 ipsi
710 3950 800 3980 effetis
814 3973 824 3988 ,
846 3959 944 3981 coram
967 3951 1081 3988 Nobis,
1103 3950 1132 3982 in
1147 3952 1267 3984 oetabis

210 3983 323 4015 Sanctae
342 3986 486 4018 Trinitatis
499 4012 507 4026 ,
525 3989 660 4027 proximo
683 3989 827 4026 praeteritis
841 4011 850 4026 ,
870 3989 1040 4027 ubicumque
1061 3999 1128 4020 tunc
1151 3991 1268 4022 essemus

209 4022 237 4065 in
258 4022 359 4068 {ing-lia
375 4045 386 4066 ⁷.
401 4025 532 4056 ostensuri
555 4037 639 4065 quare
659 4027 794 4058 mandatis
810 4026 910 4059 nostris
923 4027 1062 4067 praedicstis
1076 4030 1176 4061 totiens
1188 4031 1269 4063 vobis

211 4059 523 4131 inde};l:'rec}t}s,ppa}e}re
536 4064 747 4104 contempsistis.

1295 272 1346 316 'Ad
1359 282 1443 311 quem
1464 274 1541 304 diem
1560 284 1610 305 vos
1624 286 1722 306 coram
1737 275 1836 308 Nobis
1850 275 1980 315 venistis,
2000 275 2049 316 Sc,
2086 285 2119 306 ro
2132 274 2231 313 nobis,
2249 277 2317 307 asse-
2335 274 2401 304 Ann
2420 271 2458 304 i]

1258 310 1347 352 ruistis
1362 321 1413 341 vos
1426 312 1481 354 esse
1495 323 1619 350 paratQS,
1637 315 1748 345 diversis
1768 314 1938 345 Rationibus
1949 338 1958 353 ,
1973 315 2053 345 osten
2075 325 2121 344 ere
2141 314 2228 345 Prisas
2242 322 2315 352 praea'
2352 315 2435 352 1327-

1258 348 1363 385 (lisias,
1382 349 1418 378 de
1433 349 1528 388 Vinis,
1548 352 1575 379 in
1588 350 1677 382 Portu
1690 352 1844 391 praedieto,
1861 354 1895 383 ad
1911 353 1998 392 Nos,
2013 363 2043 384 ut
2057 353 2094 384 de
2104 353 2172 391 Jure
2186 353 2314 384 Coronae
2331 353 2398 380 Ed'b-
2414 362 2441 389 3n

1260 386 1380 425 nostrae,
1400 388 1432 417 &
1447 398 1507 417 non
1521 388 1554 418 ad
1569 390 1658 426 ipffim
1674 391 1946 430 Archiepiscopum,
1965 393 2115 429 pertinere:

1296 424 1343 468 Ad
1357 435 1426 463 quos
1438 426 1513 469 idem
1527 426 1775 466 Archiepiscopus,
1790 438 1887 459 coram
1902 429 2016 469 Nobis,
2031 440 2101 461 tunc
2111 430 2314 467 allegavit,vos

1259 462 1349 492 Diem
1363 484 1372 500 ,
1390 470 1487 493 coram
1505 464 1603 495 Nobis
1618 489 1627 504 ,
1641 476 1701 496 non
1717 463 1817 497 habere
1831 489 1841 505 ,
1858 467 1907 497 nisi
1929 469 2130 499 tantummodo
2150 469 2184 498 ad
2197 468 2313 506 respon-⁷

1258 501 1385 544 dendum
1400 502 1481 531 nobis
1494 502 1528 532 de
1541 512 1707 542 contemptu
1719 505 1873 542 praediCm,
1890 505 2047 544 adjiciendo
2055 507 2220 544 praediCtam
2229 507 2313 536 Con-

1260 539 1455 582 siderationem
1471 564 1480 577 ,
1503 549 1518 570 a
1535 541 1590 580 quii
1612 541 1780 572 Mandatum
1802 542 1932 572 nostrum
1947 543 2133 582 przediffum,
2148 545 2229 575 vobis
2247 546 2314 575 inde

1260 577 1418 616 directum,
1436 581 1575 609 emanavit
1587 602 1596 617 ,
1615 590 1668 617 pro
1686 581 1850 611 executione
1869 581 1990 618 ejusdem
2005 583 2146 622 facienda,
2162 585 2191 620 in
2210 583 2314 614 Pai-lia·

1261 624 1362 646 mento
1374 616 1473 646 nostro
1488 617 1624 653 praedidio
1634 641 1642 656 ,
1655 623 1753 649 coram
1766 619 1880 655 Nobis,
1889 618 2024 659 Praelatis,
2038 620 2233 660 Magnatibus‚
2242 620 2315 651 ΡτοΕ

1260 654 1389 691 ceribus,
1405 656 1438 685 δε
1452 653 1668 686 Communitate
1685 655 1779 695 Regni
1793 656 1893 693 nostri,
1910 658 2016 688 ibidem
2037 661 2219 698 convocatis,
2237 660 2316 690 fuiss'e

1262 693 1468 723 concordatum
1483 715 1492 731 ‚
1510 693 1544 723 &
1565 693 1629 723 alibi
1647 695 1731 733 quarn
1752 695 1782 724 in
1801 693 1989 726 Parliamento
2004 706 2062 727 non
2083 698 2160 735 posse
2173 699 2315 728 revocari:

1263 730 1426 771 ipsumque,
1441 730 1518 770 super
1529 730 1597 770 Jure
1613 731 1678 769 suo,
1697 734 1725 762 in
1746 732 1797 762 hac
1811 740 1904 769 parte,
1922 734 1956 764 ad
1977 734 2062 765 Breve
2075 735 2203 766 nostrum
2216 736 2319 776 praedi-

1265 770 1364 807 Cium,
1383 770 1466 799 nobis
1478 769 1641 808 respondere
1654 780 1713 800 non
1725 770 1843 808 debere,
1861 772 2004 812 quousque
2014 774 2042 801 in
2057 772 2259 806 Poffeffionem
2272 782 2319 805 ea-

1265 808 1397 838 rumdem
1419 807 1555 838 Prisarum
1571 832 1580 846 ,
1595 809 1747 840 secundum
1767 807 1888 839 formam
1902 807 2142 842 Considerationis
2157 813 2320 851 praedietae,

1265 856 1295 876 re
1315 854 1452 876 oneretur.

1297 855 1427 922 {sosque
1446 885 1542 923 postea
1557 908 1566 923 ,
1584 895 1633 923 per
1656 885 1744 916 Breve
1765 886 1913 924 nostrum,
1930 886 1980 916 sub
1994 884 2108 917 Privato
2122 887 2233 927 Sigillo,
2250 889 2321 920 dile-2

1267 922 1319 953 ciis
1333 923 1366 953 &
1381 922 1507 954 fidelibus
1519 924 1633 961 nostris,
1653 924 1786 955 Galfrido
1804 926 1829 955 le
1851 926 1961 962 Scrop,
1977 925 2009 955 &
2024 924 2115 955 Sociis
2129 926 2179 955 suis
2190 927 2322 966 Justicia-

1268 962 1315 990 riis
1331 981 1340 999 ‚
1364 961 1398 992 ad
1423 961 1524 996 Placita
1546 966 1644 992 'coram
1664 963 1745 993 nobis
1766 964 1887 994 tenenda
1906 962 2041 1003 assignatis
2056 985 2065 1001 ,
2083 964 2323 1004 mandaverimus,

1268 999 1413 1043 quodpin
1430 999 1562 1039 Negotio
1575 1001 1710 1039 praediCm
1725 1002 1907 1039 procedendo
1920 1016 1930 1040 5
1945 1001 2032 1032 taliter
2047 1001 2230 1041 avisarentur,
2246 1005 2323 1041 quod

1269 1038 1355 1068 nichil
1371 1046 1399 1068 in
1416 1038 1611 1076 praejudicium
1625 1039 1753 1068 nostrum
1795 1050 1849 1071 nec
1864 1040 2114 1071 exhaeredationem
2132 1038 2259 1071 Coronae
2272 1052 2326 1072 no-

1269 1076 1333 1106 strae
1355 1075 1431 1106 fieret
1452 1078 1479 1105 in
1501 1077 1555 1107 hac
1574 1085 1673 1116 parte,
1690 1079 1742 1116 ὃς,
1759 1062 1779 1108 si
1799 1078 1918 1109 dubium
1935 1078 2002 1116 quid
2020 1077 2151 1109 subfuerit
2186 1079 2213 1109 id
2227 1083 2328 1109 corani

1269 1115 1351 1144 nobis
1371 1112 1409 1145 δέ
1425 1114 1560 1144 Concilio
1575 1114 1673 1145 nostro
1692 1115 1873 1148 ostenderent
1886 1140 1896 1156 ,
1915 1126 1945 1146 ut
1960 1116 2045 1154 Nos,
2060 1101 2168 1185 supeihs
2166 1127 2213 1147 ure
2227 1116 2327 1147 nostro

1269 1154 1298 1182 in
1314 1153 1367 1183 hac
1383 1161 1459 1192 parte
1472 1153 1578 1192 plenius
1594 1154 1752 1192 informati,
1770 1155 1853 1194 usque
1866 1156 1900 1186 ad
1913 1155 2022 1185 finalem
2036 1155 2123 1185 Discu
2148 1165 2245 1186 ionem
2260 1155 2330 1193 ejus-v

1271 1191 1339 1222 dem
1353 1193 1477 1230 negotii,
1494 1191 1645 1222 consultius
1659 1192 1692 1223 &
1706 1192 1827 1224 securius
1861 1193 1992 1224 rocedei·e
2007 1193 2161 1230 possemus:

1310 1230 1371 1269 Qii
1390 1230 1504 1268 quidem
1515 1228 1681 1268 Justiciarii,
1699 1239 1795 1261 coram
1848 1233 1927 1270 obis,
1946 1231 1965 1250 ³¹⁵
1983 1231 2148 1262 Recordum
2169 1233 2202 1264 ὃς
2214 1232 2330 1264 Proces-
2347 1228 2363 1246 ’ἓ
2384 1226 2438 1255 tv,

1272 1267 1332 1298 sum
1346 1269 1455 1307 negotii
1464 1268 1608 1308 praedicii,
1627 1279 1723 1299 coram
1740 1271 1777 1300 eis
1791 1270 1899 1309 habita,
1917 1269 2011 1308 postea
2023 1271 2203 1309 deportarunt
2219 1282 2226 1301 ;
2350 1276 2415 1304 30⁰·-

1312 1305 1433 1345 Nosque
1448 1307 1615 1337 Recordum
1630 1308 1664 1338 &
1680 1307 1847 1338 Processum
1860 1308 1992 1346 praemisa
2008 1332 2017 1346 ,
2033 1310 2182 1339 venerabili
2201 1310 2290 1348 Patri,
2303 1309 2332 1347 J.

1275 1345 1375 1376 Eliensi
1397 1345 1539 1383 Episcopo
1551 1369 1561 1384 ,
1585 1345 1762 1376 Cancellario
1783 1347 1879 1377 nostro
1893 1371 1902 1386 ,
1921 1347 2128 1377 liberaverimus
2141 1370 2151 1384 ,
2173 1348 2200 1377 ei
2217 1347 2334 1378 firmiter

1275 1384 1450 1422 injungendo
1467 1384 1565 1422 quod,
1583 1394 1746 1415 convocato
1760 1394 1823 1415 toto
1839 1382 1973 1416 Concilio
1987 1385 2100 1422 nosti-0,
2118 1386 2146 1414 in
2161 1385 2335 1416 cancellaria

1277 1421 1387 1459 nostrii,
1406 1422 1439 1452 ὃς
1452 1422 1559 1453 ibidem
1574 1423 1691 1453 recitatis
1705 1423 1843 1454 Recordo
1859 1425 1892 1455 &
1907 1423 2041 1455 Processu
2055 1423 2209 1462 praeditstis,
2223 1423 2336 1462 Justitia

1280 1459 1392 1492 ulterius
1406 1460 1481 1491 fieret
1499 1462 1528 1491 in
1543 1460 1700 1499 praemissis:
1868 1494 1870 1497 ,

1285 1530 1289 1533 ,
1317 1498 1476 1537 Postefique
1517 1509 1614 1529 coi-am
1636 1500 1696 1539 ipso
1718 1497 1894 1532 cancellario
1907 1524 1917 1540 ,
1935 1501 1969 1532 ὅτ
1982 1525 1991 1540 ,
2009 1502 2159 1532 venerabili
2178 1501 2275 1539 Patre,
2293 1500 2339 1530 H.

1280 1535 1473 1580 Lincolniensi
1487 1521 1646 1581 lipiscopo,
1665 1539 1849 1571 Thesaurario
1862 1540 1976 1578 nostro,
1992 1541 2026 1571 &
2041 1540 2203 1578 Justiciariis
2222 1539 2340 1577 nostris,

1281 1576 1314 1605 ὃς
1330 1576 1385 1605 aliis
1404 1575 1439 1606 de
1460 1575 1598 1606 Concilio
1613 1575 1709 1613 nostro
1722 1600 1732 1615 ,
1751 1579 1780 1608 in
1797 1577 2000 1610 Cancellariarn
2020 1579 2144 1609 nostram
2158 1579 2342 1615 convocatis,

1281 1623 1419 1657 venerunt
1439 1614 1498 1644 tam
1533 1612 1662 1645 raedieius
1680 1615 1913 1655 Archiepiscopus
1925 1640 1934 1653 ,
1953 1618 2039 1655 quam
2058 1627 2127 1656 vos:J
2145 1618 2178 1648 &
2194 1640 2204 1655 ,
2220 1617 2343 1647 recitatis

1282 1652 1390 1682 ibidem
1405 1651 1504 1683 Recor
1525 1662 1545 1682 o
1558 1654 1590 1683 ὃς
1605 1652 1739 1683 Processu
1754 1655 1908 1692 praediffis,
1926 1665 1977 1685 vos
1989 1654 2110 1693 dixistis,
2129 1663 2158 1685 ut
2174 1656 2265 1693 prius,
2278 1654 2341 1684 Pri-

1284 1690 1322 1721 sas
1343 1690 1488 1730 praedietas
1511 1691 1545 1721 ad
1568 1690 1636 1722 Nos
1680 1700 1711 1722 ut
1729 1693 1764 1722 de
1775 1692 1845 1730 Jure
1860 1692 1987 1728 Coronae
2001 1693 2120 1730 nostrae,
2138 1695 2289 1732 pertinere,
2307 1693 2341 1724 δε

1285 1739 1344 1759 non
1358 1729 1391 1759 ad
1409 1729 1575 1767 praedieium
1589 1714 1845 1770 Arcfiiepiscopum
1879 1731 2036 1769 adjiciendo
2049 1731 2128 1770 quod
2138 1733 2184 1769 ,in
2198 1732 2344 1769 praediffls'

1287 1766 1427 1798 Recordo
1446 1769 1479 1799 ὃς
1500 1767 1659 1812 Processu,
1677 1765 1778 1800 habitis
1800 1771 1829 1799 in
1877 1771 2040 1801 arliamento
2055 1770 2211 1809 praediisto,
2229 1770 2345 1801 Errores

1285 1808 1493 1837 intervenerunt
1506 1806 1658 1837 manifesti:

1324 1844 1371 1875 Ad
1388 1856 1451 1883 quie
1464 1845 1616 1883 praedicstus
1627 1845 1864 1885 Archiepiscopus
1877 1847 2032 1886 respondit,
2050 1855 2080 1878 ut
2093 1849 2182 1886 prius,
2200 1846 2278 1886 quod
2293 1854 2346 1878 vos

1287 1881 1391 1914 habetis
1404 1884 1479 1914 diem
1492 1883 1692 1914 tantummodo
1707 1885 1740 1916 ad
1755 1886 1979 1924 respondendum
1993 1886 2076 1916 nobis
2088 1886 2124 1916 de
2146 1885 2272 1916 Contem
2294 1894 2323 1916 tu
2333 1895 2347 1922 ς

1287 1921 1430 1953 asserendo
1449 1922 1539 1960 ipsum
1561 1923 1594 1953 ad
1615 1922 1715 1961 aliquas
1734 1923 1889 1962 Rationes,
1908 1924 1986 1964 super
1999 1924 2068 1962 Jure
2082 1923 2196 1962 nostro,
2214 1924 2250 1954 de
2265 1895 2347 1954 Ierisis

1288 1961 1446 2000 praedicstiS,
1463 1961 1674 2000 proponendas,
1689 1971 1742 1992 nec
1755 1962 1789 1992 ad
1804 1961 1919 1993 Errores
1952 1964 1971 1993 fi
1987 1964 2032 2000 qui
2048 1963 2168 1999 fuerint,
2183 1962 2348 2000 respondere

1290 2010 1350 2030 non
1363 1999 1482 2037 debere,
1498 1998 1644 2037 quousque
1658 1999 1688 2029 in
1701 1998 1905 2031 Posseffionem
1925 1986 2065 2031 i³risariim
2086 2001 2283 2038 praedi&arum
2302 2010 2348 2031 re-

1290 2046 1411 2076 ponetur
1431 2039 1534 2068 virtute
1556 2037 1793 2068 Considerationis
1811 2039 1954 2078 praeditstae
1973 2041 2018 2073 (in
2039 2039 2095 2076 quii
2103 2039 2154 2077 jus
2168 2038 2298 2069 nostrum
2314 2039 2346 2070 in

1290 2077 1424 2106 omnibus
1437 2075 1552 2106 salvatur
1565 2076 1574 2112 )
1591 2076 1624 2106 &
1639 2076 1718 2114 quod
1727 2076 1869 2108 Warento
1881 2077 2011 2117 praedieti
2025 2077 2134 2115 Brevis,
2152 2077 2270 2115 praefato
2278 2076 2350 2114 Pin-2

1290 2124 1384 2147 cernae
1398 2113 1512 2153 dircen,
1530 2115 1672 2146 terminari
1682 2125 1742 2146 non
1755 2115 1855 2154 potest.

1330 2178 1407 2239 Qia
1420 2192 1554 2231 praedieia
1574 2191 1770 2228 Consideratio
1791 2190 1864 2226 facia
1878 2194 1930 2226 fuit
1945 2197 1974 2224 in
1992 2193 2179 2226 Parliamento
2196 2194 2353 2238 praedieto}

1294 2233 1311 2262 a
1330 2242 1385 2271 qua
1405 2232 1575 2272 praedistum
1590 2232 1678 2264 Breve
1693 2232 1824 2263 nostrum
1838 2257 1846 2270 ,
1862 2232 1898 2264 de
1918 2233 2092 2263 Executione
2106 2234 2249 2273 facienda,
2268 2234 2352 2264 vobis

1293 2271 1433 2301 direeium
1443 2293 1452 2309 ,
1469 2273 1626 2309 emanavit,
1644 2273 1677 2303 &
1694 2270 1728 2301 ad
1740 2271 1818 2311 quod
1832 2282 1884 2302 vos
1897 2273 1975 2303 diem
1988 2271 2119 2302 habuistis
2134 2272 2354 2308 tantummodo;

1294 2309 1446 2348 videlicet,
1470 2308 1506 2340 ad
1528 2309 1751 2349 respondendum
1774 2310 1854 2340 nobis
1874 2311 1910 2341 de
1930 2310 2110 2348 Contemptu
2131 2311 2271 2348 praedie'to
2286 2333 2295 2348 ,
2319 2310 2354 2340 δε

1295 2348 1355 2379 tam
1375 2349 1404 2378 iri
1424 2348 1672 2385 Consideratione,
1689 2349 1775 2387 quam
1795 2348 1895 2387 Brevi,
1911 2348 2049 2386 praedicitis
2066 2348 2116 2386 Jus
2128 2348 2256 2379 nostrum
2270 2348 2355 2378 salva-

1296 2396 1340 2417 tur
1351 2409 1360 2424 ,
1376 2395 1429 2416 nec
1442 2386 1475 2416 ad
1491 2386 1651 2424 hujusmodi
1662 2387 1750 2417 Breve
1764 2388 1906 2417 terminari
1920 2387 2027 2424 potest,
2045 2388 2078 2417 &
2093 2397 2151 2418 noti
2164 2386 2205 2416 est
2219 2387 2270 2424 juri
2285 2396 2357 2417 cone

1297 2426 1397 2455 sonum
1413 2434 1465 2455 nec
1481 2426 1581 2455 rationi
1595 2425 1673 2463 quod
1687 2425 1837 2462 praedietus
1850 2425 2083 2463 Archiepiscopus
2098 2425 2179 2454 nobis
2192 2447 2201 2462 ,
2217 2425 2357 2463 superJu⁴

1297 2473 1328 2494 re
1346 2462 1446 2493 nostro
1461 2486 1470 2501 ,
1488 2464 1517 2493 in
1534 2463 1678 2500 praemissis
1691 2487 1700 2500 ,
1725 2463 1910 2501 respondeat,
1926 2463 2083 2502 priusquam
2105 2464 2133 2492 in
2155 2463 2358 2500 possessionem

1320 2502 1495 2532 raeditstarum
1519 2500 1662 2532 Prisarum
1679 2523 1688 2539 ,
1715 2501 1818 2531 eodem
1841 2502 1930 2532 modo
1948 2511 2006 2541 quo
2030 2501 2237 2531 coiifideratum
2256 2502 2309 2532 fuit
2327 2502 2359 2531 in

1325 2541 1486 2571 arliamento
1500 2540 1636 2577 praedieto
1650 2538 1746 2578 (salvo
1759 2539 1866 2579 semper
1876 2540 1944 2579 Jure
1957 2539 2073 2576 nostro)
2092 2549 2256 2577 reponatur,

1335 2580 1435 2610 Visum
1456 2578 1496 2608 est
1516 2580 1568 2609 toti
1589 2578 1725 2609 Concilio
1738 2577 1851 2616 nostro,
1870 2578 1949 2617 quod
1970 2578 2137 2608 Executioni
2152 2578 2302 2615 faciendae,
2320 2577 2360 2608 se«³

1300 2617 1428 2648 cundum
1449 2616 1844 2655 formani{Considerationis,
1863 2617 1946 2648 faistae
1960 2618 1989 2647 in
1998 2615 2184 2647 Parliarnento
2204 2617 2358 2655 praediolo,

1302 2666 1360 2686 non
1379 2655 1420 2685 est
1431 2655 1660 2695 supersedendum
1674 2656 1704 2685 in
1717 2655 1769 2685 hac
1782 2664 1872 2693 parte:

1341 2692 1433 2724 Vobis
1454 2694 1545 2724 adhuc
1567 2693 1730 2724 mandamus
1744 2717 1754 2730 ,
1779 2694 1897 2723 firmiter
1916 2695 2089 2733 injungentes
2103 2716 2112 2732 ,
2137 2693 2216 2730 quod
2236 2691 2360 2722 Manum

1303 2732 1428 2763 nostram
1441 2731 1476 2762 de
1497 2732 1653 2770 hujusmodi
1674 2731 1771 2769 Prisis,
1791 2733 1818 2762 iu
1834 2731 1911 2762 dieto
1932 2732 2019 2762 Portu
2033 2732 2067 2762 de
2088 2731 2174 2769 Hull,
2191 2730 2361 2768 amoveatis,

1304 2773 1337 2802 &
1357 2771 1505 2810 praefatum
1528 2770 1580 2801 W.
1601 2780 1677 2801 nunc
1701 2770 1951 2808 Archiepiscopum
1966 2793 1976 2808 ,
1998 2770 2081 2800 Prisas
2102 2770 2158 2800 suas
2173 2793 2182 2807 ,
2208 2771 2236 2798 in
2256 2768 2361 2798 eodem

1304 2810 1392 2840 Portu
1407 2833 1416 2847 ,
1438 2810 1540 2848 absque
1560 2809 1766 2847 impedimento
1780 2831 1790 2846 ,
1817 2809 1917 2838 habere
1936 2810 2099 2848 permittatis
2111 2831 2120 2846 ,
2133 2809 2210 2846 juxta
2229 2816 2362 2838 tenorem

1304 2848 1509 2878 Mandatorum
1530 2847 1693 2878 nostrorum
1714 2846 1915 2884 praedicstorum
1935 2846 2027 2884 (Jure
2050 2846 2147 2876 nostro
2176 2848 2206 2876 in
2228 2846 2363 2875 omnibus

1303 2886 1410 2925 semper
1424 2885 1516 2921 salvo)
1535 2887 1666 2916 volumus
1680 2887 1757 2915 enim
1771 2895 1822 2915 vos
1836 2885 1901 2915 inde
1915 2893 1978 2923 erga
1990 2885 2058 2915 Nos
2071 2885 2222 2915 exonerari.

1341 2924 1378 2954 Et
1393 2924 1480 2954 sciatis
1501 2924 1580 2962 quod
1597 2925 1717 2960 graviter
1737 2924 1880 2954 amerciati
1900 2922 1964 2953 estis
1981 2933 2017 2953 eo
2034 2923 2111 2961 quod
2125 2923 2289 2953 mandatum
2308 2932 2362 2952 no-

1305 2961 1395 2992 strum
1408 2984 1417 2999 ,
1437 2962 1537 2992 totiens
1555 2962 1638 2992 vobis
1660 2962 1727 2992 inde
1747 2961 1888 2992 direeium
1904 2985 1914 3000 ,
1937 2972 1995 2991 non
2012 2962 2073 2992 estis
2094 2962 2225 2999 executi,
2244 2962 2294 2997 &,
2313 2960 2361 2989 nisi

1304 3001 1362 3031 hoc
1381 3000 1550 3031 Mandatum
1567 3000 1697 3031 nostrum
1717 3000 1824 3038 plenius
1842 3002 2018 3040 exequamini
2030 3023 2040 3038 ,
2054 3001 2171 3040 graviter
2193 3001 2226 3030 ad
2250 3008 2300 3030 vos
2317 3007 2364 3033 ca-,

1325 3048 1422 3069 lemus.

1305 3049 1324 3078 p
1342 3077 1432 3107 Teste
1447 3076 1529 3116 Rege
1543 3076 1614 3114 apud
1628 3075 1829 3116 Dunolmum,
1847 3076 1964 3108 decimo
1978 3077 2096 3117 septimo
2112 3076 2155 3106 die
2165 3075 2241 3113 Julii.

1759 3166 1812 3194 Per
1827 3163 1907 3204 infirm
1923 3167 2016 3202 Regem
2030 3161 2067 3197 ᾤ’
2084 3161 2233 3192 Concilium.

1499 3325 1546 3356 De
1565 3326 1693 3357 Pecunia
1711 3327 1742 3356 in
1751 3322 1916 3369 sitbstdium
1937 3324 2054 3355 Guerrae
2068 3323 2178 3353 Scotiae.

1308 3417 1444 3478 REX
1461 3420 1612 3457 omnibus,
1629 3419 1662 3449 ad
1676 3426 1762 3458 quos,
1781 3418 1840 3448 &c
1851 3417 1988 3460 Salutem.
2035 3455 2039 3459 ¹
2196 3452 2200 3458 ⁵
2380 3395 2516 3459 Anti-’'D-

1409 3457 1558 3488 Noveritis
1575 3468 1627 3487 nos
1642 3459 1743 3495 teneri,
1762 3457 1869 3486 disceris
1887 3455 2094 3485 Mercatoribus
2115 3452 2214 3482 nostris
2228 3475 2236 3490 ,
2251 3451 2365 3496 Jacobo
2381 3448 2489 3504 A13-1-

1309 3495 1465 3534 Nicliolas,
1478 3496 1602 3533 Johanni
1616 3495 1769 3533 Francisci,
1790 3496 1821 3524 ὃ(
1840 3493 1923 3523 Petro
1940 3493 1983 3523 Re
2002 3494 2086 3529 nerii,
2108 3491 2313 3534 Mercatoribus
2327 3491 2363 3521 de
2381 3489 2441 3542 Ε”ζ
2454 3488 2478 3506 ¹⁴

1309 3535 1449 3565 Societate
1465 3534 1636 3572 Bardorum,
1654 3534 1690 3563 de
1705 3533 1862 3569 Florentia,
1879 3533 1907 3561 in
1925 3531 2006 3561 Mile
2021 3529 2362 3572 &sarcis-Sterlingorum,
2405 3538 2409 3541 ·
2429 3537 2454 3552 ³·

1308 3583 1374 3610 quas
1394 3573 1475 3602 nobis
1495 3582 1546 3611 per
1564 3581 1662 3602 manus
1674 3594 1684 3610 ,
1706 3570 1867 3601 venerabilis
1888 3569 1996 3607 Patris,
2016 3567 2140 3610 Hennes
2159 3566 2362 3610 Lincolnienlis
2378 3558 2472 3611 Pani

1310 3611 1442 3649 Episcopi
1458 3633 1467 3648 ,
1486 3610 1657 3641 Thestiurarii
1678 3609 1785 3646 nostri,
1803 3610 1832 3637 iii
1853 3607 2013 3637 Subsidium
2035 3605 2226 3643 Expeditionis
2241 3605 2361 3636 Guerrae
2378 3597 2409 3619 E.
2434 3612 2458 3629 ³·

1309 3650 1412 3680 nostrae
1425 3649 1530 3679 Scotiae
1543 3672 1552 3687 ,
1570 3649 1642 3689 apud
1659 3647 1790 3678 Eborum
1803 3669 1813 3684 ,
1829 3646 1874 3675 die
1887 3645 2072 3675 confessionis
2086 3643 2279 3683 praesentium,
2297 3653 2361 3675 mu·
2377 3637 2407 3698 {n
2422 3640 2449 3706 24·

1312 3690 1364 3718 tui)
1379 3687 1545 3718 liberiirunt:
2412 3690 2418 3696 ’
2447 3690 2461 3702 '³

1348 3725 1384 3756 Et
1406 3727 1435 3755 in
1456 3725 1582 3755 Centum
1600 3723 1774 3762 quadraginta
1796 3722 1828 3752 &
1849 3720 1919 3751 οέὲο
1938 3720 2047 3757 Libris,
2067 3719 2231 3750 Tresdecim
2248 3720 2366 3760 Solidis,

1311 3764 1344 3794 &
1359 3764 1439 3793 Otto
1455 3765 1601 3800 Denariis,
1614 3772 1700 3801 quos,
1720 3770 1768 3798 per
1790 3759 1971 3796 Praeceptum
1985 3758 2109 3788 Domini
2126 3758 2160 3787 E.
2175 3768 2263 3796 nuper
2278 3759 2367 3798 Regis

1310 3802 1441 3844 Angliae,
1461 3800 1548 3831 Patris
1561 3799 1663 3836 nosti-i,
1681 3798 1790 3828 diversis
1802 3797 1979 3827 Hominibus
1999 3797 2156 3835 solverunt,
2173 3796 2242 3827 ficut
2263 3808 2311 3836 per
2324 3799 2368 3828 di-

1311 3844 1396 3870 versas
1413 3839 1528 3869 Litteras
1540 3839 1573 3868 &
1588 3837 1749 3867 indenturas
1764 3858 1773 3873 ,
1788 3845 1851 3872 quas
1865 3835 1950 3864 iidem
1966 3833 2139 3865 Mercatores
2153 3836 2271 3874 praefato
2284 3837 2368 3867 The-

1310 3879 1428 3909 saurario
1440 3877 1536 3906 nostro
1549 3875 1701 3905 liberiirunt
1710 3897 1719 3912 ,
1736 3874 1842 3911 plenius
1854 3880 1984 3915 apparet,

1349 3916 1397 3946 De
1410 3916 1508 3954 quibus
1520 3913 1633 3953 quidem
1649 3912 1774 3942 Summis
1789 3913 1907 3950 praetatis
1921 3911 2130 3942 Mercatoribus
2146 3911 2228 3943 Mille
2245 3911 2369 3951 Marcas,

1311 3954 1347 3984 de
1367 3954 1493 3984 Exitibus
1507 3975 1517 3990 ,
1534 3953 1590 3981 tam
1606 3951 1704 3981 veteris
1726 3951 1758 3980 ὃς
1773 3959 1854 3979 novae
1869 3948 2073 3980 Custumarum
2087 3973 2097 3988 ,
2115 3951 2199 3988 quam
2215 3952 2250 3981 de
2261 3952 2367 3989 praestia

1311 4002 1342 4023 to
1358 4015 1367 4030 ‚
1386 3992 1465 4022 vobis
1485 3989 1613 4021 faciendo
1628 4012 1637 4027 ,
1655 3990 1683 4018 in
1702 3988 1790 4019 Portu
1810 3986 1892 4017 Villae
1914 3987 2017 4017 nostrae
2030 3988 2240 4027 Suthampron3
2259 3991 2291 4020 r&
2306 3990 2370 4019 resi-

1311 4031 1378 4061 duas
1392 4052 1402 4067 ,
1420 4029 1547 4059 Centum
1568 4027 1747 4066 quadraginta
1767 4027 1799 4056 &
1825 4026 1896 4056 odio
1914 4026 2012 4056 Libras
2027 4050 2037 4066 ,
2055 4026 2221 4057 Tresdecim
2241 4026 2371 4064 solidos,

1311 4069 1345 4100 ὃς
1362 4066 1443 4098 ocio
1463 4067 1600 4099 Dcnarios
1615 4088 1625 4106 ,
1643 4065 1678 4097 de
1693 4064 1821 4134 Εκῐῑὶἓιξ
1835 4088 1845 4103 ,
1860 4065 1919 4097 tiim
1933 4065 2032 4098 veteris
2053 4065 2085 4097 &
2105 4065 2206 4098 Novae
2220 4064 2373 4096 Custuma-

2291 4111 2371 4142 rum,
