2562 4279
0 215 40 236 m,
49 204 89 236 D
112 203 283 243 Regnorum
297 223 306 238 ,

22 246 67 276 28.

0 295 28 312 v.
51 294 76 322 3·

0 1480 51 1506 [V.

117 122 170 160 16

329 199 483 230 Terrarum
499 218 508 234 ,
526 195 560 227 ὃς
578 191 815 226 provinciarum,
831 186 964 218 videlicet
978 184 1175 228 Alemanniae,

114 243 238 272 Franciae
274 238 428 276 Ispanniae,
447 232 642 271 Portugalliae,
660 228 694 258 N
697 237 820 270 avarriie,
839 222 1174 270 Lumbardiae,TusciaJ.,

114 264 275 310 Provinci'ae
290 300 300 314 ,
325 274 502 305 cathaloniae
517 295 527 308 ,
553 266 682 299 Ducatfis
701 265 790 297 nostri
805 265 982 302 Aquitaniae,
999 261 1175 297 Tholosani,

114 318 261 349 Catiircini
271 336 280 347 ,
301 313 454 349 Flandriie,
473 308 688 344 Brebantiae,&
703 305 837 348 omnium
850 304 966 333 aliarum
979 299 1174 343 Terrarum&

114 357 263 387 Locorum
271 350 501 385 ‘Extraneorum
520 354 707 384 quocumque
727 352 845 373 nomine
859 341 1038 383 censeantur,
1056 347 1175 370 venien-

114 397 186 425 tium
203 396 230 423 in
246 392 379 429 Regnum
393 386 523 418 nosti-um
539 383 708 422 Angliae,&
723 381 831 411 ibidem
846 376 1175 420 Conversantium,Nos

114 433 254 471 praecipi-a
270 438 336 459 cura
351 428 466 457 solicitat
481 422 670 462 qualiter,sub
684 420 783 450 nostro
796 416 1175 461 Dominio,Tranquilitatis

114 474 149 503 ὅ(
165 471 253 507 plenae
268 466 429 497 Securitatis
444 462 610 493 immunitas
625 459 728 490 eisdem
742 456 973 494 Mercatoribus,
989 455 1088 486 futuris
1103 462 1176 484 tem-

114 509 230 548 poribus
240 530 248 545 ,
265 513 443 543 praeparetur.
1065 531 1070 536 ⁸
1168 529 1174 534 ·

152 546 199 576 Ut
222 546 313 582 itaque
336 551 404 572 vota
426 539 551 578 ipsorum
571 537 722 569 reddantur
743 534 778 566 ad
801 533 897 565 nostra
921 533 955 564 &
975 531 1073 569 Regni
1087 528 1176 560 nostri

114 583 231 615 Servitia
245 582 440 621 promptiora,
457 578 581 615 ipsorum
596 575 784 606 petitionibus
799 572 986 604 favorabiliter
1006 577 1176 605 annuentes,

114 624 165 659 &,
185 633 237 660 pro
252 622 331 652 Statu
347 616 516 649 eorumdem
531 616 639 653 plenius
654 612 855 649 assecurando,
873 612 902 641 in
917 609 1012 641 forma
1024 631 1035 647 ‚
1058 616 1122 645 quae
1136 607 1177 650 se-

113 663 212 698 quitur
227 683 237 699 ,
255 659 436 695 ordinantes,
452 655 605 692 subscripta
623 653 707 684 dietis
729 649 941 682 Mercatoribus
956 672 966 686 ,
985 657 1039 686 pro
1061 645 1177 682 Nobis,

115 702 151 731 δε
166 698 334 729 Ham-edibus
349 694 453 726 nostris
466 693 694 731 imperpetuum,
711 690 844 721 duximus
857 685 1058 728 concedenda,
1110 709 1113 712 .

155 737 201 767 IN
227 746 245 766 r>
254 746 276 766 R
287 744 352 766 riui
363 744 375 765 s
390 758 400 772 ,
424 733 556 764 videlicet
608 729 689 769 quod
703 739 805 760 omnes
818 727 1013 762 Mercatores,
1030 722 1177 753 didtorum

114 775 287 816 Regnorum
303 775 336 805 &
350 773 506 804 Terrarum
514 794 524 810 ,
541 754 619 801 sasvo
633 770 667 800 &
680 769 777 799 secure
785 791 795 805 ,
811 766 861 797 sub
887 765 917 795 T
925 772 948 794 υ
958 772 970 793 1
979 771 1002 792 T
1011 771 1023 792 1
1031 771 1051 792 o
1060 768 1084 791 N
1094 769 1113 791 ε
1133 768 1178 804 ξιτ

115 817 140 844 Ρ
151 824 173 845 R
183 824 203 844 o
213 822 236 843 T
246 823 264 844 r„
274 823 290 843 c
299 821 322 843 T
331 821 342 842 i
352 821 372 842 o
381 820 404 842 N
416 820 434 842 ε
451 808 548 841 nostra
558 831 568 847 ,
586 809 617 838 in
631 807 741 838 dietum
756 805 898 847 Regnum
911 801 1042 832 nostrum
1054 798 1178 842 Angliae,

115 854 149 884 δε
163 853 269 891 ubique
281 851 355 883 infra
366 848 540 880 potestatem
551 846 678 878 nostram
693 845 759 876 alibi
773 868 782 882 ,
800 849 915 874 veniant
927 849 997 871 curn
1011 836 1178 869 Mercandi-

115 892 148 921 fis
166 892 217 921 suis
238 890 452 929 quibuscunque
466 912 476 926 ‚
502 895 550 917 nr.
575 884 792 916 MuRAoro
807 904 817 920 ,
841 880 1068 912 PoNTAoio
1082 899 1092 915 ,
1121 883 1174 905 ET

114 929 315 961 PANAoio
340 935 496 959 meniu
524 932 576 956 ετ
602 930 771 961 QUIETI:
1082 953 1089 961 ⁸
1156 953 1161 958 ι

190 968 305 1007 uodque
318 963 338 1006 ,'
351 967 423 997 infra
442 964 520 995 idem
536 963 671 993 Reonum
685 961 718 992 &
733 958 908 990 potestatem
921 955 1063 999 nostram,
1081 963 1110 984 in
1124 951 1177 983 Ci-

114 969 262 1045 virgilius,
280 1006 395 1044 Burois,
414 1004 447 1035 &
465 1001 547 1033 Villis
570 987 750 1031 iffiercatorfis
801 996 1045 1040 possuit-mercari
1057 1016 1067 1031 ,
1092 992 1178 1036 dum-

114 1053 188 1076 taxat
206 1047 235 1075 in
255 1030 384 1082 Groffo,
403 1042 462 1073 tarn
475 1050 544 1071 cum
558 1038 700 1078 Indigenis
711 1037 756 1068 seu
764 1023 874 1067 ’Incolis
888 1034 1010 1078 ejusdem
1025 1033 1125 1076 Regni
1141 1031 1175 1061 ὃ(

112 1083 262 1119 Potestatis
276 1083 380 1115 nostr-ae
393 1078 554 1118 praedistae,
593 1078 659 1108 uam
673 1086 742 1109 cum
755 1075 945 1118 Alienigenis,
965 1068 1178 1115 Extraneis‚vel

114 1122 251 1160 Privatis;
269 1122 311 1153 Ita
333 1129 429 1152 tamen
453 1117 534 1156 quod
594 1126 669 1147 erces
686 1138 695 1153 ‚
714 1124 778 1153 quse
791 1114 942 1152 vulgariter
956 1110 1112 1153 Mercetiae
1123 1118 1177 1138 vo·

116 1170 233 1201 cantur,
251 1171 284 1192 ac
297 1160 425 1198 Species,
443 1157 592 1187 minuatim
600 1154 685 1187 vendi
699 1152 818 1192 poffint,
836 1159 922 1193 prout
936 1157 1014 1180 antea
1028 1147 1088 1178 fieri
1104 1157 1179 1178 con-

115 1199 220 1231 suevit:
1138 1224 1143 1229 ¹

155 1237 192 1268 Et
205 1235 285 1276 quod
299 1245 400 1266 ornnes
415 1233 542 1273 praedicti
558 1232 735 1263 Mercatores
752 1227 941 1260 Mercandisas
963 1226 1037 1263 suas,
1055 1234 1122 1262 quas
1136 1233 1178 1261 ip-

114 1276 160 1307 sos
179 1278 213 1307 ad
237 1274 404 1314 praedichim
425 1273 563 1310 Regnum
582 1272 615 1301 δε
630 1269 803 1300 Potestatem
819 1266 946 1297 nostram
960 1265 1116 1309 adducere,
1133 1264 1178 1306 seu

114 1315 187 1346 infra
202 1316 280 1346 idern
294 1314 432 1351 Regnum
447 1313 479 1342 ὃ(
495 1309 666 1340 Potestatem
682 1307 807 1337 nostram
822 1314 933 1342 emere,
951 1303 997 1334 vel
1009 1302 1071 1333 alias
1082 1310 1180 1338 acqui-

117 1362 180 1384 rere
193 1377 202 1391 ,
228 1352 379 1391 contigerit
393 1375 401 1388 7
429 1349 531 1388 possint
547 1371 557 1386 ‚
580 1358 639 1387 quo
659 1346 817 1382 voluerint,
837 1345 895 1374 tam
909 1342 979 1372 infra
994 1340 1178 1380 Regnum&

117 1391 294 1423 Potestatem
315 1390 440 1420 nostram
462 1386 595 1427 praedic‘ta
608 1409 618 1424 ‚
645 1385 731 1428 quam
755 1392 848 1421 extra,
865 1382 988 1420 ducere,
1002 1380 1051 1425 ¹seu
1067 1387 1180 1418 portare

117 1431 210 1461 facere
233 1431 431 1468 (preterquam
449 1427 483 1457 ad
495 1427 596 1456 Terras
612 1422 834 1454 Manifestorum
848 1421 881 1452 &
895 1419 1096 1451 Notoriorum
1110 1417 1178 1450 Ho-

118 1469 204 1500 stium
230 1467 328 1506 Regni
347 1466 445 1502 nostri)
466 1463 603 1495 solvendo
626 1463 646 1482 ²*
668 1460 893 1492 Consuetudines
917 1469 984 1498 quas
1004 1456 1149 1487 debebunt
1167 1468 1178 1494 ς

118 1507 247 1538 Vrnrs
275 1504 508 1536 D'UMTAxAT
535 1509 757 1538 ExcEPTis,
796 1509 839 1529 uae
852 1498 888 1528 dc
900 1497 1005 1528 eodem
1020 1495 1177 1535 Regnoseu

117 1545 260 1577 Potestate
278 1542 372 1574 nostra
387 1565 396 1581 ,
422 1541 574 1580 postquam
598 1540 668 1570 infra
689 1539 765 1569 idem
819 1546 924 1576 egnum
939 1536 990 1579 ‘seu
1006 1533 1179 1581 Potest-atem

118 1584 243 1615 nostram
266 1583 350 1613 du&a
371 1582 492 1619 fuerint,
510 1580 566 1618 sine
583 1578 736 1608 Voluntate
748 1576 846 1607 nostra
860 1576 893 1607 &
908 1574 1038 1605 Licentia
1050 1573 1158 1611 speciali
1169 1595 1180 1612 ,

118 1633 179 1654 non
194 1624 274 1653 liceat
288 1623 325 1651 eis
339 1620 460 1651 educere
477 1617 697 1657 quoquomodo.
1035 1651 1039 1656 Ι
1150 1651 1155 1656 ⁹

155 1664 241 1699 Item,
261 1659 341 1699 quod
357 1657 486 1696 praediffi
500 1657 678 1686 Mercatores
698 1656 727 1684 in
743 1652 931 1690 Civitatibus,
957 1651 1054 1690 Burgis
1070 1650 1101 1680 &
1118 1649 1180 1680 Vil-

117 1700 149 1730 lis
163 1700 317 1737 praeditstis,
335 1707 389 1736 pro
402 1697 549 1727 voluntate
563 1694 625 1733 sua,
644 1692 786 1730 Hospitari
800 1691 908 1722 valeant
923 1691 955 1721 ὃς
971 1691 1093 1726 morari,
1111 1699 1179 1719 cum

117 1738 203 1769 Bonis
217 1738 283 1776 suis,
299 1736 333 1767 ad
348 1743 460 1776 gratum
474 1734 616 1772 ipsorum,
634 1741 758 1771 quorum
780 1730 883 1761 fuerint
899 1728 1029 1766 Hospitia
1040 1728 1097 1759 five
1112 1727 1180 1758 Do-

120 1787 192 1808 mus.

158 1819 247 1853 Item,
265 1812 344 1853 quod
359 1812 475 1851 quilibet
493 1809 522 1841 C
531 1820 550 1840 0
560 1818 582 1840 N
593 1817 615 1839 T
625 1818 649 1839 R
659 1818 677 1838 A
687 1818 704 1838 c
712 1815 735 1837 T
743 1815 766 1837 υ
777 1816 788 1836 s
805 1829 816 1845 ,
833 1816 882 1845 per
896 1805 967 1848 ipsos
981 1804 1159 1836 Mercatores
1169 1828 1179 1844 ,

117 1863 187 1885 cum
201 1852 425 1892 quibuscumque
437 1850 575 1887 personis,
594 1848 794 1884 undecumque
809 1846 913 1876 fuerint
923 1848 1018 1883 ,luper
1034 1852 1179 1883 quocum-

117 1903 175 1931 que
195 1901 297 1932 genere
320 1888 506 1920 Mercandisae
527 1889 610 1918 initus
625 1911 634 1924 ,
660 1885 771 1915 Firmus
795 1884 826 1914 sit
847 1885 880 1914 ὅ(
902 1883 1030 1920 Stabilis3
1050 1885 1086 1913 ita
1098 1881 1178 1920 quod

117 1941 216 1962 neuter
230 1930 430 1960 Mercatorum
444 1928 480 1957 ab
492 1926 541 1957 illo
554 1924 715 1955 Contracta
729 1921 813 1961 poffit
826 1921 968 1953 discedere
982 1945 992 1959 ,
1017 1922 1062 1952 vel
1079 1922 1179 1951 resilire

139 1969 267 2006 ostquam
288 1967 319 1997 D
329 1976 346 1998 r:
358 1975 380 1996 N
390 1976 408 1996 A
419 1975 442 1996 R
452 1975 464 1995 1
472 1973 495 1995 U
505 1974 517 1995 s
544 1963 575 1994 D
585 1973 603 1994 Ε
614 1972 644 2002 1,
660 1964 732 1993 inter
746 1961 910 1999 principales
925 1961 1052 1997 personas
1064 1969 1180 1990 contra-

118 1979 233 2045 gentes,
248 2006 326 2036 datus
340 2005 420 2035 fuerit
437 2005 470 2035 &
487 2012 629 2040 receptus:
647 2001 702 2038 Et,
721 2001 740 2030 ii
755 1999 847 2030 forsan
861 1999 940 2037 super
949 1998 1109 2029 Contrastu
1126 1998 1180 2028 hu-

113 2045 236 2085 jusmodi
258 2044 416 2074 Contentio
435 2044 539 2072 oriatur
589 2040 636 2070 fiat
649 2039 715 2069 inde
728 2038 880 2076 Proba-tio,
897 2046 944 2067 aut
959 2036 1121 2075 Inquisitio,
1138 2037 1179 2067 se-

115 2084 243 2115 cundum
258 2083 335 2114 Usus
347 2083 379 2113 &
395 2064 620 2124 Consuetudines
634 2079 777 2123 Feriarum
792 2078 825 2108 &
839 2076 993 2115 Villarum,
1002 2077 1051 2106 ubi
1068 2074 1180 2106 dictum

115 2123 297 2154 contractum
311 2121 369 2151 fieri
382 2121 530 2159 contigerit
542 2119 575 2149 ὃς
587 2119 656 2148 iniri.

154 2165 225 2191 Item
238 2185 247 2199 ‚
265 2160 456 2199 promittimus
473 2157 593 2196 praefatis
607 2155 834 2193 Mercatoribus,
852 2163 905 2192 pro
924 2153 1025 2184 Nobis
1061 2153 1093 2184 &
1107 2152 1180 2184 Hae-

115 2200 227 2231 redibus
240 2199 342 2230 nostris
355 2197 585 2235 imperpetuum,
603 2195 794 2226 concedentes
807 2193 886 2231 quod
908 2192 1013 2223 nullam
1032 2178 1180 2231 Pinum,

116 2247 197 2268 ver„
225 2239 607 2269 ARRESTATloNi-:M
642 2241 714 2264 seu
750 2232 832 2263 Dtt.
846 2239 1068 2270 ATIONEM,
1093 2241 1180 2262 occa-

118 2276 197 2307 sione
214 2277 298 2307 Prisae
311 2300 321 2314 ,
344 2276 379 2306 de
399 2283 505 2305 caetero
518 2298 528 2311 ,
555 2273 591 2303 de
605 2271 825 2309 Mercimoniis,
844 2270 1045 2308 Mercandiiis,
1063 2270 1109 2300 seu
1122 2270 1181 2300 aliis

119 2314 206 2346 Bonis
229 2316 280 2346 suis
294 2338 304 2352 ,
327 2324 376 2353 per
390 2313 475 2351 Nos,
493 2312 539 2344 vel
554 2312 656 2349 aliurn,
672 2311 719 2341 seu
734 2310 818 2347 alios,
833 2319 886 2347 pro
898 2309 990 2347 aliqua
1006 2308 1181 2346 neceffitate,

117 2353 164 2384 vel
178 2353 256 2393 casu,
276 2361 375 2383 contra
387 2352 562 2382 voluntatem
576 2350 703 2388 ipsorum
716 2349 934 2385 Mercatorum,
953 2348 1124 2385 aliquatenus
1140 2347 1180 2376 fa-

100 2393 247 2430 'ciemus,
264 2400 312 2422 aut
325 2390 384 2420 sieri
415 2391 531 2419 atiemur
546 2411 556 2426 ,
574 2388 625 2418 nisi
640 2387 733 2417 statim
746 2386 838 2417 soluto
854 2385 969 2424 Pretio,
988 2395 1041 2423 pro
1056 2395 1116 2424 quo
1131 2386 1180 2428 ipsi

120 2429 299 2460 Mercatores
323 2429 379 2458 aliis
419 2426 556 2465 ujusmodi
576 2426 771 2456 Mercimonia
790 2424 913 2454 vendere
933 2424 1037 2461 possint
1050 2448 1060 2462 ,
1086 2424 1130 2454 vel
1142 2434 1180 2454 eis

119 2468 183 2499 alias
197 2467 344 2498 satisfactio
360 2466 423 2503 fiat,
438 2467 475 2495 ita
490 2463 569 2503 quod
580 2472 712 2500 reputent
725 2463 752 2493 se
767 2471 919 2493 contentos
936 2472 942 2491 1
960 2462 997 2492 Et
1011 2462 1089 2501 quod
1102 2463 1182 2499 super

119 2506 336 2542 Mercimonia,
357 2503 563 2540 MercandisaS,
584 2502 630 2532 seu
646 2501 724 2532 Bona
737 2501 878 2539 ipsorum,
896 2510 946 2538 per
959 2500 1046 2540 Nos,
1063 2501 1108 2532 vel
1119 2500 1180 2531 Mi-

119 2545 220 2576 nistros
236 2543 366 2580 nostiOS,
385 2543 458 2572 nulla
472 2542 645 2581 Appretiatio
658 2565 667 2578 ,
683 2549 729 2570 aut
745 2539 928 2577 AEstimatio,
945 2540 1117 2577 imponetur.

160 2586 247 2622 Item,
265 2582 398 2613 volumus
412 2581 489 2620 quod
499 2589 600 2610 omnes
617 2579 714 2609 Ballivi
729 2579 763 2609 ὃς
779 2577 907 2608 Ministri
920 2578 1080 2617 Feriarum,
1097 2578 1180 2610 Civi-

120 2631 227 2661 tatum,
245 2621 420 2661 Burgwum,
438 2620 472 2650 ὃς
486 2619 623 2649 Villarum
636 2617 891 2654 Mercatoriarum,
912 2617 1119 2648 Mercatoribus
1132 2627 1181 2647 ari-

121 2662 230 2692 tediStis
250 2659 488 2698 conquerentibus
502 2681 511 2696 ,
543 2667 642 2688 coram
663 2657 701 2686 eis
723 2656 847 2686 celerem
870 2655 886 2694 J
898 2664 920 2685 u
930 2665 942 2686 s
953 2664 995 2686 Ti
1004 2664 1027 2686 T
1037 2664 1049 2684 1
1060 2667 1079 2686 A
1088 2665 1115 2686 M
1141 2656 1181 2686 fa-

121 2701 214 2738 ciant,
232 2699 267 2729 de
285 2698 346 2729 Die
366 2700 393 2728 in
410 2697 500 2728 Diem
515 2719 524 2734 ,
544 2696 599 2726 sine
609 2695 755 2732 dilatione,
776 2703 787 2724 s
797 2704 815 2724 E
824 2701 870 2724 cu
883 2703 904 2724 N
916 2702 967 2724 Du
978 2702 1004 2723 M
1029 2695 1054 2724 L
1065 2704 1081 2724 E
1092 2704 1114 2724 G
1124 2704 1141 2724 E
1151 2703 1178 2725 M

123 2737 161 2768 M
173 2748 190 2769 ε
201 2748 276 2769 RCA
285 2747 307 2767 T
319 2748 339 2767 o
349 2747 372 2767 R
383 2746 393 2766 i
404 2746 423 2766 A
433 2744 459 2766 M
472 2760 482 2773 ,
507 2735 544 2765 de
566 2734 696 2764 univeriis
717 2734 751 2764 &
774 2732 899 2772 singulis,
916 2743 981 2771 quae
997 2742 1046 2773 per
1060 2733 1181 2763 eandem

124 2776 233 2815 Legem
250 2784 382 2813 poterunt
396 2774 552 2805 terminari:
572 2772 626 2810 Et,
645 2772 665 2802 fi
678 2773 753 2803 forte
768 2772 923 2802 inveniatur
934 2771 1074 2802 Defectus
1088 2774 1117 2802 in
1134 2771 1182 2801 ali-

122 2825 183 2853 quo
204 2815 377 2845 Ballivorum
396 2813 441 2843 vel
464 2811 667 2843 Ministrorum
679 2810 900 2849 praedictorum,
913 2809 987 2841 unde
1000 2810 1085 2840 iidem
1100 2809 1184 2840 Mer-

123 2862 252 2890 catores,
268 2852 314 2882 vel
334 2862 435 2882 eorum
456 2851 551 2889 aliquis
564 2874 574 2888 ,
597 2850 747 2880 Dilationis
767 2849 955 2879 incommoda
978 2848 1153 2879 sustinuerint
1172 2872 1182 2887 ,

124 2893 193 2922 licet
213 2891 359 2921 Mercator
383 2890 472 2920 versus
493 2898 600 2926 partem
616 2889 644 2917 in
658 2887 809 2924 Principali
832 2888 1034 2924 recuperaverit
1049 2887 1184 2926 Dampna

123 2931 186 2968 sua,
204 2929 405 2959 nichilominus
427 2927 546 2957 Ballivus
558 2950 568 2964 ,
592 2927 638 2957 vel
661 2925 792 2956 Minister
806 2925 872 2956 alius
887 2925 979 2956 versus
993 2925 1079 2964 Nos,
1097 2935 1183 2966 prout

125 2969 263 3008 debitum
278 2969 377 3006 exigit,
393 2967 537 3004 puniatur,
555 2966 588 2995 &
604 2963 785 2995 Punitionem
801 2963 883 2994 istam
903 2964 1088 2996 concedimus
1101 2966 1131 2994 in
1142 2965 1183 2995 fa-

125 3017 225 3039 vorem
242 3005 441 3036 Mercatorum
454 3003 655 3042 praedictorum
669 3013 721 3040 pro
735 3012 836 3033 eorum
847 3002 958 3041 Justitia
969 3002 1141 3034 maturanda.

164 3050 251 3083 Item,
269 3044 350 3083 quod
365 3045 394 3073 in
406 3043 541 3073 omnibus
554 3042 703 3078 generibus
722 3041 746 3071 P
755 3050 775 3071 L
785 3051 805 3070 A
814 3050 830 3071 c
838 3050 849 3071 1
859 3049 882 3070 T
891 3051 911 3071 o
921 3051 943 3072 R
952 3049 974 3071 U
985 3050 1012 3072 M
1043 3042 1116 3072 salvo
1125 3041 1184 3072 Ca-

126 3083 156 3114 su
178 3083 314 3114 Criminis
326 3106 335 3122 ‚
360 3092 413 3120 pro
434 3091 493 3119 quo
515 3079 666 3119 infligenda
683 3079 714 3110 iit
729 3079 822 3110 Poena
836 3079 955 3117 Mortis)
972 3081 1020 3110 ubi
1059 3080 1184 3111 Iercator

128 3122 316 3161 implacitatus
339 3122 421 3151 suerit
434 3144 444 3158 ,
468 3119 514 3150 vel
525 3119 611 3148 alium
627 3119 852 3155 implacitaverit,
870 3119 1070 3157 cujuscumque
1083 3120 1183 3150 condi-

128 3162 212 3191 tionis
231 3160 307 3190 idern
327 3159 517 3197 implacitatus
538 3158 657 3187 extiterit
673 3180 682 3194 ,
708 3156 861 3186 Extraiieus
875 3180 885 3194 ,
909 3158 953 3187 vel
977 3157 1103 3188 Privatus
1118 3182 1127 3197 ,
1153 3159 1182 3188 in

128 3197 482 3236 NundiniS‚Civitatibus‚
500 3196 557 3226 sive
572 3195 738 3234 Burgi3,ubi
752 3195 891 3225 sufficiens
905 3197 986 3233 copia
1001 3196 1082 3226 fuerit
1099 3197 1182 3226 Mer-

127 3245 258 3269 catorum
271 3236 467 3274 praedictarum
481 3235 652 3272 Terrarum,
670 3234 704 3264 &
719 3233 864 3271 Inquisitio
878 3233 936 3263 fieri
947 3234 1062 3272 debeat,
1076 3234 1107 3265 sit
1114 3235 1183 3264 Me-

128 3275 215 3308 dietas
231 3275 420 3314 inquisitionis
433 3274 468 3303 de
483 3273 587 3304 eisdem
603 3272 812 3303 Mercatoribus
826 3296 835 3309 ‚
854 3273 887 3302 &
900 3271 1037 3302 Medietas
1052 3272 1134 3302 altera
1147 3272 1183 3302 de

128 3316 187 3345 aliis
207 3314 307 3345 Probis
329 3314 363 3344 &
385 3313 533 3351 Legalibus
550 3311 726 3342 Hominibus
746 3311 804 3341 loci
825 3310 895 3340 illius
909 3333 918 3348 ,
935 3312 983 3341 ubi
996 3311 1136 3341 Placitum
1152 3310 1186 3340 il-

128 3353 178 3384 lud
193 3353 250 3383 effe
266 3353 430 3392 contigerit:
452 3351 502 3388 &,
522 3351 542 3380 si
555 3350 591 3380 de
606 3349 836 3388 Mercatoribus,
853 3348 991 3379 distarum
1011 3349 1183 3387 Terrarum,

131 3401 266 3422 numerus
284 3401 346 3422 non
366 3391 520 3420 inveniatur
540 3387 679 3419 sufficiens
693 3413 703 3426 ,
729 3396 868 3426 ponantur
888 3388 918 3417 in
937 3387 1119 3426 inquisitione
1133 3387 1186 3426 illi,

132 3431 181 3467 qui
202 3430 296 3460 idonei
318 3430 497 3460 invenientur
520 3427 643 3465 ibidem,
661 3427 695 3458 &
708 3427 824 3457 Residui
837 3426 890 3456 sint
902 3426 938 3455 de
950 3426 1007 3456 aliis
1018 3425 1103 3456 Bonis
1118 3425 1186 3456 Ho-

134 3469 256 3498 minibus
273 3470 305 3499 &
321 3468 449 3505 idoneis,
466 3467 503 3497 de
514 3466 584 3496 locis
596 3467 624 3495 in
639 3466 739 3504 quibus
754 3465 894 3495 Placitum
907 3464 974 3494 illud
989 3466 1048 3495 erit.

174 3509 244 3535 Item
260 3529 269 3543 ,
293 3507 434 3537 Volumus
449 3528 458 3544 ,
482 3504 654 3535 Ordinamus
668 3528 677 3541 ,
696 3504 729 3535 ὃς
742 3504 894 3539 Statuimus
908 3503 1002 3540 quod,
1020 3504 1049 3532 in
1064 3502 1188 3541 qualibet

135 3542 210 3574 Villa
226 3543 414 3582 Mercator-ia,
432 3545 465 3575 ὃς
479 3544 502 3574 F
504 3543 578 3581 etia,
599 3542 696 3581 Regni
712 3541 800 3572 nostri
810 3542 956 3580 praedicti,
972 3542 1005 3572 &
1018 3542 1098 3580 alibi,
1118 3542 1189 3572 infra

136 3581 309 3613 potestatem
336 3582 462 3614 nostram
483 3607 492 3621 ,
523 3581 693 3612 PoNDus
729 3588 954 3611 NOSTRUM.
968 3589 980 3609 1
992 3588 1013 3609 N
1049 3588 1185 3610 CERTO

139 3627 161 3648 L
171 3630 189 3649 o
199 3630 213 3649 c
223 3632 242 3649 o
264 3630 281 3650 P
290 3630 309 3650 o
320 3629 340 3650 N
353 3631 371 3650 A
381 3630 402 3650 T
412 3630 433 3650 U
445 3631 467 3652 R
479 3631 485 3649 z
506 3621 538 3651 δε
556 3643 565 3658 ,
586 3630 651 3650 ante
670 3618 913 3650 ponderationem
926 3643 935 3657 ,
953 3617 1057 3648 Statera
1072 3619 1101 3647 in
1115 3628 1188 3656 prae-

140 3657 226 3697 sentii
244 3658 388 3695 Emptoris
410 3660 443 3689 ὃς
466 3658 628 3689 Venditoris
645 3668 734 3689 vacua
753 3658 878 3689 videatur
894 3668 900 3686 z
925 3658 959 3688 &
981 3656 1058 3695 quod
1073 3656 1188 3686 Brachia

142 3696 194 3724 lint
213 3697 325 3733 aequalia
338 3708 343 3726 :
370 3699 403 3728 ὃε
417 3706 520 3728 extunc
534 3696 710 3727 Poiiderator
723 3697 859 3734 ponderet
873 3698 903 3726 in
919 3696 1030 3734 aequali:
1051 3695 1102 3732 &,
1118 3704 1188 3725 cum

142 3731 277 3762 Stateram
290 3735 409 3770 posuerit
423 3738 452 3765 in
468 3735 582 3773 aequali‚
601 3735 694 3765 statim
711 3744 841 3766 amoveat
854 3744 953 3764 manus
965 3734 1022 3764 suas
1037 3756 1046 3770 ,
1061 3735 1098 3764 ita
1110 3733 1190 3771 quod

143 3779 282 3800 remaneat
297 3774 325 3800 in
340 3775 440 3810 aequali
454 3785 459 3803 :
482 3774 614 3812 quodque
628 3784 675 3812 pei·
695 3783 789 3804 totum
811 3774 950 3810 Regnum
968 3773 1001 3803 ὃ(
1017 3771 1189 3802 Potestatem

143 3806 270 3837 nosti-arn
294 3809 323 3838 U
336 3819 425 3852 nuri
457 3821 524 3842 siT
549 3820 713 3842 PONnus
728 3835 738 3850 ,
764 3820 814 3843 ET
840 3820 927 3842 UNA
958 3810 1189 3841 MENSURA:

142 3854 195 3875 ET
223 3845 356 3888 SioNo
383 3849 631 3880 STANDARDI
660 3859 822 3882 NOSTRr
850 3849 1189 3881 SIGNENTUR1&

142 3883 223 3926 quod
245 3883 359 3920 quilibet
381 3887 463 3928 possit
483 3889 584 3918 habere
604 3888 737 3918 Stateram
756 3890 836 3919 unius
857 3889 1032 3927 Qartroni,
1049 3889 1084 3918 δε
1098 3886 1190 3925 infra,

141 3922 191 3951 ubi
206 3931 305 3950 contra
319 3921 481 3953 Dominum
497 3926 588 3963 Loci,
605 3936 652 3956 aut
668 3927 840 3957 Libertatem
850 3951 859 3964 ,
878 3937 926 3964 per
942 3926 1026 3963 Nos,
1041 3925 1086 3957 seu
1100 3925 1190 3955 Ante-

140 3958 262 3989 ceffores
282 3958 392 4003 nostros
407 3984 416 3997 ,
441 3963 601 3992 concessam
617 3987 626 4002 ‚
645 3964 713 3994 illud
728 3975 788 3994 non
801 3966 899 4002 fuerit,
919 3965 975 3994 five
989 3972 1088 3994 contra
1103 3963 1191 3996 Villa-

139 4007 221 4036 rum,
240 3997 317 4035 auti⁴
325 4007 460 4037 enarum,
471 3999 740 4041 Consuetudinem,
758 4003 890 4036 haetenus
903 4003 1095 4037 observatam..

571 91 1379 148 CONVENTIONES,
1434 88 1823 137 LITERAE,

1249 181 1339 216 Item,
1359 177 1502 209 Volumus
1516 179 1549 210 &
1563 177 1760 208 Concedimus
1775 173 1854 214 quod
1867 173 1967 216 aliquis
1979 180 2074 204 certus
2087 171 2211 212 Homo,
2229 173 2288 205 Fi-.

1210 212 1278 247 delis
1299 218 1334 248 ὃς
1357 216 1501 247 Discretus
1515 241 1525 254 ,
1553 217 1715 246 Londoniae
1730 215 1849 244 relidens
1857 236 1866 251 ‚
1885 213 2036 251 assignetur
2058 211 2109 249 Ju
2120 221 2132 242 s
2140 219 2164 241 T
2173 221 2185 241 1
2193 221 2210 242 c
2219 221 2230 242 1
2241 223 2279 243 A-

2295 179 2371 211 Ann.
2388 180 2429 214 D.

2315 220 2402 260 1328.

1211 263 1312 285 Rtus
1344 255 1695 286 MERCATORIEUS
1725 252 1888 283 memoratis
1909 273 1919 289 ,
1953 258 2051 280 coram
2080 259 2140 288 quo
2164 248 2274 281 valeant
2292 261 2359 288 ΕΜ,
2381 268 2408 297 3›.

1209 293 1362 330 specialiter
1398 294 1527 332 lacitare,
1545 295 1578 324 ἃ
1595 292 1700 323 Debita
1713 291 1757 324 sua
1773 298 1937 327 recuperare
1950 288 2092 331 celeriter,
2111 287 2131 317 fi
2147 285 2274 330 Viceoo-

1211 333 1293 362 mites
1306 333 1340 363 δί
1356 304 1482 370 hffajores
1495 334 1533 363 eis
1548 342 1607 361 non
1621 333 1763 368 facerent,
1782 330 1819 359 de
1834 328 1894 358 Die
1908 329 1937 357 in
1953 326 2063 365 Diem,
2080 326 2178 356 celeris
2186 323 2276 364 Justi-

1210 371 1256 400 tiae
1275 371 1521 408 complementum
1539 382 1545 399 :
1576 371 1609 401 &
1625 369 1692 400 inde
1709 368 1756 398 fiat
1768 364 1960 403 Commiffio,
1977 373 2054 395 exrra
2066 363 2185 394 Cartam
2201 374 2276 402 prae-

1209 408 1318 438 sentem
1334 431 1344 446 ,
1369 409 1503 440 concessa
1523 407 1733 439 Mercatoribus
1755 405 1902 436 antedictis
1916 426 1925 442 ,
1950 404 2055 434 scilicet
2070 402 2106 432 de
2121 402 2192 440 hiis,
2210 413 2274 440 quae

1211 447 1273 477 sunt
1286 448 1359 477 inter
1374 446 1551 478 Mercatores
1567 449 1600 479 ὃς
1615 446 1808 482 Mercatore,
1826 444 1981 474 secundum
1996 441 2108 480 Legem
2125 440 2276 472 Mercato-

1213 486 1301 523 riam,
1318 484 1491 515 deducenda.
2220 510 2222 513 ,

1250 524 1269 543 ’¹²
1288 526 1359 553 Item
1368 547 1377 562 ‚
1393 524 1565 555 Ordinamus
1579 525 1613 555 &
1626 523 1786 560 statuimus,
1805 521 1838 553 &
1858 516 1888 550 Ο
1898 529 1921 550 R
1933 528 1973 549 DI
1984 527 2007 549 N
2018 529 2038 549 A
2047 526 2090 548 Tr
2100 528 2121 549 o
2130 526 2155 548 N
2167 526 2222 549 EM
2241 517 2275 548 il-

1212 560 1269 591 lam
1279 560 1479 600 Statutt‘imque
1487 586 1496 601 ,
1504 573 1558 601 pro
1573 562 1670 592 Nobis
1678 587 1686 599 ,
1695 563 1729 593 ἃ
1745 558 1918 591 Hier-edibus
1930 557 2032 588 nosti-is
2039 580 2048 596 ‚
2070 566 2082 587 1
2092 565 2119 587 M
2127 566 2146 587 P
2155 567 2173 588 E
2183 566 2206 587 R
2214 566 2233 587 P
2242 566 2276 588 E-

1216 608 1238 630 T
1248 609 1270 630 U
1281 609 1302 630 u
1311 609 1337 630 M
1365 600 1498 631 volumus
1513 601 1629 631 firmiter
1654 611 1674 630 0
1687 610 1704 629 a
1712 610 1723 630 s
1734 609 1751 630 E
1761 609 1784 630 R
1794 610 1813 629 v
1822 610 1841 629 A
1850 608 1874 628 R
1885 607 1915 635 1,
1930 596 2009 635 quod
2023 605 2077 636 pro
2094 605 2277 635 quacumque

1214 638 1375 677 Libertate,
1394 649 1481 677 quam
1495 639 1564 669 Nos
1578 640 1625 669 vel
1638 638 1776 669 Haeredes
1793 637 1881 667 nostri
1896 637 1931 666 de
1943 644 2050 666 caetero
2063 634 2277 674 concedemus,

1212 677 1319 715 praefati
1336 676 1520 721 'Mercatores
1541 677 1732 716 suprascriptas
1753 677 1909 707 Libertates
1925 698 1935 713 ,
1957 673 2003 705 vel
2024 683 2120 703 earum
2137 673 2277 712 aliquam,

1211 725 1272 746 non
1285 724 1423 746 amittant.

1249 753 1309 784 Pro
1323 753 1484 792 supradietis
1502 763 1597 784 autern
1613 753 1823 792 ubertatibus,
1840 753 1874 785 &
1887 751 1981 782 liberis
1996 749 2275 789 Consuetudinibus,

1213 792 1374 831 optinendis
1388 815 1398 832 ,
1416 793 1450 824 δε
1464 792 1545 823 Prisis
1561 792 1662 823 nostris
1673 792 1846 823 remittendis
1859 791 1963 822 eisdem
1972 813 1982 829 ,
2001 790 2141 828 saepedieti
2157 788 2275 820 Merca-

1213 839 1289 861 tores
1303 856 1312 869 ,
1335 831 1456 861 universi
1479 831 1512 862 &
1534 830 1635 868 singuli
1650 853 1660 870 ,
1686 841 1740 868 pro
1762 831 1788 860 se
1803 853 1814 869 ,
1831 831 1864 862 &
1877 829 2013 860 omnibus
2027 829 2085 859 aliis
2098 828 2134 858 de
2151 827 2276 866 partibus

1209 870 1279 907 suis,
1297 871 1380 900 nobis
1392 868 1575 900 concorditer
1588 871 1622 901 &
1637 870 1808 900 unanimiter
1820 868 2037 906 concesserunt,
2055 867 2134 905 quod
2149 867 2185 897 de
2199 875 2274 905 quo-

1210 907 1278 938 libet
1292 907 1385 938 Dolio
1400 907 1469 938 Vini
1483 907 1562 945 quod
1575 907 1716 939 adducent
1724 906 1787 945 ,vel
1802 906 1902 937 adduci
1916 907 2018 937 facient
2032 907 2103 936 infra
2117 906 2254 944 Regnum
2263 927 2274 943 ,

1211 946 1258 977 vel
1277 945 1450 976 Potestatem
1473 946 1620 985 nostram,
1646 948 1680 978 &
1696 945 1772 976 unde
1784 944 1943 975 Marinariis
1958 944 2094 975 Frestum
2109 944 2217 975 solvere
2232 953 2276 974 te-

1211 985 1371 1023 nebuntur,
1390 984 1498 1016 solvent
1512 984 1612 1015 Nobis
1624 1007 1635 1022 ,
1660 986 1694 1016 δε
1707 983 1878 1013 Haeredibus
1892 982 2009 1021 nostris,
2027 984 2146 1013 nomine
2163 981 2274 1013 Custu-

1212 1032 1285 1062 mae,
1303 1023 1388 1054 Duos
1401 1017 1513 1054 Soilaos
1526 1023 1597 1054 ultra
1609 1023 1734 1060 antiquas
1748 1020 1899 1051 Custumas
1914 1021 2035 1059 debitas,
2052 1022 2086 1052 δε
2100 1023 2130 1051 iri
2144 1021 2277 1052 Denariis

1212 1061 1284 1093 solvi
1299 1061 1443 1093 consuetas
1457 1061 1576 1101 Nobis,
1593 1070 1639 1092 aut
1650 1061 1727 1099 aliis,
1742 1060 1814 1089 infra
1828 1059 1945 1098 Qadra
1967 1060 1971 1065 '
1995 1068 2023 1090 ta
2033 1059 2091 1090 dies
2105 1059 2277 1100 postquam,

1213 1110 1288 1131 exrra
1305 1101 1421 1141 Naves,
1440 1099 1474 1131 ad
1487 1100 1608 1130 Terram
1625 1099 1712 1138 posita
1725 1099 1829 1129 suerint
1842 1098 1916 1128 dicta
1961 1098 2015 1127 ina.

1250 1142 1322 1169 Item
1335 1163 1346 1177 ,
1371 1139 1408 1169 de
1431 1139 1558 1177 quolibet
1578 1138 1671 1170 Sacco
1695 1137 1783 1167 Lanae
1851 1145 1919 1166 uem
1934 1135 2004 1166 dic‘ti
2019 1134 2214 1175 Mercator-es,
2230 1144 2279 1169 aut

1212 1177 1275 1215 alii,
1294 1179 1413 1208 nomine
1427 1178 1558 1246 ‘ipsorum
1572 1202 1583 1216 ‚
1608 1184 1721 1214 emerit,
1738 1176 1772 1208 &
1787 1146 1945 1211 ‹ie‘izegno
1959 1173 2059 1218 nostro
2074 1174 2210 1214 educent,
2228 1184 2278 1207 aut

1213 1218 1270 1247 emi
1284 1217 1317 1247 &
1332 1216 1416 1247 educi
1440 1217 1548 1255 acient,
1564 1216 1673 1247 solvent
1683 1214 1800 1253 Qadra
1822 1215 1878 1244 inta
1890 1211 2045 1251 Denarios,
2059 1212 2096 1242 de
2110 1214 2276 1244 incremen-

1213 1264 1245 1285 to
1255 1277 1266 1294 ,
1284 1255 1353 1286 ultra
1367 1255 1540 1286 Custumam
1556 1256 1612 1285 anti
1635 1264 1699 1284 uam
1712 1254 1793 1284 Dimi
1818 1254 1851 1283 'ae
1866 1251 1976 1282 Marcae
1989 1273 2000 1291 ,
2018 1260 2083 1289 quae
2116 1252 2172 1282 rius
2187 1251 2277 1283 fuerat

1213 1293 1366 1333 persoluta:
1387 1293 1423 1324 Et
1434 1304 1487 1332 pro
1501 1293 1591 1324 Lasto
1655 1302 1784 1330 reorum,
1803 1300 1880 1322 exrra
1896 1289 2035 1327 Regnum
2052 1290 2086 1320 &
2125 1289 2277 1322 otestatem

1213 1331 1340 1362 nostram
1355 1331 1570 1370 vehendorum,
1590 1331 1749 1362 Dimidiam
1767 1330 1919 1368 Marcam,
1935 1329 2014 1367 supra
2030 1327 2076 1367 id,
2094 1328 2173 1366 quod
2187 1337 2221 1358 ex
2229 1339 2279 1360 ari-

1213 1370 1291 1409 tiqui
1306 1369 1449 1402 Custumft
1463 1371 1544 1401 antea
1555 1370 1714 1401 solvebatur
1728 1379 1734 1398 ε
1752 1368 1790 1399 Et
1804 1367 1948 1406 similiter,
1964 1368 2002 1398 de
2017 1366 2177 1397 Trescentis
2191 1366 2278 1398 Pelli-

1214 1410 1265 1440 bus
1286 1409 1403 1441 Lanutis
1421 1433 1432 1448 ,
1457 1418 1532 1440 extra
1554 1409 1693 1446 Regnum
1716 1406 1750 1439 &
1772 1405 1944 1437 Potestatem
1972 1404 2099 1437 nostram
2119 1405 2280 1444 ducendis,

1214 1447 1407 1488 Qadraginra
1426 1447 1568 1478 Denarios
1583 1472 1593 1486 ,
1619 1447 1690 1478 ultra
1705 1454 1819 1477 certum
1834 1444 1920 1484 illud,
1938 1444 2018 1483 quod
2034 1444 2071 1475 de
2082 1444 2198 1483 antiqua
2213 1443 2278 1476 Cu-

1212 1486 1307 1517 stuma
1321 1488 1407 1518 fuerat
1422 1489 1498 1524 prius
1511 1486 1618 1517 datum.

1215 1562 1246 1594 G
1261 1528 1331 1555 Item
1344 1549 1356 1565 ,
1381 1525 1468 1557 Duos
1485 1525 1600 1556 Solidos
1619 1523 1657 1555 de
1677 1524 1801 1563 qualibet
1817 1521 1959 1562 scarleta,
1970 1523 2012 1554 ¹&
2025 1521 2129 1554 Panno
2141 1522 2236 1554 tincto
2250 1523 2282 1554 in

1249 1573 1326 1595 rano.

1254 1606 1344 1641 Item,
1362 1601 1480 1634 Decem
1495 1603 1528 1634 δε
1542 1602 1614 1634 osto
1628 1601 1771 1633 Denarios
1786 1601 1824 1632 de
1837 1599 1965 1639 quolibet
1971 1598 2128 1639 Panno‚in
2143 1608 2203 1638 quo
2218 1609 2282 1638 pars

1219 1640 1311 1672 Grani
1326 1642 1411 1672 fuerit
1424 1643 1592 1672 intermixta.

1252 1683 1323 1710 Item
1334 1703 1344 1719 ‚
1372 1680 1541 1711 Duodecim
1558 1680 1700 1711 Denarios
1720 1678 1758 1711 de
1779 1678 1907 1718 quolibet
1921 1677 2024 1709 Panno
2039 1678 2115 1717 alio,
2132 1677 2191 1709 sine
2204 1676 2284 1710 Gra-

1215 1728 1265 1748 no.

1252 1760 1339 1796 Item,
1356 1756 1525 1789 Duodecim
1539 1757 1680 1788 Denarios
1694 1755 1730 1788 de
1746 1756 1875 1795 quolibet
1890 1755 1976 1786 Cerae
1990 1755 2148 1795 Qintallo.

2309 529 2364 558 iv.

2295 568 2359 607 3⁶32

1253 1795 1392 1834 Cumque
1404 1821 1415 1834 ,
1439 1797 1477 1826 de
1497 1797 1618 1835 praefatis
1640 1795 1853 1826 Mercatoribus
1866 1819 1876 1833 ,
1894 1795 2024 1825 nonnulli
2037 1804 2139 1825 eorum
2150 1793 2215 1825 alias
2230 1799 2281 1826 exi
2294 1796 2300 1804 “

1216 1844 1346 1865 cerceant
1370 1835 1559 1865 Mercandisas
1573 1858 1584 1874 ,
1607 1844 1639 1865 ut
1658 1834 1695 1864 de
1712 1834 1821 1865 Averio
1841 1832 1972 1871 ponderis
1985 1857 1995 1872 ,
2017 1834 2051 1864 &
2072 1833 2109 1863 de
2123 1833 2181 1863 aliis
2194 1834 2281 1865 rebus

1214 1873 1375 1912 subtilibus,
1396 1874 1466 1904 sicut
1484 1874 1521 1904 de
1543 1873 1646 1904 Pannis
1668 1873 1777 1903 Tarsen
1792 1895 1804 1911 ,
1827 1872 1864 1903 de
1885 1872 1985 1903 Serico
1997 1895 2008 1909 ,
2027 1871 2063 1902 de
2076 1871 2226 1909 Cindacis,
2241 1872 2280 1903 de

1214 1911 1294 1949 Sera,
1312 1913 1344 1943 &
1367 1912 1425 1942 aliis
1441 1912 1554 1943 diversis
1570 1912 1720 1942 Mercibus
1735 1933 1746 1949 ,
1772 1912 1805 1943 ὅ(
1819 1910 1856 1941 de
1869 1909 1959 1949 Equis
1972 1912 2075 1948 etiam,
2092 1919 2125 1941 ac
2138 1909 2196 1941 aliis
2206 1911 2280 1941 Ani-

1214 1951 1349 1989 malibus,
1366 1950 1455 1981 Blado
1476 1951 1509 1982 &
1531 1951 1589 1981 aliis
1604 1950 1720 1988 Rebus,
1735 1951 1769 1981 &
1785 1948 1971 1980 Mercandisis
1986 1947 2162 1979 multimodis
2177 1971 2188 1988 ‚
2211 1957 2278 1988 quae

1213 1988 1248 2019 ad
1261 1998 1368 2019 certam
1382 1988 1554 2020 Custumam
1567 1989 1650 2019 facile
1704 1989 1733 2018 ni
1748 1998 1808 2019 non
1824 1996 1976 2026 poterunt,

1251 2027 1342 2058 Iidem
1360 2027 1539 2058 Mercator&
1553 2037 1647 2058 conce
1673 2036 1754 2057 erunt
1768 2026 1835 2056 dare
1848 2025 1965 2062 Nobis,
1982 2024 2016 2056 &
2033 2023 2205 2056 Haeredibus
2226 2035 2283 2056 no-

1215 2065 1276 2096 stris
1310 2066 1346 2096 de
1361 2067 1483 2104 qualibet
1498 2065 1587 2097 Libra
1601 2066 1724 2104 Argenti
1737 2064 1947 2103 aestimationis,
1966 2062 2012 2094 seu
2026 2064 2147 2102 valoris,
2167 2063 2282 2095 Rerum

1217 2106 1250 2136 &
1275 2090 1518 2148 Mercandisarum
1540 2104 1698 2143 hujusmodi
1714 2128 1724 2143 ‚
1748 2112 1934 2142 quocumque
1953 2103 2074 2133 nomine
2093 2102 2257 2134 censeantur
2271 2124 2284 2143 ‚

1216 2143 1291 2174 Tres
1315 2144 1455 2174 Denarios
1475 2144 1512 2174 de
1534 2143 1624 2174 Libra
1640 2167 1649 2182 ‚
1674 2145 1703 2173 in
1726 2141 1848 2173 Introitu
1860 2141 1972 2172 Rerum
1987 2140 2021 2172 &
2038 2141 2285 2178 Mercandisarum

1216 2183 1352 2220 ipsarum,
1372 2183 1401 2212 iri
1415 2182 1550 2222 Regnum
1563 2183 1596 2214 &
1611 2181 1784 2213 Potestatem
1801 2180 1926 2211 nostram
1942 2179 2172 2219 praedieta‚infra
2188 2181 2285 2220 vigin-

1213 2223 1235 2250 ti
1256 2221 1313 2251 dies
1341 2221 1493 2260 postquam
1512 2221 1672 2260 hujusmodi
1691 2221 1750 2251 Res
1773 2220 1806 2251 &
1831 2218 2020 2250 Mercandisae
2040 2220 2070 2249 in
2089 2219 2226 2259 Regnum
2247 2219 2285 2250 &t

1216 2258 1390 2290 Potestatem
1412 2260 1537 2291 nostram
1557 2259 1688 2291 adduetae
1702 2284 1712 2298 ,
1737 2259 1770 2290 &
1789 2258 1896 2289 ibidem
1908 2266 2066 2289 exoneratae
2101 2257 2148 2288 seu
2161 2257 2287 2289 vendioe

1214 2298 1343 2336 fuerint3
1368 2298 1406 2329 Et
1428 2299 1551 2330 similiter
1572 2300 1646 2330 Tres
1667 2298 1808 2329 Denarios
1827 2297 1864 2328 de
1878 2297 2001 2336 qualibet
2015 2296 2084 2327 libra
2098 2295 2237 2335 Argenti,
2253 2296 2287 2328 in

1216 2336 1380 2368 Eduetione
1402 2347 1650 2376 quarumcumque
1663 2336 1776 2367 Rerum
1795 2336 1830 2367 &
1846 2335 2091 2367 Mercandisarum
2105 2333 2285 2374 hujusmodl,

1217 2375 1388 2414 Emptarum
1410 2378 1440 2406 in
1459 2376 1569 2415 Regno
1586 2377 1620 2407 ὃ(
1642 2375 1785 2406 Potestate
1803 2374 1902 2406 nostra
1936 2373 2075 2413 raediffis,
2093 2374 2163 2404 ultra
2176 2371 2286 2404 Custu-

1218 2424 1277 2444 mas
1290 2415 1430 2454 antiquas,
1447 2417 1549 2455 nobis,
1565 2425 1613 2446 aut
1628 2415 1686 2445 aliis
1718 2422 1782 2445 ante
1795 2413 1885 2444 datas:
1930 2422 1941 2444 t
1953 2413 2033 2451 super
2048 2413 2143 2443 valore
2159 2411 2193 2442 &
2207 2408 2286 2441 aesti-

1217 2453 1345 2497 matione
1368 2453 1480 2484 Rerum
1502 2455 1535 2485 ὃς
1558 2438 1801 2484 Mercandisarum
1822 2451 1986 2495 hujusmodi
1997 2474 2014 2495 ,·
2031 2450 2068 2481 de
2085 2449 2187 2488 quibus
2207 2448 2283 2480 Tres

1218 2490 1337 2522 Denarii
1373 2492 1408 2522 de
1423 2493 1546 2531 qualibet
1561 2492 1648 2523 Libra
1663 2491 1801 2532 Argenti,
1819 2491 1887 2522 sicut
1901 2490 2080 2528 praedicitur,
2096 2489 2158 2518 sunt
2169 2487 2284 2518 solven-

1216 2530 1264 2568 di,
1283 2515 1412 2561 credatur
1435 2532 1474 2562 eis
1493 2542 1543 2573 per
1565 2531 1706 2568 Litteras,
1730 2540 1797 2569 quas
1817 2529 1854 2560 de
1876 2528 2032 2565 Dominis,
2047 2535 2094 2557 aut
2108 2526 2200 2570 Sociis
2212 2525 2284 2566 suis,

1217 2568 1364 2600 ostendere
1378 2578 1529 2608 poterunt,
1547 2570 1598 2608 &‚
1616 2569 1635 2599 si
1648 2569 1766 2599 Litteras
1778 2577 1838 2597 non
1853 2567 1972 2596 habeant
1981 2589 1990 2604 ,
2005 2564 2092 2595 stetur
2108 2575 2137 2594 in
2151 2565 2204 2595 hac
2219 2574 2284 2602 par-

1215 2616 1244 2638 te
1257 2608 1382 2646 ipsorum
1399 2607 1617 2645 Mercatorum,
1636 2607 1656 2637 si
1669 2606 1816 2645 praesentes
1829 2605 1952 2643 fuerint,
1968 2604 2015 2634 vel
2031 2603 2284 2635 Valettorumsuo-

1216 2655 1294 2683 rum,
1313 2647 1342 2676 in
1359 2646 1529 2677 eorumdem
1546 2645 1748 2676 Mercatorum
1762 2643 1901 2681 absentia,
1915 2643 2089 2681 juramentis.

1256 2684 1355 2715 Liceat
1376 2684 1484 2722 insuper
1507 2685 1599 2715 Sociis
1635 2684 1672 2714 de
1686 2683 1828 2714 Societate
1843 2681 2045 2712 Mercatorum
2059 2680 2286 2721 praedictorum,

1218 2722 1289 2766 infra
1312 2721 1450 2762 Regnum
1472 2723 1505 2754 &
1526 2708 1699 2753 Potesieatem
1723 2720 1850 2752 nostram
1873 2720 2007 2758 praedicta
2021 2744 2030 2757 ,
2058 2720 2148 2749 Lanas
2161 2719 2287 2750 vendere

1219 2761 1276 2791 aliis
1289 2761 1379 2792 Sociis
1392 2761 1460 2800 suis,
1475 2762 1509 2792 &
1523 2762 1647 2792 similiter
1659 2771 1754 2791 emere
1766 2761 1802 2790 ab
1816 2759 1938 2798 eisdem,
1957 2758 2061 2796 absque
2077 2757 2218 2789 Custuma
2229 2758 2287 2789 sol-

1219 2799 1379 2837 vend2i31ta
1391 2809 1488 2830 tamen
1503 2800 1582 2838 quod
1596 2800 1679 2831 dicitae
1694 2799 1782 2830 Lanae
1796 2798 1831 2829 ad
1847 2797 1912 2828 tales
1930 2806 2029 2832 manus
2043 2806 2103 2827 non
2117 2795 2289 2836 deveniant,

1219 2839 1298 2878 quod
1313 2836 1472 2877 Custuma,
1491 2840 1573 2869 nobis
1587 2839 1700 2877 debita,
1719 2837 1925 2868 defraudemur.
2021 2850 2025 2851 ⁷

1255 2876 1293 2908 Et
1307 2885 1453 2922 praeterea,
1471 2877 1512 2907 est
1525 2878 1669 2922 sciendum
1689 2877 1767 2915 quod
1785 2899 1794 2915 ,
1810 2874 1963 2914 postquam
1976 2874 2121 2913 saepediffl
2134 2874 2287 2906 Mercato-

1218 2916 1390 2985 ‘eiam
1403 2925 1523 2998 ῗῖἐέὲί
1538 2915 1883 2992 &Sffctaffiffiflssss
1899 2912 2286 2991 ἓῖοΡιῗὲἓὶἷῖἓὲἳῶῗῗὲἶἻᾶ

1219 2993 1314 3024 forma
1336 2993 1468 3024 solverint
1488 2993 1643 3032 supradicta
1658 3016 1668 3033 ,
1686 2993 1720 3024 &
1732 2993 1813 3023 suum
1828 2993 1948 3023 habeant
1962 2989 2031 3020 inde
2045 2989 2233 3025 warantum,
2253 2997 2284 3018 e-

1216 3041 1281 3063 runt
1303 3032 1384 3062 liberi
1403 3033 1437 3063 &
1458 3033 1571 3071 quieti,
1595 3034 1625 3062 in
1647 3032 1784 3063 omnibus
1803 3031 1860 3062 aliis
1883 3029 1953 3060 locis
1968 3050 1979 3066 ,
2003 3027 2076 3057 infra
2090 3025 2123 3056 R
2159 3036 2230 3069 num
2245 3027 2282 3059 δε

1219 3069 1391 3102 Potest-item
1414 3071 1543 3102 nostram
1560 3070 1726 3109 praedictam
1741 3093 1751 3109 ,
1769 3070 1805 3100 de
1817 3069 1953 3111 solutione
1968 3064 2120 3109 Custutnae
2157 3065 2282 3102 ujusmo·

1217 3109 1265 3148 di,
1282 3119 1334 3147 pro
1355 3109 1459 3140 eisdem
1482 3109 1668 3141 Mercandisis
1685 3110 1732 3141 seu
1752 3107 1952 3138 Mercimoniis
1965 3125 1976 3142 ,
2002 3104 2141 3141 peridem
2158 3103 2282 3134 Waran-

1218 3156 1281 3178 turn
1295 3171 1304 3185 ,
1331 3148 1388 3179 five
1412 3148 1572 3187 hujusmodi
1592 3146 1780 3178 Mercandisae
1801 3144 1872 3174 infra
1894 3142 2030 3182 Regnum
2049 3143 2082 3173 ὃς
2106 3140 2282 3173 Potestatem

1218 3186 1345 3216 nostram
1359 3194 1539 3224 remaneant,
1560 3186 1617 3217 slve
1631 3187 1749 3215 exterius
1763 3182 1943 3218 deferantur;
1961 3182 2083 3218 exceptis
2098 3179 2196 3219 Vinis,
2214 3189 2281 3219 quae.

1220 3224 1256 3254 de
1269 3224 1375 3262 Regno
1392 3225 1426 3255 &
1442 3224 1585 3254 Potestate
1604 3223 1699 3253 nostra
1721 3220 1875 3260 praedietis,
1891 3219 1947 3250 sine
1962 3219 2107 3250 voluntate
2121 3220 2155 3251 ὅτ.
2167 3217 2283 3251 licenti&

1218 3261 1315 3292 nostra
1323 3285 1333 3300 ‚
1352 3262 1422 3292 sicut
1435 3261 1605 3299 praedictum
1619 3261 1675 3299 est,
1695 3260 1850 3290 nullatenus
1862 3258 2025 3289 educantur.

1258 3299 1398 3330 Volumus
1418 3308 1533 3338 autern,
1556 3309 1590 3330 ac
1609 3309 1662 3339 pro
1675 3298 1789 3336 Nobis,
1807 3297 1841 3328 &
1853 3296 2022 3327 Haeredibus
2037 3296 2154 3335 nostris,
2171 3302 2282 3328 conce*

1219 3338 1310 3369 dimus
1323 3337 1401 3375 quod
1421 3346 1538 3367 NULLA
1558 3337 1720 3375 ExAcTro,
1740 3336 1857 3373 Pam,
1873 3344 1939 3366 VEL
1959 3334 2167 3366 PRAESTATto
2183 3358 2193 3374 ,
2210 3341 2283 3366 Αυτ

1222 3384 1371 3414 ALIQJOD
1391 3384 1497 3406 ALmD
1516 3384 1604 3407 oNus
1655 3376 1736 3414 super
1758 3374 1892 3406 Personas
1917 3373 2118 3405 Mercatorum
2131 3374 2282 3412 praedicto-

1220 3425 1284 3446 rum
1294 3437 1302 3453 ,
1322 3414 1511 3445 Mercandisas
1522 3439 1532 3453 ,
1557 3415 1603 3446 seu
1619 3399 1698 3446 I30na
1710 3413 1898 3451 eorumdem,
1912 3413 2086 3451 aliquatenus
2098 3414 2282 3451 imponantur

1222 3462 1322 3485 contra
1337 3453 1477 3492 formam,
1496 3454 1652 3491 expressam
1664 3455 1785 3492 superius
1799 3454 1832 3484 &
1849 3452 2021 3483 conceffam.

1426 3540 1445 3560 ⁹*
1463 3539 1528 3571 Hiis
1539 3540 1690 3580 Testibus,
1709 3540 1739 3572 V
1739 3540 1925 3572 enerabilibus
1936 3538 2083 3577 Patribus;

1260 3618 1376 3648 Roberto
1390 3618 1581 3659 Cantuarienfi
1594 3618 1812 3658 Archiepifiopo‚
1829 3622 1912 3648 totius
1925 3614 2038 3654 Angliae
2051 3614 2190 3652 Primate,

1263 3656 1383 3686 Waltero
1398 3657 1580 3696 Coventrienfi
1594 3655 1632 3691 ὠ
1647 3656 1848 3698 Lychefildenfi
1862 3655 1991 3695 Eptfiopo.

1263 3697 1378 3724 Henrico
1393 3696 1426 3724 de
1438 3698 1529 3734 Lacy,
1549 3699 1648 3725 comite
1664 3695 1830 3732 Lincolniae,

1263 3732 1420 3801 Huf'ffldffil
1428 3733 1579 3801 del-Bohun
1591 3757 1601 3773 ,
1619 3737 1719 3765 Comite
1731 3734 1902 3775 Herqfhrdiae
1915 3728 1955 3766 ό
1967 3729 2068 3770 Effixs
2084 3739 2118 3760 αὖ·
2131 3724 2281 3767 constable

1313 3782 1370 3800 arto
1421 3783 1439 3801 n
1466 3784 1499 3802 1ae

1265 3810 1407 3840 Adomaro
1419 3783 1454 3840 d}
1463 3796 1605 3850 γαῖεηϊίἇ,

1266 3847 1391 3886 Galfrtdo
1406 3851 1437 3878 de
1450 3853 1490 3880 Ge
1506 3849 1595 3889 nvill,

1265 3889 1377 3922 Hugone
1391 3886 1415 3917 le
1428 3860 1592 3928 Desplenser,

1266 3923 1387 3954 Waltero
1401 3926 1433 3954 de
1446 3925 1524 3957 Bello
1538 3930 1654 3967 Campo,
1670 3921 1817 3966 Senefiallo
1830 3920 1947 3962 Hospitis·
1960 3918 2058 3961 nostri,

1266 3963 1381 4033 {obesfo
1395 3964 1426 3994 de
1439 3967 1544 4004 Bures,

1238 4030 1241 4033 .
1299 4009 1309 4032 t
1320 4010 1335 4031 a
1345 4011 1386 4031 iis.

2305 3566 2321 3583 ⁴*
2342 3566 2394 3596 iv.

2305 3606 2370 3642 364-
