2562 4279
187 154 245 203 46

60 234 195 315 Alu3¹39n
250 234 433 304 {diffidentes
447 277 574 300 comune
587 267 723 299 nostri&
736 267 871 298 omnium
885 264 1029 296 Fidelium
1042 262 1207 296 nostrorum
1221 272 1271 301 pe-

59 315 126 341 Edv.
148 323 173 351 3.
212 312 333 342 ticulum
349 310 395 339 hic
409 308 526 345 versari,
1154 341 1160 346 ⁴

249 349 286 380 Et
302 347 422 386 proinde
437 346 565 377 volentes
579 343 779 375 Communem
791 342 973 382 Utilitatem,
991 350 1023 374 ut
1037 348 1272 379 convenit,prae—

209 388 281 419 ferre
293 387 411 416 Privatae
419 408 428 422 ,

247 425 296 455 De
316 422 462 454 Consensu
485 423 519 453 δε
538 419 656 452 Assensu
677 416 867 450 Praelatorum
880 442 890 458 ,
908 418 1082 456 Comitum,
1100 418 1134 449 &
1149 418 1271 448 aliorum

207 463 348 494 Fidelium
361 461 543 499 nostrorum,
561 460 644 490 nobis
661 457 845 489 assistentium
857 481 867 496 ,
883 467 984 488 omnes
997 458 1030 489 δε
1048 457 1087 487 sin
1109 457 1164 487 uias
1180 454 1273 494 Affig-

207 502 351 539 nationae,
369 499 596 538 quibuscumque
615 496 746 528 Personis
758 521 768 535 ,
786 497 822 527 de
839 496 1068 535 quibuscumque
1106 495 1270 525 ecuniarum

205 539 349 578 Summis,
367 548 400 569 ac
409 538 509 569 Rebus
521 536 596 574 aliis,
615 536 674 566 tam
687 543 768 574 ante,
785 536 871 574 quam
884 534 968 572 post,
985 534 1097 564 dietum
1108 533 1270 570 Passagium

207 577 338 608 nostrum
353 601 363 615 ,
387 586 437 614 per
460 575 529 606 Nos
543 598 553 613 ,
569 575 616 605 seu
631 574 828 612 quoscumque
844 572 995 604 Ministros
1008 572 1135 611 nostros,
1152 581 1186 602 ex
1201 580 1271 609 qua-

206 622 333 653 cumque
346 614 440 652 causi,
458 614 553 645 Fadias
568 615 602 645 &
618 612 791 651 Concessas,

244 653 483 693 Affignationibus
495 675 506 692 ,
531 662 585 697 pro
606 651 774 682 Munitione
797 651 831 681 &
853 649 1030 681 Defensione
1050 648 1221 680 Castrorum
1235 648 1268 678 &

205 691 343 723 Villarum
364 691 529 723 nostrorum
551 700 581 721 in
602 687 699 721 Scotia
714 713 724 729 ,
738 699 856 720 necnon
872 688 1128 728 Affignationibus,
1148 687 1271 717 Dilectis

204 732 288 762 nobis
303 754 312 769 ,
337 730 549 762 Mercatoribus
568 728 605 759 de
618 729 805 760 Societatibus
820 727 978 758 Bardorum
991 728 1024 759 &
1040 726 1171 764 Peruch,
1189 725 1269 756 factis

201 770 237 801 &
252 764 406 807 concessis,
421 768 564 799 dumtaxat
577 769 718 806 exceptis,

242 808 286 839 Ac
299 810 384 839 etiam
398 808 664 844 Anerminadones,
680 806 726 836 seu
743 803 957 842 Astallamenta,
975 804 1009 835 &
1022 802 1196 841 Respectus,
1205 801 1268 832 De—

201 847 330 878 bitorum
352 846 518 877 nostrorum
531 869 540 883 ,
566 845 631 884 post
652 845 782 875 ultimam
796 843 1073 874 Transfretationem
1086 841 1212 871 nostram
1227 840 1268 871 fa—

201 883 265 924 eta,
284 895 318 916 ex
335 885 417 916 causa
430 884 596 916 necessitatis
609 882 784 922 hujusmodi,
802 890 969 912 revocamus
983 880 1128 917 omnino,

240 924 377 956 Volentes
389 923 470 963 quod
482 933 583 954 omnes
598 922 788 952 pecuniarum
801 920 929 951 Summae
942 921 975 950 ὃς
992 919 1051 949 Res
1063 918 1123 948 aliae
1132 941 1142 956 ,
1158 917 1195 948 fic
1212 917 1265 948 As-

201 961 337 1002 signatae,
363 972 480 994 necnon
502 961 607 992 Debita
627 960 720 990 nostra
732 983 742 997 ,
767 967 798 989 ut
813 959 993 997 praemittitur
1006 982 1016 996 ,
1036 958 1054 976 *²
1073 957 1266 994 atterminata‚

198 1002 245 1033 vel
256 1002 441 1040 respectuata,
460 1000 552 1031 statim
565 999 600 1030 ad
613 1008 685 1036 opus
698 997 829 1029 nostrum
844 997 973 1028 leventur
986 1019 996 1035 ‚
1021 996 1055 1027 ὅ(
1070 996 1153 1026 nobis
1166 995 1265 1026 celeti-

199 1048 243 1072 ter
259 1041 486 1072 transmittantur.

232 1078 279 1110 Ad
302 1080 366 1110 haec
386 1077 507 1109 Custodi
528 1076 623 1116 Regni
644 1075 734 1105 nostri
752 1099 762 1113 ,
788 1073 982 1112 Cancellario,
1000 1071 1208 1111 Thesaurario,
1226 1072 1261 1104 &

196 1116 352 1148 Batonibus
373 1117 473 1147 nostris
491 1116 527 1146 de
549 1115 700 1146 Scaccario
714 1138 723 1152 ,
748 1114 796 1152 qui
811 1123 888 1143 nunc
904 1113 983 1151 sunt,
1000 1112 1046 1142 vel
1061 1113 1110 1150 qui
1124 1121 1176 1149 pro
1187 1118 1262 1141 tem-

194 1166 265 1196 pore
285 1157 389 1187 fuerint
403 1179 413 1194 ,
437 1155 473 1186 ad
487 1153 650 1185 faciendum
663 1153 696 1183 &
711 1151 931 1183 concedendurn
947 1150 1153 1190 Assignationes
1167 1149 1261 1180 Pecu-

194 1196 303 1226 niarum
318 1196 352 1226 &
368 1194 517 1226 Bonorum
537 1191 702 1223 nostrorum
719 1214 728 1230 ,
747 1191 792 1222 vel
809 1190 1075 1227 Atterminationes,
1091 1189 1125 1220 ὃς
1141 1187 1259 1219 Astalla-

194 1242 306 1273 menta,
325 1234 371 1264 seu
392 1232 550 1271 Respectus
569 1230 763 1268 Debitorum,
781 1229 868 1267 usque
880 1228 914 1258 ad
931 1228 1070 1258 Reditum
1084 1225 1216 1258 nostrum
1230 1228 1258 1256 in

195 1272 330 1310 Angliam
341 1297 349 1310 ,
363 1281 484 1303 omnem
498 1271 532 1301 &
545 1268 746 1300 omnimodam
758 1267 907 1298 adimimus
919 1264 1258 1304 Potestatem‚quacum-·

192 1321 251 1350 que
266 1310 480 1342 Consuetudine
494 1308 635 1340 contraria
651 1317 709 1337 non
723 1305 861 1337 obstante.

229 1350 286 1388 Et,
303 1352 375 1381 cum
397 1349 518 1380 devotos
539 1345 710 1384 obsequiales
731 1345 846 1381 deceat,
864 1343 954 1374 saltim
969 1344 997 1373 in
1014 1340 1257 1380 Neceffitatibus,

189 1387 358 1427 sumptibus
371 1398 484 1426 parcere
500 1386 717 1420 Dominorum,
733 1393 795 1413 non
808 1383 893 1413 debet
908 1382 996 1413 videri
1017 1390 1102 1421 grave
1116 1379 1255 1410 Ministris

189 1426 310 1467 nostris,
327 1429 374 1466 qui
388 1427 447 1457 satis
461 1426 566 1456 habent
580 1424 644 1453 alias
658 1421 736 1453 und‘e
750 1423 865 1458 vivant,
884 1430 914 1452 ut
931 1422 959 1450 in
974 1419 1162 1451 Petitionibus
1180 1419 1255 1450 Feo-

189 1466 311 1505 dorum,
328 1476 393 1504 quae
408 1474 460 1505 pro
477 1462 591 1493 Officiis
606 1461 656 1492 suis
672 1462 801 1499 capiunt,
821 1461 903 1490 nobis
915 1459 1041 1490 deferant
1057 1469 1116 1497 quo
1131 1459 1164 1488 ad
1178 1466 1255 1488 tem-

188 1515 260 1543 pus,
277 1506 310 1536 &
328 1512 444 1542 propter
457 1502 533 1540 hoc,
550 1500 586 1531 de
599 1500 722 1539 ipsorum
739 1498 909 1537 gratitudine
924 1496 1162 1536 confidentes,de
1170 1496 1255 1528 Con-

188 1543 249 1573 silio
270 1545 304 1574 &
326 1542 446 1573 Assensu
466 1540 654 1571 Praelatorum
673 1562 682 1578 ,
708 1537 862 1568 Comitum
911 1538 944 1568 ὅ(
957 1537 1078 1568 aliorum
1090 1535 1254 1566 nostrorum

187 1581 327 1613 Fidelium
350 1580 553 1619 praedictorum
567 1601 576 1616 ,
603 1577 810 1614 ordinavimus,
829 1578 858 1606 in
874 1562 1102 1607 subventionem
1116 1574 1256 1613 Expensa-

186 1630 252 1651 rum
273 1619 431 1650 nostrarum
452 1617 650 1656 praedi-starum
665 1640 674 1654 ,
699 1615 780 1654 quod
797 1638 807 1653 ,
832 1615 900 1644 citra
923 1613 1033 1645 dietum
1048 1613 1187 1644 Reditum
1200 1623 1255 1643 no-

185 1658 276 1689 strum
292 1683 301 1697 ,
325 1658 401 1689 nulla
428 1657 476 1688 fiat
504 1655 618 1688 Solutio
646 1654 812 1685 Feodorum
830 1653 994 1692 Justiciariis
1008 1676 1017 1691 ,
1040 1651 1195 1682 Batonibus
1217 1652 1253 1682 de

182 1697 338 1729 Scaccario
353 1721 363 1735 ,
388 1695 509 1727 Clericis
530 1694 675 1724 Promotis
691 1716 700 1731 ,
725 1701 771 1723 aut
791 1692 849 1722 aliis
869 1691 1008 1721 Ministris
1022 1690 1122 1720 nostris
1137 1691 1253 1728 quibus-

181 1745 327 1775 cumque,
344 1736 394 1774 qui
407 1735 515 1766 habent
530 1732 644 1764 aliunde
659 1731 696 1762 de
710 1741 769 1770 quo
783 1731 809 1761 se
823 1739 956 1769 poterunt
976 1728 1135 1761 commode
1146 1729 1252 1760 susten—

184 1782 260 1844 ωέὶ
279 1812 360 1852 quod
382 1812 456 1843 nulla
475 1810 574 1841 Brevia
596 1816 694 1839 exoent
714 1807 750 1838 de
766 1807 956 1845 Cancellaria,
973 1806 1019 1837 vel
1032 1806 1184 1837 Scaccario
1197 1817 1252 1837 no-

183 1850 260 1890 stris,
281 1852 318 1882 de
333 1850 493 1889 hujusmodi
508 1848 608 1879 Feodis
622 1848 734 1877 interim
751 1845 957 1885 persolvendis,
975 1855 1040 1883 quae
1053 1853 1167 1884 tamen,
1186 1845 1251 1883 post

182 1890 293 1922 dietum
307 1889 444 1920 Rediturn
457 1887 603 1923 nostrum,
622 1895 691 1916 cum
707 1885 872 1923 Arreragiis,
891 1884 953 1922 ipsis
968 1885 1001 1915 &
1017 1893 1119 1915 eorum
1134 1884 1250 1916 cuilibet

181 1929 254 1960 solvi
272 1928 404 1959 volumus
419 1950 429 1967 ,
453 1935 484 1957 ut
507 1926 547 1957 est
566 1924 672 1962 justum
687 1936 697 1962 3
723 1922 836 1962 proviso
850 1922 930 1962 quod
947 1922 1082 1960 Clericis‚
1100 1933 1161 1953 non
1177 1923 1250 1954 Pro-

182 1968 286 2004 motis,
302 1968 335 1999 &
349 1966 406 1997 aliis
420 1965 522 1996 nostris
537 1963 709 2001 Officiariis,
728 1973 788 1994 non
802 1962 970 1993 habentibus
981 1961 1016 1993 de
1032 1961 1154 2000 Proprio
1169 1962 1246 1994 unde

182 2007 296 2044 vivant,
315 2005 339 2035 F
340 2005 411 2036 eoda
425 2004 471 2036 seu
486 2003 575 2035 Vadia
589 2002 683 2033 debita
693 2001 901 2040 persolvantur.

216 2043 252 2076 In
269 2045 365 2084 cujus,
383 2045 447 2076 ὅτε.

215 2121 306 2154 Teste
325 2120 433 2160 meipso
453 2120 529 2160 apud
549 2119 713 2160 Andewerp
728 2142 738 2159 ,
762 2119 840 2151 sexto
860 2118 906 2150 die
928 2116 1022 2156 Maii,
1042 2115 1131 2149 Anno
1146 2116 1246 2157 Regni

178 2162 269 2195 nostri
280 2160 509 2194 Tertiodecimo.

48 969 69 1002 ,⁸¹¹
81 974 182 1002 V.110.

176 2240 260 2295 ET
277 2238 485 2269 Memor-andum
503 2238 576 2278 quod
592 2236 650 2276 islae
672 2239 793 2267 Litterae
807 2259 817 2274 ,
835 2234 987 2265 immediata>
996 2242 1055 2272 prae
1068 2238 1178 2274 criptae,
1188 2233 1243 2274 fa-

243 2279 295 2308 c‘lae
310 2277 431 2317 fuerunt
446 2301 456 2316 ,
479 2281 508 2306 in
525 2276 652 2316 partibus
673 2275 879 2314 Tranfinarinis
894 2297 904 2312 ,
921 2274 974 2312 Jizb
988 2276 1042 2311 sigi·
1054 2273 1096 2312 lo,
1113 2284 1165 2314 quo
1179 2276 1240 2304 Rex

175 2317 264 2346 utitur
278 2316 392 2355 ibidem,
409 2315 447 2352 ό·
459 2319 496 2346 mi
517 2326 540 2345 ae
556 2316 652 2352 distis,
671 2313 852 2351 cancellario,
865 2311 904 2347 &⁶
918 2312 1097 2351 Thefizurario
1106 2337 1115 2349 ,
1134 2323 1166 2341 ac
1176 2312 1238 2342 aliis

176 2355 207 2384 de
220 2354 332 2385 Concilio
346 2358 441 2394 Regis,
508 2358 645 2384 Contenta
657 2356 686 2383 in
700 2352 795 2392 eisdem
809 2354 973 2381 Executioni
986 2351 1185 2381 demandanda.

176 2481 225 2514 De
251 2478 433 2528 Qercubus
451 2476 641 2524 fhccidendis
657 2488 713 2524 pro
738 2473 909 2511 Scolaribus
925 2478 1013 2524 Regis
1032 2473 1236 2523 Cantebrtgiae.

244 2564 311 2596 EX
337 2564 513 2596 Vicecomiti
525 2563 720 2600 Cantebrigiae
734 2563 766 2593 &
781 2561 894 2592 Huntin
917 2562 1020 2599 toniae,
1038 2561 1174 2592 Salutem.

277 2602 357 2635 Ciim
374 2602 515 2641 Magister
530 2603 660 2633 Thomas
675 2601 796 2641 Powys,
815 2600 908 2638 Magis
925 2611 953 2630 er
967 2600 1142 2638 Scolarium,
1163 2610 1235 2639 quos

173 2640 247 2679 apud
268 2641 479 2682 Cantebrigiam
501 2640 538 2671 de
557 2640 737 2671 Eleemofina
760 2639 857 2670 nostra
879 2639 1078 2676 sustentamus,
1101 2648 1135 2669 ex
1158 2649 1235 2677 parte

174 2680 271 2711 nostra
292 2690 424 2712 oneratus
446 2679 542 2711 existat
560 2678 594 2709 ad
608 2678 737 2718 quasdam
754 2677 869 2708 Domos
890 2677 963 2717 apud
980 2676 1235 2716 Cantebriggiam,

171 2729 224 2757 pro
250 2719 456 2751 Inhabitatione
484 2717 652 2749 eorumdem
679 2717 840 2748 Scolarium
853 2740 863 2755 ,
887 2715 1013 2747 celeriter
1034 2718 1172 2754 reparari,
1198 2717 1233 2747 &

172 2757 303 2797 quasdam
317 2758 444 2789 construi
456 2756 595 2788 faciendas
604 2779 613 2794 ,

209 2795 255 2827 Ac
276 2795 404 2835 Philippa
428 2796 541 2864 Regina
563 2794 674 2834 Angliae
688 2817 698 2833 ,
725 2792 853 2824 Consors
873 2791 969 2823 nostra
989 2791 1125 2823 cariffima
1139 2816 1148 2831 ,
1177 2792 1232 2823 Sex

171 2834 305 2904 quercus
320 2858 330 2873 ,
355 2837 384 2865 in
405 2834 461 2865 For
505 2834 520 2864 ἐ
534 2833 579 2864 sui
591 2833 628 2863 de
644 2833 778 2871 Sappele,
792 2833 870 2870 juxta
883 2830 1159 2871 Huntyngdoniam,
1178 2841 1230 2870 ac,

167 2874 196 2904 di
209 2873 270 2904 esta
285 2874 385 2912 nobis,
410 2873 572 2904 Elizabetha
588 2871 624 2902 de
641 2871 752 2910 Burgo,
771 2871 905 2908 Qatuor
926 2870 1076 2908 Quercus,
1092 2871 1121 2899 in
1136 2869 1229 2900 Parco

167 2912 218 2943 suo
230 2912 266 2942 de
278 2911 429 2943 Hundone
443 2934 453 2950 ,
468 2913 497 2942 in
510 2910 643 2941 auxilium
659 2909 891 2940 Constructionis
904 2910 937 2940 &
951 2909 1147 2946 Reparationis
1161 2907 1228 2938 Do-

166 2960 285 2982 morum
301 2950 499 2989 praedictarum
516 2948 642 2979 dederint
656 2949 689 2979 &
706 2948 914 2985 concefferint,
933 2956 963 2978 ut
976 2948 1157 2985 accepimus,

202 2990 275 3021 Tibi
292 2990 473 3028 praecipimus
485 2987 566 3026 quod
617 2997 712 3016 uercus
728 2985 871 3024 praedictas
885 2986 941 3016 sine
957 2986 1090 3016 dilatione
1106 2985 1225 3024 succidi,

164 3029 199 3060 &
213 3029 299 3066 usque
313 3027 420 3058 dictam
435 3026 541 3058 Villam
553 3026 590 3056 de
607 3025 806 3064 cantebrigia,
824 3024 860 3054 de
881 3023 1008 3055 Exitibus
1024 3023 1138 3054 Ballivae
1151 3033 1224 3062 tuae,

161 3067 229 3098 duci
251 3067 284 3097 &
306 3067 401 3097 cariari
419 3089 430 3104 ,
455 3067 488 3096 &
504 3064 621 3103 praefato
633 3063 759 3093 Thomae
772 3063 880 3093 liberari
894 3063 990 3101 facias,
1008 3073 1062 3101 pro
1077 3061 1222 3093 Constru-

160 3105 260 3137 &ione
273 3106 305 3136 &
319 3105 509 3143 Reparatione
524 3103 693 3134 Domorum
708 3101 906 3139 praediCtarum
920 3112 925 3130 z

198 3143 238 3174 Et
252 3143 288 3173 de
302 3142 447 3174 Custubus
455 3166 465 3182 ,
485 3151 555 3181 quos
571 3143 600 3172 in
615 3141 668 3171 hac
680 3149 756 3178 parte
768 3139 964 3170 rationabiliter
978 3139 1151 3178 apposueris,
1170 3141 1221 3170 tibi

161 3183 192 3213 in
215 3181 369 3219 Compoto
388 3191 439 3212 tuo
453 3205 463 3220 ,
487 3179 522 3211 ad
536 3180 715 3212 Scaccarium
730 3178 861 3210 nostrum
873 3179 996 3209 debitam
1011 3178 1222 3209 Allocationem

160 3220 263 3251 habere
276 3221 420 3251 faciemus.

198 3296 287 3328 Teste
301 3296 444 3329 Edwardo
457 3295 545 3326 Duce
559 3294 715 3326 Cornubiae
729 3294 763 3325 δε
778 3293 898 3324 Comite
911 3292 1032 3324 Cestriae
1047 3316 1057 3332 ,
1072 3293 1145 3324 Filio
1160 3293 1222 3324 Re-

180 3337 200 3365 is
214 3336 374 3380 carissimo,
393 3334 524 3366 Custode
539 3334 665 3374 Angliae,
683 3332 756 3372 apud
770 3331 1024 3370 Berkhampstede,
1042 3332 1160 3362 decimo
1172 3332 1219 3362 die

201 3384 243 3405 au.

23 2583 103 2615 Ὰηῃ.
118 2581 159 2614 D.

22 2631 141 2698 aiii:

19 2708 158 2775 dail-:¹3-

20 2780 158 2814 E.3.p.1.

19 2823 56 2844 m.
73 2825 100 2843 2.
463 2838 489 2865 el

895 3448 949 3477 Per
963 3445 1114 3476 Concilium.

202 3580 322 3612 Littera
339 3576 517 3624 obligatoria
524 3576 615 3621 fana
633 3572 781 3608 Nicholao
799 3571 1003 3606 Bartholomaei
1022 3571 1060 3604 de
1072 3574 1170 3605 Luca.

17 3628 94 3660 Ann.
103 3629 144 3661 D.

38 3677 122 3708 1339.
159 3661 301 3718 REX,
318 3663 378 3693 δίε.
397 3661 565 3698 Universis,
603 3660 728 3691 raeserites
744 3659 862 3690 Litteras
881 3656 1060 3695 inspetstiiriS‚
1081 3655 1215 3686 Salutem.

14 3712 69 3735 An.
85 3717 93 3734 i
102 3717 128 3745 3.
175 3734 185 3743 Α
249 3699 345 3730 Sciatis
359 3710 430 3737 nOS,
448 3700 492 3730 die
507 3699 575 3730 Con
589 3700 709 3729 eitionis
723 3697 919 3736 praesentium,
938 3694 1087 3732 recepisse,
1107 3703 1140 3724 ex
1149 3705 1215 3724 cau-

15 3751 45 3774 13.
68 3756 93 3782 3.
159 3745 189 3766 sa
202 3738 260 3766 veri
274 3737 388 3775 Mutui,
406 3737 460 3776 de,
479 3738 598 3768 Dilecto
612 3738 711 3775 nobis,
731 3735 881 3766 Nicholao
894 3733 1095 3765 Bartholomaei
1109 3732 1145 3762 de
1155 3732 1215 3762 Lu-

14 3787 145 3812 Pat.inter
160 3773 196 3805 εἴη
212 3773 373 3805 Mercatore
405 3775 532 3806 Centum
549 3777 581 3807 &
596 3775 787 3814 Qiadraginta
794 3772 889 3804 Millia
903 3772 1091 3803 Florenorum
1103 3770 1139 3801 de
1147 3770 1217 3801 Flo-

13 3827 101 3859 Regem
111 3820 145 3855 ό·
160 3812 246 3842 remla
255 3834 264 3849 2
282 3811 350 3854 Ami
363 3798 430 3843 Ruri
439 3837 448 3852 ,
466 3815 499 3844 &
511 3814 585 3852 Justi
598 3813 736 3844 Ponderis
746 3835 755 3851 ,

13 3861 120 3898 diversos
199 3850 284 3889 Qos
299 3850 374 3892 Sibi,
392 3852 436 3881 vel
450 3852 647 3889 Procuratori,
664 3860 710 3882 aut
724 3851 874 3881 Attornato
889 3849 955 3888 suo,
971 3847 1006 3878 ad
1020 3848 1078 3878 hoc
1090 3846 1214 3885 speciali-

14 3903 146 3935 Magnates
158 3897 201 3920 ter
216 3886 389 3931 constituto,
407 3888 592 3928 Haeredibus,
609 3890 655 3920 vel
669 3889 876 3920 Executoribus
890 3887 959 3926 suis,
975 3886 1049 3924 apud
1065 3885 1168 3924 Bruges
1184 3886 1213 3914 in

13 3938 146 3965 Germania
160 3926 307 3962 Flandria,
324 3934 354 3954 in
370 3925 452 3955 Festo
467 3927 611 3958 Omnium
624 3928 795 3958 Sanctorum
812 3927 947 3964 proximo
961 3925 1073 3962 futuro,
1091 3924 1174 3962 plene
1191 3923 1211 3943 ²¹¹

18 3986 26 4002 1
37 3985 59 4010 3·
70 3980 101 4004 E.
117 3984 142 4011 3·
158 3966 192 3997 &
228 3964 343 4000 rompte
358 3962 464 4006 solvere
478 3967 669 4009 promittimus
684 3965 764 4008 bona
775 3965 849 4008 fide.-
1040 4000 1049 4006 ,
1080 4001 1085 4006 .

12 4023 49 4040 ω,
63 4023 91 4049 4,
222 4002 240 4032 d
262 4010 346 4040 quam
387 4001 482 4030 uidem
502 4001 681 4047 Solutionem
697 4028 707 4042 ,
725 4003 808 4034 dictis
822 4002 868 4033 die
883 4003 917 4033 &
929 4002 1014 4040 loco,
1033 3999 1210 4037 taciendam,

12 4052 29 4068 ⁸*
42 4052 142 4083 v...1,
153 4051 268 4074 necnon
287 4040 322 4072 ad
336 4049 367 4070 re
380 4038 508 4070 ufionem
530 4039 564 4070 &
585 4041 755 4073 solutionem
778 4040 1001 4080 Dammorum,
1017 4038 1210 4078 Expensarum

621 136 1425 186 CONVENTIONES,

1503 136 1902 191 LITERAE,

1316 223 1350 267 ἐξ(
1364 222 1515 267 Interesse,
1533 224 1553 255 fi
1568 235 1633 263 quae
1642 247 1652 263 ,
1670 225 1778 255 ratione
1792 223 1935 255 retardatae
1949 222 1995 254 vel
2016 231 2076 254 non
2099 222 2183 262 plene
2195 223 2280 256 factae
2295 223 2378 256 Solu-
2395 220 2472 254 Ann.
2482 223 2523 258 D.

1312 270 1397 292 tionis
1410 261 1571 301 praedictae,
1587 263 1735 301 praefatum
1749 262 1949 300 Nicholaum,
1967 261 2121 300 Haeredes,
2140 262 2185 293 vel
2201 262 2375 295 Executores
2419 271 2504 303 1339.

1312 300 1394 339 sum,
1414 302 1559 332 incurrere
1574 303 1725 340 contigerit
1740 301 1831 339 (super
1845 302 1947 339 quibus
1958 301 2127 339 juramento
2141 299 2212 331 disti
2225 300 2376 342 Nicholai‚
2392 303 2456 331 Edv.
2481 314 2507 339 3·

1312 338 1472 369 Haeredum
1487 362 1497 378 ‚
1522 340 1568 371 vel
1591 340 1787 371 Executorum
1807 341 1922 370 suorum
1936 361 1946 377 ,
1963 339 2067 376 absque
2077 338 2128 368 alia
2141 339 2326 379 probatione,
2342 340 2377 371 fi-

1310 375 1379 406 dem
1393 377 1527 408 volumus
1539 378 1676 415 adhiberi)
1694 378 1866 415 Obligamus
1879 379 1978 408 omnia
1992 377 2072 407 Bona
2085 376 2181 407 nostra
2195 400 2205 416 ,
2222 378 2256 409 δε
2272 378 2376 411 Haere-

1311 414 1382 445 dum
1396 416 1578 456 nostrorum,
1598 417 1779 447 Districtioni
1795 416 1998 455 cujuscumque
2009 415 2026 454 J
2030 415 2118 446 udicis
2130 419 2329 454 competentis.

1333 453 1410 521 Ἐξ,
1434 454 1469 485 ad
1478 454 1632 523 leNIsIajorem
1644 456 1848 494 Securitatem,
1866 454 1985 493 praefato
2000 453 2151 485 Nicholao
2167 454 2248 493 super
2261 456 2320 487 hoc
2333 455 2375 487 sa-

1312 501 1376 521 cien
1397 502 1461 530 am,
1514 503 1546 524 os

1343 530 1492 575 „Iohannes
1505 555 1516 570 ,
1553 517 1721 563 ²ermiffione
1740 531 1837 563 divin&
1889 530 2092 562 Cantuariensis
2113 530 2298 570 Archiepisco
2338 544 2375 573 s,

1309 575 1395 612 totius
1409 568 1521 609 Angliae
1532 542 1658 609 lgrimas,
1676 570 1834 601 Richardus
1849 555 2054 601 bunolmensis
2068 593 2079 609 ,
2097 570 2131 602 &
2143 569 2289 602 Henricus
2330 573 2374 603 in-

1308 606 1474 646 colnlerlsis,
1493 608 1594 639 eidem
1609 609 1806 648 permissione,
1824 608 1976 648 Episcopi,
2170 641 2175 644 ‚
2191 642 2193 646 .

1347 645 1493 677 Henricus
1516 646 1651 685 Derbiae,
1669 647 1845 692 Willielmus
1859 647 2116 692 Norbamptoniae,
2133 645 2307 680 Willielmus
2322 649 2374 681 Sa-

1307 682 2073 768 runi-lienssiccuRsocll'lssrtlggrituigogissiercajrci'sssnjeflbhannes
2085 723 2185 764 Darcy
2200 724 2373 759 senescallus

1307 759 1650 830 ΙέῖῗΐριςιιάἓᾶψὲἰιεΙ-τηυε
1667 761 1704 792 de
1725 762 1880 803 Kildesby,
1898 764 1933 795 &
1948 762 2050 794 Paulus
2061 763 2098 794 de
2114 762 2223 795 Monte
2236 764 2373 805 Florum,

1350 809 1417 830 enei
1450 810 1459 830 i
1491 810 1500 830 1
1545 810 1561 831 e
1581 811 1601 831 is

1345 837 1381 867 Et
1398 837 1530 869 nostrum
1547 810 1682 878 qguili’bet,
1700 848 1754 877 pro
1765 838 1848 870 dictis
1860 839 1991 871 Centum
2010 841 2045 872 &
2067 840 2263 880 Qadraginta
2278 841 2371 874 Milli-²

1306 875 1561 920 bus'Florenorum
1614 878 1669 907 unii
1686 888 1754 908 curn
1770 877 1929 916 Dampnis,
1947 879 2070 917 expensis
2106 880 2284 911 &interesse
2297 891 2371 919 prae-

1304 913 1387 945 dictis
1399 915 1548 958 ,praefato
1570 900 1721 946 fxlicholao
1733 939 1744 954 ,
1768 915 1950 947 Procuratori
1995 918 2042 948 vel
2062 902 2217 949 Attornato
2236 918 2288 950 suo
2320 930 2367 952 aut

1305 952 1475 998 Haeredibus
1489 979 1498 993 ,
1522 954 1568 986 vel
1588 954 1797 998 Executoribus
1815 955 1885 998 suiS,
1901 939 1993 985 modo
2006 965 2066 994 quo
2107 959 2266 988 raemittitur
2282 942 2367 996 plene

1304 991 1339 1022 &
1366 991 1484 1024 fideliter
1512 992 1702 1030 persolvendis
1715 1017 1725 1031 ,
1753 992 1810 1024 fide
1827 994 1960 1032 jubemus
1973 1016 1984 1030 ,
2004 995 2038 1025 δε
2093 1005 2126 1026 os
2139 1018 2151 1035 ‚
2174 997 2209 1028 ὃς
2229 997 2366 1028 nostrum

1305 1030 1493 1070 Qemlibet,
1512 1031 1666 1062 Debitores
1676 1030 1875 1062 constituimus
1891 1031 2078 1071 Principales3

1340 1068 1508 1109 Obligantes
1529 1071 1563 1102 &
1582 1069 1787 1101 Submittentes
1830 1080 1888 1117 pro
1903 1071 1986 1108 plena
2004 1071 2198 1110 completione
2210 1073 2366 1111 praedieto-

1302 1117 1384 1146 rum,
1405 1109 1474 1139 Nos
1510 1110 1544 1140 &
1560 1108 1731 1148 Qemlibet
1744 1095 1879 1139 noffrum
1892 1110 1922 1139 in
1935 1109 2054 1140 solidum
2090 1109 2227 1142 Haeredes
2241 1113 2274 1144 δε
2288 1113 2364 1145 Exe-

1300 1154 1413 1177 cutores
1429 1132 1542 1192 nostros
1556 1172 1566 1186 ,
1587 1158 1620 1178 ac
1641 1148 1742 1178 omnia
1761 1147 1840 1179 Bona
1859 1146 1954 1178 nostra
1968 1170 1978 1186 ,
1998 1132 2122 1179 Mobilia
2133 1150 2167 1180 δε
2181 1149 2345 1184 Immobilia

1301 1184 1451 1230 Praeseiitia
1468 1187 1501 1217 &
1523 1186 1627 1218 Futura
1676 1186 1854 1230 ubicumque
1874 1195 1980 1229 reperta
2004 1186 2108 1218 fuerint
2122 1210 2132 1226 ,
2145 1187 2338 1226 jurisdictioni
2353 1177 2364 1192 ’

1300 1223 1511 1270 Districtioni,
1536 1226 1570 1256 δε
1590 1210 1769 1269 Cofiercioni
1781 1248 1791 1263 ,
1809 1230 2012 1270 quuicumque
2026 1224 2141 1264 Curiae,
2159 1216 2364 1261 Ecclesiastica}

1299 1262 1346 1292 vel
1368 1262 1522 1302 SeculariS,
1540 1265 1574 1296 &
1590 1263 1743 1302 specialiter
1755 1263 1853 1295 Curiae
1869 1263 2028 1303 Romanae,
2046 1264 2080 1296 ὃς
2097 1264 2244 1296 Auditoris
2256 1265 2362 1299 Came-

1299 1310 1339 1331 ωε
1354 1300 1479 1333 Domini
1494 1302 1579 1341 Papae
1594 1303 1628 1334 &
1643 1302 1819 1340 Apostolicae
1835 1302 1929 1333 Sedis:

1335 1338 1547 1383 Renunciantes
1567 1342 1693 1379 expresse
1707 1366 1716 1380 ,
1732 1351 1786 1380 pro
1800 1341 1915 1379 Nobis,
1934 1341 1968 1373 &
1981 1341 2149 1373 nostrorum
2163 1342 2275 1383 singulis
2288 1343 2362 1376 Hae-

1296 1377 1410 1410 redibus
1422 1403 1432 1418 ,
1457 1379 1491 1410 &
1514 1379 1720 1411 Executoribus
1741 1379 1860 1418 nostris,
1879 1378 2051 1419 Exceptioni
2063 1380 2207 1412 distorum
2223 1381 2361 1414 Floreno-

1296 1426 1360 1446 rum
1373 1428 1436 1462 non
1450 1427 1631 1457 receptorum
1640 1443 1649 1457 ,
1668 1417 1729 1450 doli
1744 1418 1811 1449 mali
1825 1418 1922 1449 infecti
1932 1443 1941 1456 ,
1959 1429 2076 1450 necnon
2089 1420 2192 1451 auxilio
2205 1420 2287 1452 Pacis
2295 1421 2360 1453 Ge-

1294 1455 1392 1500 neralis
1407 1479 1417 1495 ,
1439 1457 1515 1496 siqua
1534 1467 1584 1495 per
1602 1458 1705 1496 aliquas
1723 1457 1827 1488 Terras
1849 1456 1959 1488 Indicia
1975 1457 2060 1489 fuerit
2071 1482 2082 1496 ,
2107 1458 2153 1490 seu
2168 1459 2361 1497 imposterum

1294 1493 1433 1526 indicetur
1448 1520 1457 1534 ,
1479 1495 1543 1540 Juri
1565 1505 1683 1535 quoque
1701 1495 1809 1527 dicenti
1828 1495 2002 1527 Generalem
2024 1496 2286 1529 Renunciationem
2299 1509 2361 1530 non

1294 1533 1404 1572 valere,
1421 1544 1454 1564 ac
1468 1535 1692 1574 quibuscumque
1701 1534 1776 1574 Juris
1791 1535 1824 1567 ὃ(
1837 1534 1906 1566 facti
1920 1534 2069 1566 Remediis
2103 1545 2169 1575 quae
2183 1535 2300 1575 Nobis,
2314 1538 2360 1569 vel

1294 1571 1427 1617 nostrum
1443 1573 1543 1612 alicui,
1564 1584 1623 1612 quo
1636 1575 1728 1604 minus
1742 1583 1811 1612 nos,
1829 1573 1986 1612 Haeredes,
2005 1574 2051 1605 vel
2066 1559 2241 1606 fixecutores
2251 1575 2360 1617 nostri,

1293 1612 1434 1648 praemisla
1448 1612 1596 1650 complere
1608 1621 1772 1651 teneamur,
1792 1611 1897 1651 posiint
1912 1612 2134 1651 quomodolibet
2148 1613 2301 1652 suffragari.

1333 1650 1380 1680 Ad
1400 1651 1464 1681 liaec
1478 1676 1488 1689 ,
1513 1651 1583 1683 Nos
1596 1674 1606 1690 ,
1632 1651 1667 1683 δε
1688 1649 1823 1682 nostrum
1835 1651 1982 1690 Qiilibet,
1999 1651 2132 1683 discretos
2146 1654 2240 1692 viros,
2258 1653 2360 1692 Magi-

1294 1687 1385 1719 strum
1407 1689 1571 1721 Robertum
1592 1690 1628 1720 de
1649 1689 1751 1728 Atrio,
1766 1690 1800 1721 &
1814 1687 1976 1721 Mathaeum
1993 1690 2077 1729 Lippi
2091 1691 2127 1722 de
2141 1690 2244 1730 Prato,
2261 1692 2360 1723 absen-

1291 1734 1354 1810 ξζῖξῆ
1368 1728 1673 1799 ἓῗέἓῖεἶιῗέἑῖῗὲἷῗᾶ
1684 1728 2362 1809 ἅέἒζὲἓῖἒῗῗ[ςὲῗὲἳιῗέἳιζῖῗῖῗῗηὲῗῗῃὲἒέἒ

1290 1805 1429 1874 ἑξῆίῗιξῐῑξζ
1444 1806 1575 1875 proisi-equi·
1590 1807 1680 1875 ilialeat
1691 1806 1725 1838 ὅ(
1738 1805 1830 1845 finire)
1847 1804 2047 1838 Procuratores
2061 1806 2176 1839 nostros
2190 1807 2310 1840 facimus
2323 1809 2362 1841 ὅσ

1304 1921 1308 1926 ¹
1329 1854 1702 1929 Dantssngcsssgicilgeilse'iitoe
1718 1883 1830 1929 Eisdem
1843 1907 1853 1923 ‚
1871 1884 1906 1916 δὲ
1918 1892 2019 1916 eorum
2032 1884 2163 1924 cuilibet,
2183 1884 2359 1917 Potestatem

1290 1920 1425 1960 liberam,
1441 1931 1474 1953 ac
1487 1923 1673 1954 irrevocabile
1686 1932 1719 1953 ac
1731 1923 1848 1960 speciale
1861 1923 2045 1962 mandatum,
2063 1934 2117 1962 pro
2133 1924 2231 1962 nobis,
2251 1924 2286 1955 &
2301 1934 2358 1955 no-

1291 1959 1392 1991 strfimr
1407 1961 1537 2000 quolibet
1551 1983 1562 2000 ,
1586 1961 1621 1992 ad
1637 1961 1848 2000 requisitionem
1863 1961 1932 1993 dicti
1946 1962 2083 1993 Nicholai
2095 1986 2105 2000 ,
2123 1961 2283 1993 Haeredum
2319 1964 2355 1995 &

1288 1997 1487 2031 Executorum
1505 2000 1620 2031 suorum
1634 2024 1645 2040 ,
1667 2010 1768 2031 coram
1783 1999 1903 2038 praefato
1917 1999 2058 2031 Auditore
2072 2000 2223 2038 Camerae,
2241 2002 2276 2032 &
2292 1987 2356 2032 Lo-

1287 2044 1356 2068 cum
1379 2038 1461 2083 suum
1485 2046 1599 2070 tenente
1617 2064 1626 2079 ,
1653 2039 1679 2070 se
1698 2038 1927 2079 repraesentandi,
1946 2040 1979 2070 &
1996 2038 2104 2069 Omnia
2120 2039 2154 2070 ὃς
2167 2038 2282 2079 Singula
2298 2063 2308 2078 ,
2324 2040 2356 2069 iu

1285 2078 1414 2115 praesenti
1427 2076 1588 2121 Contradtu
1603 2087 1756 2116 contenta,
1773 2076 1998 2116 recognoscendi
2011 2077 2045 2108 &
2059 2076 2216 2108 confitendi
2229 2100 2239 2115 ,

1326 2115 1531 2148 Consentiendi
1547 2118 1632 2148 etiam
1647 2118 1681 2149 ὃς
1694 2115 1810 2161 petendi
1825 2116 1924 2155 quod,
1944 2115 1963 2146 si
1976 2117 2005 2146 in
2020 2116 2100 2147 dicto
2114 2115 2356 2147 FestoOmnium

1287 2154 1460 2186 &mitorum
1476 2180 1486 2194 ,
1532 2155 1631 2187 raesato
1655 2155 1806 2186 Nicholao
1822 2179 1832 2194 ,
1858 2154 2030 2185 Haeredibus
2044 2178 2053 2194 ‚
2080 2154 2126 2185 vel
2144 2153 2356 2186 Executoribus

1284 2194 1397 2233 suis,de
1408 2193 1490 2225 dietis
1535 2203 1634 2225 entum
1648 2195 1682 2225 δε
1699 2193 1891 2234 Qadraginta
1908 2193 2036 2224 Millibus
2053 2193 2244 2224 Florenorum
2261 2194 2352 2232 (quod

1282 2233 1362 2271 absit)
1379 2233 1464 2272 plene
1477 2243 1537 2264 non
1553 2233 1635 2264 fuerit
1648 2233 1836 2271 satisfactum,
1854 2232 1931 2262 idem
1946 2231 2069 2263 Auditor
2083 2230 2232 2272 Camerae,
2250 2232 2351 2270 &ejus

1281 2271 1399 2303 Locum
1414 2280 1528 2311 tenens,
1547 2271 1634 2311 Nos,
1654 2273 1686 2303 ὃ(
1701 2270 1833 2302 nosti-siin
1885 2271 2037 2308 uemlibet,
2056 2270 2212 2309 l-laeredes,
2228 2272 2261 2302 &
2277 2270 2351 2302 Exe«

1280 2320 1394 2341 cutores
1408 2311 1521 2342 nostros
1557 2312 1616 2341 tam
1632 2310 1666 2341 ad
1680 2310 1862 2342 Solutionem
1898 2310 1945 2340 itti
1958 2309 2059 2340 Debiti
2073 2308 2348 2348 Principalis,qu?irn

1281 2349 1502 2394 Dampnorurn,
1521 2334 1730 2394 Experisarum,
1750 2349 1784 2380 δε
1802 2348 1936 2379 Intereffe
1951 2347 2172 2386 praedictorum,
2190 2348 2348 2417 solodJura-

1281 2397 1381 2419 mento
1397 2387 1466 2418 dicti
1482 2387 1639 2425 Nicliolai,
1656 2388 1815 2418 Haeredum
1830 2388 1864 2418 ὅ(
1886 2386 2082 2418 Executorum
2101 2386 2216 2417 suorum
2274 2387 2349 2418 ecla-

1280 2427 1456 2470 randorum,
1475 2427 1670 2465 condempnet
1690 2428 1723 2458 &
1745 2426 1898 2463 compellat
1922 2436 1971 2464 per
1993 2425 2185 2468 quascumque
2207 2410 2348 2456 densmas

1279 2465 1501 2508 Ecclesiasticas,
1519 2468 1552 2497 δε
1569 2465 1718 2496 Proceffus
1730 2465 1798 2496 alios
1812 2465 1975 2505 legitimos,
1992 2465 2022 2494 in
2037 2463 2197 2503 hujusmodi
2214 2463 2344 2495 Submis-

1278 2505 1401 2535 sionibus
1417 2504 1476 2535 fieti
1492 2505 1653 2536 consuetos.

1315 2543 1354 2574 Et
1368 2553 1467 2581 praeter
1482 2544 1557 2582 hoc,

1314 2582 1398 2620 Nos,
1415 2582 1560 2613 Henricus
1580 2582 1716 2619 Derbiae,
1734 2580 1908 2611 Willielmus
1930 2578 2194 2616 Norhamptoniae,
2214 2577 2341 2609 Williela

1276 2630 1340 2652 mus
1355 2621 1473 2659 Sarum,
1490 2621 1523 2651 δε
1536 2620 1683 2651 Robertus
1695 2619 1856 2656 Suffolciae,
1874 2618 2022 2654 Comites,

1312 2659 1455 2689 Henricus
1469 2659 1505 2689 de
1521 2659 1653 2696 Ferariis,
1669 2658 1854 2696 &johannes
1867 2655 1981 2693 Darcy,
1995 2654 2161 2695 supradiffi,

1314 2697 1527 2735 Promittimus,
1544 2707 1577 2727 ac
1597 2707 1667 2734 nos,
1685 2696 1719 2726 δε
1739 2694 1872 2725 nostrum
1919 2693 2071 2731 uemlibet,
2087 2693 2205 2724 firmiter
2220 2693 2340 2733 Obliga-

1276 2745 1356 2774 muS,
1375 2735 1472 2774 quod,
1492 2735 1511 2765 si
1529 2734 1605 2766 dicta
1623 2733 1750 2765 Centum
1772 2735 1804 2764 ἃ
1828 2734 1894 2773 Qta
1917 2733 2020 2772 raginta
2042 2732 2134 2762 Millia
2148 2732 2339 2763 Florenorum

1274 2775 1391 2813 praefato
1412 2773 1580 2812 Nicholao,
1598 2775 1626 2803 in
1645 2773 1724 2803 dicio
1746 2772 1830 2802 Festo
1851 2772 1996 2801 Omnium
2012 2770 2200 2809 Sanctorum,
2220 2778 2249 2801 ut
2265 2781 2339 2809 prae-

1273 2813 1385 2844 dit‘ium
1397 2812 1457 2851 est,
1472 2823 1532 2843 non
1546 2813 1648 2842 fuerint
1665 2811 1755 2850 (quod
1768 2810 1847 2842 absit]
1872 2810 1992 2848 plenarie
2014 2809 2169 2848 persoluta,
2186 2809 2271 2847 Nos,
2290 2818 2340 2841 aut

1273 2850 1405 2882 nostrum
1425 2851 1538 2889 aliquis,
1558 2852 1613 2881 sine
1634 2850 1751 2889 optenta
1763 2859 1778 2879 a
1793 2849 1909 2886 praefato
1924 2848 2075 2879 Nicholao
2088 2847 2201 2879 licentia
2215 2847 2338 2887 speciali,

1272 2890 1356 2920 Mare
1371 2900 1429 2920 non
1441 2890 1635 2927 transibimus,
1653 2899 1706 2919 nec
1720 2890 1749 2919 in
1764 2888 1808 2918 An
1830 2887 1894 2918 liam
1907 2895 2101 2925 revertemur,
2118 2886 2169 2917 nifi
2181 2887 2257 2925 prius
2284 2897 2339 2917 rae-

1270 2930 1328 2960 fato
1349 2929 1516 2966 Nicholao,
1536 2928 1722 2966 l-iaeredibus,
1740 2927 1784 2958 vel
1834 2926 2016 2957 xecutoribus
2036 2925 2106 2964 suis,
2124 2925 2183 2956 tam
2204 2923 2240 2955 de
2274 2925 2338 2956 ictis

1269 2967 1398 2999 Centum
1411 2968 1444 2998 &
1496 2967 1652 3006 uadraginta
1666 2966 1795 2998 Millibus
1810 2965 2020 3002 Florenorum,
2059 2965 2125 2995 uam
2139 2963 2175 2994 de
2181 2961 2338 3003 Dampnis,

1268 3005 1418 3045 Expenfis,
1436 3007 1469 3038 δε
1500 3005 1636 3045 nterelse,
1655 3004 1816 3044 supradictis
1850 3003 1934 3042 plene
1947 3003 2029 3034 fuerit
2039 2975 2221 3034 satisfactum.

1306 3045 1338 3076 In
1352 3055 1476 3083 quorum
1491 3044 1708 3075 Testimonium
1722 3044 1780 3074 tam
1794 3028 1880 3081 N'os‚
1895 3042 1962 3072 Rex
1976 3040 2228 3084 praesatusxquam
2243 3039 2332 3079 Nos,

1267 3084 1519 3122 Archiepiscopus,
1539 3082 1688 3121 Episcopi,
1705 3091 1737 3113 nc
1756 3081 1857 3119 singuli
1873 3079 2005 3111 Comites
2027 3079 2198 3118 praescripti,
2213 3088 2332 3110 necnon

1266 3122 1409 3154 Henricus
1431 3122 1465 3152 de
1486 3121 1603 3153 Ferariis
1622 3146 1631 3160 ,
1659 3121 1838 3160 *johannes
1860 3118 1960 3157 Darcy
1972 3141 1983 3156 ,
2007 3117 2182 3148 Willielmus
2208 3115 2244 3147 de
2264 3117 2332 3148 Kil-
2350 3126 2482 3158 irim„n

1265 3161 1352 3201 desby
1361 3186 1371 3200 ,
1389 3161 1422 3192 &
1437 3160 1556 3199 Paulus,
1574 3161 1739 3199 praenotati,
1758 3158 1853 3198 Sigilla
1867 3156 1963 3187 nostra
1976 3156 2098 3187 fecimus
2112 3156 2164 3187 hiis
2177 3157 2293 3195 apponi.

1302 3237 1371 3269 Dat.
1391 3237 1554 3275 Andewerp
1569 3259 1579 3275 ,
1595 3235 1710 3266 decimo
1727 3234 1774 3265 die
1795 3232 1868 3264 Maii
1881 3258 1892 3272 ,
1916 3232 2007 3264 Anno
2025 3231 2151 3264 Domini
2172 3232 2330 3265 Millesimo

1264 3276 1492 3308 Trescentesinio
1505 3274 1669 3307 Tricefimo
1680 3273 1785 3304 Nono.

1383 3417 1477 3461 Super
1496 3417 1628 3461 captione
1643 3415 1750 3447 Navis
1765 3410 1802 3446 de
1816 3414 1960 3446 Dominio
1977 3412 2074 3445 Ducis
2091 3411 2207 3445 Gelriae.

1266 3498 1402 3558 REX,
1421 3499 1540 3530 Dileclo
1556 3500 1589 3532 &
1604 3499 1696 3530 Fideli
1710 3499 1778 3538 suo,
1794 3498 1924 3529 Thomae
1937 3494 2074 3537 Ughtred
2110 3494 2234 3528 Custodi
2241 3493 2326 3526 Villae
2346 3494 2424 3527 Ann.
2432 3497 2475 3529 D.

1342 3538 1438 3569 saneti
1449 3538 1587 3575 johannis
1600 3539 1636 3570 de
1652 3537 1739 3570 Perth
1754 3539 1783 3569 in
1796 3536 1916 3575 Sectis,
1934 3536 1968 3567 &
1985 3520 2131 3577 Magistro
2146 3533 2248 3565 Galeae
2269 3543 2325 3564 no-
2370 3543 2456 3575 1339.

1262 3575 1327 3608 strae
1339 3577 1376 3608 de
1387 3576 1476 3615 Hull,
1493 3576 1628 3608 Salutem.
2338 3576 2392 3602 An.
2411 3585 2454 3612 ¹3·

1301 3616 1379 3660 Qia
1401 3615 1519 3653 intelligi
1539 3616 1623 3646 nobis
1642 3614 1722 3646 datur
1762 3613 1822 3644 uod
1842 3623 1896 3645 vos
1915 3612 2042 3651 (praefate
2062 3609 2210 3650 Magister)
2225 3611 2261 3642 &
2273 3609 2320 3640 alii
2340 3615 2371 3639 Ε.
2391 3622 2416 3650 3.

1260 3653 1421 3722 Hpmm‘sssi
1438 3653 1683 3697 ineademGalea
1697 3624 1861 3696 existentes,
1877 3651 2019 3690 quandam
2035 3650 2176 3696 Navem,
2193 3649 2230 3680 de
2250 3647 2319 3678 Do-
2335 3650 2474 3688 Claus.13.

1259 3702 1393 3761 2313]sssp
1394 3691 1578 3774 ragglgoslgjr
1579 3702 1590 3769 Ξ
1606 3729 1720 3761 diversis
1726 3690 1858 3773 3013ch
1872 3689 2077 3759 fflgrssbnditiss
2087 3687 2318 3769 ἒξεὲτῗῐξίνὲἷ
2333 3692 2435 3764 faiis.
2445 3700 2472 3720 ἱ.

1258 3769 1300 3800 sus
1316 3777 1404 3807 partes
1416 3769 1473 3799 illas
1486 3769 1677 3800 declinantem
1686 3792 1695 3806 ,
1713 3768 1842 3806 cepistis,
1860 3776 1925 3805 quae
1939 3775 1988 3804 per
1999 3774 2070 3803 vos,
2087 3764 2144 3795 una
2156 3772 2225 3794 cum
2233 3762 2319 3794 Bonis

1258 3807 1416 3846 praedictis,
1434 3806 1530 3838 adhuc
1539 3807 1589 3838 sub
1605 3806 1709 3838 Aresto
1726 3807 1814 3837 taliter
1825 3805 1982 3842 detinetur,

1296 3844 1514 3876 Considerantes
1535 3845 1616 3883 quod
1636 3855 1688 3875 nos
1701 3844 1807 3875 dietam
1823 3843 1942 3873 Navem
1956 3843 1990 3873 ὃ(
2004 3840 2100 3878 Bona,
2117 3838 2137 3869 fi
2150 3837 2261 3871 detenta
2275 3839 2315 3871 fic

1257 3883 1388 3922 fuissent,
1406 3884 1451 3914 vel
1466 3893 1566 3914 eorum
1581 3882 1727 3922 Pretium,
1745 3882 1889 3913 restituere
1898 3880 2022 3920 plenarie
2035 3877 2262 3917 compellemur,
2278 3879 2314 3911 &

1256 3931 1356 3959 praeter
1372 3923 1431 3952 hoc
1445 3921 1580 3960 Dampna
1591 3922 1684 3953 forsan
1698 3922 1828 3959 graviora
1842 3921 2032 3954 incurremus,
2137 3914 2146 3931 “

1295 3960 1485 3999 Volentesque
1499 3959 1643 3999 Dampnis
1657 3958 1817 3998 hujusmodi
1830 3965 2007 3996 praecavere,
2112 3993 2117 3998 ᾗ

1294 3997 1387 4029 Vobis
1402 3999 1586 4038 mandamus,
1601 3998 1719 4029 firmiter
1732 3998 1927 4035 injungentes,
1944 3991 2024 4030 quod
2037 3991 2180 4032 Magistro
2194 3993 2229 4024 &
2245 3991 2314 4024 Ma·

1254 4036 1360 4068 rinariis
1382 4037 1466 4068 dictae
1486 4036 1596 4074 Navis,
1611 4046 1645 4068 ac
1661 4033 1871 4072 Mercatoribus
1883 4033 1917 4065 &
1928 4031 2004 4070 aliis,
2021 4031 2052 4066 in
2065 4031 2162 4063 eadem
2175 4031 2312 4100 ίῡέιςέἑίῗῆ
