2562 4279
737 181 839 221 ET
932 181 1199 222 ACTA

173 273 216 294 r&
237 264 270 295 &
292 264 430 296 Nuncios
453 265 562 297 nostros
577 265 678 303 Patra,
698 274 728 296 ut
743 267 940 304 praemittitur,
959 267 994 298 &
1011 265 1171 304 Concessa,
1189 276 1237 296 ac—

29 284 158 345 Anti-D-
172 311 333 346 ceptamus,
352 304 536 342 ratificamus,
556 305 589 336 &
612 314 746 343 quatenus
770 305 805 335 ad
824 315 876 335 nos
898 307 1012 344 attinet,
1025 305 1144 336 Tenore
1164 314 1238 342 prae-

56 333 138 365 ¹339·
170 342 308 380 sentium,
326 342 538 374 confirmamus.

29 366 95 393 Edv.
114 372 138 399 3·
210 379 245 410 In
262 382 339 419 cujus
354 382 416 412 ὅτε.

212 455 279 487 Dat.
295 457 369 496 apud
384 456 565 497 Andeweip,
581 456 718 489 vicesimo
734 456 813 495 septo
830 456 876 488 die
893 452 1006 495 Aprilis,

865 535 919 562 Per
930 533 1012 573 ipficm
1027 536 1131 572 Regem.

260 661 310 693 De
327 660 469 705 Potestate
484 661 528 695 ad
538 659 733 694 trastandom
750 670 818 692 cum
838 658 970 708 Philippo
988 661 1023 694 de
1040 662 1158 705 anesto.

33 749 109 782 Arin.
120 747 161 779 D.
180 745 382 806 UNiversis
398 772 407 786 ,
432 747 577 786 praesentes
598 745 717 776 Litteras
737 744 899 784 inspecturis
913 771 923 785 ,
943 746 1009 777 Rex
1022 771 1033 784 ,
1057 747 1118 778 &c.
1157 745 1238 777 Salu-

54 798 68 818 1
134 810 139 816 .
274 793 342 815 tem.

32 795 144 862 Arpi}
212 824 363 855 Noveritis
377 823 476 863 quod,

32 870 65 894 Ε.
84 874 108 901 3.
215 863 262 893 Ad
282 862 456 899 instantiam,
476 860 712 891 Reverendorum
734 859 868 899 Parrum,
894 860 927 891 P.
945 861 1017 893 tituli
1036 861 1152 892 Sanetae
1172 860 1241 891 Pra-

32 907 166 931 Pat.Con-
178 901 254 933 xedis
269 900 433 938 presbiteri,
452 898 490 934 ό
515 901 551 929 Β.
567 900 674 929 δαηέῖιε
693 899 795 930 Mariae
808 901 835 929 in
853 900 963 938 Aquiro
978 900 1120 938 Diaconi,
1139 899 1242 930 Cardi-

33 941 166 977 ceffl-lom.
180 941 302 978 naliiim,
320 939 355 970 ad
377 937 587 976 procurandum
609 937 713 968 Pacem
736 939 807 968 inter
832 937 998 968 Dominum
1021 938 1186 976 Philippum
1207 938 1243 967 de

32 977 166 1015 Anglii&
180 978 292 1009 Valesio
309 978 373 1015 (pro
389 976 471 1015 Rege
486 976 611 1006 Franciae
626 977 652 1006 se
663 979 821 1015 gerentem)
838 978 870 1007 &
886 977 968 1015 Nos,
987 988 1036 1015 per
1051 978 1142 1006 Sedem
1164 980 1243 1014 Apo-

31 1020 149 1053 Vasconiae.
170 1017 296 1058 stolicam
310 1015 461 1053 specialiter
475 1014 712 1053 transmissorum,

39 1060 120 1091 13.F..
140 1065 165 1091 3·
218 1053 387 1085 Consentire
408 1054 533 1084 volentes
557 1053 637 1084 Pacis
655 1053 821 1092 Tractatui,
840 1063 926 1091 quam
943 1054 1046 1085 habere
1060 1064 1130 1084 cum
1145 1054 1243 1084 omni-

33 1104 70 1123 m.
90 1103 131 1129 17.
180 1094 233 1124 bus
245 1092 429 1130 affectamus,

216 1132 262 1162 Ac
275 1130 311 1161 de
328 1130 458 1162 fidelitate
482 1131 515 1161 δε
537 1130 808 1168 circumspefflone,
824 1131 945 1169 providd
964 1130 1168 1161 venerabilium
1189 1128 1243 1159 Pa-

178 1180 273 1208 rrum,
291 1169 426 1208 Johannis
440 1169 645 1200 Cantuariensis
661 1169 890 1208 Archiepiscopi,
908 1170 993 1200 totius
1008 1170 1118 1209 Angliae
1133 1169 1244 1199 Prima-

177 1211 228 1247 tis,
247 1207 383 1239 Richardi
404 1208 624 1244 Dunolmensis,
643 1208 677 1238 ὃς
700 1208 821 1237 Henrici
842 1207 1065 1246 Lincolniensis,
1084 1206 1241 1245 Episcopo-

175 1258 242 1279 rum
253 1271 261 1283 ,
280 1257 330 1285 ac,
350 1246 534 1277 Dilee‘torum
548 1248 582 1277 ὃς
597 1246 738 1276 Fidelium
762 1245 945 1284 nostrorum,
962 1246 1081 1277 Henrici
1105 1246 1242 1283 Derbiae,

177 1287 328 1317 Willielmi
347 1285 463 1322 Sarum,
482 1287 515 1316 ὃς
536 1285 661 1315 Roberti
682 1283 829 1314 Suffolciae
842 1306 853 1322 ,
870 1284 1026 1315 Comitum
1042 1310 1051 1323 ,
1070 1284 1192 1314 Gilfridi
1214 1284 1240 1313 le

177 1325 268 1363 Scrop
286 1323 404 1361 Militis,
423 1325 456 1353 ὃς
473 1323 699 1361 Magistrorum,
716 1322 854 1353 Richardi
869 1323 905 1353 de
930 1323 1131 1363 Kilvyngton,
1151 1323 1244 1353 Sacrae

178 1363 370 1402 Theologiae,
388 1364 421 1393 &
438 1362 574 1393 Richardi
592 1361 627 1392 de
648 1361 784 1400 vagham,
799 1361 874 1400 Juris
897 1361 1015 1400 Civilis,
1034 1360 1245 1400 Profefforum‚

180 1403 291 1441 plenius
306 1401 499 1437 confidentes,
580 1407 585 1423 ¹

219 1440 303 1479 ipsis,
323 1439 422 1478 Octo,
441 1439 575 1477 Septem,
594 1438 667 1476 Sex,
686 1438 843 1477 Qinque,
860 1438 986 1477 Tribus,
1006 1439 1039 1469 ὃ(
1054 1438 1178 1469 Duobus
1192 1449 1243 1469 eo·

182 1490 248 1510 rum
262 1503 272 1517 ,
296 1479 330 1508 ad
354 1477 575 1514 Tractandum,
603 1476 852 1508 concordandum
867 1501 877 1514 ,
905 1477 1155 1514 Componendurn
1171 1500 1181 1515 ,
1210 1478 1244 1507 &

182 1516 410 1557 Transigendum
420 1539 430 1554 ,
448 1526 501 1553 pro
517 1516 615 1554 nobis,
633 1516 666 1546 ὅτ
682 1515 781 1546 nostro
796 1517 932 1553 nomine,
948 1526 1017 1547 curn
1060 1516 1157 1546 raefato
1178 1515 1245 1545 Phi-

182 1557 280 1594 lippo,
299 1556 343 1586 seu
365 1554 543 1593 Deputandis
565 1554 601 1583 ab
623 1564 677 1592 eo,
694 1553 774 1592 super
793 1554 1016 1592 quibuscumque
1072 1554 1245 1593 ignitatibus,

182 1595 294 1632 Regnis
309 1619 318 1632 ,
338 1593 509 1623 Honoribus
523 1616 533 1631 ,
551 1592 769 1622 Haereditatibus
783 1616 792 1630 ,
810 1592 908 1622 Terris
921 1615 932 1631 ,
950 1593 983 1623 &
1007 1591 1245 1629 PoffeffionibuS,

179 1635 213 1665 &
230 1633 361 1702 Jugibus,
379 1631 414 1662 ad
432 1642 484 1662 nos
505 1641 689 1671 quocumque
708 1630 792 1669 Jure,
809 1631 930 1670 Titulo,
948 1631 995 1663 vel
1017 1630 1143 1670 Colore,
1161 1632 1247 1669 perti-

182 1682 261 1703 nenti
284 1682 314 1702 us

220 1695 353 1742 Necndn
364 1710 444 1748 super
458 1708 593 1740 omnibus
607 1707 640 1738 &
655 1707 765 1748 singulis
779 1707 994 1746 Qiaestionibus
1003 1732 1011 1745 ,
1020 1706 1229 1738 Controverfiis
1237 1729 1248 1746 ,

182 1748 307 1788 Arestis,
325 1746 503 1786 Demandis,
519 1749 552 1779 δί
567 1746 698 1784 Debitis,
716 1746 907 1783 Aetionibus,
929 1745 1057 1783 Litibus,
1075 1747 1109 1776 ὃς
1126 1745 1247 1775 Proces-

183 1789 275 1826 sibus,
292 1788 371 1825 super
383 1787 435 1818 hiis
448 1787 520 1816 inter
532 1785 621 1823 ipsum
635 1785 669 1816 ὃς
686 1794 737 1814 nos
756 1784 996 1822 dependentibus,
1015 1785 1060 1816 vel
1084 1794 1150 1823 quae
1173 1795 1247 1822 prae-

183 1827 337 1858 mifforum
350 1825 501 1856 occasione
514 1824 624 1854 moveri
636 1830 788 1860 poterunt,

223 1865 312 1903 Super
332 1864 467 1895 omnibus
489 1862 634 1900 Dampriis
654 1862 688 1893 ὃς
710 1860 819 1900 Injuriis
833 1884 843 1900 ,
874 1862 977 1892 mutuo
999 1862 1028 1891 in
1051 1860 1145 1892 Terra
1163 1861 1197 1892 &
1218 1861 1248 1890 in

185 1902 264 1935 Mari
279 1903 358 1933 faffls
373 1904 407 1933 δε
422 1901 518 1939 illatis,

183 1979 203 2011 d
221 1941 355 1972 Necnon
372 1940 508 1980 Expensis
530 1940 564 1972 ὃ(
578 1937 728 1978 Intereffe,
746 1948 811 1977 quae
831 1939 903 1977 exigi
916 1946 1049 1976 poterunt
1070 1938 1138 1969 hinc
1155 1939 1188 1969 ὃς
1206 1939 1250 1968 in-

204 1990 221 2012 e

221 2004 265 2049 iit
277 2019 318 2049 ad
327 2019 435 2050 Pacem
446 2017 561 2057 plenam
575 2017 609 2048 &
629 2015 737 2046 Foedus
759 2023 943 2054 perpetuum,
961 2016 1033 2045 inter
1051 2015 1162 2046 diffitum
1184 2014 1252 2046 Do-

183 2059 298 2088 minum
320 2057 502 2096 Philippum,
520 2066 574 2094 pro
594 2055 639 2094 se,
657 2056 691 2086 &
714 2053 885 2085 Haeredibus
906 2053 975 2092 suis,
993 2055 1026 2085 δε
1041 2065 1109 2092 nos,
1128 2064 1181 2092 pro
1196 2064 1251 2084 no-

183 2096 243 2134 bis,
261 2097 295 2127 &
317 2096 420 2126 nostris
441 2093 629 2132 Haeredibiis,
648 2093 823 2132 ineundum,
840 2103 873 2124 ac
896 2091 1042 2132 Treugas,
1060 2093 1105 2124 seu
1128 2091 1251 2124 Guerrae

183 2134 402 2172 sufferentiam,
419 2132 658 2170 concedendurn,
1099 2167 1105 2169 „

222 2172 260 2203 Et
276 2183 325 2210 ea,
347 2183 412 2211 quae
427 2173 464 2203 sic
478 2171 629 2209 Tractata,
648 2169 849 2209 Concordata,
868 2169 1038 2207 Compofita
1053 2194 1063 2208 ,
1081 2168 1253 2209 Transaeta,

38 2213 59 2248 ξ
73 2211 219 2243 V.118-&
234 2211 305 2243 Inita
319 2211 423 2242 fuerint
439 2211 459 2231 *
478 2221 512 2241 ac
529 2209 691 2248 Concessa,
711 2218 846 2248 quatenus
858 2209 893 2239 ad
909 2218 961 2239 nos
981 2209 1096 2247 attinet,
1116 2218 1253 2248 quacum-

186 2260 244 2290 que
257 2249 388 2280 firmitate
404 2248 584 2286 vallandum,

224 2288 271 2319 Ac
292 2289 343 2318 alia
363 2289 473 2319 omnia¹
486 2288 520 2319 &
542 2285 650 2324 singula
671 2285 833 2317 faciendum
849 2287 882 2318 ὃ(
899 2285 1126 2324 excercendum,
1142 2296 1207 2325 quae
1223 2288 1254 2316 in

186 2326 389 2397 praerniffis,&
403 2327 478 2357 circa
490 2334 687 2366 ea,oportuna
701 2324 821 2364 fuerint,
830 2326 916 2356 etiarn
930 2326 950 2357 fi
967 2325 1131 2356 mandatum
1143 2326 1253 2366 exigant

219 2376 278 2396 ecia
288 2376 305 2395 e

198 2377 343 2434 PPlenain
358 2404 571 2435 committimus
584 2403 618 2434 &
632 2402 818 2433 concedimus
832 2400 1027 2441 Potestatem3

224 2442 448 2481 Promittentes,
466 2452 520 2480 pro
543 2442 644 2480 nobis,
660 2442 694 2472 ὃς
716 2440 886 2471 Haeredibus
909 2440 1012 2471 nostris
1055 2440 1124 2471 Nos
1145 2440 1255 2472 Rarum

188 2482 222 2513 &
236 2480 360 2512 Gratum
377 2481 522 2511 habituros
536 2479 673 2518 quicquid
687 2490 738 2518 per
752 2479 843 2518 Ipsos,
863 2478 992 2517 OmneS,
1010 2463 1108 2517 ὀᾶο,
1125 2480 1255 2519 Septem,

189 2520 261 2558 Sex,
281 2520 438 2559 Qinque,
455 2518 547 2556 Tres,
565 2519 599 2549 ὃς
615 2518 700 2548 Duos
716 2528 835 2557 eorum,
851 2517 960 2548 Aditum
976 2518 1023 2549 vel
1037 2517 1163 2549 Gestum
1172 2519 1256 2550 fuerit

191 2559 221 2590 in
255 2556 397 2594 raemissis,
415 2559 449 2588 δε
465 2557 593 2596 quolibet
606 2557 826 2595 praemissorum.

245 2607 264 2627 n
277 2598 354 2635 cujus
368 2597 428 2628 &c.

228 2672 300 2705 Dat.
314 2672 390 2713 apud
404 2672 578 2712 Andewerp.
592 2673 686 2711 ptimo
699 2672 744 2704 die
754 2672 830 2712 Julii.

303 2803 353 2834 De
374 2802 451 2832 Cera
472 2798 644 2833 renovanda
660 2804 744 2834 circa
768 2803 878 2848 Corpus
894 2803 934 2834 E.
957 2805 1025 2834 Avi
1041 2804 1139 2848 Regis.

49 2894 178 2927 AmLD,
192 2885 307 2945 REX
326 2885 514 2917 Thesaurario
539 2884 573 2915 &
587 2884 755 2915 Camerariis
770 2885 822 2916 suis
832 2909 841 2923 ,
859 2885 993 2916 Salutem.

74 2942 160 2975 1339,
286 2925 459 2956 Mandamus
479 2908 562 2954 vobis
584 2924 662 2962 quod
686 2923 793 2954 Ceram
814 2925 891 2954 circa
911 2923 1043 2963 Corpus,
1060 2925 1178 2956 celebris
1199 2936 1261 2957 me·-

46 2976 101 3002 An,
122 2983 165 3010 13-
194 2965 314 3003 moriae,
333 2963 458 2994 Domini
472 2962 507 2992 E.
523 2962 670 3000 quondam
684 2962 773 3001 Regis
789 2962 921 3001 Angliae,
940 2963 998 2995 Avi
1013 2964 1119 3003 nostri,
1137 2966 1165 2994 in
1187 2964 1261 2996 Mo-

72 3035 79 3041 ,
117 3032 124 3039 ,
193 3003 314 3033 nasterio
329 2999 579 3032 Westmonasterii
600 2999 782 3039 Humatum,
799 3000 980 3039 existentem,
999 3001 1036 3032 de
1057 3001 1205 3040 Denariis,
1223 3004 1260 3035 de

48 3050 162 3079 Liberat.
195 3040 345 3085 Thesauro
361 3039 461 3071 nostro
473 3062 483 3078 ,
509 3040 640 3070 renovari
660 3039 765 3071 faciatis
777 3064 787 3078 ,
802 3048 888 3077 prout
906 3039 1042 3070 haetenus
1062 3040 1122 3070 fieri
1141 3042 1260 3073 consue-

52 3097 63 3116 ι
71 3097 96 3125 3.
108 3093 140 3116 Ε.
158 3096 185 3125 3.
197 3088 248 3112 Vit-

48 3136 87 3156 m'
106 3136 135 3163 5⁸
233 3156 326 3188 Teste
340 3155 471 3187 Custode
485 3154 625 3195 praedid'to
639 3154 712 3195 apud
725 3153 964 3194 Berkhampsted,
981 3154 1058 3186 seXto
1071 3155 1116 3186 die
1127 3154 1204 3194 Julii.

635 3233 690 3261 Per
703 3231 784 3271 ipsum
800 3231 936 3273 Custodem
949 3230 987 3267 &
1003 3232 1156 3263 Concilium.

296 3375 416 3407 Littera
443 3370 634 3419 Obli‘gatoria
650 3371 813 3419 Oppidanis
832 3376 870 3408 V
866 3373 921 3407 illae
941 3373 1166 3421 Machlinensts.

56 3477 132 3508 ΑΜ,
142 3476 184 3508 1),
263 3465 322 3498 EX
341 3468 407 3512 &q
417 3467 581 3512 Johannes,
599 3466 783 3513 permissione
798 3469 912 3508 divina,
932 3470 1168 3510 Archiepiscopus
1186 3471 1265 3502 Can·

76 3525 163 3556 1339·
281 3508 422 3537 tuariensis
432 3529 441 3542 ,
460 3505 604 3536 Henricus
620 3507 843 3545 Lmeolnienfis,
859 3505 1020 3539 Richardus
1041 3510 1265 3548 Dunolmensis,

53 3558 107 3584 An·
127 3564 169 3592 ¹3·
202 3544 338 3581 praedic'tfi
352 3543 440 3588 gratia
474 3544 625 3582 Episcopi:
646 3545 790 3576 Henrieus
805 3545 940 3585 Derbiae,
958 3546 1132 3579 Willielmus
1146 3549 1267 3580 Noran—

56 3597 86 3620 E.
109 3603 134 3630 3,
201 3582 326 3622 thoniae,
341 3567 514 3613 Williel’mus
526 3582 645 3622 Sarum,
662 3583 810 3615 Robertus
822 3583 1142 3624 Suffolciae,Comites:
1157 3587 1268 3626 Johan-

55 3633 189 3660 fat-inm.
201 3629 250 3651 nes
271 3621 307 3666 de
327 3621 440 3664 Archy,
459 3620 630 3666 Senescallus
648 3621 773 3652 Domini
796 3620 884 3661 Regis
903 3623 1016 3663 Angliae
1029 3647 1040 3663 ,
1064 3625 1208 3656 Henricus
1232 3626 1268 3656 de

57 3673 143 3705 Regem
154 3669 187 3703 (ᾗ.
203 3659 323 3691 Ferrires
337 3685 345 3698 ,
364 3658 487 3698 ejusdcm
507 3658 632 3703 Domini
651 3659 741 3700 Regis
761 3659 940 3692 Camerarius
953 3685 963 3701 ,
980 3663 1014 3693 &
1036 3663 1211 3694 Willielmus
1234 3664 1270 3694 de

57 3708 164 3744 diversos
203 3697 294 3729 Poole
315 3698 464 3729 Mercator
478 3721 488 3737 ,
505 3697 638 3729 universis
649 3720 659 3736 ,
678 3697 824 3737 praesentes
845 3698 965 3732 Litteras
985 3700 1146 3741 inspeituris
1165 3725 1174 3740 ,
1193 3703 1272 3733 Salu-

58 3748 107 3773 Ma
125 3754 191 3773 nates
201 3745 272 3767 tem·

59 3756 181 3812 Gergnan.
238 3775 388 3807 Noverint
407 3774 545 3806 Universi
566 3775 600 3806 &
620 3774 737 3814 singuli,
756 3775 837 3813 quod
859 3786 912 3807 nos
927 3775 1080 3808 Tenemur
1094 3780 1127 3810 ὃς
1146 3778 1265 3818 Obliga-

65 3827 146 3858 13.E.
166 3831 192 3859 3.
206 3821 290 3851 mur,
305 3814 413 3852 nosque
433 3814 468 3845 &
488 3814 642 3852 quemlibet
664 3813 798 3844 nostrum
819 3815 910 3851 princi
931 3815 1008 3846 aliter
1025 3817 1103 3846 &in
1121 3816 1272 3856 Solidum,

59 3869 98 3889 m,
111 3870 140 3897 4,
206 3857 304 3894 tenore
326 3853 522 3891 praesentium,
542 3851 789 3890 Recognoscimus
810 3852 873 3882 fore
930 3853 967 3883 bli
989 3863 1049 3884 atos
1064 3877 1074 3893 ,
1089 3855 1126 3885 de
1146 3866 1217 3886 vero
1239 3856 1273 3886 &

205 3887 333 3927 legitimo
352 3890 463 3921 Debito
474 3890 599 3930 Johanni
614 3890 748 3927 Richier,
766 3889 930 3921 Willielmo
981 3902 1095 3931 erman,
1114 3894 1148 3924 ὅτ.
1161 3892 1275 3924 Walte-

207 3935 242 3970 ro
257 3925 429 3974 Campsbri,
441 3929 582 3967 Opidanis
597 3928 681 3959 Villae
697 3928 898 3973 MahlinensiS,
918 3929 1114 3961 cameracensi
1128 3931 1276 3970 Dioecese,

208 3964 634 4045 Kloffiss¹a¹i÷lffi¹e¹ssffiaeffi²filffi
650 3966 1186 4040 ffiffimssigffigogfflaffiffiffin
1192 3971 1276 4049 g'ra‘tlss

207 4048 422 4086 mutuagerunt,
439 4045 473 4075 &
487 4046 516 4075 in
530 4046 628 4083 paratis
643 4044 775 4077 Denariis
788 4043 979 4084 tradiderunt,
997 4048 1274 4087 numeraverunt,&

208 4078 332 4117 plenarie
345 4079 586 4123 deliberaverunt;

282 4121 356 4149 Tom.
373 4121 415 4149 Π.
434 4121 468 4150 Ρ.
486 4123 536 4152 IV.

1283 180 1764 225 PUBLICA.
2293 198 2349 240 49

1318 265 1441 305 Nosque
1457 291 1466 306 ,
1485 269 1518 299 &
1541 270 1697 306 quemlibet
1717 269 1848 300 nostrsim
1864 293 1874 308 ,
1892 270 1930 302 de
1951 269 2050 302 eadem
2074 269 2204 311 pecuniae
2223 272 2343 304 Summa
2362 269 2436 302 Ann.
2448 268 2488 302 D.

1282 312 1410 335 tenemus
1425 308 1500 336 bene
1513 315 1625 344 pagatos
1640 308 1672 338 &
1686 308 1846 345 persolutos.
2387 318 2471 350 1339.

1322 343 1399 381 Qiae
1415 345 1531 388 quidem
1546 345 1758 385 Qinquaginta
1781 348 1913 384 Quatuor
1934 347 2019 379 Milia
2038 348 2226 381 Florenorum
2250 349 2343 380 Aure-
2363 353 2425 378 Edv.
2448 359 2473 386 3·-

1282 390 1379 425 orum·
1395 382 1690 428 'raedictoruAmQNos
1708 384 1789 427 Rex,
1807 386 1839 416 &
1853 387 1949 416 caeteri
1964 386 2119 418 Debitores
2135 389 2344 427 praenominati,

1283 419 1317 449 &
1333 430 1381 457 qui
1394 421 1450 451 ibet
1465 420 1597 451 nostrum
1611 432 1640 450 iri
1655 422 1800 460 Solidum,
1817 425 2006 461 promittimus
2022 425 2139 457 fideliter
2160 429 2193 459 ὅτ.
2213 427 2290 458 bona
2310 427 2345 456 fi·-

1283 456 1318 501 de
1333 458 1455 502 solyere,
1474 458 1556 497 dare,
1574 460 1607 490 ὃς
1623 460 1776 490 deliberare
1791 461 1872 492 dicitis
1887 461 2099 503 Creditoribus,
2118 473 2164 496 aut
2179 467 2228 496 uni
2241 475 2344 496 eorum

1283 503 1312 525 in
1326 495 1474 540 Solidiim,
1491 497 1536 528 vel
1551 497 1648 528 Latori
1664 499 1856 537 praesentium,
1874 501 1901 529 in
1915 500 1990 532 dicia
2010 501 2082 533 Vilia
2104 503 2293 535 Machlinensi
2314 503 2344 533 in

1284 533 1445 578 Brabantifz,
1465 535 1499 565 ad
1526 535 1639 565 Festum
1660 536 1802 566 Omnium
1817 537 2004 577 Sanctorum,
2023 543 2156 577 proximo
2173 551 2345 581 venturum,

1285 571 1387 640 nogris
1401 582 1485 604 etiam
1500 573 1648 613 Periculis,
1665 574 1849 614 Sumptibus,
1869 577 1901 607 &
1916 576 2056 615 Expensis.

1350 619 1375 648 [Ἰ

1322 649 1351 678 Si
1366 650 1543 689 contingeret
1559 651 1638 688 quod
1652 650 1727 681 dieta
1741 651 1875 682 Pecuniae
1887 652 2022 693 Summa,
2040 654 2123 686 dic'tis
2145 652 2289 687 Termino
2311 653 2346 688 δὲ

1288 687 1389 731 Loco,
1410 689 1757 732 praesatisoCiediroribus,
1775 698 1822 721 aut
1837 691 1886 720 uni
1903 702 2019 730 eorum,
2041 694 2085 724 vel
2110 694 2206 725 Latori
2225 695 2346 733 praesen-

1284 734 1373 764 tium,
1391 736 1451 756 non
1466 727 1553 757 fuerit
1566 727 1715 758 deliberata
1729 729 1762 759 &
1779 728 1932 766 persoluta,
1952 731 1985 761 &
1999 741 2051 761 nos
2066 733 2096 762 in
2110 733 2249 764 solutione
2263 734 2348 764 dieiae

1285 763 1419 795 Pecuniae
1434 764 1562 795 Summae
1576 766 1765 796 defecerimus
1781 768 1808 796 in
1822 775 1886 797 toto
1902 767 1947 797 vel
1962 769 1989 797 in
2005 778 2096 808 parte,

1324 802 1465 833 Volumus
1481 803 1514 834 &
1528 804 1652 841 expresse
1668 804 1857 834 consentimus
1870 805 1950 843 quod
1965 806 2035 837 dicti
2050 804 2230 849 Creditores,
2249 817 2295 842 aut
2308 811 2348 840 al·-

1284 848 1327 871 ter
1341 851 1442 884 eorum
1451 866 1460 880 ,
1476 845 1521 872 seu
1534 842 1622 873 Lator
1637 842 1828 880 praesentium,
1850 844 2008 880 expendere·
2018 846 2121 883 possint
2135 848 2213 888 supra
2228 859 2296 886 nos,
2311 849 2346 880 δὲ

1285 879 1386 909 nostris
1398 880 1581 920 Sumptibus,
1599 880 1728 918 quolibet
1741 881 1806 919 die,
1824 881 1902 910 ditsio
1917 882 2039 913 Deseetu
2056 884 2208 916 Solurionis
2223 887 2338 918 durante

1288 917 1479 957 Qiadraginra
1494 918 1629 949 Florenos
1647 918 1758 949 Aureos
1772 919 1856 949 dictae
1872 918 2022 958 Monetae,
2032 932 2117 960 quos,
2138 926 2191 954 una
2205 935 2274 955 curn
2281 912 2349 956 oni-’-

1286 958 1368 986 nibus
1390 958 1423 987 &
1444 957 1556 994 lingulis
1577 957 1632 987 aliis
1652 956 1804 996 Expenlis,
1823 957 1980 996 Dampnis,
2002 961 2034 990 ὃς
2058 960 2208 1001 interesse,
2226 974 2291 1002 quas
2313 965 2346 994 &

1286 1004 1350 1032 quae
1365 994 1433 1024 dieti
1449 995 1629 1033 Creditores,
1647 1004 1694 1026 aut
1706 996 1773 1026 alter
1788 1004 1906 1033 eorum,
1924 997 1970 1027 seu
1985 997 2074 1028 Lator
2088 1001 2283 1040 praesentium,
2301 1012 2350 1039 per

1284 1033 1321 1063 Se
1356 1033 1469 1071 Alium,
1488 1034 1532 1064 vel
1547 1034 1624 1064 Alios
1635 1042 1772 1072 ,quoquo
1787 1034 1877 1064 modo
1891 1035 2008 1065 fecerint
2044 1037 2077 1067 &
2091 1037 2266 1069 sustinuerint
2291 1038 2344 1078 p'ro

1284 1057 1362 1101 (1ίῖὶᾶ
1376 1071 1507 1115 Pecuniae
1519 1072 1640 1102 Summa
1653 1073 1840 1110 recuperanda
1850 1096 1858 1109 ,
1873 1073 1976 1104 eisdem
1999 1060 2195 1108 dreditoribus
2214 1065 2344 1109 dabimus

1286 1110 1320 1139 δε
1333 1109 1392 1139 dari
1405 1110 1540 1140 faciemus
1558 1111 1591 1141 ὃς
1607 1110 1741 1152 persolvi,
1758 1108 1792 1140 ad
1809 1111 1951 1150 ipsorum,
1969 1113 2013 1143 vel
2038 1113 2147 1145 alterius
2168 1123 2286 1155 eorum,
2304 1118 2348 1148 seu

1286 1148 1614 1218 fLatorigfiprzesentium‚
1633 1148 1747 1185 simplex
1768 1149 1878 1179 dictum
1893 1174 1903 1187 ,
1923 1150 1978 1181 sine
1999 1151 2089 1190 aliqua
2109 1153 2161 1184 allii
2182 1155 2350 1192 probatione

1298 1196 1379 1217 acien
1419 1210 1424 1215 .

1324 1224 1521 1256 Promittimus
1537 1226 1637 1263 etiam,
1656 1223 1733 1255 boni
1749 1224 1818 1263 fide,
1839 1225 1918 1262 quod
1933 1225 1966 1256 ad
1988 1227 2138 1268 Angliam,
2153 1238 2200 1262 aut
2219 1232 2283 1262 alibi
2315 1231 2351 1263 ad

1285 1272 1375 1304 partes
1389 1263 1617 1302 Transmarinas,
1634 1273 1693 1293 non
1716 1264 1900 1301 accedemus,
1919 1266 1968 1294 nisi
1988 1267 2063 1303 prius
2083 1270 2101 1287 ἢ
2122 1269 2226 1299 eisdem
2246 1256 2351 1301 Credi-

1287 1302 1413 1340 toribus,
1433 1303 1476 1333 vel
1502 1303 1599 1332 Latori
1624 1302 1818 1340 priesentium,
1839 1302 1875 1332 de
1897 1302 1976 1333 dicto
2002 1304 2110 1336 Debiro
2132 1306 2280 1346 Principali
2314 1312 2349 1341 δί

1287 1342 1424 1371 omnibus
1438 1342 1496 1372 aliis
1508 1342 1541 1372 δε
1560 1341 1672 1379 lingulis
1687 1340 1862 1379 supradietis,
1878 1342 2046 1380 integraliter
2066 1344 2099 1374 &
2118 1349 2241 1377 omnino
2266 1333 2350 1380 fu’erit

1287 1380 1465 1410 satisfactum.
2313 1379 2315 1382 Α

1327 1418 1363 1448 Et
1376 1418 1443 1449 Nos
1460 1418 1627 1457 (Edwardus
1639 1418 1703 1448 Rex
1719 1417 1952 1455 praenominatus)
1975 1418 2127 1458 Haeredes,
2146 1423 2179 1452 ἃ
2200 1422 2353 1455 Successo-

1288 1466 1331 1486 res
1343 1456 1471 1494 nostros,
1491 1459 1589 1487 omnia
1604 1456 1699 1487 nostra
1714 1457 1747 1487 ὃς
1761 1457 1857 1495 Regni
1873 1457 1960 1487 nostri
1977 1457 2056 1488 Bona
2074 1459 2354 1500 Mobilia,quariim-

1289 1505 1417 1533 cumque
1431 1495 1587 1526 Terrarum
1602 1494 1779 1533 nostrarum,
1799 1494 2002 1534 Posseffiones,
2019 1496 2171 1538 Subditos,
2188 1500 2222 1530 &
2239 1500 2356 1532 Merca-

1288 1542 1380 1571 tores,
1398 1545 1430 1564 ac
1445 1544 1545 1564 eorum
1560 1534 1639 1564 Bona
1653 1533 1791 1563 universa:

1326 1571 1394 1601 Nos
1412 1583 1526 1610 quoque
1544 1572 1789 1609 (Archiepiscopus
1803 1571 1836 1602 &
1852 1571 1986 1612 Episcopi
2004 1574 2122 1611 praefati)
2146 1575 2301 1616 Haeredes,
2318 1579 2353 1611 ὃς

1289 1609 1469 1678 Successor&
1484 1609 1611 1648 nostros,
1630 1620 1662 1640 ac
1677 1611 1773 1640 omnia
1786 1610 1863 1640 Bona
1875 1611 1989 1648 nostra,
2005 1611 2198 1645 Ecclesiastica
2211 1616 2245 1646 &
2263 1615 2353 1648 Secu-

1302 1659 1372 1678 aria:

1327 1686 1396 1717 Nos
1413 1687 1491 1725 (dieti
1507 1686 1655 1724 Comites,
1674 1686 1706 1716 &
1721 1687 1812 1716 caeteri
1836 1685 1991 1717 Debitores
2012 1692 2222 1730 praenominati)
2244 1691 2357 1734 Nosip-

1289 1725 1351 1763 sos,
1369 1725 1525 1764 Haeredes,
1545 1726 1578 1756 &
1592 1725 1772 1755 Success'ores
1787 1724 1914 1762 nostros,
1935 1728 2031 1755 omnia
2046 1728 2140 1758 nostra
2155 1741 2186 1760 ae
2194 1730 2354 1763 Haeredum

1289 1766 1323 1796 «Sc
1340 1764 1542 1795 Successorum
1557 1763 1722 1793 nostrorum
1738 1762 1816 1793 Bona
1831 1762 1956 1793 Mobilia
1969 1764 2002 1794 &
2017 1763 2196 1806 Immobilia,
2215 1771 2358 1807 praesentia

1290 1804 1323 1833 ὃς
1348 1803 1453 1841 futura,
1472 1812 1505 1833 ex
1525 1811 1583 1832 utra
1606 1811 1640 1831 ue
1665 1801 1753 1831 Maris
1776 1810 1853 1838 parte
1875 1801 1938 1839 fita,
1957 1803 2131 1842 ubicumque
2142 1806 2293 1847 locorum,
2311 1810 2359 1840 vel

1291 1842 1345 1910 lsplp)
1360 1842 1563 1880 cujuscumque

1312 1890 1325 1909 a
1347 1890 1384 1910 eri

1330 1919 1375 1950 Ad
1392 1904 1593 1949 ixrrestandiim
1610 1917 1642 1948 &
1659 1916 1875 1955 Detinendum,
1893 1916 1979 1955 usque
2001 1919 2029 1949 iri
2049 1919 2163 1957 plenam
2183 1921 2358 1956 satisfactio-

1292 1968 1360 1988 nem
1373 1959 1505 1987 omnium
1523 1957 1729 1994 praemistorum
1763 1956 1933 1994 Obligamiis
1947 1966 2016 1987 cum
2030 1958 2153 1998 effestu3

1330 1996 1559 2033 Renunciantes,
1578 1997 1605 2024 in
1618 1979 1779 2034 prcemilsiS,
1798 2004 1849 2032 pro
1864 1994 1965 2032 nobiS,
1983 1995 2170 2036 Haeredibus,
2188 1999 2222 2030 δε
2236 1998 2358 2032 Succes-

2371 1270 2502 1305 *V·¹19‹

1619 1841 1731 1870 ominio
1756 1840 1789 1871 ὃς
1813 1838 1953 1871 Potestate
1966 1861 1976 1879 ³
1995 1842 2112 1873 inveniri
2132 1847 2296 1885 potuerint,
2312 1847 2359 1879 vel

1292 2035 1398 2065 foribus
1414 2034 1515 2065 nostris
1525 2058 1534 2072 ,
1553 2035 1714 2073 exceptioni
1732 2033 1790 2063 doli
1806 2032 1891 2071 mali,
1908 2032 1993 2063 dictae
2008 2034 2141 2067 Pecuniae
2156 2038 2284 2069 Summae
2298 2050 2357 2071 non

1293 2074 1396 2104 habite:
1412 2098 1420 2111 ,
1439 2083 1500 2103 nori
1522 2081 1645 2112 receptae
1659 2097 1669 2111 ,
1695 2081 1755 2102 non
1776 2070 1883 2102 traditae
1899 2094 1909 2110 ,
1933 2081 1992 2102 non
2014 2083 2169 2106 numeratae
2184 2101 2193 2114 ,
2218 2077 2358 2109 beneficio

1294 2111 1493 2143 Restitutionis
1509 2113 1538 2140 in
1551 2113 1714 2148 integrum,
1732 2109 1894 2147 caeterisque
1908 2111 2042 2142 omnibus
2057 2113 2090 2143 &
2112 2114 2226 2152 lingulis
2246 2115 2361 2155 Excep-

1294 2151 1433 2188 tionibus,
1450 2149 1620 2187 Fraudibus,
1637 2149 1871 2179 Cavillat'ionibus
1885 2172 1894 2186 ,
1912 2149 1945 2179 &
1968 2149 2152 2191 Subterfugiis
2165 2177 2174 2191 ,
2192 2153 2250 2184 tarn
2269 2154 2343 2193 Juris

1293 2190 1379 2228 quum
1395 2189 1492 2227 Facti,
1510 2188 1653 2219 Canonici
1667 2189 1700 2219 ὃ(
1715 2186 1833 2226 Civilis,
1851 2187 1885 2217 &
1898 2186 2051 2224 specialiter
2064 2180 2363 2233 LegiDecentigenel

1293 2229 1380 2258 ralem
1394 2227 1653 2258 Renunciationem
1667 2236 1725 2256 non
1745 2226 1845 2256 valere.

1332 2267 1411 2305 Qae
1434 2265 1593 2304 praemiffa,
1612 2266 1711 2296 omnia
1732 2266 1766 2296 ὃς
1788 2263 1911 2302 singula,
1928 2262 2045 2295 fideliter
2066 2267 2100 2297 δε
2121 2267 2199 2300 bona
2213 2268 2285 2308 fide,
2304 2271 2361 2302 ob-

1292 2303 1399 2336 servare
1413 2306 1446 2336 &
1461 2304 1615 2341 adimplere
1630 2304 1822 2341 promittimus
1835 2302 1886 2332 sub
1898 2303 1988 2333 modo
2000 2305 2034 2335 &
2049 2306 2144 2337 forma
2156 2308 2316 2345 praelibatis.

1332 2343 1370 2374 Et
1389 2343 1470 2382 quod
1488 2343 1582 2373 dictos
1602 2342 1784 2379 creditores,
1803 2350 1904 2372 eorum
1926 2340 2065 2373 Haeredes
2078 2367 2088 2382 ,
2106 2346 2140 2376 ὃς
2162 2346 2362 2386 successores,

1293 2383 1340 2414 vel
1353 2392 1455 2413 eorum
1469 2382 1611 2419 aliquem,
1627 2389 1673 2412 aut
1698 2381 1832 2411 Latorem
1855 2379 2049 2419 praesentium,
2066 2384 2217 2416 occasione
2238 2388 2366 2423 praemis-

1294 2422 1407 2460 sorum,
1425 2429 1485 2450 non
1499 2420 1692 2460 gravabimuS,
1710 2428 1764 2450 nec
1781 2416 2009 2457 molestabimus,
2025 2430 2079 2451 nec
2099 2426 2226 2462 gravari,
2245 2434 2291 2455 aut
2300 2433 2366 2456 mo-

1295 2460 1402 2499 lestari,
1417 2459 1571 2497 aliqualiter
1585 2458 1740 2495 faciemus,
1759 2467 1813 2487 nec
1829 2457 2033 2494 permittemus,

1333 2498 1367 2529 In
1404 2507 1509 2529 uorum
1521 2497 1554 2528 ὃς
1569 2497 1742 2535 singulorum
1758 2494 1969 2534 praemifforum
1986 2495 2091 2527 Robur
2103 2499 2365 2532 &Testimonium

1296 2537 1382 2576 Nos,
1427 2536 1571 2574 dwardus,
1591 2535 1650 2565 Dei
1664 2534 1765 2574 gratia,
1786 2534 1868 2571 Rex,
1886 2532 2141 2575 Archiepiscopus,
2159 2538 2310 2578 Episcopi,
2330 2541 2366 2571 &

1297 2578 1394 2607 caeteri
1409 2576 1562 2606 Debitores
1577 2574 1797 2612 praenominati,
1816 2571 1910 2610 sigilla
1924 2571 2018 2602 nostra
2040 2574 2091 2604 hiis
2111 2577 2292 2613 praesenribus
2302 2602 2312 2617 ,
2330 2587 2366 2609 ex

1297 2615 1375 2646 certa
1388 2614 1501 2645 scientia
1510 2637 1518 2651 ,
1534 2612 1663 2643 duximus
1676 2611 1853 2651 apponenda.

1336 2653 1391 2692 Et,
1408 2653 1427 2683 si
1447 2653 1594 2692 continget
1616 2650 1696 2688 quod
1715 2649 1832 2687 aliquod
1851 2647 1997 2679 dictorum
2018 2649 2071 2680 hiis
2085 2651 2247 2684 Parentibus
2261 2653 2369 2686 defice-

1299 2701 1358 2729 ret,
1378 2700 1425 2722 aut
1437 2691 1455 2721 si
1469 2691 1544 2720 dieta
1558 2690 1651 2729 Sigilia
1667 2688 1805 2719 vetustate
1818 2687 1864 2718 vel
1883 2686 2020 2717 refortivis
2040 2699 2303 2731 corrumperentur,
2321 2695 2368 2724 ni-

1298 2731 1469 2761 chilominus
1484 2728 1630 2767 praesentes
1648 2728 1766 2759 Litteras
1783 2727 1814 2756 in
1827 2726 1876 2756 suo
1891 2726 2018 2764 perfecto
2034 2729 2142 2759 robore
2155 2730 2288 2761 volumus
2301 2741 2367 2770 per-

1299 2779 1423 2800 manere.

1338 2846 1404 2878 Dat.
1421 2844 1609 2883 Antwerpiae,
1628 2843 1715 2874 Anno
1729 2842 1852 2875 Domini
1870 2841 2364 2885 Millesimo,TrecentefimQTi-i„

1304 2886 1411 2916 cesimo
1426 2884 1541 2921 Nono,
1559 2883 1643 2914 Sexrss.
1659 2882 1704 2913 die
1718 2882 1828 2913 Mensis
1840 2881 1908 2920 Julii
1924 2882 2057 2912 intrantis.

1323 3011 1381 3042 Pro
1400 3007 1540 3054 Episcopo
1562 3004 1785 3052 Herefordenfi,
1805 3006 1896 3052 fitper
1915 3006 2078 3052 Repuffione
2094 3004 2342 3040 Hibernicorum.

1304 3091 1423 3151 REX
1447 3092 1652 3130 Thesaurario,
1667 3092 1701 3124 &
1723 3090 1890 3122 Camerariis
1902 3089 1939 3121 de
1952 3091 2102 3122 Scaccario
2114 3092 2182 3131 sUO,
2200 3089 2368 3130 Dubliniae,
2386 3087 2461 3121 Ann.
2476 3090 2522 3122 D,

1386 3131 1521 3162 Salutem.
2409 3139 2494 3170 1339.

1340 3169 1556 3200 Considerantes
1572 3169 1698 3209 Magnos
1712 3169 1847 3207 Sumptus
1861 3168 1895 3198 &
1916 3166 2069 3208 Expenfiis,
2088 3178 2177 3206 quos,
2195 3167 2370 3199 Venerabilis
2387 3173 2438 3197 An.
2459 3179 2501 3206 ¹3·

1303 3205 1387 3238 Pater
1404 3231 1413 3247 ,
1431 3208 1562 3238 Thomas
1586 3208 1802 3238 Herefordensis
1819 3206 1973 3244 Episcopus
1988 3230 1998 3244 ,
2020 3206 2125 3237 Custos
2145 3206 2247 3237 Terrae
2269 3207 2370 3245 praedi<
2386 3212 2416 3235 Ε.
2438 3214 2465 3246 3.

1302 3247 1376 3315 ἂίξ,
1393 3247 1422 3277 in
1435 3246 1585 3285 Obsequio
1599 3246 1698 3277 nostro
1712 3246 1854 3284 apposuit,
1872 3245 1906 3275 &
1920 3245 2010 3282 ipsum
2023 3245 2111 3275 indies
2125 3255 2268 3283 apponere
2281 3256 2370 3284 opor·
2388 3244 2477 3282 Claus.

1305 3293 1332 3316 [e
1355 3295 1377 3316 lt
2392 3294 2401 3312 1
2429 3307 2434 3312 .
2449 3289 2479 3312 E.
2514 3288 2524 3311 ι’

1344 3310 1393 3354 De'
1405 3322 1473 3354 loco
1488 3322 1522 3354 ad
1536 3323 1654 3362 locum,
1670 3324 1698 3354 in
1713 3322 1806 3353 Terra
1840 3320 1972 3358 raedicffi,
1992 3319 2051 3351 tarn
2067 3331 2120 3359 pro
2142 3319 2369 3353 Conservatione
2388 3294 2421 3360 p.3
2424 3333 2450 3351 2.
2465 3290 2509 3351 m?

1304 3362 1385 3393 Pacis
1400 3362 1506 3393 nostrae
1519 3362 1739 3400 ibidem,qi1arri
1754 3371 1806 3398 pro
1847 3359 1990 3397 epulsione
1997 3359 2221 3391 Hibernicorum
2230 3360 2369 3390 Hostium
2391 3370 2437 3396 24.

1304 3400 1470 3432 nosti-orum
1483 3424 1492 3439 ‚
1510 3411 1577 3431 curn
1600 3401 1701 3439 magna
1722 3398 1903 3429 multitudine
1926 3397 2111 3429 Armatorurn
2126 3423 2135 3436 ,
2154 3398 2290 3436 Equitum
2307 3423 2317 3437 ,
2336 3400 2371 3431 δε

1308 3438 1440 3470 Peditum
1456 3439 1663 3478 proficiscendo
1677 3439 1710 3469 &
1725 3435 1895 3474 laborando,

1346 3478 1392 3508 Ac
1406 3479 1549 3514 volenreS,
1570 3477 1603 3508 ea
1617 3477 1651 3507 de
1672 3476 1770 3514 causa,
1790 3474 1868 3512 quod
1889 3474 1955 3511 sibi,
1975 3475 2033 3504 tam
2055 3474 2091 3505 de
2111 3474 2262 3514 Arreragiis
2283 3473 2375 3506 Feodi

1308 3515 1365 3554 sui,
1385 3516 1462 3554 quod
1475 3527 1490 3545 a
1506 3517 1587 3546 nobis
1597 3517 1734 3553 percipit,
1751 3514 1836 3552 quam
1849 3513 1885 3543 de
1898 3513 2001 3542 eodem
2017 3512 2118 3543 Feodo
2141 3522 2175 3543 ex
2202 3523 2297 3552 nunc,
2315 3523 2375 3552 prae

1309 3557 1417 3586 caereris
1434 3554 1575 3584 Ministris
1590 3555 1618 3583 in
1635 3553 1792 3590 Hibernia,
1810 3551 1933 3588 satisfiat,

1346 3591 1438 3623 Vobis
1459 3592 1626 3623 mandamus
1649 3591 1729 3630 quod
1752 3589 2002 3628 eidem-Episcopo
2016 3588 2043 3618 id
2054 3612 2063 3626 ,
2083 3588 2161 3627 quod
2177 3590 2203 3620 ei
2217 3599 2232 3619 a
2245 3599 2323 3620 retro
2337 3590 2378 3621 est

1310 3631 1346 3662 de
1362 3631 1442 3662 dicito
1459 3631 1558 3661 Feodo
1573 3630 1639 3668 su0,
1657 3632 1691 3662 &
1704 3631 1788 3660 etiam
1802 3627 1958 3665 hujusmodi
1974 3627 1997 3656 F
1999 3627 2104 3657 eodum
2129 3636 2260 3666 exnunC,
2278 3639 2379 3666 quatri-

1310 3670 1358 3700 diu
1374 3671 1401 3699 in
1417 3669 1497 3700 disto
1512 3668 1624 3699 Officio
1638 3667 1675 3699 sic
1690 3667 1811 3704 steterit,
1831 3675 1884 3704 pro
1897 3667 2032 3696 omnibus
2045 3666 2101 3696 aliis
2116 3665 2256 3696 Ministris
2269 3667 2379 3707 nostris,

1311 3708 1342 3738 iri
1366 3709 1486 3746 partibus
1505 3707 1662 3747 praediffitis,
1679 3706 1804 3743 solvatis,
1824 3706 1859 3734 ita
1882 3704 1979 3746 quod,
1999 3714 2052 3740 pro
2075 3703 2203 3735 Defeetu
2223 3704 2379 3737 Solutionis

1312 3745 1487 3815 hujugmogi,
1505 3745 1582 3776 idem
1597 3745 1702 3775 Custos
1718 3744 1744 3774 se
1759 3754 1774 3774 a
1797 3743 1978 3781 profectione
1999 3742 2047 3773 illa
2067 3742 2178 3774 causam
2199 3753 2260 3773 non
2281 3744 2381 3777 habeat

1314 3794 1384 3815 retra
1406 3795 1440 3815 en
1461 3795 1479 3815 i.

1353 3859 1444 3890 Teste
1457 3857 1601 3892 Edwardo
1614 3857 1699 3889 Duce
1716 3856 1876 3888 Cornubiae
1894 3858 1928 3889 &
1946 3855 2067 3887 Comite
2082 3856 2218 3888 Cestriae.
2236 3856 2297 3890 filio
2319 3857 2381 3890 Re-

1314 3900 1361 3968 gii-Z
1371 3897 1533 3977 ⁸{athiis-simo,
1552 3896 1683 3928 Custode
1704 3896 1836 3936 Angliae,
1853 3895 1927 3936 apud
1950 3895 2149 3935 Kenyngton,
2167 3896 2283 3948 decimo
2303 3898 2379 3929 sexto

2052 4011 2107 4043 Per
2125 4011 2277 4044 concilium.

2273 4124 2386 4153 Littera
