2562 4279
694 181 804 222 ET
885 179 1154 221 ACTA

0 282 54 306 mn.
66 267 109 302 D.
165 268 203 299 Et
225 269 358 307 praetere-{i
378 268 523 307 volentes,
540 267 764 299 consideratione
784 266 856 297 dieti
869 265 1107 309 Nicolini,-cum
1127 262 1189 292 Ga-

6 319 89 350 1339.
125 307 213 338 briele
227 308 261 338 ὃς
284 307 433 345 Antonio,
451 307 526 337 filiis
549 307 670 344 ejusdem
692 305 841 342 Nicolini,
859 314 943 341 agere
959 304 1189 346 gratiose,.c'0n-

0 352 44 380 dv.
62 357 88 385 3.
124 346 256 377 cessimus
271 346 392 383 eisdem,
411 345 539 376 Gabrieli
553 346 586 375 &
602 345 749 381 Antonio,
768 343 880 380 Viginti
902 343 1015 379 Libras,
1033 348 1189 384 percipien-

4 385 10 391 '
124 384 172 414 das
195 384 306 424 singulis
327 385 435 422 Annis,
458 383 524 421 post
546 383 679 413 Mortem
697 381 826 419 praediffi
846 380 996 417 Nicolini,
1019 379 1056 423 ad
1077 378 1189 421 dictum

124 423 307 458 Scaccarium
322 422 452 453 nostrum
462 445 471 459 ,
488 422 522 452 ad
537 421 671 459 praediti&
686 419 764 450 Festa
774 418 887 461 Paschae
900 420 933 449 &
947 418 1043 448 Sancti
1060 415 1190 460 Michae-

125 461 159 491 lis
169 485 178 499 ,
195 472 244 499 per
257 461 375 499 aequales
390 460 555 497 Portiones,
574 459 608 490 ad
622 467 713 490 totam
725 459 812 490 vitam
832 458 975 494 iptorum,
993 454 1134 486 Gabrielis
1154 453 1188 484 &

127 499 263 538 Antonii,
281 500 314 530 &
328 500 436 530 alterius
450 497 628 529 eorumdem.

165 538 201 569 In
217 540 311 577 cujus,
327 538 388 569 &c.

165 613 256 645 Teste
274 613 358 654 Rege
377 613 450 652 apud
472 611 644 651 Andewei-p.
669 610 745 642 sexto
767 608 813 640 die
828 606 967 648 Januarii,
990 607 1079 638 Anno
1100 614 1131 637 ut
1148 605 1191 636 su-

130 661 189 690 pra.

102 798 110 806 ·
132 776 153 796 ²*
179 778 229 810 De
244 776 336 809 Flora
351 778 387 815 ῤ’
408 776 488 810 Vino
509 771 631 806 Roberto
660 771 696 804 de
724 774 830 805 Artois
856 770 1038 813 liberandis,
1060 780 1115 816 pro
1131 768 1193 814 fita

360 827 397 862 (ἔγ
418 825 586 856 Hominum
597 822 723 866 fiaeornm
742 819 963 864 Sustentasione.

0 911 61 943 &nn-
76 908 116 940 D.
136 909 275 969 REX,
293 909 413 940 Dilecto
428 906 546 936 Clerico
559 907 624 944 suo,
643 906 772 936 Tliomae
785 907 821 936 de
833 905 981 943 Baddeby,
998 904 1132 948 Salutem.

5 957 91 988 1339.
237 946 319 978 Cum
339 955 428 984 nuper
450 945 531 974 vobis
544 967 552 981 ,
585 955 633 982 per
654 944 822 975 Concilium
843 944 972 974 nostrum
987 968 996 980 ,
1032 942 1194 980 injundtum

0 992 37 1016 ln.
60 996 101 1014 12.
135 985 229 1015 fuisset
244 986 340 1023 quod,
359 983 478 1015 Dilecto
491 984 523 1013 ὃς
538 983 625 1013 Fideli
639 983 756 1021 nostro,
777 982 909 1013 Roberto
923 982 959 1012 de
974 981 1076 1019 Artoys
1087 990 1193 1017 ,unuin

0 1032 16 1054 ῖ.
38 1035 63 1062 3-
137 1022 260 1054 Dolium
274 1024 297 1053 F
299 1024 367 1053 lorae
379 1023 412 1053 &
427 1032 515 1052 unum
536 1020 659 1051 Dolium
673 1022 759 1059 Vini,
773 1032 826 1058 pro
838 1020 1008 1051 sustentione
1020 1019 1066 1050 sua
1080 1020 1113 1049 δί
1128 1018 1195 1062 HQ-

0 1063 119 1100 {leurs-¹2·
137 1062 247 1092 minum
269 1061 404 1099 suorum,
423 1060 458 1090 de
479 1060 654 1091 Vistualibus
675 1060 792 1098 nostris,
818 1061 846 1089 in
867 1058 1005 1090 Custodia
1025 1057 1116 1089 vestra
1138 1066 1196 1086 eiti-

0 1107 117 1139 3.3.p.3.
137 1099 288 1137 stentibuS,
305 1099 472 1136 liberaretis,
720 1127 723 1130 Δ
758 1130 760 1133 ,
877 1125 880 1128 ,
1141 1133 1147 1139 .

0 1151 25 1173 o.
40 1148 70 1175 9.
173 1137 219 1167 Ac
235 1137 310 1167 idem
324 1137 484 1174 Robertus,
504 1138 532 1166 in
556 1145 682 1175 tantum,
703 1146 752 1174 pei·
774 1136 860 1166 Venti
882 1135 1124 1172 contrarietatem,
1140 1143 1196 1162 im-

136 1175 244 1214 peditus
259 1177 392 1215 extiterit,
413 1176 492 1213 quod
507 1175 541 1205 ad
554 1175 671 1213 locum,
690 1176 739 1205 ubi
754 1175 931 1212 profeehirus
944 1174 1012 1211 fuit,
1030 1183 1091 1203 non
1104 1172 1197 1214 potuit

138 1213 294 1252 proficisci,
313 1225 362 1253 per
375 1215 453 1252 quod
469 1214 601 1251 praeditsta
614 1214 699 1244 Dolia
714 1214 802 1243 Florte
818 1214 850 1244 ὃς
865 1212 950 1250 Vini,
965 1212 1015 1242 fibi
1031 1221 1080 1249 per
1093 1220 1145 1240 vos
1159 1212 1196 1239 lic

137 1253 266 1291 liberata,
284 1255 431 1291 expendita
446 1252 583 1290 existunt,
602 1261 632 1283 ut
646 1253 824 1289 accepimus,
1121 1287 1126 1292 ι
1177 1286 1183 1292 ⁴

175 1290 267 1321 Vobis
289 1292 454 1322 mandamus
474 1290 552 1329 quod
575 1290 666 1320 eidem
682 1290 813 1320 Roberto
827 1289 898 1319 Duo
911 1288 961 1318 alia
976 1287 1080 1325 Dolia,
1099 1285 1198 1330 videli-

139 1338 201 1366 cet,
219 1341 308 1360 unum
323 1330 359 1360 de
374 1330 472 1367 Flora,
492 1331 523 1360 ἃ
540 1328 612 1359 aliud
625 1329 660 1358 de
675 1328 770 1365 Vino,
790 1327 824 1356 de
841 1327 1016 1356 Vidiualibus
1029 1325 1148 1368 nostris,
1169 1335 1198 1354 in

141 1367 281 1399 Custodia
292 1369 383 1399 vestra
401 1369 438 1398 sic
454 1368 649 1405 existentibus,
668 1378 720 1405 pro
735 1365 915 1397 Sustentione
929 1365 974 1396 sua
988 1366 1020 1396 &
1033 1364 1199 1395 Hominum

136 1406 251 1437 suorum
268 1407 467 1444 praedidiorum
503 1406 640 1444 liberetis,
1160 1440 1165 1446 ,

176 1445 357 1482 Recipientes
373 1457 389 1476 a
404 1429 522 1480 praefiio
538 1444 669 1475 Roberto
686 1443 791 1474 Literas
804 1442 861 1473 suas
884 1441 1029 1478 PatenteS,
1046 1441 1201 1484 Receptio-

137 1493 205 1514 nem
225 1484 370 1514 dictorum
390 1482 526 1514 Duorum
548 1482 706 1513 Dolioruin
729 1482 820 1512 Florae
842 1482 876 1512 &
899 1481 983 1518 Vini,
1002 1480 1051 1510 sibi
1061 1482 1119 1518 jam
1133 1479 1202 1508 libe-

144 1522 315 1560 randorum,
334 1521 544 1552 Testificantes:
1088 1557 1093 1562 “
1118 1557 1123 1562 Ι
1181 1556 1186 1561 ι

179 1561 217 1591 Et
238 1571 291 1591 nos
311 1561 412 1598 vobis,
429 1561 488 1591 tarn
508 1560 543 1590 de
557 1559 640 1590 dietis
654 1559 776 1589 Duobus
793 1558 886 1588 Doliis
901 1558 993 1588 Florae
1007 1557 1041 1587 δε
1056 1555 1142 1600 Vini,
1164 1566 1204 1600 ei-

140 1597 207 1629 dem
230 1599 364 1629 Roberto
386 1599 459 1636 prius
481 1599 618 1636 liberatis,
638 1599 722 1636 quarn
744 1597 779 1627 de
799 1597 882 1627 dietis
897 1596 1020 1626 Duobus
1035 1594 1092 1637 aliis
1109 1594 1203 1637 Dolus

140 1637 235 1667 Florae
250 1638 284 1668 &
298 1637 382 1675 Vitii,
396 1638 472 1676 jam,
489 1645 624 1675 praetextu
636 1636 772 1674 praesentis
788 1635 916 1665 Mandati
939 1633 1043 1671 nostri,
1063 1633 1113 1662 libi
1134 1632 1204 1676 libe-

141 1677 248 1714 randis,
272 1677 302 1705 in
323 1675 476 1713 Compoto
498 1674 613 1713 vestro,
637 1674 673 1705 ad
695 1674 875 1705 Scaccarium
898 1671 1047 1710 nostrum,
1075 1670 1204 1700 debitam

142 1714 354 1745 Allocationem
369 1714 472 1745 habere
487 1714 629 1745 faciemus.

180 1790 270 1821 Teste
291 1790 433 1821 Edwardo
455 1790 543 1821 Duce
564 1789 721 1820 Cornubiae
735 1789 769 1819 &
782 1788 900 1819 Comite
915 1786 1051 1825 Cestriae,
1070 1785 1144 1816 Filio
1157 1785 1206 1815 suo

143 1829 305 1869 cariffimo,
331 1828 462 1860 Custode
483 1828 613 1868 Angliae,
635 1827 708 1866 apud
728 1826 906 1867 Wyndesore
921 1849 930 1864 ,
954 1825 1073 1863 septimo
1095 1824 1141 1855 die
1158 1823 1207 1863 Ja-
1253 1850 1259 1852 ,

144 1869 242 1898 nuarii.

882 1944 935 1972 Per
951 1941 1104 1973 Concilium.

169 2065 229 2100 Ad
245 2071 403 2113 spsagnum
420 2066 611 2114 Magistrum
634 2067 738 2100 Sanni
757 2064 910 2112 Johannis
928 2065 1127 2113 Jerusalem,
1153 2064 1189 2098 de

589 2114 766 2160 excusando.

0 2204 75 2236 Ann.
90 2202 132 2233 D.
152 2198 294 2260 REX,
312 2199 471 2238 Magnifico
493 2200 582 2240 Viro,
599 2201 687 2231 Fratri
709 2200 815 2231 Eliono
834 2201 869 2231 de
890 2199 961 2232 Villa
979 2198 1089 2237 Nova,
1105 2198 1212 2237 Priori,

27 2253 111 2283 1339.
146 2275 148 2278 .
234 2247 319 2276 atque
333 2235 445 2278 Magno
461 2238 612 2278 Hospitalis
627 2240 722 2270 Sansti
733 2240 870 2278 Johannis
880 2237 1033 2277 Jerusalem
1056 2237 1213 2277 Magistro,

2 2287 54 2313 Aa.
73 2292 118 2309 η..
153 2273 294 2315 Salutem,
312 2277 346 2307 &
360 2278 474 2308 sincerae
487 2278 645 2308 dilectionis
660 2277 806 2308 affectum.

2 2326 32 2350 Ε.
54 2330 79 2357 3.
191 2312 291 2353 Cum,
310 2316 378 2346 sicut
401 2317 483 2346 novit
501 2316 592 2347 vestra
614 2316 774 2354 Discretio,
793 2316 883 2347 Adrus
907 2316 1003 2346 bellici
1025 2315 1058 2345 &
1074 2313 1215 2344 Guerrina

0 2359 136 2395 clausa.
153 2354 268 2389 negotia
282 2354 448 2392 Sumptibus
460 2355 494 2385 &
508 2355 631 2393 expenfis
646 2365 731 2390 egere
744 2356 897 2385 innumeris
911 2354 1104 2391 dinoscantur,

2 2402 33 2426 Ε.
43 2403 99 2434 3.p.
109 2407 135 2433 3·
192 2390 230 2422 Et
246 2402 420 2430 quamquam
434 2403 539 2432 nuper,
557 2393 638 2424 mota
650 2393 780 2429 Guerra,
796 2394 830 2424 &
845 2394 929 2423 etiam
944 2392 1126 2430 continuata,
1144 2392 1216 2421 inter

4 2445 40 2464 m.
54 2436 116 2463 6.d.
153 2428 223 2459 Nos
238 2431 271 2461 δε
285 2430 534 2466 Conssinauineum
547 2431 678 2461 nostrum
698 2431 842 2469 Franciae,
860 2433 939 2469 super
961 2430 1125 2469 quibusdam
1148 2429 1217 2459 Dis-

151 2467 323 2499 sensionibus
336 2471 370 2500 ὃς
384 2469 542 2500 Discordiis
556 2471 624 2500 hinc
639 2469 705 2500 inde
725 2470 861 2508 subortis,
880 2470 1008 2508 Qiidam
1031 2468 1114 2498 Mille
1135 2468 1218 2506 Qa-

154 2505 280 2545 draginta
295 2507 328 2537 δε
345 2507 446 2539 Unam
461 2508 574 2539 Marcas
610 2508 719 2538 Dilec'ii
733 2510 815 2539 nobis
829 2509 858 2538 in
873 2507 1011 2545 Christo,
1029 2506 1129 2537 Fratris
1150 2507 1218 2536 Phi-

153 2544 224 2582 lippi
238 2544 275 2574 de
290 2545 420 2583 Tharne,
441 2546 546 2577 Prioris
560 2532 713 2584 Piolpitalis
726 2547 854 2585 prandisti
869 2547 900 2576 in
916 2546 1037 2585 Anglia,
1054 2545 1128 2583 apud
1151 2545 1218 2576 Do-

156 2592 240 2614 mum
259 2583 335 2613 suam
354 2583 389 2613 de
410 2584 599 2615 Clerkenvvell
624 2586 770 2623 repositas,
786 2586 854 2616 ficut
868 2585 996 2622 quasdam
1011 2585 1073 2614 alias
1088 2584 1219 2621 pecunia-

157 2631 223 2651 rum
238 2622 375 2659 summas,
393 2624 423 2652 in
436 2622 506 2653 locis
521 2624 578 2654 aliis
594 2625 623 2654 in
636 2623 764 2661 deposito
778 2623 948 2660 custoditas,
961 2624 988 2653 in
1003 2623 1219 2654 subventionem

158 2660 192 2691 &
211 2659 453 2698 supportationem
476 2661 610 2692 Onerum
629 2685 638 2700 ,
665 2672 729 2700 quse
748 2662 897 2692 occasione
917 2661 1039 2692 Guerrae
1060 2661 1221 2699 praedic‘tae,

157 2707 192 2727 ac
214 2708 267 2736 pro
290 2698 442 2729 salvatione
462 2701 496 2731 δε
519 2700 680 2730 defensione
699 2701 759 2730 tam
780 2701 937 2730 Terrarum
959 2702 992 2731 ὃς
1009 2699 1220 2729 possessionum

158 2735 228 2767 dieti
247 2736 417 2775 Hospitalis,
436 2738 507 2768 infra
528 2738 667 2777 Regnum
687 2738 833 2777 nostrum,
858 2739 945 2776 quam
966 2738 1086 2776 ejusdem
1109 2737 1220 2776 Regni,

157 2783 210 2805 nos
225 2783 372 2812 oporteret
385 2775 536 2806 necessarie
550 2777 698 2814 sustinere,
715 2778 765 2808 sub
782 2778 875 2808 mutui
890 2777 1024 2814 nomine,
1038 2777 1221 2806 iminentibus

159 2813 220 2843 tarn
238 2813 388 2851 grandibus
408 2814 536 2852 periculis
559 2815 592 2845 δε
614 2815 771 2845 necessitate
792 2824 930 2854 cogente,
949 2816 1074 2855 ceperint
1094 2814 1129 2845 ad
1150 2824 1222 2853 opus

161 2850 309 2889 nostrum,
327 2851 396 2881 sicut
413 2853 484 2882 ratio
497 2853 526 2882 in
538 2853 600 2883 casu
614 2853 773 2891 hujusmodi
784 2853 842 2884 hoc
858 2854 1009 2891 permittit,

200 2888 296 2927 Aliqui
311 2899 421 2928 tamen,
440 2890 542 2921 statum
557 2893 590 2922 δε
605 2891 804 2922 conditionem
830 2891 937 2929 praefati
957 2891 1062 2922 Prioris
1083 2900 1148 2931 erga
1169 2902 1223 2922 vos

162 2927 326 2971 depr-avari,
344 2938 403 2958 non
427 2938 461 2959 ex
481 2929 538 2959 zeli
556 2930 700 2968 bonitate,
729 2930 767 2960 set
786 2939 820 2960 ex
840 2930 900 2960 odii
919 2931 952 2960 ὃς
973 2930 1087 2961 invidiae
1106 2931 1223 2968 fomite,

164 2966 326 3003 molientes,
348 2967 447 3005 vobis,
463 2975 493 2998 ut
515 2967 686 3005 didicimus,
705 2968 871 2998 intimtirunt
892 2968 973 3006 quod
994 2969 1113 3006 pecunia
1123 2968 1226 3006 praedi-

164 3005 210 3034 Cra
233 3015 247 3035 a
267 3005 353 3042 loco,
373 3005 422 3035 ubi
441 3005 479 3035 fic
495 3006 614 3043 reposita
629 3007 770 3044 extiterat,
789 3016 823 3036 ex
835 3006 955 3044 ejusdem
969 3005 1073 3037 Prioris
1085 3006 1224 3038 Procura-

163 3043 243 3074 tione
256 3044 290 3074 &
305 3044 389 3074 etiam
404 3042 586 3083 Instigatione
599 3053 679 3082 capta
691 3045 778 3075 suerat
793 3045 826 3075 &
841 3044 948 3083 ablata,

203 3081 312 3120 Qod,
327 3082 405 3120 juxta
418 3082 551 3113 humanae
566 3084 680 3113 rationis
695 3083 858 3122 Judicium,
876 3082 988 3114 videtur
1006 3082 1087 3114 valde
1109 3083 1224 3114 difficile

169 3119 203 3149 ad
220 3119 410 3159 credendum,
427 3120 577 3159 praesertim
594 3121 663 3152 cum
677 3121 773 3160 singuli
797 3132 847 3160 ea,
863 3131 926 3160 quae
947 3121 1009 3152 sunt
1028 3123 1151 3159 propriae
1170 3123 1226 3152 uti-

167 3157 251 3187 litatis
263 3158 296 3189 &
312 3158 479 3197 commodi,
498 3170 550 3197 pro
567 3160 673 3190 viribus
685 3168 885 3198 procurarent,
903 3161 952 3197 &,
971 3169 1036 3197 quae
1049 3161 1078 3190 in
1102 3160 1225 3200 ipsorum

168 3195 338 3239 Dampnum
358 3197 392 3228 &
415 3196 501 3229 statiis
518 3198 558 3229 sui
579 3198 781 3230 detrimentum
806 3198 917 3236 poffent
933 3198 1052 3237 cedere,
1069 3198 1226 3229 naturaliter

167 3241 311 3265 evitarent.

180 3310 187 3316 -
205 3271 244 3302 Et
257 3273 321 3310 quia
333 3273 410 3310 pium
426 3273 468 3304 est
484 3274 517 3305 &
532 3276 712 3306 meritorium
728 3275 874 3313 perhibere
889 3273 1103 3305 Testimonium
1125 3276 1227 3306 verita-

166 3317 206 3348 ti,
224 3311 263 3354 &¹
273 3310 307 3340 ad
321 3311 480 3342 tollendum
492 3313 650 3351 hujusmodi
666 3313 781 3344 sinistras
794 3314 969 3351 Suspiciones
985 3314 1017 3351 (fi
1032 3324 1096 3351 quae
1117 3313 1229 3351 poss'ent

169 3357 205 3378 ex
219 3348 318 3393 talibus
331 3349 400 3379 falfis
413 3351 446 3380 &
462 3349 498 3380 de
511 3352 625 3388 ingratis
638 3352 870 3391 Suggestionibus
883 3353 1044 3390 provenire)
1061 3352 1160 3383 vestrae
1173 3352 1229 3382 Di-

169 3386 304 3425 ledhoni,
321 3396 355 3417 ex
374 3387 450 3418 certa
472 3388 601 3427 scientia,
617 3390 650 3421 &
670 3390 749 3420 bona
770 3390 840 3429 fide,
863 3391 1078 3428 significandum
1097 3391 1229 3421 duximus

174 3435 225 3464 per
243 3424 389 3462 praesentes
404 3448 414 3463 ,
435 3426 515 3464 quod
533 3427 617 3457 dietae
638 3428 722 3458 Mille
743 3428 935 3468 Quadraginta
950 3431 984 3460 &
1008 3429 1077 3459 Una
1100 3429 1229 3468 Marcae,

174 3463 266 3507 inodo
287 3474 346 3507 quo
368 3465 562 3502 praemittitur,
580 3473 670 3503 captae
686 3467 796 3496 fuerant
817 3467 898 3504 (sicut
920 3468 949 3496 in
972 3468 1129 3503 huiusmodi
1150 3468 1230 3506 casu,

173 3503 354 3532 iminentibus
376 3502 536 3533 necessitate
556 3504 589 3533 &
606 3505 685 3534 tantis
701 3505 719 3523 ²*
737 3504 886 3534 Guerrinis
901 3505 1046 3543 periculis,
1064 3507 1139 3536 bene
1151 3506 1228 3544 licet)

174 3541 208 3571 ὃς
222 3550 281 3571 non
297 3540 331 3571 ad
349 3538 563 3579 instigationem
579 3541 624 3571 seu
639 3541 874 3573 Procurationem
890 3542 994 3574 Prioris
1006 3543 1154 3574 antedieti:

210 3578 260 3609 De
279 3579 336 3617 quii
357 3579 472 3617 quidem
494 3580 623 3617 pecuniae
643 3580 752 3611 summa
772 3580 865 3611 eidem
886 3580 980 3611 Priori
1001 3581 1108 3613 Literas
1124 3581 1231 3613 nostras

163 3617 234 3657 ,fieri
253 3617 375 3647 fecimus
398 3616 602 3657 obligatorias,
620 3618 654 3649 &
675 3628 718 3650 eas
736 3618 786 3649 fibi
807 3619 879 3650 solvi
893 3619 1026 3650 faciemus
1043 3630 1130 3659 quarn
1149 3621 1232 3652 citius

171 3655 306 3695 optulerit
318 3655 346 3686 se
357 3655 480 3686 facultas.

0 3513 91 3544 ’.Ἄ
109 3512 156 3551 98.

210 3730 280 3764 Dat.
297 3732 371 3772 apud
384 3731 620 3772 Berkhamstede,
637 3731 814 3764 duodecimo
826 3733 874 3764 die
885 3734 1015 3773 Januarii.

25 3805 102 3837 Ann.
116 3804 159 3836 D.

53 3851 139 3883 1339«

26 3885 80 3911 An.
98 3892 141 3910 η.
395 3870 444 3901 De
460 3865 676 3913 Indempnitare
693 3877 748 3913 pro
766 3869 880 3900 Comite
894 3868 1007 3903 Gelriae,

27 3924 163 3996 ξῇἒξφηά
182 3948 295 4006 REX
308 3949 468 3990 Omnibus,
485 3951 519 3983 ad
534 3961 622 3991 quos,
637 3952 698 3983 &c.
716 3951 849 3982 Salutem.

1233 147 1703 219 PusstiCA.
2240 187 2292 227 41

1231 260 1348 299 Nobis,
1366 263 1399 293 ὃς
1420 262 1453 291 ad
1476 263 1683 301 requisitionem
1703 262 1847 302 nostram,
1866 263 1978 295 Simoni
1998 262 2035 294 de
2052 262 2127 294 Hale
2139 261 2291 299 Obligatus
2306 256 2382 287 Atm-
2391 255 2434 287 D-

1232 299 1329 367 {exigat
1344 323 1352 337 ,
1386 301 1523 330 solvendis
1543 300 1636 331 eidem
1656 302 1769 332 Simoni
1788 303 1882 340 ptimo
1904 302 1949 332 die
1970 301 2065 341 Maii,
2091 301 2225 340 proximo
2244 299 2289 330 fu-
2305 304 2410 370 &3393-

1271 360 1355 413 Nbs,
1374 373 1573 413 Indempnitati
1587 377 1668 414 ipsius
1682 376 1806 408 Comitis
1821 379 1848 408 in
1860 378 1914 409 hac
1930 386 2007 417 parte
2019 378 2179 416 prospicere
2190 377 2291 408 volen-

1234 420 1291 450 teS,
1311 413 1380 443 sicut
1400 414 1500 452 decet,
1518 414 1666 451 praefatum
1687 413 1836 447 Comitem
1858 426 1922 447 errra
1940 417 2051 448 distum
2068 416 2236 454 Simonem,
2252 414 2291 446 de

1234 451 1374 495 praediitis
1389 452 1521 483 sexcentis
1534 452 1641 484 Marcis
1650 476 1661 492 ,
1677 455 1835 492 acquietare
1848 441 2084 493 &indempnem
2097 454 2204 486 servare
2224 463 2293 492 pro-

1234 498 1373 519 mittimus
1387 499 1436 527 per
1448 491 1603 527 praesentes.

1270 527 1304 557 ln
1319 529 1411 566 cujus,
1427 528 1486 558 &c.

1272 602 1362 633 Teste
1378 603 1462 641 Rege
1476 605 1550 646 apud
1563 605 1732 644 Andewerp.
1749 606 1864 638 decimo
1877 615 1978 645 quarto
1992 606 2037 637 die
2046 605 2176 645 januarii.

1543 731 1602 761 Pro
1625 727 1784 761 Nicholino
1807 728 1844 762 de
1865 730 1914 762 Fli
1927 743 1970 763 co.

1237 810 1352 866 REX
1366 811 1569 850 Thesaurario,
1588 813 1622 844 &
1638 812 1805 843 Camerariis
1815 814 1884 852 suis,
1902 814 2035 845 Salutem.
2314 819 2391 850 Ann.
2402 817 2444 848 D.

1258 886 1262 890 ¹
1330 849 1429 889 Cum,
1449 850 1678 889 Qintodecimo
1700 851 1745 881 die
1763 851 1881 890 Aprilis,
1901 852 1989 883 Anno
2012 853 2108 894 Regni
2133 854 2221 886 nostri
2236 855 2298 887 De·
2337 867 2421 896 1339.

1236 894 1336 925 Cimo,
2313 901 2366 924 An.
2386 906 2396 923 1
2422 917 2428 924 .

1276 925 1458 957 Attendentes
1477 926 1635 957 affefflonis
1676 928 1803 957 utitatem
1816 951 1825 966 ,
1850 938 1952 966 quarn,
1976 928 2095 960 dileetus
2115 932 2212 970 nobis,
2237 931 2297 962 Ni-
2316 940 2344 962 Ε.
2365 945 2389 970 3-
2402 905 2415 932 ὃ

1238 965 1347 994 colinus
1361 965 1397 995 de
1412 964 1519 1004 Flisco,
1536 966 1628 996 dicius
1674 966 1797 995 ardinalis
1812 967 1848 997 de
1859 966 1962 1005 Janua,
1980 967 2014 996 ad
2035 978 2087 998 nos
2106 970 2139 1000 ὅς
2161 969 2296 1000 Domum
2315 974 2431 1001 Liberat.

1238 1002 1363 1046 nostram
1385 1003 1524 1043 Regiam,
1543 1012 1628 1042 prout
1649 1014 1683 1034 ex
1703 1004 1831 1035 laudabili
1848 1004 2013 1035 testimonio
2034 1008 2206 1046 recepimus,
2223 1010 2299 1046 opti-
2320 1015 2405 1048 13.E.
2423 1013 2449 1046 3.

1239 1050 1301 1071 nuit
1528 1070 1530 1072 .

1277 1064 1407 1109 N⁷ecnon
1423 1079 1503 1117 ipsius
1525 1078 1824 1117 circumspectionem
1846 1081 2014 1120 providam,
2039 1092 2124 1121 quam
2145 1084 2242 1122 nobis,
2270 1086 2301 1115 in

1239 1117 1355 1154 agendis
1369 1118 1486 1155 nostris,
1503 1117 1566 1147 fore
1579 1117 1746 1148 credidimus
1757 1128 1947 1157 oportunam,

1278 1155 1324 1186 Ac
1340 1157 1467 1187 volentes
1482 1156 1588 1194 ipsum,
1608 1167 1643 1186 eo
1656 1165 1807 1194 praeteXtu,
1827 1157 1952 1188 Munere
1967 1158 2127 1197 prospicere
2138 1160 2278 1200 gratioso,

1278 1193 1372 1231 Ipsum
1390 1194 1425 1224 de
1437 1194 1574 1224 Concilio
1590 1195 1688 1224 nostro
1703 1196 1913 1234 retinuerimus,

1279 1232 1317 1263 Et
1330 1233 1422 1263 eidem
1435 1232 1547 1270 Viginti
1563 1233 1661 1263 Libras
1681 1233 1905 1280 Sterlingorum‚
1922 1235 2112 1272 percipiendas
2137 1236 2228 1267 Annis
2250 1237 2305 1268 sin-

1243 1271 1330 1309 gulis,
1348 1281 1401 1308 pro
1422 1271 1521 1301 Feodo
1541 1271 1607 1310 suo,
1632 1273 1659 1300 iii
1682 1270 1766 1302 Festo
1786 1272 1882 1302 bani-sti
1906 1272 2072 1311 liiichaelis,
2097 1274 2134 1304 de
2156 1275 2305 1308 Thesauro

1242 1308 1359 1347 nostro,
1377 1309 1410 1339 ad
1425 1310 1604 1340 Scaccarium
1623 1309 1772 1348 nostrum,
1785 1320 1899 1340 necnon
1914 1309 2012 1340 Robas
2026 1311 2062 1342 de
2077 1312 2160 1342 Sena
2174 1313 2305 1345 Militum

1242 1347 1421 1386 nostrorum,
1440 1349 1569 1387 quotiens
1592 1348 1690 1378 Rebas
1710 1349 1766 1378 aliis
1788 1347 1929 1379 Militibus
1951 1348 2052 1378 nostris
2071 1349 2246 1390 dederimus,
2272 1353 2307 1384 ad

1243 1392 1332 1416 totam
1359 1387 1446 1416 vitam
1476 1387 1551 1416 suam
1566 1410 1576 1424 ,
1608 1386 1934 1417 DoNAvERIMUS
1961 1387 1994 1417 &
2021 1387 2309 1421 concessaru-

1245 1432 1271 1453 Μ
1281 1433 1303 1454 U
1315 1434 1343 1462 s,
1361 1434 1445 1463 prout
1461 1426 1489 1454 in
1504 1425 1616 1455 Litteris
1632 1424 1809 1464 Parentibus,
1827 1425 1894 1455 inde
1916 1425 2072 1464 confediis,
2087 1426 2196 1466 plenius
2217 1430 2310 1459 conti-

1244 1470 1340 1500 netur,

1286 1501 1376 1531 Vobis
1392 1501 1558 1531 mandamus
1572 1501 1652 1540 quod
1666 1501 1759 1532 eidem
1774 1501 1918 1533 Nicolino
1931 1501 1975 1540 id,
1996 1502 2073 1540 quod
2090 1504 2115 1533 ei
2130 1513 2145 1534 a
2169 1511 2247 1536 retro
2266 1504 2308 1535 est

1246 1536 1283 1568 de
1296 1539 1377 1569 dic‘iis
1390 1540 1495 1578 Viginti
1513 1539 1606 1569 Libris
1622 1539 1747 1578 Annuis,
1765 1550 1798 1570 ac
1812 1541 1906 1571 Robis
1918 1540 1970 1570 suis
1986 1540 2144 1580 praediffis,
2162 1542 2207 1573 vel
2224 1545 2310 1574 ratio-

1246 1577 1330 1606 nabili
1346 1579 1436 1615 pretio
1450 1578 1611 1607 earumdem
1621 1602 1630 1615 ,
1648 1579 1814 1622 apr‘fedic‘to
1829 1579 2060 1617 Qiintodecimo
2073 1578 2121 1610 die
2135 1580 2257 1621 Aprilis,
2272 1581 2310 1612 de

1246 1614 1392 1684 Thedsffim
1423 1615 1521 1646 nostro
1536 1640 1546 1654 ,
1579 1616 1688 1648 solvatis
1704 1625 1781 1655 Juxta
1803 1625 1932 1647 tenorem
1957 1617 2125 1648 Litterarum
2148 1618 2310 1652 nostrarum

1247 1663 1305 1691 prce
1326 1664 1334 1683 i
1367 1664 1455 1684 arum.

2317 1060 2354 1077 m·
2374 1058 2416 1076 10.

1284 1728 1374 1760 Teste
1395 1728 1524 1760 Custode
1546 1729 1687 1771 praedid’co
1706 1730 1780 1769 apud
1803 1729 2019 1761 Berkhamstede
2031 1754 2042 1769 ,
2066 1732 2168 1764 Tertio
2187 1733 2236 1766 die
2256 1734 2313 1767 Fe-

1249 1768 1359 1798 bruarii.

1353 1899 1402 1930 De
1424 1899 1554 1930 Pecunia
1565 1895 1706 1943 promiffa
1723 1893 1906 1929 Hominibus
1921 1894 1958 1929 de
1972 1894 2209 1945 Middelbnrgh.

1257 1980 1375 2036 REX
1391 1983 1540 2021 omnibus,
1559 1982 1594 2014 ad
1608 1991 1695 2021 quos,
1710 1980 1772 2012 &o
2330 1983 2408 2014 Ann.
2424 1982 2466 2013 D.·

1354 2020 1449 2051 Sciatis
1467 2021 1562 2060 quod,
2355 2031 2440 2062 1339.

1292 2057 1390 2097 Cum,
1405 2060 1500 2091 dilecti
1515 2061 1614 2098 nobis,
1630 2056 1856 2098 Burgimagistri,
1874 2057 2006 2097 Scabini,
2024 2057 2179 2100 Consules,
2194 2060 2228 2091 ὃς
2249 2058 2315 2092 Co-
2332 2065 2384 2088 An.
2406 2071 2449 2098 ¹3·

1254 2098 1375 2127 munitas
1389 2098 1472 2129 Villae
1487 2099 1522 2129 de
1538 2097 1759 2136 Middelburgh,
1778 2097 1860 2126 nobis
1878 2097 2048 2134 remiserint,
2066 2098 2264 2138 relaxaverint,
2282 2100 2317 2130 ὅτ.
2334 2103 2363 2126 Ε.
2386 2109 2412 2135 3.

1255 2136 1382 2172 quietum
1395 2137 1578 2167 clamaverint
1593 2146 1694 2166 omnes
1706 2135 1843 2165 Aetiones
1855 2135 1888 2166 &
1901 2134 2080 2174 Demandas,
2098 2145 2165 2174 quas
2186 2137 2232 2174 ipsi
2270 2138 2315 2169 vel
2335 2138 2467 2165 Par-inter

1255 2174 1402 2212 singulares
1417 2176 1542 2213 personae
1555 2175 1643 2205 dietae
1655 2173 1755 2212 Villae,
1772 2182 1870 2203 contra
1883 2173 1969 2212 Nos,
1987 2174 2033 2204 vel
2045 2174 2157 2205 nostros
2172 2160 2317 2215 sabditos,
2334 2180 2420 2212 Regem
2433 2174 2467 2208 (5·

1257 2212 1407 2243 occasione
1421 2213 1675 2251 Homicidiorum,
1695 2211 2259 2254 Depraedationum,Transgressionum,
2273 2216 2318 2245 vel
2336 2213 2443 2249 diversos

1258 2250 1461 2289 Dampnorum
1483 2260 1733 2290 quorumcumque
1748 2274 1757 2288 ,
1789 2250 1966 2280 Hominibus
1988 2250 2071 2281 dietae
2090 2251 2171 2282 Villae
2193 2262 2243 2290 per
2263 2263 2318 2284 no·
2337 2255 2449 2288 Magna-

1258 2289 1329 2320 stros
1345 2289 1497 2328 Subditos,
1516 2290 1601 2328 usque
1617 2292 1646 2320 in
1661 2290 1738 2319 diem
1751 2288 1945 2327 praesentium,
1963 2290 1992 2319 in
2005 2289 2114 2328 Terra,
2132 2290 2178 2322 vel
2200 2292 2230 2320 in
2251 2291 2319 2322 Ma-
2337 2298 2371 2318 tes
2384 2294 2445 2318 Ger-

1258 2328 1302 2366 ri,
1318 2328 1474 2367 factorum,
1493 2329 1650 2366 illatorum,
1670 2328 1704 2358 &
1719 2327 1868 2365 datorum,
1885 2335 1970 2365 prout
1983 2328 2014 2357 in
2030 2327 2145 2359 Litteris
2158 2328 2320 2360 Parentibus
2339 2331 2427 2357 mania

1260 2365 1402 2398 dictorum
1417 2366 1719 2406 Burgimagistrorum,
1738 2366 1943 2403 Scabinorum,
1959 2365 2136 2406 Consulum,
2156 2368 2188 2398 &
2205 2367 2320 2400 Comu—
2344 2372 2427 2404 ¹3·E.
2444 2375 2470 2404 3·

1260 2406 1351 2435 nitatis
1365 2405 1524 2444 praedictae,
1543 2406 1626 2436 nobis
1640 2406 1705 2434 inde
1718 2405 1813 2442 failis,
1831 2404 1939 2441 plenius
1954 2406 2134 2444 continetur,
2341 2415 2378 2434 m.
2398 2415 2423 2435 1.

1299 2443 1367 2474 Nos
1383 2467 1393 2482 ,
1417 2446 1447 2474 in
1468 2444 1759 2481 recompensationem
1778 2441 1809 2471 R
1819 2450 1871 2472 EM
1881 2451 1892 2471 1
1902 2452 1914 2472 s
1924 2451 1956 2473 st
1966 2452 1986 2472 0
1996 2451 2018 2472 N
2028 2452 2040 2472 1
2049 2452 2062 2474 s
2085 2444 2118 2474 &
2141 2444 2171 2474 R
2180 2453 2226 2474 Et.
2236 2455 2254 2475 A
2264 2454 2324 2476 ΧΑ-

1261 2490 1285 2512 τ
1296 2490 1387 2512 10N1
1397 2492 1409 2513 s
1423 2482 1581 2521 hujusmodi
1591 2506 1601 2520 ,
1626 2481 1715 2512 CoN
1725 2491 1768 2511 ci:
1779 2489 1790 2510 s
1800 2489 1812 2510 s
1822 2490 1833 2510 1
1843 2488 1900 2510 Mu
1913 2490 1925 2511 s
1953 2481 2057 2511 eisdem
2077 2481 2303 2522 Burgimagistris
2316 2508 2327 2523 ,

1263 2521 1408 2559 Scabinis,
1428 2520 1618 2557 Consulibus,
1643 2520 1675 2551 &
1698 2519 1893 2556 Comunitati,
1919 2518 2111 2558 OCtingentos
2135 2521 2270 2552 Florenos
2290 2521 2327 2553 de

1264 2559 1425 2597 Florentia,
1444 2569 1515 2598 quos
1530 2559 1591 2605 ipsis
1605 2560 1634 2587 in
1651 2557 1805 2596 Qiindena
1818 2557 1931 2588 Paschae
1945 2560 2078 2595 proximo
2103 2558 2197 2590 futura
2218 2560 2326 2592 solvere

1262 2599 1457 2636 promittimus
1472 2599 1549 2628 bona
1563 2596 1628 2627 fide.

1302 2635 1334 2666 In
1349 2638 1426 2674 cujus
1437 2660 1445 2674 ,
1463 2637 1523 2667 δίε.

1279 2752 1284 2757 Π
1301 2711 1368 2743 Dat.
1387 2711 1460 2751 apud
1483 2711 1655 2752 Andewerp.
1674 2718 1775 2751 quarto
1793 2711 1839 2742 die
1860 2710 2021 2750 Februarii,
2038 2720 2114 2742 anno
2135 2711 2251 2744 decimo
2271 2717 2327 2744 teri

1265 2760 1314 2782 tio.

1931 2827 1986 2855 Per
2001 2823 2082 2864 ipsicm
2094 2829 2198 2865 Regem.

1268 2951 1296 2978 ²³ss
1322 2955 1370 2986 De
1392 2950 1494 2985 Libris
1518 2950 1562 2984 ad
1579 2949 1824 2984 Ponderationem
1840 2951 1957 2983 Averii
1969 2972 1978 2987 ,
2004 2948 2043 2983 ab
2062 2948 2203 2994 Hostibus
2222 2953 2331 2984 exteris
2349 2956 2415 2984 *Ψ
2429 2958 2476 2992 99.=

1528 3000 1686 3046 asportatis
1696 3025 1705 3041 ,
1730 2998 1766 3031 de
1781 3010 1857 3031 novo
1868 2996 2074 3044 providendis.

1332 3085 1391 3154 EsX
1413 3085 1616 3154 TShelsaurario,
1634 3085 1668 3115 &
1688 3083 1846 3114 Baronibus
1866 3083 1902 3114 de
1923 3083 2088 3122 Scaccario,
2106 3093 2139 3115 ac
2164 3082 2330 3116 camerariis
2348 3076 2476 3146 ΑῙΙῙἺῐἸ-Β-

1309 3132 1649 3199 Qiilalsd'atuaiililtgsrixnobis
1662 3160 1796 3200 intelligi,
1815 3160 1895 3199 quod
1909 3160 2006 3191 Librae
2026 3160 2146 3199 nostrae,
2163 3160 2197 3191 ad
2220 3160 2328 3199 ponde-
2346 3125 2454 3191 Alf&-

1270 3202 1408 3231 rationem
1425 3201 1537 3239 Averii,
1554 3200 1589 3229 de
1604 3199 1747 3238 pondere,
1765 3199 1801 3230 de
1816 3209 1875 3237 quo
1889 3198 2027 3230 Custuma
2037 3200 2119 3230 nobis
2133 3199 2201 3230 solvi
2215 3200 2330 3230 deberet
2346 3199 2376 3222 Ε·
2397 3204 2421 3230 3·

1271 3240 1300 3268 in
1322 3239 1412 3270 Portu
1430 3238 1514 3269 Viliae
1537 3237 1782 3276 Suthamptoniae,
1800 3247 1889 3275 nuper
1912 3237 2066 3278 deputatae,
2083 3247 2133 3276 per
2147 3237 2254 3268 Hostes
2274 3249 2328 3269 no-
2347 3233 2482 3270 (stans-¹33

1272 3277 1343 3307 stros
1356 3277 1391 3308 de
1405 3277 1524 3315 partibus
1539 3277 1655 3315 eitteris,
1670 3277 1716 3313 qui
1730 3275 1834 3306 Villam
1848 3274 2012 3313 praedictam
2025 3275 2144 3316 aggressi
2167 3276 2199 3307 &
2219 3276 2328 3314 deprae-
2348 3275 2378 3299 Ε·
2388 3277 2443 3308 3·P·
2455 3280 2480 3306 ¹r

1272 3316 1327 3346 dati
1341 3315 1471 3354 fuerunt,
1489 3315 1632 3353 asportatae
1646 3314 1783 3352 existunt,
2349 3319 2385 3338 m·
2401 3318 2449 3345 47-
2478 3341 2482 3345 ,

1308 3354 1444 3425 &3221OE
1464 3391 1634 3422 Custumam
1655 3390 1812 3429 hujusmodi
1833 3390 1934 3429 nobis,
1953 3390 1988 3421 de
2003 3390 2081 3421 dieto
2096 3391 2203 3421 Averio
2219 3390 2334 3421 Ponde-

1273 3432 1326 3470 ris’
1343 3431 1378 3461 ad
1393 3429 2255 3499 ῗῖἃψὲνῦἶῗὲἓῑῖἒιῗῶἷὲἒὲέἓιἒὲιίὲῗῖἳᾛῖᾉῗέήῗεὲῐῙΜ
2277 3439 2332 3460 ‘¹⁰‘

1274 3470 1399 3538 strVg'bles
1411 3479 1574 3538 ttiica‘iililassiius
1589 3503 1668 3544 'quod
1681 3492 1745 3536 t’ales
1762 3506 1876 3543 Libras,
1894 3491 1986 3542 q‘iiaies
2000 3505 2106 3535 ibidem
2120 3490 2172 3542 pio
2186 3504 2332 3536 Poiidera-

1275 3548 1353 3577 tione
1375 3546 1510 3584 praedic‘tii
1524 3568 1534 3584 ,
1557 3554 1708 3582 antequam
1729 3544 1801 3575 Villa
1824 3543 1955 3580 praedicta
1978 3543 2014 3573 sic
2037 3543 2205 3581 Depraedata
2225 3545 2333 3583 extitit,

1275 3585 1331 3615 effe
1350 3585 1491 3622 solebant,
1508 3583 1545 3613 de
1563 3593 1643 3613 novo
1665 3582 1740 3619 fieri,
1759 3582 1791 3612 δε
1807 3580 1868 3619 Illi,
1885 3582 1930 3612 vel
1945 3580 2016 3617 Illis,
2037 3582 2084 3611 cui
2100 3580 2270 3611 Custodiam
2285 3592 2332 3612 m-

1275 3623 1405 3653 rumdem
1419 3622 1615 3653 commisimus
1637 3620 1790 3658 habendas,
1808 3620 1929 3649 liberetis
1949 3619 2144 3650 custodiendas
2161 3627 2247 3657 prout
2267 3628 2332 3651 ante

1276 3660 1529 3700 Depraedationem
1544 3660 1624 3692 Villae
1636 3659 1778 3697 praedic'tae
1790 3657 1849 3688 sieri
1861 3657 2015 3689 consuevit.

1314 3736 1403 3767 Teste
1423 3736 1564 3767 Edwardo
1583 3735 1671 3765 Duce
1690 3734 1848 3765 Cornubiae
1864 3734 1897 3765 &
1911 3732 2030 3765 Comite
2042 3733 2180 3773 Cestriae,
2199 3733 2272 3766 Filio
2284 3734 2334 3766 suo

1276 3775 1418 3807 cariffimo
1430 3797 1440 3813 ,
1462 3773 1591 3805 Custode
1610 3773 1721 3813 Angliae
1733 3796 1744 3812 ,
1776 3772 1851 3811 apud
1873 3772 2163 3803 VVestmonasterium
2178 3795 2188 3811 ‚
2219 3773 2335 3813 decimo

1278 3816 1378 3856 quinto
1391 3813 1437 3844 die
1453 3813 1603 3844 Februarii.

2009 3888 2062 3917 Per
2072 3886 2225 3920 concilium.

27 3999 117 4025 Am„-
273 3987 372 4018 Sciatis
382 3990 461 4027 quod
469 4013 479 4029 ,

34 4039 118 4062 12.E.
136 4045 162 4073 3·
217 4024 299 4055 Cum
313 4048 323 4063 ,
347 4025 536 4072 Nobilis-Vir
549 4054 559 4068 ,
582 4027 740 4073 Reinoldus
762 4028 871 4072 Comes
894 4026 1003 4073 Gesriae
1025 4030 1059 4073 §c
1077 4029 1214 4072 Zutphen
1228 4055 1239 4071 ,

33 4080 70 4100 m,
89 4081 116 4102 2,
183 4062 280 4095 Frater
307 4061 404 4094 noster
424 4066 576 4099 eanffimus
589 4091 599 4107 ,
632 4077 662 4099 in
681 4066 817 4099 sexcentis
835 4066 944 4099 Marcis
961 4067 1168 4114 sterlingorum
1184 4080 1240 4110 pro
1280 4104 1282 4106 ,

259 4103 336 4134 rom„
350 4104 394 4134 ΙΙ.
412 4105 445 4134 P.
463 4107 512 4136 IV.

1812 4106 1837 4137 F
2269 4102 2340 4141 ⁶0⁷2}
