2562 4279
810 225 911 268 ET
975 227 1243 268 ACTA
1308 228 1785 280 PUBLICA.

92 309 168 341 Ann.
176 306 218 338 D.
229 309 433 351 praestolamur)
448 309 468 340 si
481 309 572 341 forsan
585 309 688 348 aliquid
704 309 783 348 snper
795 310 848 342 hac
862 312 978 343 materia
990 321 1026 343 ex
1038 321 1118 351 parte
1131 312 1286 343 Sanciitatis

119 354 202 387 1345·
228 349 330 382 vestrae
342 350 424 380 nobis
436 349 536 380 habeat
549 348 727 379 referendum
736 372 745 387 ,
763 349 893 381 duximus
907 351 1108 388 differendam,

90 391 156 415 ΞΜ.
175 396 202 424 3-
267 389 470 427 Qamobrem
483 387 626 417 Sanctitati
638 386 736 417 vestrae
751 390 852 419 votivo
866 389 1051 427 supplicamus
1072 388 1196 427 affeetu,
1215 399 1283 427 qua-

229 428 302 458 tinus
323 426 501 458 Dilationem
522 425 681 463 hujusmodi
701 427 894 464 aequanimiter
915 428 1033 458 tolerare
1051 427 1181 467 dignetur
1193 428 1284 457 vestra

230 465 390 496 moderatio
401 463 624 502 circumspecta,
642 473 708 494 nam
718 486 727 501 ,
744 464 839 495 audito
854 466 971 502 praefato
988 465 1227 504 Archiepiscopo,
1246 465 1284 495 fic

229 503 398 542 respondere
411 502 588 541 curabimus,
604 502 685 541 quod
697 502 786 533 nichil
796 504 880 533 nobis
894 503 929 533 ad
948 502 1062 541 culpam
1082 503 1180 535 debeat
1201 505 1287 534 ratio-

228 542 356 573 nabiliter
367 542 504 579 imputari.

267 578 425 611 Conservet
447 589 498 611 vos
519 578 692 617 Altiffimus,
709 579 743 610 ad
765 578 905 619 Regimen
928 579 1062 611 Ecclesiae
1082 580 1136 611 suae
1155 579 1287 618 Sandiae,

230 627 281 657 per
294 627 421 656 tempora
434 618 563 656 prospera
575 619 609 649 ὃς
624 618 759 657 longaeva.

270 655 340 688 Dat.
357 656 431 695 apud
444 656 748 694 Westmonasterium,
766 656 920 688 undecimo
934 657 979 688 die
994 657 1182 689 Novembris.

312 783 361 816 De
378 783 531 827 Receptore
548 783 701 815 Exituum
717 781 857 813 Damius
876 783 1033 814 Britannia
1050 780 1210 824 constituto.

90 868 219 948 Αἲξᾼὲ·
233 863 1113 942 ΚΕέῗῑῌὲᾏζῗΓὲῗοὸὧῑῗῖὲίἶῖῗἑῖἷὲἷῖἒὶῗξῗοῗῗῗεεὲἕὲξῗὲἷὲἰῗε’,
1121 866 1292 943 iiim:

89 952 142 975 An.
163 957 205 983 ¹9-
237 941 414 980 Senescallis,
440 940 678 978 Constabulariis‚
702 941 881 981 Castellanis,
908 942 1077 981 Praeposiiis‚
1095 942 1291 982 officialibus,

90 991 122 1013 Ξ.
143 995 168 1022 3.
238 981 413 1018 Maioribus,
437 979 563 1017 Ballivis‚
581 978 736 1019 Minffiris,
754 981 787 1011 ὃς
805 981 865 1012 aliis
886 981 1127 1020 quibuscumque,
1145 981 1180 1012 ad
1202 992 1293 1021 quos,

90 1029 226 1058 Franc.i9.
238 1021 299 1052 ὅτε.
319 1019 451 1049 Salutem.

93 1072 137 1098 ¹9·
152 1067 180 1090 Ε.
201 1071 227 1099 3.
276 1057 373 1087 Sciatis
386 1055 484 1094 quod,

87 1108 114 1137 p.
132 1110 159 1130 ε,
171 1110 208 1128 m.
278 1094 359 1125 Cum
395 1095 480 1125 bonae
495 1096 642 1126 memoriae
650 1118 660 1133 ,
673 1095 816 1133 Johannes
824 1121 834 1134 ,
846 1106 934 1135 nuper
947 1095 1018 1127 Dux
1030 1096 1177 1127 Britanniae
1188 1097 1221 1127 δε
1230 1095 1294 1127 Co-

90 1147 120 1176 5.
239 1143 299 1164 mes
312 1132 349 1163 de
363 1117 468 1164 Monte
481 1134 575 1172 Forti,
594 1135 623 1163 in
635 1133 823 1165 Testamento
835 1135 901 1173 suo,
920 1135 1090 1178 ordinaverit
1108 1134 1178 1165 Nos
1198 1135 1294 1165 Tuto-

236 1181 300 1202 rem
314 1172 348 1202 &
362 1170 535 1202 Curatorem
547 1172 683 1210 Johannis
692 1197 701 1210 ,
720 1172 782 1203 Filii
795 1174 828 1203 &
842 1172 973 1205 Haeredis
988 1173 1110 1213 ejusdem
1123 1173 1233 1213 Ducis,
1250 1174 1296 1203 iii-

235 1210 276 1240 fra
275 1218 404 1280 §etatem
418 1210 494 1242 &in
508 1209 647 1241 Custodia
659 1210 754 1242 nostra
778 1211 934 1251 existentis,

313 1259 345 1279 os

271 1287 321 1318 Ut
332 1272 429 1318 'I’'ut0r
443 1287 478 1318 &
491 1286 614 1318 Curator
626 1288 709 1326 ipsius
721 1287 909 1326 Haeredis,&
925 1288 1069 1319 Dominus
1082 1288 1214 1327 Superior
1228 1287 1294 1318 Du-

235 1324 315 1357 catus
330 1325 496 1363 Britanniae,
514 1326 550 1356 de
562 1327 644 1356 bono
657 1326 688 1356 R
725 1328 812 1357 iinine
825 1326 946 1366 ejusdem
962 1327 1108 1365 Haeredis,
1123 1329 1181 1365 jam
1204 1326 1296 1356 Ducis

234 1363 401 1401 Britanniae,
420 1364 454 1394 &
475 1364 601 1395 Comitis
621 1364 657 1394 de
715 1374 783 1396 onte
807 1365 905 1404 Forti,
922 1376 954 1395 ac
971 1365 1118 1396 Bonorum
1133 1367 1165 1396 ὃς
1183 1365 1295 1408 Rerum

236 1402 347 1433 suarum
367 1402 483 1439 soliciti,
501 1403 535 1433 &
557 1402 593 1433 de
614 1402 778 1443 Fidelitate‚
794 1403 890 1434 dilecti
906 1403 1014 1435 Clerici
1040 1403 1147 1442 nostri,
1160 1402 1298 1442 johannis

236 1440 274 1472 de
288 1440 441 1471 Charveles
454 1441 564 1478 plenius
578 1441 769 1480 confidentes,

274 1478 485 1509 constituimus
504 1479 594 1517 ipsum
615 1479 811 1518 Receptorem
835 1480 968 1511 omnium
996 1479 1130 1510 Exituum
1144 1505 1153 1518 ,
1190 1479 1300 1510 Reddi-

238 1525 338 1555 tuum,
356 1519 389 1548 ὃς
404 1516 621 1556 Proficuorum,
639 1519 698 1549 tam
713 1518 782 1550 dieti
798 1517 945 1558 Ducatus‚
958 1519 991 1550 ὅ(
1005 1519 1122 1549 aliarum
1137 1518 1300 1555 Terrarum,

261 1566 303 1587 uae
316 1557 379 1587 sunt
391 1555 428 1586 de
439 1555 612 1587 Haereditate
625 1556 747 1595 ejusdem
765 1556 912 1595 Haeredis,
931 1558 1017 1595 quam
1040 1556 1245 1587 Custumarum
1265 1557 1299 1599 &-

237 1566 434 1631 Reddituum,
454 1604 526 1632 quos
540 1595 631 1625 dictus
648 1594 717 1626 Dux
733 1595 880 1626 Britanniae
894 1595 967 1633 apud
981 1595 1187 1634 Burdegaham,
1205 1595 1238 1625 &
1253 1595 1301 1624 ali-

239 1633 271 1663 bi
285 1634 314 1663 in
328 1632 482 1670 vasconia,
499 1633 535 1664 de
549 1633 698 1672 Navibus,
716 1633 821 1664 ibidem
837 1635 969 1672 careatis,
986 1635 1129 1672 percipere
1141 1633 1240 1671 debet,

277 1670 318 1701 Ita
333 1671 413 1710 quod
428 1670 503 1701 idem
511 1671 673 1710 Johannes,
691 1672 727 1702 de
740 1673 873 1703 omnibus
885 1672 1013 1702 Exitibus
1027 1672 1182 1710 praedidtis,
1200 1671 1283 1701 nobis
1292 1694 1302 1709 ,

238 1717 271 1740 ut
286 1710 391 1740 Tutori
407 1710 440 1740 &
455 1708 587 1740 Curatori
601 1711 728 1747 praediciti
740 1710 886 1748 Haeredis,
901 1710 1026 1740 Fidelem
1041 1710 1223 1748 Compotum
1237 1709 1303 1739 red-

239 1747 304 1786 dat,
323 1748 357 1778 &
371 1747 455 1785 inde,
472 1748 506 1779 ad
521 1748 657 1780 Mandata
671 1748 765 1779 nostra
775 1772 785 1787 ,
803 1749 887 1786 plene
901 1749 1063 1786 respondeat
1077 1757 1162 1787 prout
1176 1748 1268 1778 decet.

276 1785 311 1816 In
327 1786 422 1825 cujus,
440 1788 501 1816 &c.
521 1787 654 1824 quamdiu
669 1787 744 1825 Regi
758 1788 890 1825 placuerit
904 1787 1052 1817 duraturas.

314 1823 384 1856 Dat.
403 1824 477 1862 apud
490 1824 797 1863 westmonasterium,
815 1825 929 1856 decimo
944 1827 1043 1864 quinto
1056 1825 1101 1855 die
1114 1825 1305 1856 Novembris.

932 1904 986 1931 Per
1000 1900 1081 1941 ipfitm
1095 1905 1200 1939 Regem.

98 2029 231 2067 ‘*V.484.
388 2022 417 2049 ᾖ
443 2024 501 2059 Ad
517 2024 725 2059 vastandum
740 2038 809 2059 cnm
827 2024 986 2073 Republica
1006 2023 1163 2071 Janucnst.

98 2117 176 2149 Αῃῃ,
192 2116 235 2148 D,
250 2110 369 2166 REX
382 2111 533 2149 omnibus,
551 2110 585 2142 ad
599 2121 669 2149 quos
679 2134 688 2150 ,
705 2113 765 2143 &c
785 2112 920 2142 Salutem.
1113 2150 1117 2155 .

119 2164 204 2196 1345,
349 2149 398 2181 De
420 2149 563 2181 Fidelitate
584 2150 618 2181 ὃ(
639 2148 902 2188 Circumspectione
922 2149 1059 2189 provida,
1078 2148 1258 2179 Dilec‘torum
1273 2149 1307 2179 δε

99 2199 154 2224 An,
175 2205 216 2231 ¹9,
249 2184 390 2219 Fidelium
403 2188 588 2226 nostrorum,
606 2188 760 2220 Nicholini
776 2189 812 2219 de
824 2189 930 2226 Flisco,
947 2190 981 2220 &
1000 2189 1122 2219 Antonii
1146 2187 1223 2218 Usus
1242 2187 1309 2218 Ma-

99 2238 132 2262 Ε.
153 2243 178 2271 3.
249 2224 301 2263 ris,
322 2227 431 2265 plenius
449 2226 637 2264 confidentes,
1269 2264 1274 2269 ι
1290 2264 1295 2269 ¹

99 2276 236 2308 Franc.i9.
284 2264 333 2296 Ad
352 2265 551 2296 Tractandum
572 2266 606 2297 &
625 2266 874 2296 Concordandum
896 2275 965 2296 cum
986 2265 1173 2303 Consulibus,
1190 2262 1311 2294 Nobili-

100 2315 233 2348 13·3-P·²·
247 2301 317 2342 bus,
335 2304 369 2336 &
390 2304 464 2343 aliis,
490 2303 619 2335 Civitatis
637 2305 670 2335 ὃς
695 2304 843 2335 Potestatis
857 2304 1058 2343 januensium,
1081 2303 1161 2347 super
1179 2302 1308 2346 Ligis'&

100 2359 139 2377 m.
153 2358 182 2386 4„
248 2340 389 2374 Amicitiis
407 2341 515 2381 solidis,
529 2344 602 2373 inter
621 2353 675 2374 nos
694 2344 729 2374 &
748 2344 821 2381 ipsos
841 2343 985 2381 ineundis,
1011 2344 1045 2374 &
1067 2350 1171 2372 mutuis
1192 2340 1310 2371 Auxiliis

247 2377 397 2412 hincinde
412 2380 591 2419 praestandis,
1136 2414 1154 2424 ,ᾗ
1178 2418 1183 2424 ·
1290 2417 1296 2424 ¹

286 2418 475 2451 Libertatibus
487 2419 520 2450 δε
535 2419 780 2457 Immunitatibus,
799 2419 856 2450 five
870 2417 1042 2458 Privilegiis,
1060 2418 1237 2449 Hominibus
1258 2417 1312 2448 Ci-

247 2458 339 2495 vitatis
354 2458 388 2490 &
403 2457 552 2489 Potestatis
562 2457 745 2497 januensium
757 2468 806 2497 per
821 2458 908 2497 Nos,
926 2458 998 2488 infra
1012 2457 1185 2488 Dominium
1201 2458 1234 2488 &
1252 2456 1311 2487 Po-

246 2495 374 2527 testatem
387 2497 498 2535 nostra,
515 2497 706 2527 concedendis
713 2520 724 2536 ,

286 2533 419 2565 Necnon
438 2536 474 2566 de
490 2536 626 2566 omnibus
646 2535 702 2566 aliis
715 2560 724 2573 ,
751 2543 884 2566 mutuum
907 2533 1109 2566 Commodum
1132 2533 1220 2564 nostri
1241 2558 1250 2572 ,
1276 2533 1310 2563 &

247 2571 436 2603 Subditorum
456 2573 635 2613 nostrorum,
653 2584 686 2604 ac
706 2574 874 2604 Hominum
897 2573 1026 2604 Civitatis
1050 2574 1082 2604 ὃς
1098 2572 1244 2603 Potestatis
1262 2571 1311 2611 Ja-

249 2610 398 2641 nuensium
411 2612 607 2649 praedieiarum
616 2637 626 2651 ,
640 2614 897 2650 concernentibus,
917 2612 1068 2650 faciendis,

288 2647 328 2679 Et
339 2648 374 2678 ad
386 2659 434 2686 oa,
453 2659 518 2687 quae
533 2650 571 2680 fic
584 2651 717 2681 Trac'tata
738 2651 772 2681 ὅτ.
791 2650 975 2682 Concordata
995 2651 1115 2688 fuerint,
1134 2648 1312 2688 quacumque

249 2685 404 2718 Securitate
417 2686 586 2718 firmandum
600 2689 633 2719 &
647 2689 841 2719 roborandum
850 2713 860 2727 ,

288 2724 401 2763 Dictis,
420 2725 584 2755 Nicholino
598 2728 631 2755 &
647 2726 794 2765 Antonio,
812 2724 845 2757 &
863 2737 964 2756 eorum
978 2726 1069 2765 alteri,
1087 2726 1214 2765 plenam,
1232 2733 1314 2756 teno-

250 2771 281 2792 re
292 2763 468 2799 praesentium
478 2785 488 2798 ,
501 2762 600 2793 damus
613 2763 646 2793 &
659 2765 843 2794 concedimus
856 2764 1028 2795 Potestatem
1037 2788 1046 2804 ,

288 2800 398 2831 Rarum
413 2801 446 2831 ὅ(
461 2799 585 2830 Gratum
599 2801 719 2830 habituri
735 2802 872 2839 quicquid
888 2812 936 2837 per
956 2803 1044 2839 ipsos,
1061 2801 1255 2832 Nicholiiitim
1279 2803 1313 2833 ὃς

252 2837 432 2877 Antonium,
455 2838 501 2869 vel
520 2848 635 2876 eorum,
659 2838 845 2878 Trad’tatum‘,
872 2838 1110 2877 Concordatum,
1136 2840 1312 2878 Firmatum,

253 2877 288 2909 δί
302 2876 410 2907 Αᾶὶυιῃ
422 2877 547 2907 fueritin
564 2876 716 2915 praemiffis.

289 2914 362 2984 Dalii
377 2915 638 2993 itriljlgzl’laigichegis
650 2952 778 2984 Westm.
794 2953 911 2985 decimo
926 2955 1026 2992 quinto
1041 2954 1086 2985 die
1098 2954 1288 2986 Novembris.

387 3077 496 3120 Bulla,
515 3076 607 3123 fhper
625 3075 838 3110 Cardinalibus
847 3087 902 3123 pro
917 3077 1065 3110 Tranatu
1080 3081 1177 3112 Pacis.

111 3167 188 3200 Αῃῃ,
200 3166 243 3198 1),
261 3161 443 3225 CLemens
456 3162 628 3200 Episcopus,
646 3162 747 3194 Servus
764 3162 920 3193 Servorum
935 3162 1009 3201 Dei,
1028 3162 1145 3194 Dile&o
1160 3162 1314 3202 Fili0,Jo-

139 3216 224 3246 1345,
336 3201 421 3232 hanni
435 3200 471 3230 de
483 3202 656 3240 Thoresby,
675 3201 798 3232 Salutem
811 3203 844 3232 ὅ(
860 3201 1055 3239 Apostolicam
1071 3201 1313 3233 Benedifflonem.

109 3251 163 3274 An.
183 3256 224 3281 ¹9-
297 3239 377 3270 Sicut
392 3239 513 3277 provida
526 3241 560 3270 δε
574 3239 680 3270 matura
695 3239 896 3270 deliberatione
910 3239 1019 3277 pridem
1036 3250 1085 3277 per
1107 3239 1174 3270 Nos
1193 3241 1227 3271 &
1249 3241 1272 3270 F
1273 3251 1314 3271 ra-

108 3289 141 3312 E.
163 3294 190 3321 3,
260 3286 315 3310 tres
334 3277 462 3315 nostros,
480 3285 511 3308 ut
532 3285 578 3308 tua
601 3288 659 3308 non
673 3279 937 3317 ignoratDiscretio
971 3279 1059 3309 extitit
1071 3278 1246 3316 ordinatum,
1266 3289 1315 3310 ec-

111 3327 152 3350 Ix
164 3326 221 3352 Au·
260 3316 308 3349 ce!
330 3316 426 3355 quod,
440 3316 637 3347 Venerabilem
658 3316 802 3356 Fratrem,
828 3301 1020 3355 Anibaldum‚
1047 3316 1220 3355 Episcopum
1240 3317 1316 3348 Tus-

260 3355 436 3386 culanensem
475 3355 526 3392 ὃς,
551 3354 686 3385 dilectum
708 3355 829 3393 Filium,
855 3355 966 3387 nostros
1008 3355 1199 3394 Stephanum,
1224 3356 1315 3387 Tituli

257 3393 429 3424 Sandiorum
456 3393 573 3424 ohannis
589 3395 623 3424 ὃς
638 3392 718 3423 Pauli
735 3394 943 3433 presbiterum,
989 3394 1120 3424 ardinales
1139 3393 1315 3432 Apostolicae

259 3431 338 3463 Sedis
354 3432 504 3469 Nuncios,
521 3431 572 3469 ad,
589 3431 797 3463 carissimorum
813 3433 841 3462 in
857 3432 973 3463 Christo
988 3432 1125 3463 Filiorum
1138 3432 1316 3472 nostrorum,

259 3471 383 3509 Philippi
403 3470 545 3509 Franciae,
563 3471 596 3501 ὃς
617 3469 747 3501 Edwardi
769 3470 896 3511 Angliae,
914 3471 1034 3507 Regum
1056 3470 1225 3509 illustrium,
1244 3481 1316 3509 prae-

258 3509 392 3547 sentiam,
416 3516 469 3546 pro
488 3508 626 3540 Tractatu
647 3508 729 3540 Pacis
747 3510 818 3540 inter
840 3519 906 3547 eos,
933 3509 1030 3540 adtore
1052 3509 1207 3549 Domino,
1225 3511 1316 3541 refor-

258 3547 387 3586 mandae,
404 3548 528 3578 invicem
542 3546 726 3585 destinamus,

297 3585 446 3623 Rogantes
466 3585 675 3616 Discretionem
697 3595 790 3624 tuam,
815 3586 848 3617 ὃ(
869 3585 1010 3616 hortantes
1034 3587 1140 3616 attente
1156 3609 1165 3624 ‚
1188 3587 1317 3624 quatinus

259 3624 363 3656 eisdem
377 3623 570 3657 Cardinalibus
585 3624 735 3655 efficaciter
749 3626 781 3656 δε
796 3633 953 3654 reverenter
966 3624 1045 3662 super
1062 3624 1211 3663 praedietis,
1232 3635 1317 3663 prout

110 3368 174 3399 ngr.

258 3664 343 3694 fuerit
354 3670 545 3701 oportunum,
562 3662 661 3693 assistas
674 3663 762 3694 taliter
776 3663 997 3693 solicitudinibus
1017 3663 1154 3700 operosis,
1173 3663 1253 3700 quod
1273 3665 1317 3693 in-
1362 3666 1366 3667 ⁷

260 3702 299 3733 de
314 3702 490 3739 consequaris
503 3711 518 3731 a
532 3700 668 3732 Domino
691 3701 848 3739 Meritum,
863 3702 896 3733 ὅ(
914 3711 929 3731 a
950 3701 1032 3731 nobis
1054 3701 1251 3732 commendari
1269 3713 1318 3733 va-

260 3740 316 3771 leis
330 3749 390 3770 non
403 3740 527 3779 indigne.
1193 3778 1198 3783 .
1265 3778 1272 3783 ι

299 3778 389 3816 Sane,
407 3779 471 3816 quia
484 3778 599 3815 praefato
614 3777 759 3809 Anibaldo
779 3776 922 3815 Episcopo
944 3777 1073 3815 quaedam
1092 3777 1241 3815 specialiter
1263 3787 1319 3808 im-

261 3817 422 3854 posuimus,
437 3816 530 3847 eidem
544 3816 714 3847 Discretioni
727 3824 782 3846 tuae
795 3817 885 3846 verbo
900 3823 979 3846 tenus
991 3815 1152 3852 explicanda
1161 3838 1171 3853 ,
1183 3815 1318 3847 Precibus

261 3855 364 3885 nostris
375 3855 509 3885 adicimus
523 3863 553 3886 ut
568 3855 661 3885 eidem
676 3854 776 3885 Fidem
790 3854 920 3884 adhibeas
934 3854 1076 3884 credulam
1091 3853 1170 3891 super
1183 3855 1229 3884 eis.

300 3891 530 3972 Dat.QAvinion.
554 3893 674 3932 septimo
695 3892 761 3925 Kal.
783 3893 956 3925 Decembris
969 3915 980 3931 ,
1013 3891 1201 3923 Pontificatus
1228 3892 1317 3924 nostri

265 3928 355 3962 Anno
402 3940 490 3964 uarto.

896 3968 950 4000 Sub
957 3967 1019 4010 filis
1034 3968 1215 4000 cannabaceis.

2308 249 2384 295 189

2392 355 2465 385 Ami.
2483 351 2526 386 ἶ).>

2414 403 2496 444 1545-
2522 424 2524 427 .

1426 404 1515 435 Balla
1526 431 1535 446 ,
1559 404 1595 437 de
1612 409 1775 451 Provifione
1791 409 1834 443 ad
1849 413 2007 456 Ecclqfiam
2027 417 2266 462 [Vintoniensbm-
2390 436 2446 459 E„
2480 444 2506 465 ς,

1387 485 1512 553 Lfiemens
1524 487 1697 556 Egiscopus,
1715 493 1816 539 Servus
1829 495 1982 540 Servorum
1999 498 2073 538 Dei,
2091 501 2232 532 carissimo
2247 503 2276 531 in
2290 502 2375 533 Chri·
2392 500 2443 524 Aa.
2465 508 2506 532 Ι9-

1339 563 1343 567 ,
1427 535 1446 553 o
1462 525 1533 570 Filio
1564 528 1704 571 divanio,
1720 531 1798 570 Regi
1812 534 1924 573 Angliae
1935 535 2050 575 Illustri,
2067 538 2190 570 Salutem
2206 541 2238 571 ὃς
2250 541 2376 578 Aposto-
2392 540 2422 561 E.
2444 545 2468 571 3-

1327 562 1410 592 licam
1426 562 1666 596 Benedidlionem.
2394 579 2431 601 Er·
2448 577 2504 599 Au-

1364 599 1509 644 Inamore
1522 605 1657 648 virtutum
1667 628 1676 643 ,
1688 607 1721 636 &
1737 608 1843 639 illarum
1858 612 1987 646 operibus
1998 613 2070 643 circa
2085 613 2221 646 Ecclesias
2233 618 2266 647 &
2280 627 2375 648 earum
2392 620 2456 647 ΜΨ·

1327 638 1496 684 Ministros,
1510 642 1661 678 praesertim
1681 644 1836 686 Pontificali
1857 647 2002 686 Dignitate
2029 652 2173 690 preditos,
2191 655 2378 686 favorabiliter

1327 678 1501 715 exercendffi,
1520 680 1601 710 decet
1615 680 1817 713 Cellirudiriem
1832 684 1955 722 Regiam
1971 689 1996 718 ie
2009 689 2110 720 habere
2123 695 2258 723 continue
2273 693 2379 724 studio—

1277 735 1283 737 -
1327 715 1404 752 sam,
1423 718 1546 746 maxime
1561 729 1627 748 cum
1643 729 1675 748 ex
1688 721 1744 750 hoc
1758 724 1798 759 ei,
1817 725 2021 764 proculdubio,
2041 727 2246 762 Bsicdictionis
2259 730 2376 762 Divinae

1328 755 1494 793 praemium,
1513 757 1546 786 ὃς
1559 757 1690 788 liumaiiae
1707 759 1791 790 liudis
1803 764 1979 798 praeconium
1994 768 2156 803 acquiratur.

1351 791 1488 837 ‘Dudum
1503 793 1662 840 siquidem,
1682 797 1768 840 borist:
1790 803 1955 843 memoriae,
1979 803 2071 834 Adam
2095 804 2236 844 Episcopo
2258 808 2378 839 NVinto-

1328 834 1414 861 nienli
1434 831 1578 871 Regimini
1599 834 1805 867 VVintoniensis
1824 837 1893 868 12ch

1461 871 1465 876 ¹
1897 840 1956 869 esiae
1978 842 2157 882 praesidente,
2179 846 2263 884 Nos,
2288 849 2379 877 interi-

1330 869 1427 914 dentes
1441 871 1532 900 eidem
1549 871 1695 911 Ecclesiae,
1715 884 1783 904 cum
1798 885 1926 916 vacaret,
1940 888 1988 915 per
2001 880 2173 917 Apostolicae
2189 883 2266 914 Sedis
2277 884 2380 915 Provi-

1330 907 1469 952 dentiam,
1486 909 1624 954 ydoneam
1637 913 1752 956 praeesse
1765 913 1917 945 Personam
1926 940 1935 953 ,
1948 916 2143 949 Provisionem
2157 922 2236 960 ipsius
2249 923 2382 953 Ecclesiae

1333 946 1537 978 Wintoniensis
1548 949 1720 986 dispolitioni
1734 951 1838 982 nostrae
1853 953 1984 985 duximus
2005 956 2154 994 specialiter
2176 961 2382 999 reservandam,

1331 984 1511 1017 decernentes
1527 996 1628 1017 exrunc
1641 990 1749 1019 irritum
1761 991 1794 1020 &
1806 992 1888 1021 inane
1903 992 1922 1022 si
1937 993 2013 1023 secus
2028 995 2106 1032 super
2119 997 2169 1026 hiis
2183 1009 2231 1036 per
2254 1001 2272 1019 θ’
2296 1011 2382 1038 quos-

1331 1032 1462 1091 ctunque,
1482 1027 1582 1068 'quavis
1603 1027 1785 1067 auctoritate,
1810 1029 1925 1061 scienter
1942 1032 1987 1062 vel
2006 1033 2182 1074 ignoranter,
2202 1039 2382 1076 contingeret

1332 1071 1347 1090 a
1360 1070 1496 1099 temptari.

1370 1100 1565 1144 Postmodum
1578 1105 1649 1133 vero
1658 1125 1668 1141 ,
1686 1104 1800 1148 praefata
1814 1105 1957 1149 Ecclesia,
1976 1118 2025 1146 per
2039 1110 2152 1141 obitum
2167 1113 2289 1150 ejusdem
2303 1115 2384 1154 Adae,

1335 1147 1383 1182 qui
1404 1139 1661 1186 exrraquanam
1677 1141 1793 1186 Curiam
1812 1144 1887 1175 diem
1901 1146 1996 1177 clausit
2015 1157 2189 1188 extremum,
2208 1151 2328 1183 Pastoris
2341 1154 2385 1183 so-

1334 1176 1401 1206 latio
1423 1177 1552 1223 destituta
1563 1201 1572 1215 ,
1596 1189 1671 1222 nos,
1695 1179 1850 1212 Vacatione
1871 1184 2028 1222 hujusmodi
2043 1186 2188 1225 fidedignis
2201 1191 2328 1221 relatibus
2344 1193 2387 1221 in-

1336 1215 1447 1259 telle&a
1460 1239 1469 1254 ,
1495 1216 1529 1247 ad
1550 1217 1744 1248 Provilionem
1766 1219 1847 1257 ipsius
1870 1220 2002 1253 Eccleliae
2023 1226 2142 1255 celerem
2156 1228 2190 1258 ὃς
2202 1228 2332 1268 felicem,
2349 1230 2386 1260 de

1338 1263 1393 1297 qua
1405 1255 1494 1284 nullus
1509 1265 1611 1292 praeter
1619 1256 1705 1295 Nos,
1724 1256 1757 1287 ea
1772 1259 1848 1296 vice,
1867 1260 1893 1289 se
1907 1261 2092 1294 intromittere
2108 1274 2231 1304 poterat,
2248 1267 2385 1298 Reserva-

1337 1299 1414 1321 tione
1435 1293 1468 1323 &
1488 1293 1617 1324 Decreto
1639 1295 1797 1333 hujusmodi
1819 1297 2036 1338 obsistentibus,
2063 1313 2098 1332 ne
2112 1304 2166 1339 ipsa
2181 1305 2386 1336 Wintoniensis

1338 1330 1462 1374 Ecclesia
1480 1331 1574 1371 longae
1595 1333 1754 1364 Vacationis
1773 1336 1966 1367 incommodis
1987 1347 2172 1377 exponeretur
2186 1365 2195 1380 ,
2220 1346 2338 1380 paternis
2351 1346 2386 1376 ὃς

1338 1369 1448 1412 solicitis
1464 1369 1559 1400 studiis
1571 1372 1758 1410 intendentes,
1777 1374 1810 1404 ὃς
1825 1376 1967 1411 cupientes
1978 1376 2070 1407 eidem
2078 1378 2209 1410 Ecclesia:
2225 1382 2306 1411 talem
2316 1393 2387 1420 prae-

1338 1406 1567 1450 essePersonam
1581 1434 1607 1452 ,ἡ
1617 1420 1681 1448 quae
1701 1411 1781 1442 sciret
1796 1434 1805 1450 ,
1831 1413 1913 1444 vellet
1928 1436 1937 1452 ,
1958 1416 1993 1445 &
2013 1417 2103 1452 pollet
2117 1427 2178 1448 earn
2194 1420 2356 1456 praeservare
2371 1432 2387 1452 a

1339 1455 1432 1475 noxiis
1454 1447 1487 1477 &
1507 1447 1622 1478 adversis
1637 1472 1646 1486 ,
1671 1459 1704 1480 ac
1721 1450 1751 1479 in
1761 1450 1812 1481 suis
1825 1454 2143 1494 inanutenereJuribus,
2160 1457 2192 1487 ὃς
2209 1459 2292 1487 eriam
2306 1459 2391 1490 adau-

1338 1493 1423 1521 gere,
2129 1512 2131 1514 -

1378 1522 1446 1566 Post
1462 1522 1692 1555 deliberationem
1728 1536 1811 1568 quam
1825 1527 1903 1564 siiper
1917 1529 1968 1559 hiis
1983 1541 2050 1560 cum
2072 1531 2211 1563 Fratribus
2225 1533 2326 1564 nostris
2341 1535 2391 1565 ha-

1340 1561 1471 1598 buimus,
1489 1562 1625 1607 demum,
1640 1564 1674 1606 ad
1687 1550 1824 1595 dilectum
1838 1565 1956 1604 Filium,
1974 1568 2163 1600 Willielmum
2177 1572 2213 1602 de
2220 1572 2391 1612 Edyngdon,

1342 1598 1474 1642 medium
1487 1600 1732 1640 VVintonieniem,
1750 1602 1932 1635 Canonicum
1947 1606 2170 1639 Saresbiriensem
2185 1633 2195 1648 ,
2213 1612 2241 1640 in
2255 1611 2391 1642 Sacerdo-

1343 1645 1384 1667 [ιο
1405 1637 1589 1669 constitutum
1604 1663 1613 1678 ,
1638 1640 1803 1671 Litterarum
1821 1643 1933 1674 scientia
1954 1645 2121 1685 praeditum,
2142 1648 2259 1678 Morum
2275 1651 2308 1680 ὃ(
2323 1651 2391 1680 vitae

1342 1675 1488 1719 honestate
1502 1676 1660 1716 decorum,
1677 1680 1705 1708 in
1720 1680 1910 1716 Spiritualibus
1932 1684 2100 1722 providum,
2118 1687 2151 1716 ὅ(
2166 1688 2193 1715 in
2208 1688 2392 1726 Temporali-

1343 1714 1664 1757 bus-circumspeetum,
1682 1727 1714 1748 ac
1727 1719 1784 1748 aliis
1799 1720 1934 1750 virtutum
1948 1724 2068 1760 meritis,
2084 1734 2169 1760 prout
2182 1725 2346 1756 testimonio
2360 1726 2392 1756 fi-

1342 1751 1530 1791 dedignorum
1553 1757 1729 1794 accepimus,
1748 1756 2124 1799 multipliciterinlignitum,
2143 1763 2276 1794 intuitum
2291 1765 2395 1795 direxi-

1343 1800 1405 1821 mus
1420 1792 1523 1822 nostrae
1539 1795 1655 1832 mentis,

1384 1830 1498 1874 Qibus
1516 1832 1649 1863 omnibus
1672 1831 1766 1863 debita
1781 1833 1962 1866 meditatione
1980 1836 2111 1876 pensatis,
2129 1838 2164 1869 de
2179 1838 2300 1871 Persona
2314 1841 2396 1878 ipsius

1347 1866 1498 1898 wiliielmi
1524 1869 1616 1900 eidem
1644 1870 1778 1901 Eccleiiae
1802 1873 1995 1905 Wintonienii
2014 1899 2024 1912 ,
2047 1876 2083 1906 de
2103 1876 2246 1908 dictorum
2268 1878 2397 1910 Fratrum

1348 1904 1477 1949 Consilio
1491 1931 1504 1951 ³.
1526 1908 1705 1939 Audioritate
1726 1909 1893 1947 Apostolicssa
1907 1934 1916 1950 ,
1941 1913 2134 1952 providimus,
2153 1915 2242 1953 ipsum
2267 1927 2301 1946 ue
2318 1917 2395 1947 Wil-

1346 1943 1476 1974 lielmum
1498 1945 1536 1977 illi
1558 1947 1735 1984 praefecimus
1759 1949 1788 1977 in
1808 1949 1981 1988 Episcopum
2005 1953 2037 1983 ὃς
2058 1952 2220 1991 Pastorem,
2239 1926 2347 1985 Curam
2362 1956 2396 1986 δε

1348 1982 1629 2028 Administrationem
1643 1986 1725 2023 ipsius
1739 1986 1829 2017 eidem
1844 1988 2002 2020 &Villielmo
2017 1991 2046 2019 in
2060 1991 2279 2030 Temporalibus
2293 1994 2326 2024 &
2335 1994 2400 2031 Spi-

1346 2021 1488 2053 ritualibus
1504 2023 1626 2060 plenarie
1642 2025 1854 2056 committendo
1868 2039 1878 2064 3
1902 2028 1930 2057 in
1946 2028 2010 2064 illo,
2029 2030 2076 2066 qui
2091 2029 2136 2060 dat
2152 2032 2251 2067 gratias
2268 2032 2301 2062 ἅτ
2316 2032 2398 2071 largi-

1348 2068 1393 2104 tur
1409 2063 1523 2098 praemia
1537 2085 1546 2100 ,
1571 2062 1745 2092 confidentes
1767 2064 1846 2101 quod
1858 2065 1955 2095 eadem
1972 2067 2175 2098 Wintoniensis
2188 2068 2329 2107 Ecclesia,
2347 2072 2399 2102 sub

1347 2098 1429 2143 ipsius
1442 2099 1592 2145 willielmi
1606 2101 1680 2131 felici
1695 2100 1868 2141 Regimine,
1887 2103 1986 2135 Gratia
2002 2105 2094 2136 eidem
2103 2106 2262 2138 willielmo
2275 2108 2400 2139 assisten-

1348 2144 1377 2180 te
1391 2137 1488 2182 divina
1501 2162 1511 2176 ,
1536 2139 1666 2177 prospere
1679 2139 1815 2177 dirigetur
1830 2165 1840 2180 ,
1858 2143 1891 2173 ὃς
1905 2142 2036 2182 salubria,
2052 2144 2135 2175 dante
2151 2144 2305 2185 Domino,
2319 2148 2402 2179 susci—

1347 2184 1406 2213 piet
1419 2186 1600 2208 incrementa.

1386 2213 1466 2245 Cum
1481 2216 1580 2253 icitur,
1597 2224 1628 2247 ut
1643 2216 1718 2247 idem
1731 2217 1902 2249 Willielmus
1914 2218 2028 2250 Uedius
2041 2221 2070 2250 in
2085 2222 2239 2253 exercenda
2250 2223 2334 2254 didiae
2343 2224 2401 2255 Ec-

1349 2253 1439 2284 clesiae
1460 2240 1709 2286 Administratione
1731 2257 1837 2288 facilius
1858 2258 1995 2295 proficere
2014 2259 2117 2298 valeat,
2135 2261 2215 2292 favor
2228 2261 2332 2302 Regius
2347 2263 2399 2294 sibi

1349 2291 1407 2322 effe
1420 2291 1549 2337 noscatur
1564 2293 1720 2331 plurimum
1737 2305 1907 2335 oportunus,

1387 2330 1570 2362 Serenitatem
1592 2332 1714 2370 Regiam
1734 2343 1864 2373 rogamus
1882 2336 1916 2366 &
1939 2334 2085 2367 hortamur
2105 2339 2209 2368 attente
2223 2363 2233 2378 ,
2258 2341 2404 2379 quatinus,

1351 2368 1475 2399 eundern
1497 2369 1629 2401 Electum
1651 2371 1685 2402 δε
1706 2372 1886 2403 commissam
1908 2373 1959 2404 sibi
1974 2373 2129 2406 Ecclesiam
2143 2376 2266 2416 habens,
2284 2387 2337 2416 pro
2349 2388 2406 2409 no-

1344 2407 1408 2445 stra
1427 2409 1460 2439 &
1479 2408 1655 2446 Apostolicae
1671 2409 1747 2440 Sedis
1761 2411 1932 2450 reverentia,
1950 2413 2112 2451 propensius
2127 2416 2357 2455 commendatos,
2373 2419 2404 2447 in

1352 2446 1514 2483 ampliandis
1527 2449 1560 2478 &
1576 2448 1769 2479 conservandis
1779 2449 1893 2488 Juribiis
1908 2450 1958 2480 suis
1975 2459 2002 2481 te
2016 2451 2110 2482 reddas
2125 2453 2185 2490 ipsis
2201 2454 2404 2494 favorabilem,

1353 2485 1386 2516 ὃς
1405 2485 1433 2514 in
1454 2486 1562 2515 cunetis
1579 2489 1815 2523 oportunitatibus
1835 2488 1984 2527 gratiosum
1996 2501 2010 2527 >3
2029 2492 2064 2520 ita
2079 2492 2159 2528 quod
2176 2492 2253 2522 idern
2268 2493 2404 2533 Eleous,

1353 2531 1410 2553 tuae
1430 2522 1607 2555 Celfitudinis
1633 2524 1717 2556 fultus
1739 2526 1870 2563 Auxilio,
1890 2528 1917 2556 in
1933 2529 2098 2559 executione
2112 2531 2254 2560 commisti
2271 2531 2404 2562 Ecclefiae

1352 2561 1496 2605 praedietae
1519 2562 1679 2600 Regiminis
1695 2586 1703 2600 ,
1729 2563 1812 2602 possit
1826 2587 1836 2602 ,
1863 2564 1932 2595 Deo
1954 2568 2077 2603 propitio
2092 2591 2101 2604 ,
2119 2569 2287 2607 prosperari,
2303 2580 2335 2600 ac
2351 2571 2404 2600 tibi

1351 2600 1450 2630 exinde
1464 2611 1479 2630 a
1495 2599 1562 2631 Deo
1574 2603 1701 2638 perennis
1716 2604 1783 2633 vitae
1796 2604 1958 2643 retributio,
1976 2605 2010 2635 &
2025 2615 2040 2634 a
2053 2607 2136 2635 nobis
2148 2608 2287 2646 condigna
2302 2618 2406 2646 prove-

1352 2639 1409 2668 niat
1426 2639 1501 2669 aetio
1517 2641 1674 2677 gratiarum.

1388 2676 1456 2706 Dat.
1473 2677 1607 2709 Avinion.
1627 2680 1726 2717 quinto
1740 2678 1781 2709 Id.
1800 2679 1973 2711 Decembris
1986 2705 1996 2719 ,
2014 2680 2200 2713 Pontificatus
2215 2683 2302 2714 nostri
2315 2683 2405 2715 Anno

1352 2714 1475 2753 Qiarto.

2399 1003 2533 1039 *V.485,

1935 2756 2024 2794 &gillo
2037 2758 2138 2798 amalfi.

2035 2836 2067 2863 P.
2085 2835 2116 2864 de
2129 2835 2212 2865 faiel.

1669 2915 1704 2922 -φ

1376 2975 1423 3006 Dc·
1440 2971 1613 3007 imendendo
1632 2976 1742 3006 Comiti
1755 2973 1990 3020 Norhamptoniae
2009 2979 2233 3011 Locumtencmi
2252 2983 2338 3026 Regis
2352 2984 2383 3014 in

1799 3025 1970 3058 Britannia.

1355 3115 1500 3173 REX,
1520 3115 1638 3146 Dilecto
1663 3114 1778 3147 Clerico
1800 3117 1849 3147 suo
1863 3141 1872 3155 ,
1892 3117 2015 3155 johanni
2030 3118 2065 3149 de
2082 3118 2232 3159 Charnels,
2252 3121 2406 3162 Receptori
2428 3113 2554 3147 Anss-Dss

1428 3155 1527 3185 nostro
1540 3156 1568 3184 in
1582 3154 1697 3184 Ducatu
1713 3154 1877 3193 Bi·itanniae‚
1896 3156 2026 3186 Salutem.
2445 3161 2530 3191 1345.

1394 3193 1564 3224 Massdssmsss
1577 3193 1658 3223 VOblS
1669 3217 1678 3229 ‚
1698 3192 1816 3223 firmiter
1835 3195 2023 3233 injungentes,
2040 3195 2137 3233 quod,
2154 3195 2259 3227 dilcdo
2276 3196 2404 3228 Consan-
2427 3196 2477 3218 Aa.
2494 3202 2537 3227 ¹9·

1355 3233 1459 3271 guineo
1475 3233 1507 3262 ὅς
1523 3230 1610 3261 Fideli
1624 3231 1741 3270 nostro,
1759 3232 1916 3262 willielmo
1930 3232 1964 3262 de
1981 3232 2095 3271 Bohun,
2110 3234 2219 3265 Comiti
2234 3236 2403 3274 Norhamp-
2425 3234 2450 3257 Ε·
2473 3240 2500 3266 3·

1356 3271 1459 3308 toniae,
1479 3268 1634 3307 Capitaneo
1654 3270 1686 3301 ὃς
1699 3270 1795 3300 locum
1810 3269 1937 3300 nostrum
1952 3272 2056 3302 tenenti
2072 3273 2100 3302 in
2116 3273 2232 3303 Ducatu
2251 3274 2401 3313 praedicto,
2421 3272 2557 3301 Franc.i9.·

1353 3310 1384 3339 in
1405 3309 1538 3339 omnibus
1552 3332 1562 3345 ,
1586 3308 1696 3338 dictum
1717 3308 1859 3338 Officium
1881 3308 2004 3339 vestrum
2019 3333 2029 3347 ,
2053 3320 2085 3341 ac
2107 3311 2164 3341 aliis
2178 3334 2187 3349 ,
2205 3312 2401 3343 Honorem&
2420 3310 2450 3332 E.
2463 3312 2558 3343 3-P-2-.

1356 3346 1556 3377 Commodum
1574 3345 1667 3376 nostra
1688 3347 1716 3375 in
1730 3347 1782 3377 hac
1797 3355 1873 3384 parte
1887 3350 2140 3388 concernentibus,
2156 3358 2239 3387 prout
2251 3360 2299 3388 per
2315 3351 2404 3390 ipsum
2422 3354 2459 3372 ⁷⁷¹-
2477 3353 2503 3382 3·

1357 3384 1506 3416 Comitem
1522 3394 1555 3414 ex
1570 3393 1645 3421 parte
1658 3383 1752 3415 nostra
1767 3386 1847 3417 vobis
1862 3386 2022 3424 injunctum
2037 3388 2069 3418 ὃς
2084 3397 2230 3419 oneratum
2243 3389 2344 3427 fuerit,
2358 3399 2405 3427 pa-

1357 3425 1435 3454 reatis
1450 3425 1482 3454 &
1498 3422 1655 3453 intendatis:

1394 3461 1432 3493 Et
1447 3462 1503 3492 hoc
1519 3461 1672 3491 nullatenus
1687 3462 1829 3492 omittatis.

1432 3499 1520 3531 Teste
1535 3499 1620 3538 Rege
1633 3499 1706 3538 apud
1719 3500 1916 3540 Rokyiigliam
1924 3524 1934 3540 ,
1953 3511 2032 3532 nono
2045 3501 2091 3532 die
2106 3502 2287 3536 Decembris.

2043 3581 2095 3608 Per
2107 3580 2189 3618 ipsam
2203 3582 2306 3619 Regem.

1358 3721 1408 3753 De
1424 3718 1572 3759 Florenis,
1599 3714 1801 3763 Adagnatibns
1826 3720 1857 3749 in
1876 3716 2016 3764 partibus
2039 3720 2203 3765 Vasbom‘ae,
2238 3720 2413 3758 liberandis.'

1360 3810 1448 3868 RE
1459 3810 1489 3841 X
1511 3810 1712 3847 Thesaurario,
1730 3810 1763 3840 &
1778 3808 1943 3841 Camerariis
1954 3813 2006 3843 suis
2020 3813 2152 3846 Salutem.

1454 3849 1584 3880 Liberate
2428 3833 2503 3864 Ann‘
2516 3830 2549 3862 D

1627 3848 1663 3878 de
1677 3849 1822 3878 Thesauro
1845 3849 1942 3880 nostro
1954 3873 1964 3888 ‚
1982 3850 2068 3881 Petro
2082 3852 2244 3885 Gretheved
2296 3858 2412 3894 uinqua—

1360 3888 1436 3925 ginta
1450 3889 1483 3918 ὃς
1498 3897 1586 3917 unum
1599 3873 1683 3930 Milia
1699 3886 1831 3916 Florenos
1844 3887 1880 3931 de
1894 3888 1999 3926 Scuto,
2015 3891 2043 3918 in
2062 3890 2158 3935 Pretio
2166 3856 2408 3936 DecenPMiliiim
2425 3879 2539 3944 A¹n34i592

1361 3927 1395 3956 &
1410 3926 1608 3956 Ducentarum
1623 3925 1773 3955 Librarum
1794 3925 1996 3964 sterlingorum
2011 3952 2020 3964 ,
2040 3927 2124 3959 Pretii
2137 3932 2282 3969 cujussibet
2296 3933 2407 3962 Floreni
2471 3931 2478 3937 ’

2425 3952 2453 3975 Ε.
2474 3958 2498 3984 3.

1362 3966 1497 4002 Qatuor
1511 3963 1691 4001 Solidorum,
1709 3963 1742 3992 ad
1757 3963 1921 3994 solvendum
1937 3966 1970 3995 ὅς
1983 3966 2304 4006 liberandum,Dilec'tis
2320 3970 2383 3999 &F
2386 3971 2406 3999 i-
2425 3986 2535 4013 Liberat.

1361 4002 1469 4032 delibus
1490 4001 1591 4031 nostris
1605 4025 1615 4039 ,
1642 4000 1822 4040 Magnatibus
1837 4002 1865 4030 in
1880 4004 2000 4039 partibus
2017 4006 2032 4021 ⁸⁸
2050 4004 2213 4046 Vaseoniae,
2230 4009 2258 4037 in
2272 4007 2407 4045 obsequio

1362 4040 1461 4071 nostro
1474 4040 1733 4077 commorantibus,
1752 4039 1900 4078 videlicet,

1400 4078 1529 4108 Henrico
1550 4075 1661 4107 Comiti
1684 4077 1852 4107 Lancastriae
1867 4079 1900 4109 &
1915 4078 2033 4111 Derbiae
2047 4104 2057 4120 ,
2075 4081 2291 4122 Consanguineo
2309 4082 2408 4114 nostro

1362 4117 1520 4155 carilsim0‚
1536 4115 1702 4147 Duodecim
1717 4115 1799 4148 Milia
1815 4116 2002 4185 Fioxrcnorum
2018 4119 2054 4150 de
2065 4120 2171 4159 Scuto,
2343 4158 2368 4190 L

1847 4169 1858 4186 t
1881 4165 1895 4186 2²
1913 4165 1926 4196 3
2370 4169 2419 4199 auf

2431 4028 2545 4059 19,E.3

2424 4071 2505 4089 772,1.

2428 4101 2446 4119 ἦ
2457 4099 2527 4133 V.4(2>
2534 4112 2548 4126 ts
