2562 4279
752 198 863 242 ET
945 197 1207 240 ACTA
1288 192 1759 241 PUBLICA.

53 284 126 319 Anu.
145 283 185 314 D.
201 286 235 318 &
249 286 364 327 singuli,
382 284 417 319 dc
431 287 540 326 Regno
554 284 669 326 nostro,
684 286 718 318 ad
735 283 940 317 Defensiodem
955 282 1079 323 ejusdem
1092 283 1188 323 Regni
1202 291 1262 313 rna-

73 331 157 363 1327·
201 337 252 357 nus
267 335 395 358 tenentur
408 337 546 367 apponere
562 326 734 363 Adiutrice33

52 365 117 392 Edv‘
138 371 163 399 3-
236 364 297 396 Vos
316 367 481 404 requirimus
501 366 533 396 &
548 374 676 404 rogamus
690 363 836 404 quatinus,
856 372 908 400 pro
923 362 1081 392 defensione
1095 360 1188 392 vestra
1222 359 1256 390 &

199 405 285 435 totius
297 404 391 444 Regni
410 404 514 442 nostri,
533 411 576 434 tot
593 403 754 440 Homines,
772 403 807 432 de
821 402 947 432 Civitate
961 399 1114 442 praedietgt,
1130 399 1165 429 de
1180 383 1257 429 Vali-

198 443 321 474 dioribus
333 446 366 475 ὃς
382 442 591 473 potentioribus
607 441 728 478 eiusdem
742 441 887 476 Civitatis,
907 449 994 477 quot,
1011 437 1183 469 considerata
1197 446 1258 466 tan-

200 481 229 512 ta
243 483 416 521 necessitate,
435 482 536 512 decere
548 480 685 519 videritis,
702 480 807 516 eligatis
825 488 832 508 :
870 477 908 508 Et
920 487 968 507 eos
982 478 1077 508 Armis
1091 484 1258 515 competen—

200 520 275 552 tibus
289 522 389 552 armari
408 531 414 550 :
442 529 556 551 necnon
572 519 685 549 cuilibet
698 527 813 553 eorum,
832 526 885 554 pro
898 516 1055 560 equitatura
1066 514 1113 545 suti
1126 514 1160 545 ad
1174 514 1239 545 Nos
1249 536 1258 551 ,

200 558 307 590 Unum
327 560 462 604 Equum,
479 558 559 596 pretii
581 556 712 596 Triginta
732 557 776 586 vel
791 555 983 594 Qadraginta
996 553 1176 591 Solidorum,
1195 562 1261 590 pro-

202 598 290 629 videri
307 600 340 630 &
355 597 463 628 liberari
476 597 581 628 faciatis
596 606 602 625 ε

240 637 383 676 Ipsosque,
400 637 436 666 sic
457 637 600 672 munitos,
617 634 651 664 &
672 632 746 662 bene
768 631 801 662 &
824 630 958 662 decenter
982 631 1137 669 Arraiatos,
1153 628 1187 661 ad
1211 639 1262 658 nos

205 676 338 715 mittatis,
354 677 389 705 ita
411 675 490 713 quod
511 674 562 704 sint
582 671 616 702 ad
635 679 705 708 nos,
723 669 758 700 ad
777 669 870 700 didios
888 670 963 700 diem
983 671 1017 700 &
1038 670 1151 709 locum,
1171 668 1190 698 si
1204 666 1263 697 fieri

205 716 308 754 poterit
328 723 445 752 quoquo
465 712 575 743 modo:
607 709 728 751 alioquin
748 709 855 745 quanto
873 708 988 739 celerius
1008 716 1141 748 poterunt
1162 706 1263 744 (omni

205 753 383 783 excusatione
404 751 542 784 cessante)
560 747 592 777 ad
609 745 843 783 proficiscendum
857 747 957 777 exinde
971 746 1139 784 nobiscum,
1158 746 1192 776 ad
1206 743 1265 774 Va-

205 790 252 821 dia
271 790 385 828 nostra,
401 790 454 821 unit
476 796 544 818 curn
558 785 615 816 aliis
635 784 776 815 Fidelibus
791 785 909 824 nostris,
926 794 1026 816 contra
1039 785 1132 815 dictos
1144 784 1266 822 scotos,

208 838 291 868 prout
307 839 355 867 per
367 828 435 859 Nos
450 827 482 857 &
495 823 660 854 Concilium
676 823 803 853 nostrum
818 825 968 854 contioerit
981 824 1112 854 ordinari.

247 867 296 898 De
314 868 465 906 sumptibus
481 872 592 900 autern,
611 871 682 900 quos
695 863 770 893 circa
784 850 922 902 praemirfir
935 872 987 893 vos
1002 864 1093 893 facere
1107 860 1272 902 oportebit,

211 906 294 937 talem
307 906 387 936 vobis
402 902 677 933 Remunerationem
700 902 733 932 δε
747 901 987 939 Satisfaetionem,
1004 910 1057 939 pro
1070 901 1138 931 ioco
1152 901 1186 931 &
1199 908 1272 930 tem-

212 955 281 983 pore
299 943 460 981 oportunis,
478 941 632 978 faciemus,
648 939 728 977 quod
741 939 807 969 inde
825 941 898 970 eritis
912 942 1016 970 merito
1033 939 1198 970 contentari.

252 981 289 1013 Et
309 981 381 1011 hanc
404 979 632 1018 Requisitionem
653 977 778 1009 nostram
799 979 884 1009 taliter
907 978 985 1009 cordi
1005 979 1143 1009 affirmatis
1159 1000 1169 1016 ,
1193 976 1273 1017 quod

215 1019 455 1056 Benivolentiam,
471 1027 556 1057 quam
576 1017 610 1047 ad
625 1016 692 1047 Nos
706 1017 738 1048 &
753 1016 906 1047 Honorem
920 1017 1050 1047 nostrum
1064 1018 1173 1056 geritis,
1190 1024 1274 1054 expe-

212 1060 260 1090 riri
275 1059 303 1087 in
316 1057 421 1088 effectu
434 1057 525 1095 operis
538 1056 693 1093 valeamus,
710 1056 744 1087 ὃς
757 1056 837 1096 quod
850 1057 932 1086 vobis
945 1056 1064 1094 exinde,
1083 1057 1112 1085 in
1127 1055 1195 1091 hiis,
1212 1063 1276 1092 quae

213 1096 311 1128 vestris
330 1096 508 1126 Profestibus
527 1094 686 1126 videbimus
707 1096 879 1133 convenire,
899 1104 992 1125 tenere
1014 1094 1156 1134 specialius
1175 1093 1277 1124 debea-

214 1144 292 1173 mus,

253 1172 379 1204 Scientes
391 1171 485 1212 quod,
501 1172 520 1203 si
534 1172 601 1203 huic
616 1171 806 1210 Requisitioni
821 1171 927 1202 nostrae
941 1171 1073 1203 duxeritis
1086 1170 1279 1206 annuendum,

216 1211 349 1243 nolumus
367 1210 447 1250 quod
466 1212 547 1241 vobis
569 1212 598 1241 in
621 1211 815 1248 praejudicium
842 1211 1037 1249 Libertatum,
1056 1211 1139 1242 vobis
1162 1219 1210 1249 per
1227 1218 1278 1238 nos

218 1250 432 1289 concessarum,
448 1250 527 1281 cedat
541 1250 691 1293 aliqualiter
706 1250 736 1279 in
751 1250 888 1280 fututum.

255 1288 345 1321 Teste
358 1289 440 1327 Rege
452 1288 525 1327 apud
540 1287 727 1325 Noungham
736 1310 746 1326 ,
767 1288 902 1319 vicesimo
917 1297 998 1318 nono
1012 1287 1060 1318 die
1075 1287 1187 1327 Aprilis.

642 1367 696 1394 Per
709 1363 792 1404 ipfitm
806 1368 902 1404 Regem
918 1363 956 1400 ὠ·
970 1363 1125 1394 Concilium.

352 1442 466 1474 Eodem
480 1441 571 1473 modo
584 1441 747 1473 mandatum
760 1442 801 1473 est
816 1443 989 1484 subscript133
1008 1442 1136 1474 videlicet
1145 1465 1154 1479 ,

262 1521 370 1550 Ma‘orz·
386 1520 424 1556 ὠ
444 1518 566 1550 Ballivis
586 1522 718 1550 Civitatis
738 1519 864 1552 Lincoln.

263 1562 309 1589 Ba
321 1558 386 1588 livis
405 1561 432 1589 V
435 1558 489 1588 illae
503 1559 536 1587 de
554 1558 712 1597 Staunforcl.

263 1597 386 1627 Ballivis
404 1600 431 1627 V
433 1596 488 1626 illae
505 1596 537 1626 de
555 1597 721 1627 Grantham.

265 1636 373 1673 Majori
390 1634 427 1670 &³
444 1633 567 1664 Ballivis
585 1638 613 1665 V
613 1634 668 1665 illae
684 1637 716 1665 de
735 1636 886 1676 Grymesby.

267 1675 374 1712 Majori
393 1674 431 1709 &
449 1673 572 1704 Ballivis
592 1673 676 1704 Villae
693 1675 725 1703 de
744 1674 874 1704 Cantebr.

268 1712 392 1744 Ballivis
410 1716 438 1743 V
438 1711 493 1742 illae
513 1713 545 1742 de
562 1713 678 1752 Huntyn
695 1713 757 1742 don.

268 1751 390 1782 Ballivis
407 1754 540 1781 Civitatis
557 1753 676 1787 Norwyc
684 1761 704 1780 α.

269 1791 377 1828 Majort'
394 1789 431 1824 (ἓν
450 1788 572 1819 Ballivis
590 1787 672 1818 Villae
686 1789 718 1818 de
738 1791 842 1818 Lenne.

269 1828 392 1859 Ballivr‘s
411 1830 439 1858 V
439 1827 494 1857 illae
511 1827 543 1856 de
559 1830 665 1865 Magna
683 1826 861 1865 Jernemuth.

271 1867 396 1897 Ballivis
412 1869 439 1896 V
439 1866 494 1896 illae
510 1866 542 1895 de
558 1865 721 1904 Gippewich.

270 1903 394 1935 Ballivis
414 1904 497 1935 Villae
516 1903 547 1934 de
565 1906 663 1935 Sancto
681 1904 834 1936 Edmrmdo.

271 1942 395 1974 Ballivis
410 1946 438 1974 V
438 1943 493 1973 illae
511 1942 664 1982 cirencestr.

270 1981 394 2013 Ballivis
412 1985 441 2014 V
442 1981 498 2012 illae
516 1981 602 2011 Derb.

271 2021 398 2053 Ballivis
417 2020 496 2051 Villae
515 2021 546 2050 a'e
565 2019 683 2060 colcestr.

273 2059 398 2090 Ballivis
416 2061 443 2090 V
445 2058 499 2088 illae
518 2058 549 2088 de
568 2059 730 2092 Domwrch.

275 2098 396 2129 Ballivis
413 2101 546 2128 Civitatis
565 2100 698 2126 Cantuar.

275 2136 400 2166 Ballivis
421 2134 503 2166 Villae
523 2136 555 2164 de
571 2135 642 2174 Roff

277 2174 402 2204 Ballivis
419 2173 501 2205 Villae
519 2174 551 2203 de
567 2173 670 2213 cicestr.

278 2213 388 2253 Majori
403 2213 440 2249 (ἐν
454 2211 576 2242 Ballivis
592 2213 716 2252 WJnton.

278 2253 386 2288 Maiori
399 2251 437 2287 ὠ·
457 2251 579 2281 Balla-‘vis
595 2251 782 2291 Suthampton.

280 2289 404 2322 Ballivis
420 2294 448 2321 V
450 2290 503 2321 illae
516 2291 549 2319 de
564 2289 651 2320 Gulde
666 2292 722 2321 ord.

280 2330 390 2368 Majvri
405 2329 443 2366 ὠ
457 2327 578 2359 Ballivis
594 2330 632 2358 Vi
643 2330 676 2359 lae
697 2332 803 2359 Sarum.

282 2369 390 2407 Majori
403 2367 440 2404 ὠ·
455 2365 578 2397 Ballivis
593 2370 621 2397 V
621 2367 675 2397 illae
689 2368 721 2397 de
736 2372 826 2398 Oxon.

280 2407 389 2445 Majori
405 2405 442 2442 ὠ
455 2404 578 2436 Ballivis
591 2408 619 2435 V
621 2405 675 2436 illae
690 2404 808 2446 Bristoll,

281 2445 405 2475 Ballivir
420 2445 502 2475 Villae
517 2445 549 2475 de
564 2444 705 2484 Gloucestr.

281 2483 406 2514 Ballivis
424 2482 504 2514 Villae
521 2482 662 2523 Hereford.

282 2522 406 2552 Ballivir
424 2525 452 2552 V
453 2522 507 2552 illie
527 2522 649 2553 Bathon.

282 2560 407 2591 Ballivis
424 2560 506 2591 Villae
526 2563 649 2600 llffygorn.
680 2597 682 2600 y

246 2608 249 2610 '
284 2599 407 2630 Ballivis
425 2598 507 2630 Villae
523 2600 554 2629 de
573 2604 703 2629 coventr.
728 2606 731 2608 “

286 2636 410 2668 Ballivis
427 2637 509 2668 Villae
527 2638 558 2668 de
576 2637 728 2678 Lichefeld.

287 2675 413 2707 Ballivis
430 2680 457 2707 V
459 2675 513 2706 illas¹
532 2678 564 2706 de
578 2675 664 2713 Salop.

290 2714 410 2745 Ballrvis
430 2718 458 2745 V
460 2714 513 2744 illae
531 2715 563 2744 de
581 2714 712 2754 Staff‘ord.

290 2751 415 2783 Ballivis
433 2756 460 2783 V
462 2751 515 2782 illae
533 2752 565 2782 de
585 2755 677 2783 Warr.

294 2790 414 2821 Ballivir
433 2794 460 2821 V
462 2790 515 2820 illae
533 2790 564 2820 de
581 2790 712 2830 Leycestr.

293 2834 348 2859 Ma
355 2829 401 2859 'ori
416 2828 453 2864 (ῤ’
470 2828 595 2858 Ballivis
609 2832 741 2859 Civitatis
760 2831 850 2859 Exim.

296 2871 341 2897 Ba
355 2867 419 2897 [ivis
437 2867 519 2897 Villae
538 2865 680 2907 Bed‘fird·

297 2904 419 2935 Ballivis
439 2909 466 2935 V
467 2905 520 2935 illae
536 2905 717 2946 Bokyngham.

295 2943 402 2978 Maiori
419 2941 456 2978 όν
475 2943 598 2973 Ballivis
619 2946 646 2973 V
650 2943 703 2974 illae
720 2942 915 2982 Norhampton.

295 2981 419 3012 Ballivis
435 2980 518 3012 Villae
538 2982 570 3011 de
589 2983 686 3012 Samflo
705 2981 827 3011 Albano.

296 3019 418 3051 Ballivis
445 3022 473 3049 V
474 3019 529 3049 illae
547 3020 578 3049 de
593 3021 690 3050 saneto
706 3019 848 3057 Botulpho.

298 3058 405 3096 Majori
424 3057 462 3092 ὠ
482 3056 604 3087 Ballivr's
624 3057 706 3088 Villae
724 3059 756 3088 de
775 3056 958 3097 Notyngham.

300 3097 420 3128 Ballrvis
439 3095 520 3127 Villae
536 3097 568 3127 de
587 3096 691 3127 Wlles.

266 3221 325 3257 Ad
349 3219 596 3268 Burgimagistros
628 3225 664 3255 V
663 3222 715 3254 illa
740 3220 776 3254 de
794 3223 925 3268 Bruges,
946 3220 1038 3266 fitper
1057 3224 1242 3266 attemptatis
1259 3232 1327 3253 con-

577 3280 628 3302 tra
646 3273 798 3316 Treugam
813 3268 1014 3303 emendandis.

119 3358 197 3389 Ann-
213 3356 254 3389 D.
341 3355 428 3394 EX,
443 3355 550 3386 dilectis
573 3356 640 3393 fibi,
657 3355 897 3395 Burgimagistris,
912 3355 1057 3395 Scabiuis,
1074 3355 1109 3386 &
1124 3354 1330 3387 Communita-

142 3405 229 3435 1327.
355 3396 377 3425 ti
390 3394 475 3425 Vinae
488 3395 524 3425 de
536 3393 659 3432 Bruges,
676 3393 809 3424 Salutem.

122 3439 176 3464 An.
194 3445 217 3463 r.
307 3433 350 3464 Ex
373 3433 555 3464 insinuatione
579 3432 715 3470 Majoris,
734 3433 767 3463 &
789 3432 963 3470 quorundam
986 3433 1102 3464 Civium
1125 3433 1254 3464 Civitatis
1276 3443 1329 3464 no-

114 3479 153 3502 »Β
174 3483 199 3510 3.
272 3471 335 3503 strae
352 3471 530 3508 Londoniae,
547 3471 580 3501 ad
596 3469 723 3501 nostrum
737 3471 864 3508 pervenit
879 3472 1024 3509 auditum,
1041 3472 1121 3512 quod
1135 3482 1186 3504 vos
1203 3473 1257 3510 eis,
1277 3481 1326 3512 per

123 3512 213 3549 Glaus.
232 3521 254 3540 ι.
269 3510 372 3543 vestras
388 3510 524 3547 Litteras,
542 3508 688 3548 conquesti
703 3509 812 3539 fueratis
826 3509 940 3548 qualiter
954 3519 1042 3546 nuper

126 3555 157 3577 Ε.
178 3560 204 3587 3.
312 3550 332 3570 *²
348 3548 418 3580 Post
437 3549 600 3587 Treugam,
618 3548 691 3590 inter
713 3547 798 3585 Nos,
817 3557 868 3585 pro
889 3546 988 3578 nostris
1008 3532 1148 3586 SubditiS,
1162 3549 1196 3580 &
1211 3558 1278 3587 vos,
1294 3558 1328 3580 ac

124 3595 151 3626 P·
171 3598 198 3615 ²·
275 3598 392 3620 caeteros
407 3587 442 3618 de
457 3586 602 3624 Flandria,
621 3586 702 3616 vobis
716 3586 904 3625 adhaerentes,
923 3585 1062 3615 firmatam
1072 3609 1081 3624 ,

127 3635 164 3653 m.
179 3635 224 3662 27.
315 3627 441 3667 Qidam
466 3625 682 3661 Malefaetores‚
706 3624 742 3654 de
763 3623 843 3655 Villis
862 3624 898 3654 de
919 3624 1071 3655 Sandwico
1092 3625 1125 3655 &
1146 3623 1330 3663 Winchelse,

130 3664 193 3698 dors.
276 3666 415 3706 quandam
436 3664 554 3695 Navem
570 3661 652 3692 Villae
666 3662 701 3692 de
712 3662 863 3701 Neuport,
881 3663 992 3693 diversis
1009 3661 1159 3693 Mercibus
1169 3672 1331 3702 oneratam,

128 3702 219 3765 *81V.
277 3705 311 3736 ad
332 3704 480 3736 valentiam
499 3702 693 3733 Ducentarum
717 3701 885 3740 Librarum,
904 3700 979 3745 supra
1003 3700 1103 3738 Mare,
1125 3711 1214 3740 prope
1236 3700 1332 3732 Bono-

131 3748 146 3767 2
168 3748 196 3774 9.
1157 3741 1161 3745 '
1216 3740 1220 3745 '

277 3745 372 3782 niam,
391 3741 525 3772 hostiliter
544 3740 645 3779 cepisse
665 3739 831 3778 debuerant,
849 3741 898 3778 &t²
913 3739 1064 3771 interfectis
1085 3738 1244 3770 Marmarlis
1265 3741 1334 3778 ejus—

278 3782 346 3813 dem
355 3805 365 3820 ,
381 3791 438 3821 quo
451 3780 592 3810 voluerint
605 3776 761 3814 abduxisse,

314 3820 363 3850 De
383 3830 443 3859 quo
465 3819 600 3849 nimirum
623 3817 766 3847 turbamur
786 3817 868 3846 anxie
889 3817 922 3847 δε
945 3825 1111 3853 movemur,
1129 3815 1181 3852 &,
1200 3823 1231 3846 ut
1250 3824 1334 3847 tant-te

277 3858 428 3927 ffiquitatis
450 3857 600 3897 Flagitium
614 3855 739 3887 severiter
754 3854 927 3893 vindicetur,
945 3856 1068 3886 multum
1081 3852 1178 3884 insidet
1192 3856 1265 3885 votis
1282 3864 1335 3885 no-

305 3906 352 3926 ris·

316 3921 425 3966 Vestrae
439 3934 600 3966 Dilestioni
614 3932 797 3970 significantes
811 3930 908 3969 quod,
924 3930 943 3961 fi
956 3940 1024 3969 VOS,
1041 3931 1086 3961 seu
1100 3929 1234 3969 Dampna
1250 3930 1315 3971 passi
1325 3953 1335 3969 ,

279 3971 315 4002 ad
337 3982 405 4011 nos,
428 3983 482 4013 pro
501 3971 656 4011 optinenda
675 3971 786 4010 justina
808 3971 842 4001 de
866 3967 1028 4007 praemiffis,
1051 3968 1266 4008 Procuratores,
1290 3969 1335 4000 seu

281 4009 417 4040 Nuncios
438 4012 595 4049 volueritis,
613 4011 657 4041 vel
681 4010 819 4040 voluerint
840 4007 994 4045 destinare,
1017 4008 1102 4046 parati
1124 4008 1243 4046 erimus,
1266 4017 1336 4038 cum

282 4048 365 4090 omni
386 4049 541 4087 eeleritate,
559 4051 596 4080 eis
614 4050 689 4087 juxta
710 4048 877 4088 exigentiam
900 4046 980 4085 ipsius
993 4046 1135 4084 Treugae,
1150 4045 1291 4084 Justitiam
1307 4047 1336 4075 in

281 4085 415 4116 omnibus
434 4087 581 4126 exhibere,
599 4089 633 4120 ὃς
654 4088 740 4119 talem
761 4095 862 4118 contra
874 4084 964 4117 dietos
980 4083 1177 4117 Maiefaetores
1187 4106 1196 4122 ‚
1213 4093 1280 4116 cum
1296 4085 1337 4123 ip-

2275 198 2352 245 189

1297 282 1339 325 sos
1361 283 1494 326 convinci
1518 286 1686 323 contigerit,
1705 285 1843 317 Exercere
1864 282 2046 324 Vindic'tam,
2067 285 2147 324 quod
2164 291 2253 316 metus
2272 281 2352 314 incffl
2369 274 2499 309 Arm-Da

1295 329 1376 351 netur
1392 321 1449 350 alus
1463 323 1617 352 consimilia
1633 325 1814 362 perpetrandi.
2385 327 2395 346 ¹
2406 326 2469 357 327*

1332 358 1401 403 Nec
1421 359 1520 397 decet,
1538 361 1685 391 occasione
1707 362 1777 392 dieu
1793 361 1946 401 Maleficii‚
1965 363 1983 393 si
1998 361 2086 392 taliter
2099 366 2288 402 perpetratum
2304 359 2352 398 sit,
2369 362 2437 384 Euv-
2453 366 2478 393 ΞΔ

1296 396 1377 440 quod
1399 406 1542 441 rumpatur
1555 399 1668 438 Treuga
1683 400 1853 439 supradicta,
1871 401 1939 431 curn
1954 411 2015 431 non
2027 401 2134 440 valeat,
2150 408 2249 430 contra
2262 399 2352 436 hujus-

1298 436 1378 466 modi
1399 435 1557 466 Piratorum
1579 436 1723 476 incursus,
1740 438 1777 467 de
1791 439 1864 469 facili
1878 438 2004 470 securitas
2018 439 2175 477 provideri5
2190 438 2223 468 &
2239 447 2299 467 non
2313 446 2356 466 re-

1296 473 1424 542 giagiebit
1446 475 1474 504 in
1492 474 1594 542 gobis,
1612 477 1680 514 quin
1700 485 1877 516 attemptata,
1895 487 1997 509 contra
2010 478 2160 518 Treugam
2174 476 2357 516 praedietam,

1316 523 1331 542 C
1354 521 1393 541 lte
1406 522 1490 542 emen
1511 523 1599 543 ensur-

1335 549 1403 581 Dat.
1417 550 1491 588 apud
1507 550 1541 580 N
1543 551 1654 591 otingh.
1666 553 1806 583 tricesimo
1820 553 1864 583 die
1879 553 1990 592 Aprilis.
2033 542 2036 545 ¹

1421 674 1479 708 Ad
1498 680 1630 722 Papam,
1648 676 1739 724 fhper
1759 677 1889 724 quodam
1916 681 2042 725 Nogotio
2061 681 2237 726 pr·ovfiri0.

1362 761 1422 794 ΑΡ
1433 760 1474 792 AE
1494 759 1560 792 Rex
1573 762 1675 793 devota
1690 762 1792 800 pedum
1809 762 1901 793 oscula
1913 763 2067 794 beatorum.
2383 759 2459 794 Anti.
2468 757 2510 792 D.

1411 801 1547 840 Religiosi
1569 800 1649 840 Viri,
1668 802 1700 831 ὃς
1718 801 1799 831 nobis
1814 802 1842 831 in
1857 800 1974 832 Christo
1988 802 2097 841 dilecti,
2115 802 2212 834 Fratris
2225 798 2364 842 Galfridi,
2405 810 2489 841 1327·

1306 841 1410 871 Prioris
1431 842 1467 870 de
1491 840 1623 878 Lenton,
1644 839 1760 871 Ordinis
1780 838 1988 877 Cluniacenfis,
2006 842 2129 878 quietem
2150 843 2182 873 ὃς
2198 842 2366 873 Commoda
2383 846 2435 869 Aa.
2454 851 2475 867 ι.

1308 878 1487 917 affe6tantes,
1506 889 1537 909 ea
1558 887 1611 917 pro
1633 879 1693 917 ipso
1715 878 1815 909 vestrae
1831 876 2002 908 Clementiae
2016 879 2119 909 devota
2134 880 2290 912 intentione
2305 882 2367 920 sug·
2383 885 2412 907 E·
2436 889 2461 915 3·

1330 917 1433 949 erimus
1446 941 1455 956 ,
1482 918 1533 954 ἅ,
1558 927 1612 955 pro
1632 916 1728 947 salubri
1748 916 1924 956 appositione
1945 917 2077 955 remedii,
2101 917 2197 948 sedulis
2219 919 2368 950 insistimus
2385 923 2454 946 Rom.
2473 923 2497 943 ί·

1342 956 1450 988 tecibus
1468 957 1502 987 ὅ(
1520 957 1640 994 votivis,
1656 965 1704 993 per
1742 965 1785 985 uae
1801 954 1882 994 ipsius
1895 955 2108 994 tranquilitatem
2123 957 2310 994 conspicimus
2326 959 2369 988 in·
2387 961 2418 984 Ε.
2438 966 2463 992 3.

1314 996 1444 1035 quietari,
1461 996 1493 1025 ὅς
1509 993 1647 1033 spiritualis
1663 994 1720 1024 Pro
1734 992 1813 1024 ectus
1826 993 2010 1025 devotionem
2026 990 2165 1032 impediri.
2389 1004 2426 1024 m.
2441 1003 2470 1028 4.

1353 1035 1474 1065 Dudum
1495 1032 1645 1071 siquidem,
1662 1032 1744 1062 Pater
1759 1032 1878 1070 San&e,
1896 1040 1926 1062 ut
1941 1032 2107 1071 didicimus,
2126 1034 2153 1062 in
2171 1031 2292 1071 quodam
2305 1033 2371 1065 Ne-

1334 1075 1395 1104 otio
1416 1071 1598 1110 Provisorio,
1613 1071 1771 1102 Ecclesiam
1792 1071 1828 1100 de
1848 1070 2020 1109 Radeclive,
2040 1071 2119 1109 super
2138 1071 2226 1110 Sore,
2245 1072 2375 1103 Eborum

1314 1083 1437 1143 ῗὶίοςεῆ
1451 1134 1461 1149 ,
1483 1111 1667 1149 contingente
1681 1133 1691 1148 ,
1715 1119 1763 1148 per
1786 1108 1956 1140 Executores
1977 1110 2100 1148 ejusdem
2121 1109 2258 1149 Negotii,
2283 1110 2375 1141 eidem

1318 1151 1411 1181 Priori
1431 1149 1591 1183 iniun6h1m
1611 1157 1667 1179 erat
1699 1157 1730 1178 ut
1749 1147 1983 1186 Procuratorem,
2003 1148 2174 1178 Venerabilis
2190 1148 2292 1187 Patris,
2310 1148 2374 1179 Do-

1320 1191 1392 1220 mini
1409 1188 1438 1218 Β.
1453 1187 1545 1218 Timr
1561 1185 1657 1217 sanat
1673 1171 1852 1224 marceium,
1871 1185 2022 1216 presbiteri
2039 1185 2208 1225 cardinalis,
2228 1187 2380 1224 infortes-

1320 1229 1429 1258 sionem
1443 1226 1528 1256 dieite
1545 1224 1678 1256 Ecclesiae
1694 1225 1857 1263 induceret,
1876 1226 1979 1256 virtute
1993 1225 2177 1263 provisionis,
2196 1226 2239 1256 seu
2255 1223 2381 1265 Gratiae,

1320 1267 1414 1297 eidem
1429 1265 1573 1295 Cardinali
1587 1275 1601 1294 a
1614 1265 1685 1294 Sede
1701 1262 1869 1303 Apostolica
1883 1263 1949 1293 inde
1964 1264 2056 1294 faotae.

1361 1304 1452 1344 Qiod
1473 1302 1587 1342 quidem
1603 1302 1774 1333 Mandatum
1791 1302 1868 1332 idem
1882 1301 1979 1340 Prior,
1998 1311 2051 1340 pro
2064 1312 2100 1332 eo
2112 1303 2190 1341 quod
2202 1324 2212 1340 ,
2229 1303 2307 1340 super
2321 1301 2382 1333 Ad-

1322 1345 1473 1375 vocatione
1487 1342 1572 1372 diet-ee
1586 1341 1719 1372 Ecclesiae
1727 1365 1737 1380 ,
1754 1343 1843 1379 inter,
1857 1342 1943 1371 bonae
1960 1351 2121 1379 memorre,
2135 1341 2282 1370 Thomam
2291 1364 2299 1379 ,
2313 1350 2383 1372 tunc

1323 1383 1472 1413 Comitem
1496 1380 1682 1418 Lancastriae,
1700 1380 1733 1410 &
1755 1379 1884 1410 Priorem
1905 1380 1940 1410 de
1962 1379 2106 1410 Nortonia
2142 1380 2170 1408 in
2193 1378 2296 1415 Curia,
2320 1379 2387 1409 Ma-

1324 1420 1421 1451 unifici
1444 1419 1601 1459 Principis,
1618 1419 1744 1449 Domini
1766 1417 1799 1448 E.
1821 1428 1909 1458 nuper
1930 1417 2018 1457 Regis
2040 1418 2167 1457 Anglrae,
2183 1416 2268 1447 Pan-is
2281 1418 2389 1456 nostr-i,

1324 1446 1374 1491 Eis
1396 1467 1475 1489 mota
1499 1457 1569 1495 fuit,
1585 1459 1617 1488 δε
1642 1457 1793 1487 inhibitum
1817 1458 1860 1496 ei,
1876 1466 1910 1487 ex
1924 1466 2001 1493 parte
2015 1456 2083 1487 dieti
2102 1454 2188 1486 Patri<
2205 1455 2309 1490 nostri,
2331 1458 2367 1486 ne
2378 1478 2388 1494 ,

1325 1498 1466 1539 pendente
1487 1495 1646 1534 hujusmodi
1669 1495 1751 1534 Lite,
1769 1495 1890 1534 aliquam
1911 1495 2063 1525 Personam
2080 1495 2224 1525 induceret
2240 1495 2268 1524 in
2288 1495 2390 1525 Eccle-

1327 1538 1395 1568 siam
1416 1534 1601 1574 supradiCtam
1615 1558 1624 1573 ,
1642 1544 1756 1565 necnon
1771 1557 1780 1573 ,
1798 1536 1839 1564 ob
1862 1544 1971 1565 metum
1993 1534 2099 1571 praefati
2123 1533 2267 1571 Comitis,
2292 1533 2392 1571 exequi

1329 1586 1390 1606 non
1404 1575 1521 1605 audebat
1536 1583 1541 1602 ;

1367 1613 1403 1643 Et
1419 1620 1589 1651 quamquam
1603 1609 1679 1640 idem
1697 1610 1822 1650 Comes,
1838 1608 2024 1651 postmodum
2038 1608 2220 1641 Pati-onatum
2236 1610 2321 1641 dietae
2335 1609 2392 1640 Ec-

1330 1652 1437 1689 clefiae,
1455 1659 1556 1681 contra
1579 1649 1727 1687 praefatum
1752 1648 1883 1679 Priorem
1904 1649 1939 1678 de
1962 1648 2100 1686 Norton,
2119 1647 2278 1686 iudicialiter
2293 1649 2393 1678 evicis-

1332 1692 1388 1729 set,
1407 1690 1499 1728 licque
1513 1688 1587 1719 di&a
1602 1688 1724 1727 provisio
1738 1687 1772 1717 ad
1787 1687 1938 1718 Praefatam
1952 1686 2106 1717 Ecclesiam
2117 1711 2124 1724 ,
2144 1697 2241 1724 utpote
2255 1687 2289 1717 de
2307 1687 2396 1717 Laico

1334 1730 1486 1760 Patronatu
1501 1726 1664 1758 existentem
1674 1749 1683 1764 ,
1701 1726 1727 1756 se
1741 1727 1894 1756 nullatenus
1908 1724 2089 1764 extendebat,
2104 1726 2178 1755 idem
2195 1727 2399 1755 nichilominus

1336 1768 1418 1799 Prior
1444 1767 1480 1797 de
1505 1766 1636 1803 Lenton,
1663 1764 1696 1794 ad
1717 1764 1944 1804 respondendum
1966 1765 2083 1802 praefato
2104 1763 2245 1794 Cardinali
2268 1765 2304 1794 de
2324 1774 2397 1795 con-

1336 1815 1469 1845 temptu,
1483 1805 1572 1835 extitit
1589 1804 1765 1842 personaliter
1779 1804 1811 1833 ad
1827 1803 1929 1834 Sedem
1947 1803 2143 1843 Apostolicam
2158 1812 2309 1841 evocatus,

1379 1845 1433 1883 Et,
1451 1854 1502 1884 pro
1520 1853 1556 1874 eo
1570 1842 1649 1882 quod
1665 1852 1722 1872 non
1738 1842 1913 1881 comparuit,
1929 1842 2003 1879 juxta
2018 1841 2203 1872 Vacationem
2217 1840 2291 1871 illam
2316 1841 2399 1871 trans-

1341 1887 1381 1915 itu
1402 1885 1483 1914 maris
1501 1906 1510 1920 ,
1526 1892 1575 1920 per
1593 1880 1702 1911 dietum
1717 1879 1830 1911 Patrem
1845 1880 1992 1916 nostrum,
2011 1881 2036 1910 ei
2050 1889 2134 1918 tunc,
2154 1880 2234 1910 certis
2248 1880 2283 1910 de
2299 1880 2402 1918 caulis,

1343 1923 1453 1962 penitus
1475 1920 1637 1960 prohibito)
1655 1919 1734 1949 idem
1756 1918 1839 1949 Prior
1861 1919 1961 1949 metuit
1984 1917 2132 1949 Processus
2151 1918 2277 1956 aliquos,
2304 1927 2405 1948 contra

1345 1961 1435 2000 ipsum
1448 1984 1457 2000 ,
1475 1961 1504 1990 in
1527 1959 1627 1990 eadem
1643 1956 1732 1988 Curii
1744 1958 1833 1988 faites
1848 1957 1920 1995 esse,
1938 1957 2030 1996 sicque
2043 1958 2116 1996 jam,
2134 1966 2183 1997 per
2199 1957 2279 1996 longa
2292 1964 2406 1996 tempo⁴

1345 2012 1390 2039 ra,
1409 2010 1444 2030 eo
1460 2001 1576 2037 timore,
1593 1996 1724 2027 abstinuit
1740 2006 1755 2026 a
1772 1996 1895 2027 Divinis.

1383 2038 1493 2069 Verum
1505 2038 1586 2075 quia,
1602 2046 1651 2072 per
1667 2034 1870 2072 inspeffionem
1882 2033 2006 2073 Judicii,
2025 2034 2053 2064 in
2069 2033 2132 2063 Lite
2146 2032 2281 2071 praediCca
2298 2031 2408 2071 redditi,

1348 2078 1432 2108 nobis
1454 2076 1565 2106 constat
1588 2074 1730 2104 evidenter
1749 2074 1829 2112 quod
1852 2073 1978 2109 praefatus
1993 2071 2102 2103 Comes
2117 2072 2202 2102 evicit
2218 2071 2405 2101 Patronatum

1345 2117 1433 2147 dittae
1456 2114 1609 2151 Ecclesiae,
1628 2113 1661 2144 ὃς
1681 2111 1762 2152 quod
1783 2113 1911 2151 praefatus
1933 2110 2016 2141 Prior
2039 2111 2074 2142 de
2095 2110 2216 2141 Norton
2239 2109 2328 2141 nichil
2339 2109 2409 2148 jutis

1347 2154 1445 2188 habuit
1460 2155 1490 2184 in
1503 2152 1601 2183 eadem
1611 2174 1620 2189 ,

1387 2193 1555 2224 Beatitudini
1575 2189 1674 2220 vestrae
1687 2189 1798 2221 sinceris
1809 2189 1958 2221 affectibus
1972 2188 2158 2228 supplicamus
2171 2187 2299 2222 quatinus
2312 2185 2410 2224 masfa<

1351 2241 1383 2264 ιο
1404 2232 1494 2262 Priori
1513 2231 1550 2261 de
1570 2228 1702 2268 Lenton,
1721 2231 1786 2269 qui,
1804 2239 1855 2267 pro
1876 2228 1995 2269 petenda
2013 2227 2106 2259 Status
2120 2228 2157 2257 sui
2178 2226 2411 2264 Reformatione,

1351 2272 1387 2302 ad
1409 2269 1508 2301 vestrae
1523 2268 1681 2300 Sanctitatis
1694 2268 1865 2307 praesentiam
1880 2265 2057 2306 personaliter
2072 2266 2098 2296 se
2109 2265 2237 2303 divertit,
2258 2266 2412 2302 benignum

1351 2308 1508 2349 dignemini
1529 2307 1655 2348 praebere
1676 2306 1831 2351 Auditum,
1846 2307 1945 2351 eique,
1963 2304 2172 2344 praemissorum
2192 2303 2414 2340 contemplatio-

1354 2358 1410 2386 ne,
1427 2347 1527 2378 Sinum
1552 2346 1681 2377 Paterna:
1703 2346 1828 2385 pretatis,
1845 2355 1875 2375 in
1896 2345 1947 2376 suis
1961 2344 2040 2384 J‘ustis
2062 2342 2318 2380 Postulationibus‚
2332 2340 2414 2371 beni-

1353 2388 1460 2426 gnitate
1473 2385 1550 2415 solita
1564 2385 1677 2424 aperire-

1392 2424 1566 2462 Conservet,
1584 2423 1644 2453 &c.

1431 2463 1499 2494 Dat.
1514 2463 1588 2502 apud
1600 2461 1780 2500 Notinghatn
1789 2485 1799 2500 ,
1817 2460 1931 2491 decimo
1945 2459 2046 2498 quinto
2057 2458 2104 2489 die
2120 2457 2202 2488 Maii.

1497 2584 1524 2612 ᾗ
1550 2587 1608 2621 Ad
1635 2586 1829 2621 Cardinalem
1849 2586 1939 2632 fhper
1965 2587 2094 2631 Negotia
2119 2582 2275 2616 antediffo.
2439 2595 2451 2611 a
2475 2593 2530 2621 ἲν,-

2440 2642 2453 2659 2
2476 2641 2496 2660 0

1356 2674 1571 2736 VEnerabili
1593 2674 1620 2703 in
1643 2671 1762 2703 Christo
1783 2671 1879 2710 Patri,
1905 2670 2040 2701 Domino
2064 2669 2098 2699 P.
2122 2668 2179 2698 Dei
2203 2665 2417 2710 gratifi,·'situli
2439 2641 2512 2700 A91111,
2526 2666 2557 2698 D

1440 2713 1552 2743 sanstae
1572 2711 1703 2742 Susannae
1726 2711 1884 2741 Presbitero
1897 2709 2056 2744 Cardinali,
2077 2707 2184 2737 Amico
2198 2708 2246 2736 suo
2261 2706 2417 2747 carillirno,
2460 2715 2545 2748 1327,

1356 2751 1527 2789 Edwardus,
1545 2750 1604 2781 Dei
1624 2749 1726 2790 gratia,
1745 2750 1806 2781 &c.
1823 2751 1856 2781 ὃς
1871 2748 1940 2779 Dux
1956 2747 2132 2787 Aquitaniae,
2154 2745 2296 2783 Salutem,
2315 2743 2347 2774 ὃς
2364 2746 2417 2773 nn-
2434 2752 2485 2775 Aa.
2507 2758 2529 2774 1.

1356 2802 1430 2824 cerae
1444 2790 1602 2821 dileetionis
1614 2789 1757 2820 affedhim.
2346 2821 2351 2825 .
2433 2791 2463 2814 E.
2484 2796 2508 2821 3.

1397 2831 1549 2861 Referente
1570 2829 1673 2866 nobis,
1698 2827 1803 2857 dileeto
1825 2825 1907 2856 nobis
1928 2825 1956 2854 in
1981 2822 2118 2859 Christo,
2143 2822 2237 2852 Fratre
2261 2820 2418 2864 Galfndo,
2470 2823 2536 2854 ibid.

1359 2870 1458 2901 Priore
1479 2867 1515 2897 de
1539 2866 1653 2896 Lenton
1669 2889 1678 2903 ,
1704 2865 1820 2895 Ordinis
1842 2863 2035 2894 Cluniaceniis
2050 2884 2059 2899 ,
2082 2861 2232 2891 didicimus
2252 2860 2365 2898 qualiter
2390 2869 2420 2888 m

1359 2909 1484 2945 quodam
1499 2904 1534 2935 N
1536 2905 1629 2944 egotio
1640 2903 1816 2940 Provisorio,
1834 2902 1988 2932 Ecclesiam
2004 2901 2039 2931 de
2052 2899 2224 2941 Radeclive,
2240 2899 2316 2938 super
2333 2897 2422 2941 Sore,

1360 2947 1490 2978 Eborum
1512 2942 1646 2980 Diocefi‚
1663 2943 1862 2981 contingente,
1880 2951 1929 2979 per
1950 2940 2122 2970 Executores
2142 2938 2262 2976 ejuidem
2283 2936 2422 2979 Negotu,

1361 2985 1455 3016 eidem
1476 2982 1570 3012 Priori
1591 2981 1749 3019 injundhrm
1771 2989 1844 3018 erat,
1862 2988 1892 3010 ut
1913 2978 2151 3014 Procuratorem,
2172 2974 2342 3018 Venerabilis
2364 2973 2418 3016 Pa-

1362 3025 1429 3061 tris,
1447 3020 1572 3053 Domini
1594 3018 1626 3050 B.
1643 3019 1716 3049 tituli
1730 3018 1826 3049 saneti
1841 3017 2016 3054 Marcellini,
2037 3015 2185 3046 Presbiteri
2201 3012 2369 3055 Cardinalrs,
2390 3021 2420 3040 m

1352 3061 1569 3092 ‘Possessionem
1581 3058 1664 3088 dietae
1680 3057 1815 3089 Ecclesiae
1832 3057 1992 3093 induceret,
2009 3054 2069 3090 ὠς.
2081 3059 2161 3093 prout
2171 3054 2254 3090 supra
2269 3052 2348 3090 usque
2366 3049 2422 3079 haec

1363 3100 1470 3132 verba·
1489 3101 1550 3128 viz.

1403 3121 1600 3170 Paternitatem
1628 3134 1750 3166 vestram
1771 3133 1929 3165 affectuosis
1947 3132 2082 3163 Precibus
2103 3130 2266 3174 requirimus
2287 3127 2320 3156 &
2344 3134 2424 3172 roga-

1367 3188 1448 3214 mus,
1466 3174 1594 3214 quatinus
1615 3174 1733 3212 praefato
1746 3173 1838 3203 Priori
1851 3172 1886 3202 de
1902 3172 2033 3206 Lenton,
2052 3170 2112 3207 Qu
2130 3178 2181 3206 pro
2193 3164 2424 3211 'petenda'Stat'us

1366 3218 1406 3248 sui
1429 3213 1665 3250 Reformatione,
1679 3213 1713 3243 ad
1737 3212 1839 3243 Sedem
1855 3210 2050 3251 Apostolicam
2068 3206 2241 3249 personaliter
2255 3205 2282 3234 se
2296 3204 2424 3246 divertit,

1367 3257 1395 3286 in
1418 3253 1613 3294 prosecutione
1631 3253 1811 3290 negotiorum
1832 3250 1963 3284 suorum,
1981 3245 2100 3289 assistere
2120 3244 2224 3287 velitis,
2242 3242 2328 3273 nostri
2353 3250 2423 3270 con-

1367 3293 1551 3332 templatione
1572 3291 1740 3329 rogaminis‚
1756 3288 1886 3319 Consiliis
1904 3288 1936 3318 &
1961 3285 2076 3315 Auxilns
2091 3291 2251 3327 oportunam
2271 3280 2424 3322 eademque

1368 3333 1496 3372 Negotia
1516 3339 1599 3368 penes
1619 3329 1731 3360 dietum
1749 3328 1910 3358 Dominum
1929 3325 2080 3354 Summum
2096 3321 2265 3365 Pontincem
2277 3317 2354 3362 ¹(Cui
2373 3325 2424 3353 pro

1367 3372 1471 3404 eisdem
1492 3368 1657 3404 scribimus)
1677 3367 1784 3404 modis,
1799 3367 1898 3406 quibus
1917 3363 2015 3394 melius
2033 3361 2161 3399 expedire
2174 3360 2311 3394 videntis,
2329 3353 2426 3385 effica-

1368 3412 1437 3443 citer
1450 3416 1626 3448 promovere.

1407 3448 1475 3479 Dat⁴
1492 3456 1522 3477 ut
1536 3445 1625 3483 supra.

1458 3579 1516 3609 Pro
1539 3572 1681 3621 Johanne
1697 3571 1733 3605 de
1752 3574 1896 3604 Hanom'a
1908 3596 1918 3611 ‚
1943 3567 1978 3600 dc
1995 3569 2165 3600 Annuitate
2172 3561 2330 3608 fhlvenda.

1370 3661 1456 3718 RE
1466 3660 1496 3691 X
1506 3683 1516 3699 ,
1533 3658 1717 3689 Thesaurario
1731 3657 1765 3687 &
1779 3653 1947 3686 Camerariis
1962 3651 2032 3695 suis,
2050 3649 2182 3680 Salutem.
2266 3687 2272 3693 ι
2443 3653 2519 3686 ΑΜ,
2534 3650 2562 3683 D

1482 3698 1613 3729 Liberate
1633 3696 1667 3726 de
1686 3694 1831 3725 Thesauro
1853 3692 1968 3728 nostro,
1987 3690 2093 3720 diiecto
2111 3686 2331 3726 Consangurneo
2347 3686 2380 3718 ὃς
2393 3684 2425 3731 si-
2469 3700 2552 3732 1327·

1370 3738 1425 3768 deli
1447 3737 1559 3774 nostr0,
1575 3735 1699 3773 johanni
1718 3733 1754 3763 de
1768 3729 1918 3767 Hanonia,
1936 3730 2101 3771 quingentas
2116 3725 2245 3770 Marcas,
2259 3725 2296 3755 de
2309 3725 2425 3769 Termi-
2444 3737 2494 3761 An.
2521 3742 2547 3760 ,-

1372 3786 1412 3806 no
1434 3775 1545 3805 Paschae
1567 3773 1698 3811 proximo
1718 3771 1875 3808 praeterito,
1893 3769 1928 3798 de
1942 3768 1991 3797 illis
2006 3766 2081 3796 mille
2099 3764 2221 3808 Marem,
2237 3774 2303 3802 quas
2317 3773 2343 3793 er
2357 3774 2427 3808 con·
2447 3776 2475 3798 E,
2493 3780 2518 3797 2.

1373 3813 1518 3851 cessimus,
1536 3811 1571 3842 de
1591 3810 1716 3841 Exitibus
1727 3808 1876 3838 Custumae
1892 3806 2050 3842 Lanarum,
2070 3803 2244 3840 Coriorutn,
2261 3803 2294 3832 &
2309 3801 2428 3832 Pellriim
2448 3810 2558 3837 Liberat.

1374 3854 1527 3883 lanutarum
1565 3851 1592 3878 in
1612 3848 1699 3878 Portu
1723 3846 1850 3877 Civitatis
1868 3844 1971 3874 nostr-„e
1988 3842 2164 3878 Londoniae,
2180 3851 2229 3878 pet
2245 3851 2343 3871 manus
2357 3840 2429 3870 Col-
2453 3858 2474 3875 ¹,
2501 3850 2530 3873 Ε,
2551 3854 2562 3880 3

1375 3891 1516 3921 ledharum
1530 3874 1677 3917 Custumae
1693 3885 1834 3922 praedictae
1842 3906 1852 3922 ,
1867 3883 1972 3913 ibidem
1989 3880 2098 3920 singulis
2110 3880 2199 3924 Annis
2210 3879 2404 3923 percipiendas.
2449 3895 2484 3914 m,
2499 3885 2527 3910 6„

1412 3928 1501 3960 Teste
1515 3925 1597 3965 Rege
1611 3924 1683 3963 apud
1698 3922 1899 3963 Notingham,
1918 3920 2035 3951 decimo
2049 3919 2155 3949 odlavo
2170 3918 2215 3948 dle
2230 3917 2311 3948 Mau.

1911 3999 1966 4027 Per
1979 3994 2083 4027 Billam
2095 3993 2278 4036 Thefimrarii.

1897 4114 1983 4156 Λᾶς
