2562 4279
76 257 154 288 Ann.
163 255 204 286 D.
232 280 234 284 ,

102 302 187 333 1337-

70 333 138 361 Edv.
159 342 184 369 3.

69 441 181 466 Amir-

67 479 88 503 Ε
121 485 132 512 3

66 496 189 542 Pitfir.

67 555 195 587 E.3.p.1.

65 598 101 616 m.
123 590 165 618 16.

63 777 80 793 2*
100 778 152 806 iv.

63 814 126 850 748-

51 1721 127 1753 Ann.
138 1720 180 1752 D.

70 1769 157 1800 1337-

47 1802 101 1828 An.
124 1809 165 1827 rr.

46 1842 77 1866 z.
99 1847 123 1874 3-

46 1876 181 1912 ClausJi.

45 1917 182 1951 E.3.p.1.

45 1960 81 1980 m.
105 1961 147 1988 19.

21 3488 89 3592 5³·

42 3608 55 3628 1

21 3641 73 3665 An.

39 3723 54 3740 a

16 3679 51 3823 'rems'

58 3760 92 3817 ,ΞΨ

57 3488 70 3515 -G

61 3534 77 3559 Ὁ

63 3609 84 3711 ww

57 3721 78 3740 t.

83 3585 101 3702 .,,υο.

74 3489 109 3515 V.

102 3562 138 3666 :0¹0

97 3722 105 3740 -ι

102 3758 130 3825 ῨῬ

141 3543 262 3601 .RE

228 172 308 210 166

244 342 293 374 De
311 338 449 381 Tranfitu
466 335 599 383 Epifiopi
614 333 820 377 Lincolnienfis
839 332 883 367 ad
896 336 1001 368 Partes
1018 331 1248 376 transmarinas.

221 423 430 484 HEnricus‚
448 418 606 458 Episcopus
623 417 847 457 Lincolniensis',
865 418 928 457 qui,
945 417 975 447 in
989 416 1170 460 Obsequium
1178 413 1275 456 Regis,

308 460 342 491 ad
364 469 452 498 partes
474 458 684 488 Transiriarinas
701 456 879 495 profestum
900 455 942 486 est
957 478 967 494 ,
984 456 1069 486 habet
1083 455 1171 484 literas
1188 453 1274 494 Regis

218 499 255 529 de
271 499 453 530 Protecffione
467 507 534 527 cum
547 495 692 535 Clausula,
710 494 869 533 Volumus,
886 495 972 532 usque
984 493 1018 524 ad
1039 492 1155 524 Festum
1175 490 1273 523 Sancti

217 537 292 568 Petri
305 536 340 567 ad
355 535 493 572 Vincula,
510 536 644 573 proximo
657 534 785 565 futurum
797 533 949 564 duraturas.

252 575 455 612 Praelentibus,
471 574 532 605 &c.
1072 608 1077 614 .
1174 607 1179 612 ³
1194 606 1199 612 .

287 613 377 646 Teste
392 613 473 653 Rege
486 610 560 651 apud
573 610 767 651 Wyndesore‚
785 610 921 642 vicesimo
936 617 1036 649 quarto
1049 608 1096 639 die
1110 605 1222 645 Aprilis.

903 689 957 717 Per
971 684 1052 726 ipsiem
1066 688 1168 723 Regem.

215 767 234 787 ⁵³*
255 765 422 798 Confimil&
438 765 545 796 Literas
560 764 647 803 Regis
662 763 698 794 de
713 762 897 794 Proteffione
919 763 1025 793 habent
1046 759 1205 804 subscripti,
1223 757 1272 795 qui

233 816 299 837 curn
312 805 415 836 eodem
429 804 575 842 Episcopo
590 804 624 834 ad
637 802 725 834 dietas
739 811 827 841 partes
842 802 903 832 sunt
913 801 1088 842 profecturi,
1104 797 1253 833 videlicet,

759 881 873 914 Rogerus
885 875 991 906 Oliver.

756 915 901 954 Johannes
916 914 1073 944 childecote.

755 954 901 993 Johannes
915 954 946 983 de
960 954 1009 993 1ny
1024 951 1148 981 clericus.

755 993 886 1023 Robertus
901 992 932 1022 de
950 994 1068 1030 Depyng.

754 1032 885 1061 Ricardus
900 1030 931 1059 de
944 1029 1106 1067 Bannebury
1120 1025 1242 1057 Clericus.

754 1070 853 1099 Adam
867 1070 898 1099 de
911 1068 1037 1098 Brunlee.

754 1107 901 1138 Rollandus
913 1110 1034 1147 Daveys.

753 1147 882 1176 Ricardus
896 1148 1038 1175 Maceoun.

752 1186 833 1216 Eudo
848 1185 880 1214 de
894 1185 981 1213 stoke.

752 1223 896 1262 Johannes
911 1226 1010 1252 Ferrur
1023 1220 1055 1250 de
1063 1217 1261 1257 Norhampton.

753 1261 907 1300 Stephanus
924 1259 1000 1289 Poul.

210 880 356 920 Johannes
370 881 506 910 Hawara'
516 883 615 909 Senior.
641 881 650 889 ⁶

210 921 343 950 Ricardus
357 921 390 949 de
403 919 555 958 Tottebury.

208 957 302 988 Radul
317 958 367 988 hus
381 956 524 997 Spigurnel.

208 1000 290 1033 Magi
313 1007 343 1042 qr
362 996 507 1035 Johannes
528 996 559 1025 de
574 992 721 1032 Ragenhill

206 1035 451 1112 Jvcalzemgsynton
468 1070 591 1101 Clericus.

205 1110 341 1150 stlagtster
355 1111 501 1149 Johannes
516 1111 603 1139 Feres.

204 1149 355 1180 Nichalaus
370 1150 401 1178 de
417 1147 493 1178 Falle
506 1147 631 1178 Clericus,

203 1187 338 1233 stlagsser
358 1187 502 1226 Johannes
523 1186 554 1216 de
574 1186 715 1217 Farendon

204 1231 480 1302 Jofsjae’z'ncgf'l-Iaclut.

205 1302 350 1341 Johannes
365 1304 397 1332 de
413 1301 564 1340 Apethorp.
751 1300 883 1329 Ricardus
895 1299 928 1328 de
939 1297 1130 1334 Waldegrave.

203 1341 354 1370 Nicholaus
366 1342 399 1370 de
415 1340 576 1370 deenham.
751 1338 897 1376 Johannes
911 1336 957 1366 del
969 1335 1095 1374 Cophous.

201 1378 316 1408 Thomas
327 1378 489 1418 Breuchesle.
752 1379 796 1407 W
794 1375 917 1405 illielmus
928 1373 1066 1406 Talmach.

201 1419 281 1454 Hugo
296 1416 413 1457 Malory.
753 1414 916 1444 Willi'elmus
931 1414 963 1444 de
976 1410 1148 1444 Wadworth.

204 1455 342 1495 Philippus
352 1456 383 1485 de
396 1454 426 1484 la
443 1454 554 1484 March.
752 1456 831 1493 Hugo
845 1455 936 1492 Levy.

188 1626 191 1629 ἱ
248 1580 306 1612 Pro
321 1578 367 1612 W
363 1577 487 1610 illielmo
502 1575 539 1611 de
555 1578 666 1610 Monte
685 1578 785 1609 Acuta
797 1602 807 1617 ‚
832 1578 945 1609 Comite
969 1578 1083 1608 Sarum
1094 1600 1104 1618 ,
1122 1573 1213 1619 fhpcr

577 1622 722 1658 Exitibus
742 1628 880 1671 Cunagii.

200 1711 292 1768 RE
302 1709 333 1742 X
359 1710 583 1748 Collefmribus,
602 1710 659 1741 five
673 1709 863 1748 custodibus,
882 1708 1003 1748 Cunagii
1018 1707 1130 1745 Stanni,
1147 1707 1178 1737 in
1192 1705 1255 1737 Co-

277 1753 376 1782 mitatu
389 1749 565 1788 Cornubiae,
583 1748 715 1779 Salutem.
840 1786 845 1791 ι
895 1786 900 1791 .
1101 1785 1105 1790 ¹
1129 1785 1133 1790 ·
1196 1784 1201 1790 ⁸

236 1789 317 1820 Cum
332 1798 436 1827 nuper,
455 1787 625 1826 Personam,
644 1786 752 1817 Dileeti
764 1785 798 1817 &
814 1784 914 1816 Fidelis
928 1784 1034 1824 nostri,
1053 1783 1203 1815 Willielmi
1217 1783 1254 1814 de

199 1826 307 1859 Monte
324 1827 420 1858 Acuto
431 1850 441 1866 ,
467 1826 608 1857 honorare
628 1825 772 1863 volentes,
790 1823 884 1854 eidem
901 1824 1062 1854 Willielmo
1088 1822 1124 1853 N
1133 1831 1217 1869 oMa
1229 1830 1251 1853 Ν

200 1866 234 1907 {Sc
258 1866 478 1896 HoNoREM
506 1864 692 1895 Corum-is
715 1863 871 1906 Sanum
896 1861 927 1891 D
940 1871 1187 1906 EDE.R¹MUS.2
1210 1873 1254 1901 ip—

196 1908 312 1973 isumquie
326 1905 353 1933 in
369 1902 518 1935 Comitem
533 1902 632 1934 Sarum
646 1902 855 1940 praefecerimus
869 1925 879 1939 ,
898 1900 932 1932 &
944 1899 1051 1932 Gladio
1066 1910 1254 1941 cinxerunus,

209 1951 286 2019 mliii,
301 1951 382 2011 igi}
389 1988 489 2011 caetera
518 1989 583 2018 quae
602 1978 696 2010 eidem
717 1976 831 2008 Corniti
845 2000 856 2016 ,
874 1987 927 2015 pro
944 1976 1071 2008 Honore
1083 1977 1133 2008 illo
1146 1977 1252 2010 susten-

189 2020 276 2050 tando
283 2044 293 2057 ,
312 2020 346 2050 &
370 2019 481 2050 uberius
513 2016 692 2057 upportando
706 2039 716 2055 ,
734 2015 945 2053 Conceffimus)
967 2014 996 2046 C
1004 2026 1024 2046 o
1034 2024 1056 2046 N
1064 2025 1081 2046 c
1089 2025 1107 2047 E
1119 2025 1131 2046 s
1140 2026 1153 2047 s
1163 2026 1180 2047 E
1190 2026 1213 2047 R
1223 2027 1251 2047 1-

187 2066 268 2127 ffius
294 2067 348 2096 pro
370 2057 468 2089 Nobis
482 2079 492 2096 ,
516 2058 550 2089 &
569 2055 741 2087 Haeredibus
762 2054 863 2086 nostris
877 2077 887 2094 ,
909 2055 1026 2093 praefato
1040 2053 1152 2086 Corniti
1166 2055 1250 2087 Mille

225 2107 347 2174 {sigilis
363 2134 470 2173 Annis,
487 2134 522 2165 ad
539 2133 619 2165 Festa
626 2133 739 2164 Paschae
753 2133 787 2164 &
801 2131 1138 2177 Sanqsti'Michaelisffler
1153 2143 1249 2172 aequa-

185 2173 227 2205 les
245 2174 395 2205 Portiones
410 2197 421 2212 ,
444 2173 481 2204 de
499 2173 626 2204 Exitibus
647 2172 730 2202 Curia
752 2182 769 2201 ii
783 2171 929 2214 praedieti,
947 2181 996 2209 per
1009 2170 1113 2216 Marius
1127 2172 1248 2211 vestras,

187 2213 347 2244 &aliorum
365 2211 567 2243 Colledrorum
588 2212 620 2242 &
635 2209 730 2241 Custo
752 2220 801 2240 um
823 2209 945 2249 ejusdem
960 2208 1083 2250 Cunagii
1096 2234 1105 2249 ,
1125 2212 1172 2249 qui
1193 2221 1247 2249 pro

185 2260 317 2290 tempore
329 2251 448 2289 fuerint,
464 2250 653 2289 percipiendas
661 2275 670 2288 ,

222 2290 335 2320 HABE
347 2298 448 2320 Noas
475 2290 509 2320 &
535 2289 624 2319 Tan
636 2296 770 2319 annas
799 2286 892 2318 eidem
913 2286 1046 2326 Comiti,
1064 2287 1098 2318 ὅ(
1112 2286 1244 2319 Haeredi-

185 2329 238 2359 bus
253 2329 305 2359 suis
317 2327 450 2359 Masculis
484 2327 521 2358 de
535 2337 656 2365 corpore
668 2327 718 2357 suo
733 2326 759 2356 le
779 2327 859 2356 itime
873 2327 1039 2363 procreatis,
1058 2325 1206 2365 videlicet,

222 2366 408 2405 Oi‘Jcingentas
430 2352 542 2396 Marcas
563 2365 629 2395 inde
641 2388 651 2403 ,
677 2334 821 2409 quouigque
835 2363 967 2394 Castrum
979 2365 1012 2395 &
1029 2362 1195 2395 Manerium
1207 2364 1245 2396 de

184 2403 378 2442 Troubruog,
396 2406 429 2435 ὃς
444 2404 494 2434 alia
509 2412 584 2435 certa
597 2403 744 2441 Manena,

259 2429 467 2481 uae,³²Dilectus
480 2443 514 2473 ὃς
529 2440 646 2478 Fidelis,
664 2440 778 2478 noster,
793 2439 936 2478 Johannes
951 2440 986 2470 de
998 2440 1165 2480 warenna,
1180 2439 1244 2472 Co-

187 2490 248 2512 mes
261 2482 379 2519 sutrim,
397 2481 430 2512 &
461 2481 571 2511 ohanna
584 2479 671 2510 Uxor
687 2479 742 2517 ejus
755 2501 765 2517 ,
792 2486 888 2508 tenent
902 2478 935 2508 ad
949 2480 1102 2509 terminum
1113 2480 1180 2510 vitae
1194 2490 1243 2511 eo-

186 2519 320 2550 rumdem
338 2542 348 2558 ,
373 2519 407 2549 &
464 2528 566 2549 uorum
587 2517 793 2547 Reversionem
815 2516 893 2547 dieto
914 2515 1027 2547 Comiti
1040 2517 1156 2556 Sarum,
1175 2518 1241 2557 post

183 2556 342 2588 Deceffum
362 2557 507 2588 dicstorum
529 2556 653 2587 Comitis
674 2555 829 2586 Warennae
848 2555 880 2586 &
902 2554 1042 2593 Johannae
1056 2579 1066 2594 ,
1093 2556 1144 2587 sub
1164 2557 1240 2588 certa

178 2596 276 2627 forma
292 2595 506 2633 Concessimus,

214 2634 262 2665 Ad
277 2633 382 2665 Manus
396 2633 524 2672 praediffi
538 2632 662 2664 Comitis
675 2631 794 2670 Sarum,
810 2631 855 2663 vel
863 2630 1020 2663 Haeredum
1034 2632 1149 2664 suorum
1158 2633 1239 2665 Mas-

176 2673 309 2704 culorum
323 2673 526 2711 praedicstorum
535 2695 544 2710 ,
561 2671 741 2709 devenerint,

215 2710 253 2741 Et
270 2711 386 2742 residuas
405 2711 550 2741 Ducentas
574 2709 687 2740 Marcas
729 2707 875 2747 quousque
888 2707 980 2738 eidem
994 2708 1106 2740 Comiti
1119 2709 1237 2749 Sarum,

176 2749 223 2781 vel
236 2748 316 2780 dietis
329 2750 410 2788 ipsius
424 2748 596 2780 Haeredibus
606 2772 615 2786 ,
641 2747 677 2778 de
691 2733 831 2778 Ducentis
846 2746 980 2777 Marcatis
993 2747 1094 2778 Terrae
1109 2749 1142 2779 ὃ(
1157 2748 1237 2779 Red-

175 2787 253 2818 ditus
276 2797 324 2824 per
346 2788 463 2819 Annum
479 2811 489 2826 ,
511 2788 540 2817 in
554 2787 620 2817 loco
634 2786 830 2828 competenti,
849 2785 920 2815 infra
937 2785 1073 2824 Regnum
1086 2786 1236 2826 nostrum,

174 2836 225 2864 per
249 2825 317 2856 Nos
330 2848 340 2864 ,
365 2826 410 2857 vel
432 2825 567 2856 Haeredes
588 2824 701 2855 nostros
713 2848 724 2862 ,
747 2824 830 2854 fuerit
845 2823 1004 2862 provisum,
1021 2823 1071 2854 IM
1082 2832 1100 2853 P
1110 2833 1128 2854 E
1140 2834 1163 2855 R
1172 2834 1190 2855 P
1201 2835 1235 2855 E-

175 2873 260 2894 TUU
269 2872 296 2893 Μ
322 2866 352 2894 in
367 2864 460 2895 forma
472 2863 607 2902 praediffl„
633 2862 657 2892 P
666 2873 685 2892 o
696 2872 708 2893 s
719 2872 730 2893 s
742 2871 753 2892 1
763 2872 783 2892 D
794 2871 811 2892 E
821 2871 841 2892 N
854 2871 874 2891 D
884 2871 924 2892 AS
939 2885 948 2900 ,
974 2872 1059 2902 prout
1080 2863 1109 2892 in
1130 2862 1234 2895 Literis

172 2902 274 2933 nostris
288 2903 467 2941 Patentibus,
484 2901 551 2932 inde
564 2901 716 2938 confectis,
736 2901 843 2938 plenius
859 2901 1035 2940 continetur,

212 2941 303 2973 Vobis
323 2941 488 2971 mandamus
503 2964 513 2978 ,
538 2939 617 2976 quod
638 2939 776 2976 praedidio
798 2938 911 2969 Comiti
930 2939 1031 2969 Sarum
1054 2939 1232 2980 Quingentas

173 2978 303 3017 Marcas,
321 2978 357 3009 de
373 2979 515 3009 Termino
531 2977 643 3008 Paschae
660 2979 793 3017 proximo
829 2979 948 3007 raeterito
958 3001 967 3016 ,
982 2977 1018 3008 de
1032 2976 1160 3009 Exitibus
1167 2978 1230 3010 Cu-

172 3019 246 3056 nagii
259 3017 388 3055 praediffi
402 3041 412 3057 ,
437 3017 563 3055 solvatis,
578 3017 653 3055 quta
667 3025 796 3047 tenorem
838 3016 968 3046 iterarum
984 3015 1144 3047 nostrarum
1157 3028 1232 3056 prae-

172 3055 392 3132 dlffdgirpientes
408 3094 423 3124 a
440 3093 556 3132 praefato
570 3092 688 3123 Comite
702 3092 802 3123 Sarum
818 3092 924 3122 Literas
940 3092 997 3123 suas
1011 3093 1228 3133 Patentes,Re-

170 3134 336 3169 ceptionem
352 3133 490 3163 diciarum
505 3132 734 3171 Qingentarum
749 3131 915 3160 Marcarum
929 3131 1140 3171 Testificantes,

210 3170 247 3201 Et
270 3170 336 3200 Nos
354 3172 436 3201 vobis
458 3170 525 3200 inde
539 3193 548 3208 ,
571 3171 599 3200 iri
620 3169 772 3210 Compoto
793 3168 888 3200 vestro
904 3192 912 3206 ,
931 3169 964 3199 ad
979 3170 1159 3202 Scaccarium
1173 3182 1227 3203 no·

172 3207 261 3239 strum
270 3232 278 3245 ,
297 3209 420 3240 debitam
435 3209 631 3240 allocationem
646 3209 747 3239 habere
760 3207 904 3238 faciemus.

208 3246 298 3278 Teste
311 3247 392 3287 Rege
407 3247 480 3286 apud
495 3247 692 3288 Wyndesore,
710 3246 845 3278 vicesimo
863 3253 961 3283 quarto
975 3245 1020 3276 die
1036 3246 1144 3286 Aprilis.

593 3325 648 3353 Per
661 3322 744 3362 ipsitm
756 3325 852 3360 Regem
863 3324 891 3365 ist
899 3320 977 3360 pleno
994 3321 1187 3352 Parliamento.

250 3461 278 3487 ἒ*
305 3463 362 3494 Ρνο
379 3459 541 3493 Willielmo
562 3457 598 3492 de
615 3462 726 3493 Monte
741 3459 842 3490 Acuto
853 3484 862 3499 ‚
890 3459 1002 3490 Comite
1018 3460 1142 3490 Sarum.

272 3542 314 3589 X„
326 3544 487 3590 Omnibus,
505 3543 538 3574 ad
555 3553 645 3582 quos,
662 3543 723 3574 δίε.
741 3542 872 3573 Salutem.

205 3583 494 3659 Ευσῗῗιρὸῧὲξῗῗξῖῧε
509 3620 609 3650 Fidelis
624 3618 736 3656 noster,
754 3617 927 3649 Willielmus
939 3616 975 3647 de
988 3616 1096 3659 Monte
1110 3616 1223 3654 Aemo,

169 3655 276 3688 Comes
293 3660 391 3690 Sarum
407 3683 417 3698 ,
441 3669 504 3690 ante
526 3658 681 3690 Receffum
703 3658 782 3688 suum
803 3656 839 3687 de
860 3655 1015 3686 Londonia
1029 3658 1120 3686 verius
1135 3665 1223 3694 partes

169 3696 356 3727 transmarinas
365 3721 374 3735 ,

205 3733 250 3762 Ad
272 3745 336 3771 quas
353 3735 448 3773 Ipsum
460 3759 470 3773 .,
497 3736 552 3766 una
567 3744 634 3765 cum
652 3733 816 3773 quibusdam
831 3732 888 3763 aliis
902 3731 1043 3762 Fidelibus
1057 3730 1175 3769 nostris,
1189 3732 1219 3761 in

165 3767 315 3801 Nuncium
329 3773 458 3804 duximus
470 3773 665 3803 destinandum
673 3796 683 3810 ,

198 3807 380 3846 Affiimpserit
393 3834 403 3849 ,
429 3812 463 3842 ad
487 3812 693 3849 requisitionem
715 3809 856 3847 nostram,
873 3809 979 3839 solvere
994 3818 1047 3846 pro
1063 3808 1145 3838 nobis
1160 3831 1171 3846 ,
1189 3808 1219 3837 in

162 3844 246 3875 diffls
262 3849 383 3882 partibus
398 3850 599 3887 transmarinis,
618 3850 700 3879 certis
716 3848 842 3878 Personis
857 3848 996 3886 Qinque
1010 3845 1093 3877 Milia
1107 3846 1221 3876 Marca-

164 3893 247 3921 fums
266 3894 317 3921 ΡΥΟ
332 3884 515 3929 Expeditione
529 3887 716 3925 quorumdam
731 3886 1006 3924 Urgentissimorum
1019 3885 1053 3915 &
1068 3884 1222 3915 Secretiffi-

163 3931 281 3951 morum
301 3921 501 3959 Negotiorum
521 3925 685 3955 nostrorum
698 3947 708 3963 ,
735 3923 771 3953 de
795 3925 894 3961 quibus
915 3934 965 3962 per
986 3923 1055 3953 Nos
1073 3922 1222 3962 specialiter

165 3961 254 3990 extitit
268 3959 420 3990 Oneratus:

203 3997 240 4028 Et
253 3999 315 4035 quia
325 4000 383 4037 jam
398 3998 489 4027 sumus
502 4000 727 4030 certitudinaliter
742 3999 903 4037 informati,
916 3998 1002 4043 'quod
1017 3999 1146 4036 praefatus
1159 3996 1223 4028 Co-

167 4036 322 4105 {pis'tdiffl
345 4036 483 4074 Qinque
503 4036 585 4069 Milia
600 4038 781 4075 Marcamm,
799 4046 884 4075 prout
897 4047 923 4068 ei
937 4039 1122 4076 injunximus,
1138 4037 1221 4074 plene

182 4085 200 4106 o
213 4085 239 4107 v1
259 4098 269 4113 2

671 152 1469 206 CONVENTIONES,

1524 153 1912 200 LITERAE,

1351 237 1390 269 Et
1403 248 1452 277 per
1464 238 1534 270 Nos
1548 240 1581 271 &
1596 239 1766 270 Concilium
1781 237 1912 269 nostrum
1925 235 2087 269 ordinatum
2099 237 2182 270 fuerit
2203 239 2236 271 &
2250 249 2374 272 concor·
2393 232 2470 265 Alm-
2479 233 2522 266 D·

1309 276 1424 315 datum,
1443 278 1523 316 quod
1536 279 1665 316 praefatus
1678 277 1789 308 Comes
1802 277 1877 307 dieta
1893 277 2032 315 Quinque
2048 276 2135 307 Milia
2150 276 2315 310 Marcarum
2330 280 2366 311 de
2415 281 2503 313 ¹337«

1309 314 1439 346 Denariis
1454 340 1463 352 ,
1481 316 1710 353 provenientibus
1727 315 1764 346 de
1785 314 1914 346 Exitibus
1931 313 2070 383 Cunagiti),
2087 325 2120 345 ac
2135 315 2253 347 aliorum
2264 317 2368 349 Terra-
2386 314 2453 340 ΕΜ·
2475 322 2504 349 3·

1309 363 1373 384 rum
1387 354 1422 384 δε
1436 353 1685 386 Tenementorum
1701 363 1951 392 quorumcumque
1966 354 1995 382 in
2060 354 2158 384 mitatu
2171 352 2346 394 Cornubiae,

1347 392 1426 431 Qiae
1446 402 1535 431 nuper
1558 392 1702 424 Edwardo
1716 415 1726 432 ,
1750 392 1829 423 Duci
1850 390 2010 422 Cornubiae
2023 414 2033 429 ‚
2060 392 2094 422 &
2107 391 2220 422 Comiti
2234 391 2369 432 Cestriae,

1310 428 1383 459 Filio
1405 430 1505 461 nostro
1525 431 1666 462 carisfimo
1680 455 1690 469 ,
1736 441 1765 461 er
1784 429 1901 460 Cartam
1921 429 2064 468 nostram,
2083 429 2226 466 Dedimus
2240 431 2274 466 ὅτ.
2287 429 2370 462 Con-

1310 466 1455 506 cessimus,
1472 469 1523 499 sub
1538 470 1615 500 certi
1629 470 1740 508 forma,
1758 468 1903 515 habenda,

1347 505 1507 543 Perciperet
1522 508 1556 538 &
1568 508 1698 547 haberet,
1717 507 1816 538 eadem
1831 517 1906 539 carta
1920 516 1980 537 non
1993 505 2141 545 obstante,

1346 543 1483 575 Volentes
1495 555 1542 582 ea,
1561 556 1625 584 quae
1639 547 1678 577 fic
1690 547 1727 577 de
1741 544 1877 577 Concilio
1890 544 1988 575 nostro
2000 544 2125 575 ordinata
2137 545 2172 575 &
2193 546 2367 577 concordata

1311 581 1442 621 fuerunt,
1459 582 1627 622 adimplere,
1645 585 1679 615 &
1699 584 1815 622 praefato
1837 584 1949 614 Comiti
1969 582 2069 614 Sarum
2082 583 2117 614 de
2131 583 2213 614 distis
2227 578 2369 623 Qihque

1312 619 1434 650 Milibus
1446 620 1611 652 Marcarum
1626 622 1805 653 Solutionem
1819 622 1896 660 fieri,
1913 630 1997 659 prout
2011 621 2109 659 decet,

1347 657 1547 689 Conceffimus
1587 670 1619 690 ro
1631 659 1729 690 Nobis
1738 683 1748 698 ,
1763 662 1796 692 &
1813 660 1982 691 Haeredibus
1994 659 2112 698 nostris,
2130 659 2249 697 praefiito
2262 659 2369 692 Comi-

1308 697 1329 726 ti
1348 697 1448 727 Sarum
1468 697 1543 727 dieta
1564 670 1704 736 &unque
1725 698 1807 729 Milia
1830 698 1994 729 Marcarum
2010 721 2020 737 ,
2045 698 2290 736 percipiendarum
2302 723 2312 738 ,
2330 698 2368 731 de

1307 733 1434 766 Exitibus
1456 734 1576 775 Cunagii
1591 760 1601 774 ,
1625 746 1658 767 ac
1673 736 1827 768 Terrarum
1849 739 1883 768 ὃς
1896 737 2148 768 Tenementorum
2161 737 2367 775 praedatorum

1306 774 1536 810 provenientibus
1550 797 1560 812 ,
1585 784 1635 812 per
1658 774 1763 805 Manus
1783 775 1998 814 Recemorum,
2016 776 2074 807 five
2087 773 2251 806 Custodum
2266 775 2366 807 Cuna-

1305 812 1360 849 gi'i‚
1378 822 1410 842 ac
1426 811 1598 850 Terrarum,
1616 812 1651 843 &
1665 812 1937 852 Tenementorum,
1956 814 2142 853 eorumdem,
2161 815 2209 852 qui
2222 824 2276 853 pro
2289 823 2364 846 tem-

1304 859 1374 886 pore
1387 850 1506 888 fuerint,
1525 851 1559 880 ad
1573 852 1710 881 terminos
1723 850 1904 889 subscriptos·
1925 852 2073 890 videlicet,

1341 888 1426 918 Mille
1443 887 1554 919 Marcas
1566 890 1595 919 in
1610 888 1695 919 Festo
1710 888 1745 919 N
1747 890 1874 920 ativitatis
1888 876 1984 921 §aneti
1994 891 2131 929 johannis
2144 889 2275 929 Baptistae
2295 900 2364 930 pro-

1301 934 1382 996 xmlict)
1392 926 1518 995 iiiltlggi'io
1533 964 1643 996 Natalis
1657 964 1782 996 Domini
1797 966 1931 1004 proximo
1945 967 2078 1004 sequente
2091 967 2175 998 Mille
2190 966 2318 999 Marcas:

1338 1002 1396 1039 Et,

1333 1040 1363 1071 Si
1377 1041 1469 1072 forsan
1482 1042 1616 1080 praefatus
1632 1041 1743 1073 Comes
1757 1041 1875 1081 Sarum,
1892 1051 2073 1080 quacumque
2084 1043 2120 1074 de
2135 1044 2233 1083 causi,
2251 1045 2297 1075 vel
2309 1055 2364 1077 oc-

1300 1080 1429 1124 casione,
1447 1080 1600 1118 impeditus
1614 1080 1715 1120 fuerit,
1734 1082 1893 1120 quominus
1904 1081 1981 1111 dieta
1998 1081 2137 1150 Ἔρως
2150 1081 2232 1113 Milia
2247 1082 2363 1115 Marca-

1299 1128 1363 1148 rum
1378 1129 1407 1148 in
1425 1128 1506 1158 toto,
1523 1119 1567 1149 vel
1584 1121 1613 1150 in
1628 1129 1720 1158 parte,
1739 1120 1775 1150 de
1790 1119 1919 1150 Exitibus
1932 1118 2020 1157 praedi

1300 1157 1330 1187 in
1346 1157 1443 1188 sormi
1456 1157 1627 1197 supradicta,

1336 1194 1480 1226 Volumus
1502 1197 1535 1226 ὃ(
1559 1196 1755 1227 Concedimus
1770 1221 1780 1234 ,
1806 1206 1860 1235 pro
1874 1195 1995 1234 Nobis,
2013 1195 2046 1227 &
2058 1194 2230 1228 Haeredibus
2242 1198 2360 1239 nostris,

1298 1233 1379 1271 quod
1393 1234 1544 1273 praedidtus
1557 1233 1668 1266 Comes
1681 1235 1784 1266 Sarum
1797 1235 1915 1274 habeat,
1932 1235 1966 1265 &
1984 1235 2117 1272 percipiat
2129 1234 2165 1264 ad
2180 1235 2361 1269 Scaeearium

1297 1271 1444 1309 nostrum,
1462 1272 1498 1302 de
1513 1273 1657 1304 Thesauro
1670 1273 1770 1305 nostro
1804 1273 1839 1305 ad
1846 1274 2005 1304 Terminos
2017 1272 2186 1311 praedieros,
2203 1274 2270 1306 illud
2283 1277 2362 1314 quod

1297 1310 1347 1340 sibi
1363 1310 1532 1355 sic-defuerit
1548 1311 1584 1341 de
1598 1312 1737 1351 Qinque
1752 1297 1872 1343 N'Iilibus
1886 1311 2053 1355 Mai-mrum
2066 1311 2230 1351 anrediffis,
2247 1312 2284 1344 de
2299 1316 2360 1352 qui-

1298 1349 1351 1392 bus
1366 1349 1485 1388 quidem
1502 1350 1643 1389 Qinque
1656 1351 1778 1382 Milibus
1800 1350 1964 1382 Marcarum
1977 1359 2125 1381 nemmem
2141 1350 2275 1383 volumus
2288 1362 2359 1384 one-

1299 1397 1362 1418 ran.

1334 1425 1369 1456 In
1384 1427 1481 1464 cujus,
1500 1426 1562 1457 ὅτε.

1367 1464 1458 1497 Teste
1470 1464 1556 1504 Rege
1567 1466 1642 1505 apud
1657 1465 1858 1508 Wyndesore‚
1875 1466 2012 1498 vicesimo
2028 1475 2107 1497 nono
2125 1465 2172 1497 die
2185 1465 2296 1507 Aprilis.

1772 1546 1826 1575 Per
1838 1542 1919 1584 ipsum
1932 1545 2029 1581 Regem
2044 1540 2082 1579 όν
2096 1543 2251 1574 Concilium-

2086 1121 2231 1158 percipere
2246 1124 2362 1162 poterit,

1294 1678 1354 1713 Ad
1367 1681 1482 1725 Papam
1494 1706 1505 1722 ,
1525 1691 1581 1726 pro
1596 1679 1822 1727 Archiepifiopo
1845 1680 2056 1724 Cantuarienfi
2067 1708 2077 1724 ‚
2103 1691 2206 1714 contra
2221 1683 2362 1729 Appella-

1582 1732 1671 1762 tiones
1690 1728 1734 1762 ad
1748 1731 1874 1762 Curiam
1889 1731 2072 1763 Romanam.

1350 1811 1463 1843 APAE
1489 1812 1572 1852 Rex,
1590 1813 1652 1845 &c.
1669 1813 1772 1845 devota
1785 1812 1898 1845 Pedum
1913 1814 2006 1845 oscula
2022 1814 2185 1846 Beatorum.
2374 1812 2499 1847 Anno.

1378 1849 1436 1882 Etsi
1456 1853 1569 1882 votivus
1587 1852 1682 1886 noster
1701 1852 1845 1884 incalescat
1867 1852 1997 1883 Affecstus
2017 1853 2055 1883 ad
2070 1853 2238 1892 lingularum
2254 1853 2354 1886 Eccle-
2396 1861 2482 1895 1337.

1292 1887 1393 1919 siarum
1413 1889 1626 1921 Cathedraliuni
1648 1889 1743 1930 Regni
1758 1890 1847 1921 nostri
1861 1891 1959 1922 Decus
1975 1892 2008 1922 &
2020 1890 2188 1922 Commoda
2200 1902 2355 1930 procurari·
2365 1894 2418 1920 An.
2438 1903 2447 1921 i
2458 1905 2481 1924 1.

1291 1926 1362 1957 dum
1377 1950 1387 1966 ,
1410 1926 1598 1960 Conservatio
1616 1938 1712 1959 tamen
1727 1928 1884 1960 Honorum
1904 1930 1937 1961 &
1948 1929 2060 1968 Jurium
2076 1929 2280 1961 Cautuariensis
2293 1931 2352 1961 Ec-
2366 1933 2396 1956 E·
2417 1940 2443 1967 3.

1290 1965 1476 2004 clesiae„prae
1494 1968 1618 2006 caeteris,
1637 1967 1736 1998 infidet
1758 1968 1842 1997 nobis
1859 1968 1941 1999 cordi
1955 1991 1965 2006 ,
1991 1969 2025 1999 δε
2047 1969 2171 2007 merito,
2190 1969 2261 2000 ciim
2274 1969 2332 2008 ipsa
2336 1994 2349 2017 ἕ
2363 1971 2434 1997 Rom.
2450 1979 2492 2000 ιι.

1289 2002 1462 2035 Sanctorum
1482 2005 1602 2036 mirifice
1623 2005 1755 2036 decorata
1778 2004 1915 2043 Reliquiis
1929 2029 1938 2044 ‚
1965 2006 1995 2036 in
2017 2005 2171 2045 Dignitatis
2184 2006 2350 2039 Eminentia
2366 2010 2394 2033 E·
2406 2015 2476 2044 3.m.

1287 2051 1402 2073 caeteras
1411 2043 1573 2083 antecellat,
1590 2044 1624 2075 &
1637 2043 1671 2074 ad
1688 2045 1746 2082 ejus
1758 2042 1957 2074 Praefidentem
1978 2045 2114 2082 pertineat
2128 2043 2222 2084 Reges
2236 2044 2350 2084 Angliae
2368 2053 2393 2080 3.

1289 2078 1454 2120 Coronam,
1472 2083 1488 2112 a
1504 2092 1563 2121 quo
1576 2081 1681 2113 nostrae
1700 2081 1903 2113 Coronationis
1925 2081 2047 2120 Insignia
2068 2083 2225 2122 recepimus
2238 2106 2248 2122 ,
2265 2092 2295 2114 ut
2308 2084 2350 2115 est

1288 2120 1393 2158 moris,
1410 2120 1444 2151 &
1456 2121 1505 2159 qui
1518 2130 1596 2151 nunc
1611 2122 1638 2152 ei
1651 2121 1779 2159 praesidet
1792 2121 2027 2159 Archiepiscopus
2048 2122 2132 2152 nobis
2145 2122 2245 2152 locum
2259 2130 2352 2154 teneat

1285 2157 1464 2236 gotiffimlkigm
1478 2159 1529 2228 giis
1542 2160 1657 2199 diebus,
1674 2168 1773 2198 utpote
1792 2160 1836 2192 vir
1850 2159 1972 2198 prudens
1983 2161 2014 2190 in
2031 2157 2168 2191 Consiliis
2181 2183 2192 2200 ,
2208 2161 2242 2192 δε
2255 2163 2353 2201 provi-

1307 2207 1337 2228 us
1351 2207 1381 2227 in
1446 2208 1481 2229 en
1503 2208 1532 2228 is.

1322 2235 1412 2274 Sane,
1429 2238 1496 2268 lieet
1508 2236 1626 2276 Causae,
1646 2247 1696 2276 per
1711 2238 1788 2268 viam
1803 2236 2025 2276 Appellationis,
2042 2236 2088 2269 vel
2103 2237 2256 2277 Qerelae,
2272 2247 2348 2278 prae-

1284 2282 1361 2306 tenu
1376 2275 1585 2306 Gravaminum
1600 2299 1609 2314 ,
1633 2286 1683 2314 per
1703 2275 1902 2313 Suffiaganeos
1915 2273 2120 2307 Cantuariensis
2138 2275 2274 2307 Ecclesiae
2289 2277 2350 2307 illa-

1282 2322 1397 2352 torum,
1414 2313 1450 2344 ad
1460 2313 1622 2345 Cantuariae
1643 2313 1762 2345 Curiam
1783 2313 1945 2353 devolutae‚
1962 2314 2018 2345 illic
2033 2315 2093 2346 tam
2106 2314 2145 2345 de
2153 2315 2241 2354 Jure,
2259 2316 2348 2353 quam

1281 2352 1319 2382 de
1332 2351 1564 2392 Consuetudine,
1581 2353 1693 2384 tra<stari
1708 2353 1830 2384 debeant
1843 2354 1877 2383 &
1893 2352 1984 2391 finiri,

1318 2388 1492 2422 Venerabilis
1512 2401 1607 2421 tamen
1626 2390 1709 2422 Pater
1757 2392 1793 2422 A.
1814 2390 2030 2431 Wyntonienfis
2053 2391 2209 2430 Episcopus
2221 2414 2232 2430 ,
2258 2391 2343 2422 dietae

1281 2427 1483 2460 Cautuarienfis
1506 2429 1639 2473 Ecclesiae
1661 2416 1862 2467 Suffraganeus
1877 2453 1887 2468 ‚
1912 2431 1928 2460 a
1949 2430 2006 2468 qui
2020 2431 2108 2461 multa
2124 2431 2145 2450 ³*
2161 2429 2345 2468 Commoda,
2363 2423 2378 2439 ¹*
2396 2425 2449 2451 IV.

1280 2467 1390 2498 multos
1405 2478 1441 2499 ue
1455 2477 1560 2506 recepit
1568 2467 1723 2507 Honores,
1741 2468 1864 2499 Morem
1875 2468 2020 2508 Majorum
2034 2470 2210 2507 praeteriens,
2228 2468 2263 2498 &
2279 2477 2342 2498 exa-
2363 2471 2396 2497 7⁹5
2400 2473 2426 2491 0·

1279 2515 1348 2536 men
1400 2508 1462 2538 atris
1476 2507 1532 2537 suae
1546 2506 1738 2546 Metropolis,
1757 2508 1862 2545 absque
1882 2507 1975 2545 aliun
1989 2507 2037 2537 sua
2051 2505 2161 2544 Culpa,
2180 2506 2341 2537 machinans

1278 2554 1328 2581 per
1341 2543 1518 2575 Commenta
1531 2545 1629 2576 callida
1641 2546 1797 2584 declinare,
1814 2548 1843 2575 in
1857 2545 1980 2583 ejusdem
2003 2543 2104 2574 Matris
2126 2544 2181 2574 suae
2201 2546 2342 2575 immacu-

1277 2583 1341 2613 larae
1357 2582 1557 2621 Opprobrium
1571 2593 1655 2621 atque
1667 2584 1801 2621 Malum,
1818 2593 1852 2613 ac
1867 2583 1886 2612 si
1901 2584 2005 2621 ingrata
2020 2582 2054 2612 &
2068 2582 2197 2619 injuriosa
2211 2583 2343 2622 extiterit,

1277 2629 1307 2651 ut
1319 2630 1380 2651 non
1393 2621 1462 2658 fuit,
1479 2621 1518 2651 set
1532 2622 1628 2658 potitis
1641 2622 1745 2651 multos
1759 2621 1883 2658 favores,
1901 2629 1973 2658 quos
1985 2630 2045 2650 non
2061 2622 2181 2659 meruit,
2199 2621 2249 2650 sibi
2261 2621 2340 2660 fecit,

1275 2658 1344 2689 sicut
1364 2661 1500 2689 veraciter
1520 2660 1655 2689 novimus
1674 2658 1814 2697 fidedigna
1837 2658 1989 2689 Relatione
2002 2658 2174 2698 multorum,
2194 2660 2242 2697 qui
2255 2658 2334 2697 super

1276 2697 1328 2726 hiis
1341 2697 1455 2734 plenam
1468 2698 1502 2727 &
1517 2706 1626 2727 meram
1640 2695 1795 2727 Veritatem
1808 2706 1949 2728 noverunt
1958 2720 1967 2734 ,

1310 2734 1518 2773 DileClmmque
1532 2735 1614 2765 nobis
1630 2734 1804 2774 Magistrum
1824 2734 2016 2765 Willielmum
2040 2734 2128 2773 Inge,
2148 2734 2337 2767 Archidiaco-

1274 2783 1344 2803 nurn
1368 2773 1622 2804 Archidiaconatsis
1642 2773 1744 2804 Surriae
1760 2797 1770 2811 ,
1794 2773 1996 2812 Wyntoniensi
2018 2773 2154 2804 Dioecese
2166 2797 2176 2812 ,
2196 2774 2338 2805 laboribus

1272 2821 1415 2850 exponere
1434 2813 1493 2843 sum
1516 2812 1599 2843 tuosis
1622 2822 1670 2850 per
1690 2811 1893 2849 Suggestiones
1915 2812 2060 2850 exquisitas
2073 2836 2082 2850 ,
2108 2813 2191 2842 omni
2210 2814 2336 2844 veritatis

1270 2850 1444 2881 adminiculo
1459 2851 1495 2881 de
1522 2852 1617 2889 itutas,
1634 2849 1735 2881 Causas
1750 2850 1968 2888 Appellationis‚
1986 2852 2058 2881 inter
2070 2851 2160 2887 ipsum
2183 2851 2216 2881 ὅτ.
2234 2851 2336 2889 praefa-

1269 2897 1333 2919 tum
1348 2888 1609 2928 Archidiaconum,
1628 2889 1744 2928 Qem,
1763 2889 1832 2919 sicut
1847 2890 1880 2920 ὃ(
1899 2889 2054 2928 Qiossibet
2067 2889 2130 2919 suos
2145 2889 2333 2928 Subditos,in

1269 2928 1496 2966 quibuscumque
1509 2928 1579 2958 locis
1616 2930 1716 2966 quibus
1729 2928 1856 2967 praefuit,
1875 2937 1976 2958 contra
1987 2928 2129 2966 Justitiam
2143 2929 2332 2966 opprimebat,

1270 2967 1298 2995 in
1314 2965 1392 2997 dista
1407 2966 1567 2997 Cantuariae
1574 2951 1664 2997 Curii
1675 2976 1765 3004 nuper
1779 2967 1927 3004 motas,&
1941 2966 2048 2996 ibidem
2060 2966 2191 2996 indecisas
2206 2966 2332 3002 penden-

1268 3013 1324 3042 tes,
1340 3014 1372 3035 ac
1393 3015 1494 3035 omnes
1512 3006 1591 3043 alias,
1607 3004 1641 3036 ad
1665 3004 1694 3035 R
1730 3014 1777 3035 em
1789 3004 1993 3042 jurisdictionis
2007 3005 2040 3034 &
2054 3003 2256 3033 Dioecesanam
2271 3004 2332 3042 spe-

1267 3043 1388 3082 (stantes,
1406 3043 1539 3074 Domino
1558 3043 1683 3074 Olivero
1695 3014 1739 3073 effe
1762 3042 1906 3081 Ceneto,
1924 3042 2010 3073 vestri
2024 3041 2102 3085 Sacri
2116 3041 2213 3072 Palatii
2228 3041 2332 3073 Causa-

1266 3091 1331 3112 rum
1352 3084 1437 3119 primi
1458 3081 1562 3120 gradus
1585 3081 1716 3112 Auditori
1731 3105 1740 3120 ,
1758 3083 1921 3120 procuravit
1941 3081 2087 3111 committi
2110 3079 2258 3110 audiendas
2296 3083 2329 3112 &

1266 3119 1323 3151 fine
1334 3119 1432 3151 debito
1447 3121 1652 3159 terminandas,
1670 3129 1700 3150 ut
1715 3121 1752 3150 sic
1769 3120 1820 3158 Jus
1841 3121 1874 3150 &
1893 3118 2125 3156 jurisdictionem
2146 3117 2233 3149 dietae
2297 3129 2330 3150 n-

1263 3159 1405 3189 tuariensis
1428 3158 1563 3191 Ecclefiae
1583 3159 1759 3196 absorberet,
1777 3159 1807 3187 i'n
1828 3166 1925 3188 totum
1947 3165 1979 3186 ut
2003 3156 2144 3187 videretur
2159 3157 2331 3196 Exemptus,

1264 3197 1359 3234 quoad
1378 3199 1475 3228 omnia
1487 3221 1498 3236 ,
1514 3198 1603 3235 ipsum
1626 3206 1672 3228 tan
1692 3197 1765 3226 entia
1778 3218 1786 3233 ,
1811 3196 1845 3226 &
1867 3194 2112 3225 Archidiaconum
2135 3195 2329 3234 amedidkum,

1265 3236 1365 3273 Qem
1384 3237 1418 3266 &
1439 3237 1496 3272 eius
1512 3235 1653 3274 justitiam
1676 3234 1822 3264 bane'titati
1837 3234 1870 3265 ὅ(
1884 3233 2062 3264 Retstitudini
2078 3233 2256 3272 Apostolicae
2268 3234 2330 3273 spe-

1263 3275 1325 3303 ciali
1339 3274 1608 3304 recommendamus
1623 3272 1728 3304 affeetu
1737 3295 1747 3311 ‚

1339 3321 1385 3348 uas
1403 3311 1507 3349 quiden
1520 3310 1757 3347 Commiffiones,
1775 3310 1794 3340 si
1810 3311 1956 3342 veritatem
1970 3312 2084 3343 tacitam
2097 3309 2328 3349 expreffiffet‚&

1262 3349 1302 3379 nil
1346 3350 1434 3380 eritati
1456 3351 1629 3380 contrarium
1650 3349 1837 3388 suggessisset,
1856 3350 2028 3387 nullatenus,
2047 3359 2079 3380 ut
2103 3349 2260 3387 credimus,
2278 3350 2327 3380 ha-

1264 3386 1378 3425 buisset,
1401 3388 1554 3425 praesertim
1577 3389 1646 3418 cum
1666 3388 1750 3418 Sedes
1769 3387 1954 3427 Apostolum,
1989 3390 2054 3419 licet
2078 3388 2111 3418 sit
2130 3389 2158 3418 in
2183 3387 2326 3425 potestatis

1263 3425 1436 3463 plenitudine
1452 3426 1585 3457 divinitus
1601 3426 1770 3465 constituta,
1789 3437 1849 3457 non
1867 3427 1952 3458 solent
1975 3427 2072 3458 tollere
2088 3426 2139 3464 Jus
2156 3426 2190 3457 &
2207 3424 2324 3464 Jurisdi-

1263 3464 1373 3494 <stiones
1387 3464 1573 3495 Praelatorum
1588 3465 1775 3503 inferiorum,
1791 3467 1819 3495 in
1835 3473 1943 3501 partem
1961 3465 2016 3496 suae
2037 3464 2218 3495 solicitudinis
2236 3472 2324 3506 voca7

1263 3510 1374 3540 torum,
1392 3513 1446 3533 nec
1463 3503 1579 3541 Causas,
1597 3513 1662 3542 quae
1673 3504 1786 3534 tradrari
1800 3503 1905 3534 debent
1919 3505 1947 3534 in
1961 3504 2099 3542 partibus,
2116 3502 2322 3532 Examinanom

1262 3539 1339 3570 Sedis
1353 3542 1546 3580 Apostolicae,
1564 3543 1621 3573 fine
1636 3542 1720 3573 causa
1732 3542 1758 3571 le
1780 3541 1874 3580 timi,
1894 3542 2042 3574 reservare.

1301 3579 1501 3617 Qamobrem
1523 3580 1738 3618 circumspectae
1786 3580 1970 3611 Ioderationis
1990 3578 2165 3618 Apostolicae
2178 3575 2322 3620 Constan-

1260 3618 1347 3655 tiam,
1365 3628 1430 3656 quae
1438 3619 1503 3656 Jura
1517 3619 1710 3656 singulorum,
1727 3618 1811 3649 velud
1823 3618 1956 3657 Propria,
1970 3618 2134 3649 conservare
2154 3616 2249 3645 nititur
2269 3615 2321 3644 illi-

1260 3656 1337 3694 bata,
1355 3658 1460 3687 votivis
1473 3657 1601 3694 precibus
1614 3656 1816 3694 imploramus,
1825 3653 2122 3695 quatinfis‚praemiffis
2136 3652 2232 3683 debite
2246 3662 2320 3696 pon-

1259 3693 1374 3731 demtis,
1390 3695 1543 3733 auditisque
1557 3695 1679 3725 benione
1695 3695 1864 3725 Rationibus
1878 3705 1930 3732 pro
1942 3701 2018 3733 parte
2038 3691 2147 3730 praefati
2171 3690 2318 3734 Archidia-

1259 3733 1385 3769 coni,&
1399 3719 1694 3801 conservationeguris
1710 3734 1744 3764 δε
1753 3732 1959 3770 Jurisdiffionis
1970 3729 2117 3768 praedi&ae
2131 3727 2317 3760 Cautuarien-

1260 3770 1292 3799 sis
1307 3769 1460 3809 Ecclesiae,
1477 3772 1511 3802 &
1533 3772 1590 3809 ejus
1643 3772 1725 3809 uriae,
1743 3772 1824 3809 super
1844 3771 1902 3801 hoc
1917 3771 1945 3800 i'n
1958 3767 2102 3806 praesentia
2113 3766 2212 3810 vestrae
2227 3766 2318 3799 Celli-

1258 3808 1379 3846 tudinis,
1397 3809 1415 3838 si
1437 3810 1586 3847 placuerit,
1605 3810 1812 3849 proponendis,
1831 3807 1990 3845 dignemini
2013 3807 2087 3849 circa
2108 3805 2248 3848 praemissfa
2267 3817 2318 3844 per

1260 3845 1327 3882 Apo
1352 3847 1456 3877 olicam
1471 3847 1686 3878 Providentiam
1699 3847 1786 3878 taliter
1801 3846 1947 3883 ordinare,
1963 3843 2045 3882 quod
2059 3842 2253 3886 ipsa-Ecclelia
2283 3846 2317 3877 δε

1259 3894 1297 3921 pr·
1340 3885 1392 3915 ieta
1413 3886 1471 3924 ejus
1494 3885 1598 3924 Curia,
1615 3896 1676 3916 non
1697 3886 1820 3923 privetur
1835 3884 1886 3914 suo
1894 3884 1964 3927 ,Ιμτς
1975 3883 2008 3912 &
2022 3880 2160 3911 Examine
2172 3886 2230 3925 line
2244 3869 2316 3914 Cul-

1258 3922 1311 3959 pa,
1329 3932 1382 3953 nec
1397 3924 1525 3963 praefatus
1540 3924 1763 3955 Archidiaconus
1778 3923 1874 3960 (quem
1889 3920 1976 3951 nichil
1988 3919 2158 3963 habentem,
2176 3921 2317 3952 nliidum-

1258 3968 1328 3990 taxat
1349 3960 1622 3993 Archidiaconatum
1645 3961 1814 3999 praediecum
1826 3983 1837 3998 ,
1854 3961 1883 3989 in
1903 3959 2048 3988 Dominio
2068 3958 2101 3988 &
2118 3957 2317 3996 Jurisdistione

1259 3998 1329 4028 diei-i
1351 3998 1483 4038 Episcopi
1507 4001 1688 4037 existentem,
1706 4006 1837 4036 optamus
1856 3998 1886 4026 in
1906 3996 1957 4026 suo
1976 3994 2046 4034 Jure
2067 3996 2178 4036 foveri,
2195 3998 2229 4028 &
2255 4007 2317 4029 non

1259 4038 1383 4077 opprimi
1396 4047 1447 4078 per
1461 4038 1597 4076 eundem)
1608 4037 1740 4069 indebitis
1756 4036 1885 4074 fatigetur
1900 4033 2058 4067 Laboribus
2073 4034 2106 4067 ὃς
2120 4033 2322 4104 Expensis.F0-
