2562 4279
178 161 232 203 82

39 245 115 279 hun.
126 244 168 276 D.
183 247 278 278 ruendi
295 254 345 286 per
368 246 554 277 Arestationes
568 267 578 283 ,
602 245 636 275 &
655 243 907 282 Imprisonamenta
928 243 1096 282 Corporum
1114 243 1244 280 suorum,

59 294 144 325 1332.
185 287 313 317 &etiam
328 286 515 316 Detentiones
529 282 698 313 eorumdem
719 285 749 314 in
772 284 893 314 Prisonis
914 283 1032 322 nostris,
1049 284 1086 313 ita
1106 281 1188 320 quod
1208 281 1245 311 ab

36 326 103 354 Eilv-
127 335 153 362 3·
186 324 287 356 eisdem
301 323 422 355 Prisonis
436 334 495 353 non
510 323 698 352 deliberentur
712 323 769 353 sine
783 322 924 353 Mandato
939 322 1039 353 nostro
1053 321 1179 360 speciali:

222 363 334 393 Damus
348 363 456 400 insuper
471 361 563 391 eidem
580 360 712 392 Henrieo
726 361 761 392 de
776 361 867 401 Percy
883 361 1005 392 similiter
1020 360 1193 391 Potestatem
1203 381 1213 398 ,

224 401 316 439 Qiod
337 401 356 430 si
376 401 459 439 aliqui
477 400 513 430 de
537 400 618 430 dieto
632 399 738 439 Regno
751 401 858 431 Scotiae
872 400 901 430 R
940 410 1011 430 num
1025 399 1155 430 nostrum
1191 399 1231 429 Ar

185 439 259 470 mata
273 438 420 476 Potentia,
438 439 472 469 ad
488 438 632 476 Populum
646 438 793 477 nostrum,
807 447 907 470 contra
931 447 1043 469 ormam
1056 438 1140 468 dietae
1155 422 1247 474 Pacis,

183 477 376 517 gravandum,
394 478 439 508 seu
452 476 728 517 dampnificandum,
745 477 790 508 vel
805 478 896 516 aliqua
910 477 975 516 alia,
992 479 1021 507 in
1034 477 1246 507 enervationem

182 517 267 546 dista:
289 516 383 555 Pacis,
401 516 581 555 faciendum,
600 515 711 547 dietum
733 517 874 555 Regnum
894 516 1025 547 nostrum
1046 515 1158 553 ingredi
1175 524 1248 553 prae-

184 555 363 594 sumpserint,
382 555 460 593 quod
470 555 555 593 absit,

224 592 269 623 Ad
293 593 442 624 levandum
453 616 462 632 ,
481 594 500 623 si
520 593 632 624 necesse
653 594 751 632 fuerit,
769 602 864 624 toturn
876 593 963 624 Poffe
977 593 1047 624 dic'ii
1064 591 1247 630 Comitatus,

184 640 243 661 tam
262 632 332 662 infra
355 633 509 663 Libertates
523 656 533 671 ,
561 634 646 671 quam
666 642 760 671 exrra,
784 643 837 670 pro
860 633 922 670 ipsis
944 632 1051 669 Scoris,
1076 632 1112 662 sic
1136 631 1246 661 dicium

183 670 320 709 Regnum
334 672 463 701 nostrum
478 672 715 710 ingredientibus,
733 672 778 702 seu
793 671 904 708 ingredi
924 671 1100 708 volentibus,
1119 669 1248 699 resisten-

182 708 224 738 dis
240 711 273 740 ὅ(
286 709 464 748 repellendis’3
483 711 521 740 ita
534 709 664 740 videlicet
677 710 773 748 quod,
794 720 843 747 per
858 710 1005 747 praefatum
1030 709 1191 738 Hernicum
1211 707 1247 737 de

184 746 290 785 Percy,
308 749 352 778 seu
367 759 416 785 per
431 759 500 785 vos,
517 756 565 779 aut
578 748 663 787 alios,
677 749 713 778 de
728 748 832 779 eodem
848 748 955 787 Regno
970 747 1246 785 nosti·o,qu{cquam

182 786 213 816 in
225 786 364 817 offensam
376 787 462 817 didiae
477 787 557 818 Pacis
572 788 707 825 nusquam
723 786 783 817 fiat:

221 824 258 855 Et
273 825 340 855 ideo
353 826 435 856 vobis
449 827 583 856 omnibus
597 826 631 856 ὃς
646 825 772 865 singulis,
792 826 820 855 in
833 824 902 854 Fide
916 825 948 855 ὃς
966 823 1126 863 Ligeantia,
1147 824 1248 861 quibus

183 864 268 893 nobis
280 865 433 902 tenemini,
454 867 487 895 ὃς
502 864 552 894 sub
567 864 741 895 forisfflura
755 865 888 894 omniurn
899 887 908 900 ‚
927 873 990 900 quie
1006 863 1087 892 nobis
1103 862 1246 892 forisface-

182 912 213 932 re
227 904 368 941 poteritis,
387 902 502 933 firmiter
514 902 704 941 injungendo,
724 901 889 932 mandamus
904 901 1032 939 quatinus
1047 900 1138 930 eidem
1162 900 1247 930 Hen-

182 941 246 970 rico
259 940 296 971 de
309 941 418 980 Percy,
437 943 466 971 in
481 940 626 979 praemiffis
642 941 776 971 omnibus
788 941 821 972 &
836 940 948 978 lingulis
962 939 1094 969 faciendis
1108 940 1141 970 &
1162 949 1246 969 corn-

183 978 309 1017 plendis,
328 979 504 1010 Intendentes
518 980 586 1018 sitis,
604 979 792 1017 Obedientes,
813 978 1001 1009 Consulentes
1017 979 1049 1009 &
1064 977 1246 1016 Auxiliantes,

181 1019 332 1056 quotiens,
351 1018 609 1056 quandocumque,
627 1019 661 1050 ὅ(
673 1018 722 1048 ubi
734 1028 782 1056 per
797 1017 886 1055 ipsum
898 1016 1061 1047 Henricum
1078 1016 1114 1046 de
1136 1015 1226 1055 Percy
1237 1040 1247 1055 ,

181 1056 228 1086 seu
247 1057 422 1100 deputandos
441 1057 477 1087 ab
501 1057 606 1088 eodem
618 1080 628 1095 ,
651 1056 731 1094 super
752 1056 810 1086 hoc
823 1079 833 1095 ,
854 1064 887 1086 ex
908 1064 986 1095 parte
1003 1054 1114 1093 nostrii,
1141 1055 1247 1085 fueritis

203 1103 354 1125 raemuniti.

182 1105 202 1132 p
222 1133 255 1163 In
262 1134 362 1202 (cujus,
381 1134 442 1164 &e
461 1133 547 1173 usque
561 1133 597 1164 ad
612 1132 728 1164 Festum
742 1133 839 1164 Sanffi
851 1131 1000 1162 Michaelis
1014 1133 1147 1170 proximo
1171 1131 1247 1163 futu-

183 1181 248 1202 rum
283 1181 411 1203 uraturas.

221 1248 312 1280 Teste
326 1248 410 1289 Rege
423 1249 497 1288 apud
514 1249 728 1289 Wyggemme,
745 1258 826 1279 nono
838 1246 883 1278 die
897 1246 1025 1286 Augusti.

683 1328 736 1356 Per
750 1328 845 1354 Breve
858 1325 889 1354 de
904 1327 1025 1354 Privato
1038 1323 1139 1361 sigillo.

221 1402 334 1434 Eodem
356 1403 447 1434 modo
466 1403 614 1441 affignatur
634 1401 711 1433 idem
731 1401 874 1432 Henricus
903 1402 932 1431 in
953 1399 1144 1432 Comitatibus
1164 1400 1245 1433 Ebo-

184 1451 266 1480 rum,
287 1442 473 1480 Lancastriae,
489 1440 655 1480 Cumbriae,
674 1442 708 1472 &
722 1439 986 1478 Westmerlandiae,
1004 1440 1168 1479 singulatim.

36 1577 57 1597 ³*
75 1580 127 1607 IV·
189 1580 215 1605 ’ᾗ
239 1583 297 1614 Pro
319 1580 545 1626 Conservatione
565 1583 651 1613 Pacis
669 1591 760 1627 nuper
779 1592 849 1613 cum
868 1577 993 1612 Roberto
1011 1577 1245 1623 Brusfirmeztae,

37 1626 55 1653 5
60 1627 105 1654 3⁰·
471 1641 507 1661 ac
520 1640 575 1675 pro
590 1629 760 1674 Deftnst'one
782 1626 943 1663 Marchiae.

36 1722 114 1754 Arm,
129 1722 168 1754 D,
250 1714 327 1753 EX,
343 1713 519 1745 Vicecomiti
533 1714 663 1745 Eborum
676 1713 810 1744 Salutem.

58 1771 143 1802 1332,
226 1793 230 1797 ι
287 1753 367 1784 Cum
382 1752 626 1791 assignaverimus,
645 1754 679 1784 ὅτ.
701 1753 943 1798 deputaverimus,
961 1751 1098 1783 &lcitum
1119 1751 1249 1783 Consan-

36 1806 89 1831 An·
109 1807 136 1829 6.
205 1801 321 1822 uineum
342 1792 375 1822 δε
396 1791 507 1821 fidelem
530 1790 673 1829 nostrum,
697 1790 862 1821 Henricum
885 1790 921 1820 de
944 1789 1057 1830 Percy,
1085 1788 1249 1821 Custodem

36 1846 69 1868 E.
88 1851 114 1878 3,
212 1829 328 1861 Iarchiae
349 1830 451 1860 nostrae
473 1830 597 1867 Scotiae,
615 1829 649 1859 ad
670 1829 849 1873 faciendum,
867 1829 900 1860 &
922 1829 1127 1872 exercendum,
1152 1831 1251 1859 omnia

36 1884 94 1907 pfl,
109 1882 137 1907 6.
186 1868 220 1898 &
235 1868 353 1907 singula,
371 1878 436 1905 quae
450 1878 503 1908 pro
519 1869 734 1899 conservatione
748 1867 844 1906 Pacis,
863 1877 952 1905 nuper
967 1876 1038 1898 inter
1053 1867 1121 1898 Nos
1137 1868 1170 1898 &
1184 1868 1251 1898 Ro-

36 1922 68 1945 E.
89 1928 114 1953 3·
130 1925 156 1955 p·
186 1906 300 1936 bertum
318 1907 354 1937 de
376 1906 461 1944 Erus,
480 1915 548 1937 tunc
570 1905 683 1945 Regem
704 1905 829 1944 Scotiae,
846 1907 922 1935 initae
937 1906 970 1936 &
986 1905 1120 1945 firmatae,
1136 1917 1169 1936 ac
1186 1906 1250 1937 De-

39 1966 65 1983 „
79 1944 311 1994 m,13·fensione
329 1946 362 1976 ὅ(
382 1945 540 1975 Salvatione
560 1944 646 1976 diet-„e
668 1944 825 1983 marchi-x,
842 1945 875 1976 &
898 1944 1002 1982 Populi
1018 1943 1108 1975 nostri
1123 1945 1251 1984 ibidem,

182 1990 317 2021 poterunt
330 1985 468 2023 pertinere
476 2007 486 2021 ,

221 2020 260 2052 Et
278 2022 437 2052 dederimus
455 2021 547 2052 eidem
569 2021 700 2052 Henrico
721 2021 834 2059 plenam
855 2020 1026 2052 Potestatem
1049 2031 1150 2052 omnes
1171 2022 1253 2061 illos,

181 2060 218 2091 de
235 2060 383 2098 Ligeantia
397 2060 510 2099 nostra,
528 2061 577 2098 qui
590 2061 696 2091 Pacem
712 2061 788 2091 illam
801 2060 936 2098 impetere
956 2061 985 2090 in
1007 2060 1120 2098 aliquo,
1139 2060 1183 2091 seu
1207 2062 1250 2091 in-

182 2098 320 2169 ἓέηῗετε,
339 2099 579 2138 praesumpserint,
599 2099 766 2139 castigandi,
782 2099 815 2130 &
828 2097 963 2137 puniendi
976 2108 1026 2136 per
1040 2099 1249 2138 Arestationes‚

251 2138 486 2176 mprisonarnenta
502 2137 669 2176 Corporum
683 2138 817 2175 suorum,
835 2137 869 2168 &
881 2138 965 2167 etiam
992 2137 1181 2168 Detentiones
1200 2149 1253 2169 eo-
1294 2146 1301 2147 ’

182 2177 314 2208 rumdem
335 2178 365 2207 in
386 2177 506 2207 Prisonis
520 2176 640 2215 nostris,
655 2178 691 2206 ita
706 2176 787 2215 quod
799 2176 834 2206 ab
850 2175 954 2206 eisdem
970 2175 1090 2207 Prisonis
1106 2187 1166 2207 non
1182 2177 1252 2208 deli-

183 2216 316 2247 berentur
331 2216 387 2246 sine
405 2215 544 2246 Mandato
557 2215 657 2246 nostro
672 2215 798 2253 speciali,

223 2254 394 2285 Dederimus
415 2255 508 2285 eidem
529 2254 660 2284 Henrico
684 2253 806 2284 similiter
820 2252 1015 2293 potestatem,
1033 2253 1115 2293 quod
1127 2253 1147 2284 si
1162 2254 1250 2293 aliqui

185 2292 222 2323 de
235 2293 315 2323 dicto
329 2293 436 2332 Regno
449 2293 556 2324 Scotiae
570 2291 630 2327 &a
645 2299 727 2331 prout
734 2292 819 2331 ficpra
828 2315 838 2330 ,
853 2299 918 2321 tunc
924 2292 980 2332 fic,

223 2331 296 2361 Tibi
309 2333 504 2369 praecipimus,
522 2330 641 2362 firmiter
652 2332 824 2369 injungentes
857 2331 986 2369 quatinus
1000 2330 1094 2361 eidem
1107 2330 1250 2370 Henrico,

185 2371 214 2400 iii
236 2369 380 2407 praemiffis
400 2371 536 2400 omnibus
558 2371 591 2400 ἃ
606 2370 715 2408 singulis
729 2352 878 2407 faciend's,
897 2369 930 2400 ὅ(
945 2369 1137 2406 complendis,
1153 2369 1250 2400 Inten-

184 2409 254 2437 dens
272 2408 321 2445 sis,
338 2407 502 2445 consulens,
521 2407 706 2447 respondens,
724 2408 758 2438 ὃς
778 2408 926 2445 auxilians,
944 2409 1090 2445 quotiens,
1108 2409 1141 2438 &
1162 2419 1252 2446 quan·-

184 2446 367 2483 documque,
384 2446 417 2476 &
440 2446 505 2483 ubi,
524 2455 573 2482 per
591 2445 680 2484 ipsum
706 2446 887 2484 Henricum,
906 2446 950 2476 seu
962 2445 1135 2485 deputandos
1151 2448 1187 2476 ab
1202 2457 1252 2477 eo-

184 2485 268 2522 dem,
286 2484 365 2521 super
386 2484 460 2523 hoc,
483 2493 517 2513 ex
539 2492 615 2521 parte
637 2482 750 2522 nostra,
774 2484 858 2514 fueris
881 2485 1083 2523 praemunitus,
1109 2486 1143 2517 &
1165 2494 1250 2523 prout

186 2523 237 2553 tibi
251 2532 301 2559 per
317 2532 365 2552 eos
380 2531 414 2552 ex
429 2531 504 2559 parte
519 2522 614 2553 nostra
630 2522 738 2560 plenius
755 2522 930 2562 injungetur:

224 2561 321 2591 Sciens
334 2570 386 2598 pro
400 2569 480 2591 certo
494 2560 591 2599 quod,
612 2561 632 2590 si
646 2562 676 2590 in
690 2560 868 2592 Executione
884 2561 1092 2600 pra-missorum
1109 2562 1251 2602 negligens

186 2600 285 2638 fueris,
303 2599 349 2629 seu
366 2598 510 2637 remissus,
524 2599 558 2629 ad
580 2607 625 2637 te,
643 2600 676 2630 &
697 2608 760 2637 tua,
786 2600 877 2630 modo
898 2611 957 2638 quo
978 2601 1131 2639 convenit,
1156 2603 1251 2640 capie-

187 2648 259 2668 mus.

225 2676 316 2708 Teste
328 2675 412 2717 Rege
424 2675 497 2714 apud
510 2676 726 2716 Wyggemore,
743 2685 824 2706 nono
837 2675 883 2706 die
896 2675 1026 2715 Augusti.

416 2755 470 2783 Per
486 2756 578 2783 Breve
590 2753 621 2782 de
636 2755 754 2783 Pri-'vato
769 2751 858 2790 sigillo
868 2776 877 2791 ,
895 2751 932 2787 ὠ
947 2759 1007 2782 erat
1019 2751 1144 2792 claustam.

188 2828 303 2860 Eodem
317 2828 406 2859 modo
422 2838 597 2867 praeceptum
612 2828 653 2859 est
668 2829 896 2860 vicecomitibus
909 2829 1079 2868 subscriptis,
1098 2830 1248 2869 videlicet,

738 2909 766 2935 V
768 2909 892 2935 irecomiti
905 2906 1046 2935 Cumbriae.

739 2947 766 2973 V
767 2947 892 2974 icecomiti
906 2945 1088 2984 Lancastriae.

190 2909 218 2935 V
219 2909 342 2935 iceromiti
356 2907 390 2934 N
389 2905 569 2934 ortlnmsbriie.

189 2948 217 2974 V
220 2947 345 2974 icecomiti
360 2942 598 2982 Westmerlandiae.

193 3086 251 3118 Pro
268 3081 492 3129 Archiepiscopo
512 3079 667 3123 Eborum,
693 3081 729 3114 de
744 3094 800 3113 non
819 3081 993 3124 molestando
1013 3083 1105 3129 fitpcr
1122 3084 1251 3129 Bajula-

622 3134 698 3163 tione
718 3132 832 3162 Crucis.

44 3221 121 3253 Αῃῃ,
136 3221 179 3254 D,
193 3216 334 3281 REX,
352 3216 508 3259 venerabili.
526 3216 565 3258 in*
576 3213 695 3258 Christo
711 3213 802 3258 Patri,
820 3214 849 3245 S.
868 3214 966 3258 eadem
978 3216 1082 3254 gratia,
1102 3216 1253 3254 Archiepi-

68 3270 154 3300 ¹232.
275 3255 363 3292 scopo
374 3254 586 3292 Caiituaricnii,
604 3262 689 3284 totius
704 3253 818 3290 Angliae
835 3252 969 3291 Primati,
989 3254 1121 3284 Salutem.

46 3296 134 3328 Αηῖό.
231 3293 313 3324 Cum
328 3293 455 3331 dudum,

48 3343 78 3365 Ε.
100 3348 126 3374 3·
230 3332 398 3370 Tempore,
415 3331 532 3361 celebris
547 3330 708 3373 memoriae,
726 3328 851 3374 Domini
865 3328 898 3359 E.
916 3330 1108 3373 nuper-Regis
1126 3329 1254 3369 Angliae,

47 3376 135 3411 ciuus.
196 3371 284 3402 Patris
304 3370 409 3405 nostri,
428 3371 499 3399 iiitcr
521 3377 589 3399 tunc
610 3368 863 3406 Archiepiscopum
880 3367 1124 3405 Cantuarieniem,
1143 3368 1256 3398 Praede-

50 3415 79 3439 6.
95 3418 123 3441 Ε.
139 3423 163 3451 3.
196 3410 336 3442 cessorem
354 3408 498 3445 vestrum,
524 3409 574 3444 &,
599 3406 798 3436 Venerabilem
820 3405 934 3437 Patrem
951 3428 961 3443 ,
986 3406 1178 3436 Willielmum
1201 3406 1256 3436 Ar-

51 3460 87 3479 m.
101 3461 141 3490 ¹3·
157 3452 183 3481 d.
197 3448 409 3487 chiepiscopum
422 3445 570 3483 Eborum,
589 3444 700 3482 Angliae
713 3444 881 3483 Primatem,
900 3454 954 3482 pro
977 3444 1062 3474 Malis
1084 3445 1118 3475 &
1139 3443 1257 3474 Diss'en-

198 3486 322 3518 sionibus
329 3510 339 3523 ,

236 3525 314 3563 Qice
329 3524 443 3561 saepius,
460 3531 495 3553 ex
508 3521 680 3568 Bajulatione
692 3520 794 3552 Crucis
815 3520 1058 3552 Praedecefforum
1079 3519 1259 3560 vestrorum,

198 3565 227 3596 in
242 3563 372 3593 Eborum
386 3561 555 3597 Provincia,

236 3601 275 3632 Et
287 3600 391 3631 Crucis
405 3598 694 3637 Archiepiscoporum
707 3596 839 3628 Eborum
852 3598 882 3627 in
896 3596 1049 3629 Provincia
1057 3596 1260 3636 Cantuariensi,

201 3640 362 3670 oriebantur
369 3662 379 3678 ,

240 3677 371 3707 Sedandis
384 3676 418 3707 &
431 3675 624 3714 pacificandis,
642 3674 733 3706 fuisset
748 3675 777 3705 in
790 3673 933 3713 praesentia
948 3674 1028 3712 ipfius
1043 3673 1132 3704 Patris
1153 3673 1262 3712 nostri,

206 3713 241 3744 ὅ(
252 3714 435 3746 Praelatorum
444 3739 453 3752 ,
471 3715 505 3745 &
519 3715 640 3744 aliorum
655 3713 692 3744 M
727 3721 825 3744 natum
841 3713 878 3744 de
892 3713 998 3752 Regno
1012 3711 1112 3743 nostro
1124 3711 1265 3750 plurimo-

207 3761 271 3781 rum
280 3775 290 3790 ,
306 3762 337 3783 ut
351 3763 404 3790 pro
418 3761 498 3783 certo
512 3752 679 3790 didicimus,
723 3751 912 3783 oncordatum
922 3775 931 3790 ‚

247 3789 339 3827 Qiod
351 3791 478 3827 praefatus
493 3790 685 3821 Praedecessor
700 3789 808 3828 vester,
826 3791 860 3822 &
875 3789 1055 3821 Succeffores
1066 3789 1124 3827 sui,
1140 3788 1176 3819 ad
1197 3787 1265 3819 Par-

208 3825 338 3856 liamenra
351 3829 383 3858 δε
396 3829 525 3859 tractatus
539 3829 608 3859 dieii
619 3828 707 3859 Patris
719 3828 824 3866 nostri,
839 3830 873 3860 ὃ(
887 3828 1047 3860 Haeredum
1058 3828 1171 3859 suorum
1179 3850 1190 3867 ,
1200 3836 1266 3866 quae

209 3863 282 3895 infra
293 3864 400 3894 dietam
414 3866 546 3897 Eborum
560 3867 743 3898 Provinciam
755 3869 841 3898 teneri
858 3869 1054 3907 contingeret,

247 3901 287 3932 Et
301 3902 425 3938 praefatus
439 3903 570 3935 Eborum
585 3904 836 3943 Archiepiscopus‚
853 3908 887 3937 &
901 3906 981 3944 ipsius
995 3904 1192 3943 Succeffores,

246 3939 295 3969 Ad
317 3939 474 3972 huiusmodi
492 3942 674 3974 Parliamenta
694 3944 728 3975 ὃς
747 3944 915 3981 Τῑειξῒαωε,
933 3944 1004 3974 infra
1022 3944 1129 3974 dieram
1143 3941 1268 3974 Cantua-

210 3977 327 4009 riensem
347 3976 528 4009 Provinciam
546 3981 662 4012 tenenda
668 4004 679 4020 ,
695 3982 730 4012 ad
751 3981 879 4013 mandata
902 3982 986 4020 ipsius
1009 3982 1097 4014 Patris
1111 3981 1217 4020 nostri,
1235 3982 1268 4013 &

210 4015 370 4049 Haeredum
385 4015 497 4045 suorum
512 4020 671 4057 venientes,

250 4053 359 4086 Cruces
373 4053 429 4085 suas
442 4062 505 4085 ante
520 4054 546 4085 se
560 4057 662 4088 erectas
676 4065 832 4097 portarent,
853 4058 954 4097 absque
967 4059 1179 4097 perturbatione
1200 4058 1270 4089 inibi
1314 4067 1370 4089 tate
1384 4059 1417 4090 &
1433 4058 1579 4091 voluntate
1595 4054 1749 4088 Gullielmi
1763 4054 1850 4091 Part,
1867 4052 1920 4086 viri
1933 4051 1989 4091 sui,
2005 4052 2039 4085 ὅ(
2052 4051 2245 4085 Gullielmum
2265 4049 2384 4118 Bemg‘

1220 1527 1237 1529 A·
1286 1498 1332 1518 rus

615 140 1443 203 ''coNVENT‘loNE>s,
1497 151 1889 200 LITERAE,

1282 239 1428 279 facienda,
1446 250 1483 271 ne
1503 240 1595 281 Regia
1611 240 1646 272 &
1668 238 1848 271 Communia
1872 237 1972 278 Regni
1986 236 2076 269 nostri
2090 239 2203 279 negotia
2216 238 2249 272 ea
2261 248 2351 273 occa-
2371 229 2505 280 Anan
2557 256 2562 261 .

1284 279 1362 310 sione
1374 280 1578 318 impedirentur
1586 304 1595 318 ,
2113 290 2117 291 ⁷
2391 280 2404 301 1
2411 275 2476 311 332·

1321 317 1368 348 Ac
1384 319 1514 356 praefatus
1530 317 1764 357 Archiepiscopus
1779 316 1914 348 Eborum
1927 315 1962 347 ad
1975 315 2198 349 Parliamentum
2211 317 2353 358 nostrum,
2371 312 2439 340 adv.
2458 319 2486 350 3-

1286 356 1366 394 quod
1384 357 1458 395 apud
1481 356 1791 395 Westmonasterium,
1805 357 1836 387 in
1856 355 1982 386 crastino
2000 355 2168 386 Nativitatis
2178 353 2271 387 beatae
2283 356 2352 387 Ma-
2420 359 2428 363 “

1233 415 1246 421 -
1285 397 1334 425 riae
1348 395 1489 435 Virginis,
1508 397 1640 437 proximo
1655 396 1771 436 futuro,
1787 403 1884 426 tenere
1895 393 2103 432 ordinavimus,
2121 393 2156 425 ad
2173 394 2352 427 tractandum

1285 434 1452 473 nobiscum,
1469 445 1503 466 ac
1525 445 1594 466 cum
1617 434 1759 473 Praelatis,
1774 435 1809 466 ὃ(
1829 433 2012 473 Magnatibus
2030 432 2126 472 Regni
2146 432 2255 471 nostri,
2272 433 2358 473 super
2398 457 2401 459 -
2420 471 2422 474 Ι

1285 471 1399 503 diversis
1420 474 1453 505 ὃ(
1473 473 1562 505 arduis
1582 474 1718 514 negotiis,
1737 484 1789 503 nos
1811 473 1844 503 δε
1863 466 1967 503 statum
1983 471 2081 511 Regni
2095 471 2115 491 ²¹⁵
2131 470 2223 502 nostri
2237 474 2353 505 contin-
2370 472 2387 489 ¹⁵
2401 473 2456 500 IV.

1286 512 1436 550 gentibus,
1447 512 1506 550 jam
1519 513 1555 543 de
1571 512 1711 544 Mandato
1726 512 1826 543 nostro
1842 511 1874 542 sit
1888 519 2037 548 venturus,
2370 520 2435 548 53¹·

1326 549 1409 589 Nos,
1427 551 1557 582 nolentes
1578 552 1674 582 nostra
1696 552 1729 583 ὅτ
1751 551 1847 590 Regni
1869 549 1957 580 nostri
1971 550 2102 587 negotia,
2119 548 2270 580 occasione
2284 549 2354 581 Dis-

1284 587 1445 619 sensionum
1461 589 1620 628 hujusmodi
1632 591 1784 629 aliqualiter
1798 589 1944 627 retardari,
1961 588 1999 619 set
2013 587 2142 620 volentes
2164 588 2354 620 concordiam

1286 627 1469 665 praedietam,
1487 630 1626 667 quantum
1639 630 1673 660 ad
1688 629 1757 659 Nos
1772 629 1889 666 attinet,
1907 626 2024 657 firmiter
2035 626 2193 664 observari,
2213 627 2297 658 vobis
2311 629 2356 658 in-

1282 666 1431 705 jungendo
1446 667 1610 697 mandamus
1627 668 1708 705 quod
1722 667 1814 697 eidem
1833 665 2059 704 Archiepiscopo
2072 665 2206 696 Eborum
2215 666 2278 704 ,seu
2290 665 2356 697 Ho—

1287 704 1410 734 minibus
1426 705 1492 741 suis,
1507 705 1587 742 super
1602 705 1772 744 Bajulatione
1786 705 1889 736 Crucis
1903 704 2027 743 ejusdem
2043 703 2276 742 Archiepiscopi,
2290 713 2355 736 ante

1286 742 1328 780 se,
1346 743 1417 773 infra
1433 743 1554 773 vestram
1568 743 1768 783 Provinciam,
1786 746 1814 774 in
1829 743 1970 775 veniendo
1993 743 2027 773 ad
2047 742 2159 772 dietum
2180 741 2356 773 Parliamen-

1287 789 1350 810 tum
1360 805 1368 819 ,
1385 781 1493 811 ibidem
1508 782 1664 821 morando,
1682 784 1715 814 δε
1731 783 1833 813 exinde
1849 782 1883 812 ad
1899 783 2012 820 propria
2027 780 2192 819 redeundo,
2207 791 2268 812 non
2284 782 2357 812 infe-

1287 820 1367 857 ratis,
1385 820 1430 854 seu
1445 830 1494 857 per
1509 820 1576 850 alios
1588 821 1684 851 inferri
1721 822 1766 853 vel
1780 822 1924 858 procurari
1945 821 2097 859 aliqualiter
2116 820 2238 858 faciatis,
2255 819 2357 858 damp-

1288 867 1379 900 num,
1397 860 1585 896 vituperium,
1603 843 1842 897 impedimentum
1855 859 1986 898 aliquod,
2004 859 2050 890 seu
2064 866 2236 898 gravamen,
2254 866 2358 890 contra

1288 900 1413 926 formam
1428 896 1604 927 Concordia:
1619 906 1793 928 memoratae.

1325 934 1415 966 Teste
1431 934 1515 973 Rege
1527 936 1601 974 apud
1616 935 1859 975 Kydermynster,
1877 935 1995 968 decimo
2005 936 2112 968 oetavo
2126 935 2173 966 die
2186 935 2316 976 Augusti.

1800 1015 1854 1042 Per
1866 1015 1960 1043 Breve
1970 1013 2002 1042 de
2015 1015 2136 1043 Privato
2150 1012 2251 1051 Sigillo.

1402 1137 1451 1168 De
1473 1136 1567 1168 Salvo
1587 1135 1760 1178 Εοηιίηὲῗει,
1777 1135 1869 1182 fitper
1889 1135 2079 1181 Bajulatione
2088 1136 2240 1181 praemfba.

1349 1218 1408 1249 EX
1424 1220 1668 1259 Vicecomitibus,
1688 1221 1867 1260 Majoribns,
1886 1219 2012 1258 Ballivis,
2029 1219 2188 1258 Ministris,
2203 1221 2237 1252 &
2256 1221 2355 1252 omni·
2372 1218 2449 1249 Ann.
2461 1218 2504 1250 D.

1367 1258 1419 1288 bus
1433 1259 1489 1288 aliis
1504 1259 1646 1290 Fidelibus
1658 1260 1726 1299 suis,
1745 1261 1804 1291 tiim
1820 1260 1892 1290 ini-'ra
1914 1259 2085 1297 Libertina,
2103 1259 2191 1297 quam
2210 1264 2305 1299 extra,
2319 1259 2355 1291 ad
2393 1266 2481 1297 1332.

1284 1304 1373 1333 quos,
1389 1297 1450 1327 &c.
1469 1298 1602 1328 Salutem.
2370 1301 2423 1325 Απ-
2438 1300 2467 1325 6-

1322 1333 1404 1365 Cum
1439 1335 1611 1366 Venerabilis
1634 1336 1731 1376 Pater,
1748 1336 1924 1367 Willielmus
1945 1335 2184 1374 Archiepiscopus
2203 1331 2355 1375 Eborum,
2372 1340 2403 1362 E·
2422 1345 2449 1372 3-

1284 1371 1397 1418 Angliae
1411 1359 1540 1412 Primas,
1560 1375 1593 1404 ad
1610 1374 1827 1406 Parliamentum
1842 1373 1990 1414 nostrum,
2009 1374 2088 1414 quod
2109 1373 2184 1412 apud
2196 1373 2357 1418 *Westmo-
2373 1375 2467 1403 Pat.6.

1283 1410 1452 1451 nasterium,
1472 1415 1499 1443 iii
1521 1413 1645 1444 crastino
1664 1414 1828 1445 Nativitatis
1848 1414 1939 1445 beatae
1962 1413 2064 1444 Mariae
2086 1412 2234 1452 Virginis,
2260 1415 2356 1453 proxi-
2373 1417 2402 1441 Ε.
2419 1422 2444 1449 3.
2459 1419 2487 1450 p.

1284 1452 1338 1479 mo
1358 1451 1454 1482 futuro
1470 1476 1478 1490 ,
1505 1460 1601 1483 tenere
1623 1453 1836 1491 ordinavimus,
1860 1452 1898 1483 de
1918 1451 2061 1483 Mandato
2080 1451 2183 1482 nostro
2204 1451 2237 1483 sit
2257 1458 2358 1484 ventu-
2375 1462 2445 1480 2.m.
2461 1461 2468 1478 ι
2475 1461 2502 1486 5-

1318 1512 1414 1570 Vobis
1433 1529 1599 1560 mandamus
1620 1530 1700 1568 quiid
1724 1529 1818 1560 eidem
1840 1529 2083 1570 Archiepiscopo,
2111 1536 2159 1560 aut
2180 1527 2361 1561 Hominibus

1285 1565 1354 1603 suis,
1373 1567 1402 1596 in
1417 1566 1560 1607 Personis,
1579 1577 1624 1600 aut
1637 1569 1721 1599 rebus
1735 1578 1855 1607 eorum,
1874 1568 1954 1637 sqper
1970 1568 2143 1608 Bajulatiorie
2164 1568 2258 1598 crucis
2278 1568 2360 1607 ipsius

1284 1604 1515 1645 Archiepiscopi,
1533 1616 1597 1638 ante
1614 1607 1640 1637 se
1675 1609 1705 1638 in
1719 1607 1863 1638 veniendo
1878 1617 1893 1637 a
1926 1607 2038 1638 distum
2061 1606 2284 1644 Parliamentum
2304 1616 2359 1637 no-

1287 1641 1392 1687 strum,
1412 1644 1516 1675 ibidem
1533 1631 1692 1684 morando,
1710 1647 1744 1677 &
1758 1646 1860 1676 exinde
1876 1646 1911 1676 ad
1926 1646 2039 1686 propria
2053 1645 2216 1683 redeundo,
2233 1653 2294 1675 non
2313 1646 2360 1675 in-

1286 1681 1395 1721 feratis,
1407 1683 1469 1721 seu,
1483 1684 1623 1721 quantum
1638 1686 1666 1714 in
1680 1685 1762 1715 vobis
1778 1684 1837 1723 est,
1851 1685 1887 1715 ab
1900 1684 1958 1715 aliis
1971 1685 2069 1715 inferri
2083 1684 2249 1722 permittatis
2269 1681 2361 1714 Darn-

1288 1729 1377 1763 pnuni
1386 1744 1395 1759 ,
1413 1722 1653 1759 impedimentum
1665 1722 1780 1761 aliquod
1793 1723 1838 1754 seu
1852 1732 2025 1762 gravamen,
2037 1723 2077 1754 set
2091 1723 2130 1753 eis
2184 1722 2240 1753 titis
2251 1721 2362 1753 salvum

1287 1759 1321 1788 &
1342 1762 1469 1790 iecurum
1491 1760 1701 1799 Conductum,
1728 1762 1798 1792 curn
1819 1771 1869 1799 per
1890 1761 2085 1792 Distriituum
2105 1764 2152 1792 vei
2169 1770 2268 1791 rorum
2297 1760 2362 1791 loca

1287 1797 1429 1828 transitum
1443 1799 1578 1837 fecerint,
1591 1799 1642 1830 suis
1657 1800 1816 1838 sumptibus
1829 1800 1932 1830 habere
1944 1800 2063 1838 faciatis,
2077 1801 2209 1838 quotiens
2222 1799 2257 1830 &
2271 1806 2363 1837 quan-

1287 1834 1333 1879 d'o¹
1343 1845 1392 1873 per
1406 1837 1494 1905 ἐξερᾷ,
1512 1838 1557 1868 seu
1571 1848 1674 1868 eorum
1685 1839 1807 1877 aliquem
1816 1863 1826 1877 ,
1841 1838 1923 1876 super
1934 1838 1993 1868 hoc
2001 1861 2011 1877 ,
2026 1847 2060 1868 ex
2073 1845 2152 1876 parte
2167 1837 2282 1876 nostrii,
2301 1837 2363 1868 fiie-

1291 1881 1348 1904 ritis
1360 1885 1390 1904 re
1413 1886 1438 1905 ui
1452 1884 1492 1906 iti.

1288 1950 1305 1981 f
1326 1912 1359 1942 In
1379 1885 1474 1982 csiijuiS,
1492 1915 1553 1945 ὅτε.
1574 1915 1660 1954 usque
1678 1914 1713 1945 ad
1733 1915 1852 1945 Festum
1875 1915 2011 1946 omnium
2035 1913 2210 1945 Sanetorum
2222 1913 2362 1952 proximo

1303 1958 1416 1981 uturum
1451 1961 1580 1983 maturas,

1327 1989 1418 2021 Teste
1433 1991 1519 2029 Rege
1533 1991 1606 2030 apud
1621 1991 1837 2023 Kederminstre
1845 2014 1855 2030 ,
1873 1991 1990 2022 decimo
2004 1991 2111 2022 offitavo
2125 1990 2172 2020 die
2185 1989 2318 2030 Augusti.

1804 2070 1858 2099 Per
1874 2070 1967 2099 Breve
1980 2068 2013 2098 de
2026 2069 2147 2097 Pri-vato
2160 2063 2260 2105 Sigillo-

1415 2195 1475 2227 Pro
1496 2191 1710 2227 Cardinalibus
1728 2192 1934 2238 Beneficiatis,
1958 2192 1995 2226 de
2015 2191 2247 2226 Pardonatione.

1289 2277 1421 2337 REX,
1438 2279 1599 2310 Venerabili
1613 2281 1643 2310 in
1655 2279 1775 2310 Christo
1789 2279 1866 2311 Patri
1875 2303 1885 2318 ,
1902 2279 1957 2311 W.
1975 2278 2076 2310 eadem
2089 2277 2177 2318 gratia
2186 2300 2196 2316 ,
2215 2275 2367 2316 Archiepi-
2382 2277 2459 2310 Ann.
2471 2278 2517 2309 D;

1364 2317 1453 2358 scopo
1466 2318 1615 2356 Eborum,
1634 2318 1749 2356 Angliae
1766 2318 1901 2357 Primati,
1920 2318 2054 2350 Salutem.
2404 2326 2491 2358 1332.

1324 2354 1406 2386 Cum
1422 2356 1570 2387 Dominus
1585 2356 1620 2387 E.
1637 2367 1675 2387 nu
1698 2368 1727 2387 er
1742 2357 1807 2387 Rex
1821 2357 1952 2397 Angliae,
1970 2357 2054 2388 Pater
2066 2355 2181 2394 noster,
2225 2393 2231 2399 .
2382 2360 2435 2384 Aa.
2450 2359 2479 2385 6.

1327 2394 1374 2424 Ad
1389 2395 1437 2426 Re
1459 2396 1636 2434 uisitionem,
1684 2397 1829 2427 enerabilis
1844 2396 1947 2435 Patris,
1966 2396 2093 2427 Domini
2112 2395 2142 2433 J.
2160 2392 2270 2424 Divina
2290 2391 2365 2423 Pro·
2380 2398 2411 2422 Ε.
2433 2404 2459 2431 3.

1288 2431 1431 2472 videntia,
1471 2444 1531 2472 apae
1546 2434 1673 2466 vicesimi
1688 2434 1802 2466 secundi
1833 2444 1888 2465 nec
1903 2445 1982 2472 non,
1996 2435 2037 2464 ob
2052 2430 2362 2469 Affefflonem‚quam
2378 2433 2468 2470 clasis.
2485 2434 2519 2461 64

1290 2481 1357 2543 ggii]
1373 2473 1568 2542 ἔεὲετεϋῦεω
1592 2472 1718 2505 Coetum
1734 2458 1928 2505 Card'inalium
1943 2471 2078 2504 Ecclesiae
2091 2470 2236 2501 Romanae
2249 2470 2365 2508 gerebat
2378 2476 2413 2499 E.
2433 2481 2462 2509 3.
2474 2480 2514 2500 m.

1358 2521 1372 2541 a
1394 2521 1409 2541 e
1431 2520 1458 2542 at
2385 2519 2429 2546 ¹4·

1329 2535 1532 2582 Pardonaverit
1551 2550 1688 2581 omnibus
1711 2552 1746 2582 &
1766 2550 1877 2589 singulis
1898 2547 2113 2584 Cardinabbus,
2128 2546 2159 2576 in
2182 2544 2292 2585 Regno
2307 2555 2364 2578 no-

1290 2587 1350 2618 stro
1367 2587 1558 2627 Beneficiatis,
1576 2598 1681 2619 omnes
1695 2586 1829 2618 Pecunia:
1843 2588 1982 2624 summas,

1329 2626 1343 2656 I
1364 2627 1424 2664 sos,
1444 2628 1554 2657 ratione
1570 2625 1762 2657 Decimarum
1775 2626 1809 2657 ὃς
1823 2625 1938 2656 aliarum
1955 2625 2120 2668 Qiotarum
2155 2622 2247 2653 Clero
2267 2621 2366 2669 Regni

1291 2675 1331 2695 no
1358 2665 1398 2703 ri,
1416 2674 1466 2702 per
1481 2664 1760 2707 &Cium-Summum
1773 2663 1964 2702 Pontificem,
1981 2664 2029 2694 vel
2043 2673 2100 2706 ejus
2121 2646 2364 2706 Praedecefforee,

1290 2703 1501 2741 impositarum,
1521 2711 1735 2742 contingentes,
1752 2702 1786 2733 &
1801 2712 1883 2741 quae,
1900 2703 1934 2733 ad
1949 2711 2022 2740 opus
2044 2700 2127 2739 ipsius
2147 2700 2237 2731 Patris
2254 2698 2364 2738 nostri,

1291 2752 1341 2780 per
1355 2742 1620 2772 Summonitionem
1636 2741 1776 2772 Scaccarii
1789 2742 1845 2779 sui,
1865 2741 2063 2780 exigebantur,

1327 2780 1420 2849 IJIdos15
1433 2779 1672 2848 Pardgnationem
1693 2779 1858 2818 praedie’cam
1879 2788 2073 2817 acceptantes,
2091 2777 2176 2809 vobis
2195 2776 2366 2808 mandamus

1312 2830 1350 2850 uo
1421 2828 1503 2849 eman
1524 2829 1550 2849 ae

1291 2829 1310 2858 q
1330 2859 1429 2896 Quam
1444 2843 1618 2895 facitis‚’per
1632 2857 1900 2888 Summonitionem
1914 2856 1984 2888 dieti
2000 2855 2156 2892 Senecam,
2173 2853 2207 2884 ad
2221 2862 2295 2898 opus
2307 2862 2362 2884 no-

1291 2896 1396 2932 strum,
1411 2895 1625 2926 Venerabilibus
1638 2895 1783 2934 Patribus,
1795 2895 1933 2926 Dominis
1941 2919 1950 2932 ,
1964 2894 2120 2925 Gauselino
2131 2892 2269 2931 Johannis
2277 2890 2362 2929 ,Per-

1290 2936 1367 2967 sonae
1385 2934 1519 2965 Ecclefiae
1538 2934 1575 2965 de
1594 2933 1847 2973 Hemyngburgh,
1866 2934 1900 2965 &
1923 2932 2124 2963 Praebendario
2138 2929 2306 2961 Praebendae
2324 2929 2362 2960 de

1290 2973 1432 3011 Driffeld,
1451 2974 1485 3004 ὃς
1500 2972 1655 3004 Bertrando
1668 2973 1704 3003 de
1718 2972 1827 3002 Monte
1847 2972 2004 3010 Faventio‚
2018 2970 2152 3001 Personae
2171 2967 2306 2998 Ecclesiae
2323 2968 2362 3012 de

1289 3012 1515 3052 Brantyngham,
1533 3011 1619 3042 didiae
1633 3010 1781 3041 Romanae
1796 3009 1933 3041 Ecclefiae
1947 3007 2158 3044 Cardinalibus,
2174 3006 2210 3036 de
2229 3005 2363 3037 Decimi:

1290 3053 1324 3083 ὃς
1344 3051 1401 3081 aliis
1423 3050 1532 3089 Qotis
1554 3048 1715 3089 praedietis,
1729 3048 1810 3092 ipsos.
1820 3050 1929 3079 ratione
1941 3045 2133 3077 Ecclesiarum
2146 3045 2179 3076 ὅς
2193 3043 2361 3076 Praebendae

1290 3092 1400 3121 suarum
1413 3088 1615 3127 praedictarum
1634 3098 1692 3119 con
1708 3090 1713 3094 '
1755 3087 1883 3123 entibus,
2159 3122 2164 3127 .
2239 3126 2243 3127 ⁷

1330 3127 1552 3168 Supersedeatis,
1562 3126 1597 3157 &
1611 3126 1683 3165 ipsos
1694 3128 1725 3156 in
1745 3135 1761 3156 e
1774 3124 1880 3155 Pacem
1894 3123 1998 3153 habere
2014 3122 2197 3161 permittatis,
2206 3122 2284 3160 juxta
2292 3119 2362 3152 Par-

1291 3167 1478 3198 donationem
1491 3164 1687 3204 supradictam.

1291 3286 1312 3315 b
1329 3243 1421 3290 Teste
1433 3242 1516 3280 Rege
1530 3238 1604 3278 apud
1616 3237 1928 3278 westmonasterium,
1937 3238 2054 3270 decimo
2068 3238 2154 3270 tertio
2168 3236 2215 3268 die
2231 3235 2364 3275 Septem-

1313 3294 1357 3314 1¹15.

1296 3418 1323 3444 *τ
1350 3419 1398 3450 De
1426 3415 1623 3461 compositione
1646 3416 1725 3447 inter
1750 3415 1889 3447 Aliciam
1913 3412 2027 3446 Filiam
2040 3414 2078 3451 (ᾗ
2097 3407 2252 3444 Heredem
2273 3407 2361 3439 Gau-
2375 3417 2393 3435 ·
2412 3398 2484 3446 Ῑν.ι

1335 3464 1420 3510 fridi
1438 3462 1558 3496 Radelli
1570 3489 1580 3505 ,
1603 3465 1640 3501 ὠ
1659 3462 1859 3496 Guilielmum
1877 3459 1914 3494 de
1931 3461 2044 3494 Monte
2057 3460 2178 3500 Aemo,
2201 3463 2294 3502 nuper
2307 3457 2362 3489 Se·
2376 3464 2446 3493 532-

1343 3512 1506 3559 neftallum
1524 3511 1714 3557 Aquitania.

1364 3597 1422 3628 EX
1433 3598 1583 3636 omnibus,
1601 3596 1636 3628 ad
1651 3605 1740 3636 quOS,
1759 3597 1820 3627 &e
1840 3596 1975 3627 Salutem.
2330 3626 2338 3632 ⁶
2378 3588 2457 3619 Ann-
2469 3583 2514 3617 D,-

1403 3635 1524 3666 Constat
1544 3636 1628 3666 nobis
1641 3659 1652 3673 ‚
1677 3645 1728 3673 per
1749 3635 1955 3673 inspectionem
1977 3628 2157 3675 Rotulorurn
2179 3623 2366 3671 Cancellariae
2407 3634 2497 3666 1332.

1302 3674 1426 3705 Domini
1440 3674 1475 3704 E.
1496 3684 1585 3711 nuper
1600 3674 1688 3712 Regis
1703 3674 1833 3713 Angliae,
1853 3673 1942 3704 Patris
1955 3668 2064 3707 nostrl,
2080 3665 2162 3706 quod
2183 3665 2261 3696 idem
2283 3664 2366 3698 Paoer
2379 3669 2434 3695 An.
2446 3666 2477 3693 6.

1303 3713 1398 3744 noster
1411 3714 1480 3744 fecit
1493 3713 1582 3743 literas
1595 3712 1653 3743 suas
1667 3711 1796 3743 Parentes
1809 3714 1840 3742 in
1853 3712 1916 3742 haec
1930 3708 2034 3745 verba,
2379 3709 2488 3779 {gfff-6

1306 3788 1525 3851 EDwarduS,
1542 3788 1601 3818 Dei
1624 3788 1728 3828 gratia,
1747 3788 1813 3819 Rex
1831 3785 1962 3825 Angliae‚
1977 3778 2318 3824 Dominus'Hiberniaa
2335 3779 2371 3811 δι
2385 3785 2498 3819 affin*

1383 3829 1454 3859 Dux
1472 3827 1810 3866 Aquitaniae‚omnibus‚
1827 3825 1862 3856 ad
1877 3833 1950 3862 quos
1962 3820 2109 3860 praesentes
2122 3818 2222 3850 litterae
2229 3825 2373 3868 *perveneg
2388 3828 2416 3859 3.

1307 3875 1392 3935 rmltx'd
1401 3867 1540 3935 {iiilrtiiiiilri
1557 3905 1688 3935 notitiam
1703 3902 1871 3947 deducimus
1885 3909 1934 3938 per
1946 3897 2093 3941 praesentes
2127 3896 2210 3936 quod
2236 3935 2243 3942 .
2286 3934 2294 3942 ι
2317 3938 2325 3945 ‚

1347 3942 1445 3980 Cum,
1465 3953 1497 3973 ex
1511 3943 1593 3973 causa
1607 3942 1818 3973 Transafflonis
1839 3939 1899 3984 *seu
1909 3935 2062 3981 amicabilis
2109 3919 2324 3974 ommistione,
2373 3973 2379 3977 Ἰ

1348 3981 1425 4013 Inter
1440 3981 1599 4011 Dominam
1615 3981 1773 4023 Aelici'ar'n,
1792 3964 1893 4009 Fiiiam
1906 3976 2061 4020 ¹5³3?qu
2076 3975 2110 4006 &
2132 3974 2291 4019 Haeredem
2311 3971 2380 4004 Do*

1311 4021 1383 4050 mini
1403 4020 1536 4050 Gaufridi
1555 4018 1672 4050 Rudelli
1692 4017 1813 4055 Milm's,
1827 4014 1953 4046 Domini
1972 4012 2077 4045 Blaniae
2090 4012 2239 4051 defuncti,
2255 4011 2380 4043 amilon—
