2562 4279
14 199 91 232 Arm.
102 198 143 230 D.

43 246 129 276 1325.

14 278 82 307 Ἐάν.
102 286 128 305 2.

29 1611 106 1644 Ann.
118 1608 161 1640 D.

56 1657 139 1688 1325.

28 1693 82 1717 An.
102 1698 144 1723 19.

30 1732 62 1755 Ε.
81 1736 107 1754 2.

28 1765 165 1801 ctaus.19.

29 1808 61 1831 E.
84 1814 110 1830 2.

31 1851 67 1870 m.
84 1851 130 1879 25.
138 1842 165 1870 α’.

35 2498 114 2529 'Arm
128 2495 169 2527 D.

58 2544 144 2575 1325.

36 2581 89 2606 An.
110 2585 152 2610 19.

38 2620 68 2643 ΣΕ.
90 2625 115 2641 2.

37 2657 108 2681 Rom.
127 2661 170 2687 ¹9·

35 2696 150 2721 E.2.m.

152 134 171 161 ι
180 124 235 172 46

160 205 235 236 sonae
253 203 279 234 sc
300 202 437 241 attingunt
457 199 485 229 in
508 196 595 237 gradu
606 196 770 234 prohibito,
788 193 891 235 absque
906 193 1120 234 Dispensatione
1140 192 1218 225 Sedis

162 242 336 282 Apostolicae
346 264 355 276 ,
373 245 515 276 nequeunt
529 235 646 265 effectui
659 235 826 272 mancipari,
1123 272 1129 278 .

201 282 254 311 Per
277 280 394 309 Litteras
413 275 520 305 nostras
538 273 665 312 speciales
686 272 852 303 Domi-num
869 271 1025 303 Summum
1044 271 1219 303 Pontificem

162 318 353 355 rogaverimus
368 325 420 353 pro
436 313 647 350 Dispensatione
659 313 689 341 in
703 311 737 342 εἰ
752 321 802 349 per
814 319 841 342 te
854 311 1026 349 optinenda,

199 353 367 388 Praeclaram
391 352 555 383 Amicitiam
577 350 699 381 vestram
719 351 885 389 requirimus
901 350 1023 388 affeetu,
1042 358 1102 388 quo
1123 347 1220 387 possu-

162 405 242 432 mus,
258 393 378 429 cariori,
395 390 524 429 quatinus
537 388 644 419 attenta
662 388 864 420 informatione
879 397 949 426 per,
965 387 1105 418 diletfmm
1126 386 1221 418 Cleri-

164 443 231 465 cum
246 428 573 468 nostrum,Magistrum
588 427 706 458 Petrum
718 427 755 457 de
768 427 945 465 Galliciano,
961 426 1144 457 Canonicum
1158 425 1223 456 Ro-

166 470 393 509 thomagensem,
405 468 488 497 vobis
500 466 533 497 ei
546 475 621 505 parte
631 466 762 496 facienda
775 467 872 504 (quem
885 465 941 495 una
953 474 1023 495 cum
1037 464 1164 495 Nunciis
1179 465 1222 502 ip-

167 510 219 541 sius
240 509 328 552 Regis
347 506 381 537 ad
400 505 504 536 Sedem
525 504 721 543 Apostolicam
741 504 774 535 ea
794 505 830 535 de
849 503 931 534 causa
946 501 1128 539 destinamus)
1147 503 1223 533 circa

166 555 380 586 promotionem
394 544 465 574 dieti
476 544 601 584 negotii,
616 552 649 574 ut
669 543 784 573 felicem
806 544 839 575 &
857 550 986 582 optatum
1004 541 1132 572 sortiatur
1153 540 1225 571 effe-

170 587 269 624 ctum,
287 593 376 623 partes
391 583 494 614 vestras
506 584 685 620 interponere
698 581 804 619 velitis,
821 591 905 612 more
921 581 1072 619 consueto,
1090 588 1175 619 prout
1189 579 1225 610 de

168 625 250 657 vobis
265 622 435 654 confidimus
445 645 454 659 ,
473 621 610 652 efficaces.
998 659 1000 662 y

205 663 273 695 Dat.
293 661 366 701 apud
378 661 487 699 Shene,
502 660 617 691 decimo
628 659 734 690 odtavo
748 658 794 690 die
809 658 956 689 Octobris.

298 738 468 770 Consimiles
477 738 578 769 litterae
590 737 747 776 diriguntur
760 736 915 774 subscriptis
923 747 933 772 ;
946 733 1077 765 videlicet
1084 758 1095 772 ,

204 818 320 847 Domino
337 817 433 853 Petro,
454 814 573 854 Epifiopo
587 812 764 854 Ponestrenst,
1071 851 1075 856 ³
1130 851 1134 855 ·

206 858 322 885 Domino
336 853 488 893 Gaylardo,
507 855 615 884 SanHae
631 856 714 883 Lucae
730 856 758 881 in
769 849 843 882 Silice
857 852 977 880 Diacono
991 846 1142 878 Cardenalt.

208 897 324 923 Domino
345 894 513 934 Reymuna'o,
536 893 643 923 Sarzffi‘ae
664 894 766 921 Mariae
789 893 818 920 iu
837 889 977 929 Cofinedyn
991 891 1110 917 Diacono
1131 886 1229 917 Cardi-

207 931 323 1002 Donrzilgo
335 969 485 1007 Arolaldr),
502 969 595 999 Sand't‘i
610 967 748 1008 Eustachii
764 970 883 997 Diacono
899 965 1052 996 cardinali.

209 1013 325 1042 Domino
338 1009 506 1048 Guillielmo,
524 1007 599 1038 titula·
610 1009 706 1039 Sanlh’
720 1011 742 1036 C
736 1010 823 1047 yriacr'
836 1010 864 1036 in
879 1009 980 1036 Termis
993 1003 1142 1040 Presbiterv
1156 1005 1228 1033 Car-
1264 1025 1266 1027 ψ

207 1048 510 1124 ΒένῇἶῖιΒενίναηαΙο,
530 1086 636 1116 δακὲἶιε
651 1087 755 1114 Mariae
768 1086 797 1112 in
811 1084 847 1112 A
863 1086 929 1112 uiro.

210 1130 325 1158 Domino
342 1128 422 1155 Petro
434 1125 466 1154 a'e
479 1123 622 1162 Columpna
631 1148 639 1161 ,
658 1124 752 1154 Sanffi
766 1125 848 1158 Ange
860 1124 868 1150 i
882 1124 1004 1152 Diacuno
1019 1117 1175 1156 cardmali,

209 1166 230 1186 *²
246 1168 365 1195 Domino
380 1161 511 1209 Armfldo
525 1163 556 1193 de
570 1161 741 1200 Pelegruwe,
758 1160 866 1191 Sansz'ae
881 1162 983 1190 Mariae
998 1162 1027 1189 in
1042 1161 1150 1188 Portica
1158 1160 1232 1187 Dia-

212 1200 493 1281 Dssssocgj'zzlgiso
506 1239 537 1269 de
550 1242 648 1277 Farges
658 1261 667 1277 ,
685 1238 794 1267 Sanlrae
811 1238 914 1266 Mariae
930 1237 1024 1266 Novae
1037 1238 1157 1265 Diacono
1165 1237 1233 1264 Car-

212 1279 484 1353 Dffizgl'fflrnardo
496 1317 526 1346 de
542 1318 650 1352 Garuo,
668 1314 776 1344 Sanctae
788 1312 914 1351 Agathae
928 1314 1051 1342 Diacono
1065 1310 1216 1342 eardinali.

212 1361 330 1388 Domino
345 1355 491 1395 Neapolio,
510 1356 603 1384 Sam‘li
615 1354 740 1384 Adriani
752 1355 872 1382 Diacono
890 1350 1041 1380 Cardinali.
1165 1391 1169 1395 .

214 1399 329 1426 Domino
341 1399 423 1426 Lucae
432 1419 441 1433 ,
459 1395 565 1424 Sandlae
582 1395 685 1422 Mariae
698 1395 727 1421 in
741 1393 770 1421 V
770 1389 799 1420 id
813 1389 877 1420 lata*
893 1393 1012 1420 Diacono
1026 1387 1177 1419 Cardinah.

297 1519 356 1555 Ad
367 1523 601 1567 Primogem'tum
619 1521 707 1566 Regis
724 1521 881 1566 Aragom'ae
896 1517 933 1550 de
948 1516 1117 1551 Credentia.

181 1605 316 1664 REX,
339 1604 447 1636 Nobili
467 1605 548 1643 viro,
571 1603 708 1635 Domino
730 1603 866 1643 Alfonso,
889 1602 999 1634 illustris
1016 1601 1104 1642 Regis
1125 1601 1238 1640 Arago-

254 1646 309 1675 niae
321 1644 516 1687 Primogenito
524 1666 534 1681 ,
550 1642 673 1673 Salutem
681 1666 691 1682 ,
708 1643 743 1673 &
755 1643 868 1673 sincerae
880 1642 1038 1672 dilectionis
1050 1640 1199 1672 affedmm.

214 1682 321 1714 Zelum
341 1682 500 1714 affectionis
518 1681 671 1720 purissimae
686 1705 695 1720 ,
729 1691 814 1719 quam
831 1681 866 1711 ad
885 1680 954 1711 Nos
972 1681 1006 1712 &
1025 1679 1161 1710 Domum
1183 1688 1238 1709 no-

178 1722 264 1753 stram
285 1723 392 1759 regiam
413 1721 522 1760 geritis,
538 1720 651 1751 Nuncii
673 1719 780 1758 nostri,
808 1729 879 1758 quos
899 1728 988 1757 nuper
1006 1718 1040 1748 ad
1061 1718 1237 1756 praesentiam

179 1761 288 1800 praefati
310 1761 419 1797 Regis,
439 1758 527 1789 Patris
547 1758 647 1796 vestri,
664 1758 875 1796 transmisimus,
893 1758 975 1788 nobis
994 1757 1117 1787 seriosius
1135 1756 1238 1787 retule-

181 1808 262 1838 runt,
280 1800 313 1831 Sc
328 1808 361 1829 ex
372 1798 442 1835 hiis,
460 1807 523 1835 quae
538 1797 631 1827 vester
642 1797 791 1835 NunciuS,
809 1806 876 1827 cum
888 1796 986 1827 vestris
999 1795 1100 1840 litteris¹
1110 1794 1146 1826 de
1165 1793 1240 1839 Cre-

181 1837 274 1868 dentia
288 1837 322 1868 ad
337 1840 388 1868 n'os
403 1845 492 1874 nuper
507 1837 639 1874 veniens,
656 1836 781 1873 exposuit
796 1845 847 1866 ore
860 1844 953 1873 tenus,
972 1843 1167 1872 cognovnnus
1181 1844 1241 1865 evi-

180 1876 286 1907 denter.
364 1880 367 1884 “

218 1915 255 1948 Et
276 1915 339 1953 quia
358 1912 451 1944 eidem
469 1912 592 1944 Nuncio
605 1911 701 1943 vestro
715 1912 796 1951 super
808 1912 962 1951 aliquibus,
981 1912 1064 1944 vobis
1079 1912 1170 1949 notis,
1187 1921 1242 1942 no-

180 1954 266 1984 stram
282 1951 456 1991 exposuimus
467 1951 660 1990 voluntatem,
679 1958 710 1982 ut
723 1961 773 1982 vos
789 1951 856 1982 inde
871 1951 954 1981 nobis
976 1951 1161 1981 rescriberetis
1180 1950 1240 1982 vel-

178 1992 206 2022 le
218 1991 344 2022 vestrum
361 1990 411 2027 (de
425 2000 484 2028 quo
499 1998 593 2020 tamen
607 1990 750 2027 hucusque
764 1989 926 2028 responsum
940 1999 1001 2019 non
1013 1989 1174 2026 habuimus)
1196 1989 1240 2020 di-

178 2030 287 2061 lectum
301 2029 449 2060 Clericum
464 2028 610 2067 nostrum,
629 2027 800 2065 Magistrum
816 2028 933 2059 Petrum
955 2026 1095 2066 Galliani,
1114 2025 1241 2057 Canoni-

177 2078 249 2100 cum
268 2066 509 2107 Rotomagensem
534 2067 593 2106 (cui
614 2067 643 2096 in
664 2066 811 2104 praemissis
828 2075 931 2098 votum
950 2067 1127 2104 apperuimus
1149 2066 1243 2098 cordis

179 2107 280 2144 nostri)
295 2106 329 2137 ad
345 2117 398 2137 vos
414 2106 542 2137 duximus
561 2104 776 2144 destinandum,
795 2107 857 2145 cui,
874 2106 894 2136 fi
912 2105 1022 2175 glacet,
1039 2105 1069 2134 in
1090 2105 1160 2144 hiis,
1179 2115 1245 2143 quae

179 2146 265 2177 vobis
286 2145 361 2176 dicet
383 2154 417 2175 ex
436 2154 512 2183 parte
527 2143 639 2183 nostra,
657 2143 744 2175 fidem
758 2145 849 2176 velitis
864 2154 911 2174 cre
933 2144 1009 2174 ulam
1023 2143 1173 2182 adhibere,
1191 2153 1246 2175 no-

180 2185 279 2219 bisque
294 2194 344 2222 per
360 2183 481 2214 eundem
498 2183 647 2214 rescribere
661 2183 751 2214 vestra
765 2183 940 2220 Beneplacita
954 2183 982 2213 in
996 2181 1151 2221 praemiffis.

215 2222 283 2254 Dat.
299 2222 372 2261 apud
386 2222 496 2260 Shene,
513 2222 631 2253 decimo
646 2223 753 2254 octavo
767 2221 812 2253 die
830 2221 978 2253 Octobris.

224 2357 284 2392 Ad
296 2361 433 2404 Papam,
451 2359 542 2403 fhper
560 2362 702 2392 Petitione
715 2361 870 2391 Scotorum
886 2356 926 2390 ab
945 2359 1002 2403 ipfiv
1020 2357 1129 2402 rejefia
1140 2384 1150 2400 ‚
1175 2361 1212 2396 &-

352 2407 443 2452 fitper
458 2405 720 2452 Negotiationibus
739 2418 808 2438 cum
827 2408 905 2452 Rege
926 2408 1068 2438 Franciae.

187 2491 310 2553 PApae
328 2489 499 2528 Edwardus,
517 2491 615 2521 eadem
636 2490 736 2530 gratis,
757 2491 822 2521 Rex
842 2489 970 2530 Angliae‚
985 2491 1019 2522 &
1033 2490 1179 2522 Dominus
1190 2491 1249 2523 Hi-

255 2531 364 2561 berniae
373 2552 383 2568 ,
400 2529 504 2559 devota
518 2529 630 2559 Pedum
643 2529 737 2561 oscula
752 2529 911 2560 beatorum.

222 2569 400 2607 Apostolicae
420 2567 679 2606 circumspectionis
702 2567 819 2598 affluens
842 2568 969 2605 bonitas,
985 2568 1117 2599 omnium
1138 2569 1248 2607 semper

187 2606 301 2638 salutem
314 2607 404 2638 sitiens
419 2606 572 2645 Filiorum,
589 2607 625 2637 sic
640 2607 673 2637 ad
687 2616 785 2646 preces
797 2606 942 2636 inclinatur
957 2606 1127 2644 humilium,
1145 2617 1176 2638 ut
1198 2617 1248 2638 eos

187 2645 285 2685 dirigat
301 2647 330 2676 in
345 2646 420 2675 viam
431 2644 568 2683 Justitiae,
579 2655 641 2682 qux:
655 2654 751 2675 contra
765 2644 911 2675 Tumores
925 2644 1112 2682 superborum
1124 2646 1248 2685 erigitur,

188 2692 219 2715 ut
232 2684 304 2722 ipsos
317 2683 446 2722 percellat
460 2684 481 2712 ri
502 2693 552 2713 ore
566 2683 740 2721 Disciplinae.

225 2722 395 2753 Audivimus
408 2721 475 2759 siqui
497 2732 559 2760 em,
582 2722 660 2752 Pater
673 2721 859 2759 sanctissime,
877 2721 1040 2751 nostrorum
1056 2720 1249 2760 Clericorum,

187 2762 218 2791 in
232 2761 323 2791 vestra
338 2759 431 2791 sancita
443 2759 534 2790 Curia
550 2761 809 2798 commorantium,
827 2760 960 2790 relatione
984 2759 1142 2800 fidedigna,
1160 2771 1248 2799 quan-

187 2798 217 2830 tfi
230 2809 298 2829 curn
316 2798 531 2829 Mansuetudine
545 2798 701 2829 Scotorum
715 2798 890 2829 Petitionem
899 2822 909 2837 ,

227 2837 282 2867 Per
305 2847 390 2875 quam
407 2836 540 2867 adnullari
560 2836 694 2867 Censuras
716 2846 815 2867 contra
837 2837 910 2875 ipsos
924 2860 933 2873 ,
962 2836 1003 2867 ob
1023 2836 1149 2875 ipsorum
1177 2847 1249 2868 con-

187 2883 310 2913 temptus
335 2876 368 2905 δε
400 2874 580 2908 Rebelliones
596 2898 605 2912 ,
637 2885 736 2906 contra
764 2876 885 2906 san<9OEm
908 2875 1071 2905 Romanam
1092 2874 1248 2907 Eccleliam

189 2914 377 2951 multipliciter
391 2913 569 2952 commistos,
587 2915 638 2944 rite
660 2913 828 2951 Apostolica
848 2913 1012 2944 auctoritate
1033 2914 1168 2952 prolatas,
1187 2925 1248 2945 non

187 2953 293 3009 absque
305 2952 386 2990 ipsius
398 2951 555 2988 dedecore,
574 2952 790 2990 praesumptione
805 2953 950 2983 temeraria
965 2951 1156 2991 postulabant,

227 2990 244 3020 Χ
257 2989 327 3020 estra
341 2990 499 3033 Benignitas
507 2990 581 3027 juste
593 2991 704 3029 repulit,
717 2992 750 3021 δε
765 2990 868 3021 Sinum
881 2991 982 3022 sanetae
996 2990 1097 3021 Matris
1111 2991 1247 3023 Ecclefiae

172 3045 174 3047 >
190 3030 230 3059 eis
241 3029 346 3067 aperire
361 3036 453 3058 renuit
469 3038 527 3058 non
543 3029 692 3059 correftis:

228 3066 262 3096 In
282 3077 341 3106 quo
364 3066 495 3105 profesto
519 3067 658 3097 honorem
689 3067 863 3098 Universab's
888 3067 1022 3098 Ecclesiae
1049 3067 1247 3099 conservatum

213 3105 407 3143 erpendimus,
424 3105 458 3135 ὃ(
474 3104 525 3142 Jus
546 3105 675 3135 nostrum
690 3107 817 3143 regium,
835 3107 927 3143 quoad
944 3106 1069 3144 usurpata
1082 3107 1110 3136 in
1124 3107 1249 3144 ipsorum

225 3144 379 3183 ebellione,
397 3153 508 3174 manere
529 3143 638 3182 adhuc,
655 3143 794 3174 drocarum
813 3144 1003 3175 Censurarum
1028 3146 1143 3184 vigore,
1160 3146 1250 3177 illiba-

192 3188 272 3213 tum·

231 3206 323 3250 Ulide
337 3221 437 3251 vestroe
453 3220 620 3252 Beatitudini
633 3229 722 3260 grates
735 3221 768 3252 ὃς
784 3221 883 3258 gratias
895 3221 1038 3251 referimus
1055 3231 1120 3259 quas
1146 3220 1249 3252 suffici-

193 3268 257 3289 mus
272 3260 305 3290 &
320 3259 452 3289 valemus.

231 3297 278 3328 Ad
295 3298 374 3336 liaec,
386 3299 430 3335 pie
445 3297 545 3335 Pater,
559 3298 690 3335 qualiter,
702 3296 825 3327 exliortis
839 3306 928 3334 nuper
944 3296 1156 3327 Discordiarum
1172 3298 1251 3334 plan·

192 3336 266 3368 tariis
286 3336 374 3375 inter,
393 3335 586 3372 Magnificum
606 3336 787 3373 Principem,
806 3335 970 3377 Dominum
985 3335 1143 3373 Kar-olum,
1162 3336 1250 3366 Fran-

192 3376 247 3404 ciae
260 3375 293 3405 ὃς
309 3374 450 3405 Navarrae
466 3373 594 3413 Regem,
615 3376 648 3404 &
664 3374 745 3412 Nos,
763 3374 842 3411 supet
859 3373 971 3403 diversis
992 3374 1142 3412 Articulis,
1161 3374 1250 3405 vestra

194 3412 355 3450 Benignitas
369 3413 427 3442 tam
442 3412 587 3449 praefarum
603 3412 734 3451 Regem,
749 3413 834 3450 quam
850 3422 901 3442 nos
915 3412 1078 3450 solicitavit,
1091 3412 1188 3450 saepius
1203 3423 1251 3450 per

197 3450 365 3488 Apostolica
376 3452 475 3490 scripta
488 3451 628 3481 salubriter
641 3450 868 3488 exliorrando,ut
885 3451 959 3487 pacis
973 3451 1163 3482 assentiremus
1178 3451 1252 3481 Tra-

196 3489 315 3519 &atibus
330 3500 381 3527 pro
392 3489 568 3520 Guerrarum
581 3490 774 3520 incommodis
786 3489 936 3519 evitandis:

236 3526 363 3565 Qialirer
377 3530 477 3565 etiarn,
492 3528 687 3565 subsequenter
700 3527 873 3559 venerabiles
889 3526 982 3557 Patres
998 3527 1251 3565 Archiepiscopum

195 3564 401 3604 Viennensem,
420 3567 454 3597 &
475 3566 515 3596 H.
535 3566 731 3597 Auriacensem
754 3566 946 3604 Episcopum,
964 3567 1022 3597 tiim
1043 3565 1077 3595 ad
1102 3566 1251 3603 praefatum

194 3602 325 3642 Regem,
343 3605 428 3642 quam
447 3604 481 3635 ad
503 3615 570 3643 nos,
589 3615 642 3643 pro
668 3605 747 3635 Pacis
764 3604 964 3634 reformatione
976 3604 1175 3642 transmisistis,
1193 3614 1253 3634 non

196 3641 300 3671 excidit
314 3643 329 3671 a
343 3643 444 3672 vestrae
458 3643 598 3673 memoria
613 3644 786 3681 Sanffimcis,
805 3644 837 3674 ὃ(
854 3652 917 3681 quae
931 3642 998 3680 ipsi,
1015 3643 1090 3672 circa
1105 3642 1178 3680 hoc,
1190 3652 1254 3681 age-

198 3688 228 3707 re
250 3679 420 3719 studuerint,
437 3681 536 3711 vestrae
559 3681 782 3721 Mansuetudini,
800 3690 863 3712 ante
885 3681 947 3712 haec
968 3690 1111 3719 tempora,
1135 3680 1254 3712 seriatim

201 3718 381 3748 meminimus
397 3729 448 3749 nos
459 3719 597 3759 scripsisse.

239 3753 300 3797 Et,
311 3758 374 3792 quia
389 3757 512 3795 ipsorum
525 3758 713 3789 Nunciorum
729 3759 767 3789 usi
788 3758 923 3794 consilio,

239 3790 302 3829 Qui
320 3794 401 3836 nobis
423 3795 560 3826 dederunt
578 3797 713 3835 intelligi,
733 3797 812 3836 quod
834 3796 971 3834 isabellae,
988 3796 1110 3835 Reginae
1124 3794 1256 3833 Angliae,

201 3826 349 3872 Contsorns
361 3832 464 3862 nostrae
479 3834 638 3873 carissimae,
657 3836 798 3873 praesentia
812 3835 937 3874 praediciti
951 3835 1057 3873 Regis,
1077 3834 1178 3864 Fratris
1199 3833 1255 3870 sui,

201 3874 344 3897 motiones
357 3871 546 3906 complacaret
555 3895 564 3909 ,

203 3903 396 3980 Ρυὲξίςυὸά,
413 3910 468 3945 ejus
489 3918 626 3948 optentu,
643 3910 756 3941 deberet
776 3912 871 3941 omnis
892 3910 1050 3942 Discordiae
1072 3909 1183 3941 materia
1195 3918 1257 3955 arn-

300 3966 309 3980 7

242 3980 408 4024 Qiodque,
427 3992 492 4026 per,¹
510 3984 543 4013 Sc
563 3994 675 4023 propter
695 3997 758 4017 earn
780 3986 888 4017 nedum
898 3987 1056 4027 Justitiam,
1075 3985 1112 4018 set
1127 3986 1162 4018 δε
1175 3986 1256 4018 favo-

200 4027 244 4064 res
259 4019 293 4052 &
305 4027 401 4059 gratias
414 4021 583 4059 multiplices
597 4024 821 4063 affequeremur,

599 100 1400 154 CONVENTIONES,
1454 100 1877 151 LITERAE„

1291 186 1384 226 Ipsam
1400 186 1575 219 Consortem
1591 188 1719 220 nostram
1731 188 1929 220 tranfinifimus
1942 187 1978 219 ad
1992 196 2078 227 partes
2093 189 2168 230 illas,
2186 198 2250 231 quae
2264 190 2317 224 ibi·
2335 188 2410 221 Ann.
2427 187 2467 222 D.

1257 226 1325 257 dem
1340 227 1359 246 ³*
1375 226 1518 257 demorata
1533 227 1575 257 est
1589 227 1675 266 usque
1689 227 1796 266 modo,
1812 237 1872 258 non
1886 227 1990 266 absque
2001 229 2137 259 anxietate
2151 231 2243 262 cordis
2262 240 2317 262 no·
2359 231 2442 269 1325.

1260 265 1309 296 stri
1324 272 1438 304 propter
1452 266 1534 303 ipsius
1546 265 1698 296 absentiam
1709 266 1744 297 ὃς
1760 275 1872 296 moram
1889 266 2065 297 diuturnam:

1299 303 1343 334 Ac
1358 304 1477 343 deinde,
1494 314 1546 342 pro
1561 304 1642 342 ipsius
1656 304 1746 341 Regis
1760 304 1991 343 reverentiam&

1258 341 1424 373 Patientiam
1477 344 1632 382 aebuimus,
1647 352 1679 374 ut
1699 342 1775 373 idern
1793 343 1860 373 Rex
1880 351 1974 374 totum

1261 380 1295 410 ad
1316 381 1440 450 lgslanusb
1451 391 1496 412 uas
1516 390 1651 420 poneret,
1669 381 1814 420 quousque
1835 382 1885 412 sibi
1901 381 2010 412 fac'tum
2031 381 2101 413 effet
2120 381 2321 424 Homagium,

1249 433 1251 435 ·
1281 429 1320 449 uo
1375 427 1420 449 ere
1440 428 1479 450 at·

1260 429 1281 458 q
1299 457 1345 487 Ac
1355 429 1524 498 {postrorum
1541 459 1590 497 sp'e
1602 459 1684 489 nobis
1698 467 1747 496 per
1760 457 1875 488 eosdem
1887 457 2020 489 attributi⁴
2033 457 2122 497 ‘quod
2157 457 2236 490 facto
2253 459 2322 492 Ho-

1261 497 1377 540 magio,
1395 497 1476 539 plena
1491 497 1574 528 nobis
1587 498 1655 528 effet
1669 497 1823 528 Restitutio
1837 496 1979 536 facienda,
1996 496 2033 527 de
2044 483 2151 528 assensu
2163 497 2245 536 ipsius
2259 498 2321 530 Re-

1262 543 1321 574 gis,
1339 535 1548 566 coniulentibus
1568 535 1652 567 dietis
1668 535 1794 566 Nunciis
1815 534 1932 574 vestris,
1949 534 2071 567 eundem
2094 535 2260 575 Ducatum>
2285 537 2320 569 δί

1264 582 1379 604 caeteras
1397 573 1500 604 Terras
1519 574 1641 613 nostras,
1659 575 1688 604 in
1705 574 1849 605 Dominio
1861 573 1943 612 ipsius
1958 573 2048 613 Regis
2061 573 2225 615 existenteS,
2238 576 2323 608 titulo

1262 611 1437 642 Donationis
1457 621 1600 651 perpetuae
1617 612 1804 645 transtulimus
1823 614 1853 644 in
1865 612 2056 652 Edwardum,
2073 613 2178 644 Filium
2190 613 2323 645 nostrum

1261 650 1510 690 primogenitum,
1532 650 1680 691 ipsumque
1698 652 1732 683 ad
1754 651 1926 690 praesentiarn
1944 652 2052 691 praefati
2072 652 2159 691 Regis
2176 651 2326 684 transmisi-

1264 699 1328 720 mus
1335 712 1351 732 ,ς
1362 689 1398 733 ad
1414 689 1578 720 faciendum
1598 691 1649 728 ipli
1669 691 1748 729 Regi
1765 691 1968 730 Homagium,
1989 700 2021 722 ut
2040 690 2180 730 debebat,
2205 701 2260 722 nec
2281 702 2325 723 re-

1265 732 1365 757 maniit
1378 737 1408 757 in
1420 729 1502 758 nobis
1515 729 1652 760 haetenus
1663 731 1747 768 quin,
1765 740 1818 768 pro
1833 729 1912 761 Pacis
1924 730 2153 768 conservatione,
2168 730 2327 761 &Amoris

1256 766 1374 805 >foedere
1394 766 1561 805 nutriendo,
1586 767 1742 799 faceremus
1762 770 1877 809 onmia,
1900 778 1966 808 quae
1985 769 2002 799 a
2020 768 2251 808 nobisfuermt,
2269 769 2326 800 sine

1262 803 1502 836 Exhaeredarionis
1515 806 1660 845 periculo,
1678 806 1822 845 postulata.

1302 843 1438 887 praefatus
1457 852 1552 874 tamen
1569 843 1653 883 Rex,
1679 853 1796 889 recepto
1816 845 1968 894 Homagio
1987 846 2057 877 dieti
2082 845 2143 877 Filii
2165 844 2255 877 nostri
2270 856 2326 885 pro

1258 882 1405 919 praedicto
1428 881 1564 921 Ducam,
1581 892 1689 921 partem
1709 887 1791 921 iplius
1814 883 1946 917 Ducatus
1967 887 1996 916 ei
2010 885 2178 917 verbotenus
2193 884 2329 924 restituit,

2338 270 2404 296 Edv.
2424 278 2452 300 2,

1996 304 2129 373 &sorum
2144 304 2317 346 Consilium,
2338 305 2357 325 ²*

2030 351 2144 374 ucaturn
2159 343 2320 383 Aquitaniae
2343 354 2404 380 ¹77·

2378 308 2432 334 1V.

1266 920 1305 950 iet
1317 920 1442 951 Terram
1456 921 1675 960 Agennensem,
1692 921 1726 953 &
1739 923 1887 954 nonnullas
1899 924 1963 955 alias
1977 923 2079 955 Terras
2092 924 2163 955 ‹iiffl
2179 923 2329 962 Ducatfis,
2366 950 2369 953 .

1268 959 1294 989 ei
1307 958 1451 997 hucusque
1464 957 1607 990 restituere
1620 970 1682 990 non
1696 961 1819 991 curavit:

1305 996 1343 1028 Et
1362 998 1548 1029 intelleximus
1568 997 1650 1036 quod
1668 997 1737 1029 dicti
1758 999 1872 1029 Nuncii
1893 999 1993 1038 vestri,
2010 1001 2091 1032 disto
2109 1001 2228 1040 negotio
2239 1010 2330 1032 rema-

1268 1045 1353 1066 nente
1368 1036 1456 1067 taliter
1468 1036 1659 1074 imperfecto,
1675 1038 1734 1075 jam
1749 1037 1784 1068 ad
1800 1039 1911 1075 propria
1933 1039 2092 1078 redierunt,
2109 1039 2145 1071 de
2184 1050 2223 1070 uo
2244 1039 2331 1070 taedio

1269 1074 1428 1113 afficimur,
1445 1085 1500 1106 nec
1512 1076 1658 1106 immerito
1674 1075 1895 1106 conturbamur:
1916 1077 1949 1108 &
1961 1078 2112 1116 timemus,
2129 1079 2161 1108 ni
2194 1078 2271 1109 diere
2284 1078 2331 1109 fiat

1269 1113 1445 1153 Restitutio,
1464 1113 1592 1145 Pericula
1605 1113 1745 1153 prioribus
1768 1115 1896 1154 graviora
1915 1115 2097 1147 verifimiliter
2115 1125 2250 1156 poterunt
2270 1117 2333 1148 for-

1270 1153 1381 1183 midai-i.

1310 1191 1511 1230 Qamobrem
1527 1191 1671 1223 Sanffltati
1682 1190 1784 1224 vestrae
1802 1193 1867 1224 totis
1886 1189 2227 1232 desideriistsuplieamuffi
2242 1194 2334 1232 quati,-

1273 1230 1325 1260 nus
1340 1229 1458 1267 praefato
1473 1230 1553 1268 Regi
1566 1230 1704 1270 scribere,
1722 1231 1755 1261 &
1770 1230 1845 1269 apud
1862 1241 1929 1261 eum
1943 1230 2114 1270 efficaciter,
2129 1231 2212 1263 solito
2232 1232 2335 1264 vestrae

1272 1268 1452 1300 Beatitudinis
1465 1279 1563 1308 more,
1581 1269 1705 1300 insistere
1719 1269 1892 1309 dignemini,
1908 1278 1955 1308 ut,

1310 1307 1470 1348 Amputatis
1483 1308 1614 1339 radicitus
1624 1308 1772 1347 cujussibet
1789 1308 1990 1349 indignationis
2005 1308 2187 1346 rancoribus,
2207 1308 2336 1339 confide-

1272 1346 1388 1384 ratisque
1405 1346 1623 1385 Alligantiarum
1643 1348 1677 1379 &
1699 1347 1922 1379 Connexitatuin
1941 1347 2148 1386 multiplicum,
2166 1348 2238 1377 inter
2253 1347 2336 1386 ipsius

1274 1384 1362 1423 Regis
1384 1385 1418 1415 ὃς
1436 1384 1546 1415 nostras
1564 1384 1683 1416 Domus
1701 1387 1809 1424 regias,
1834 1385 1990 1417 foederibus
2004 1409 2016 1426 ,
2039 1393 2103 1417 ante
2122 1386 2187 1416 haet:
2207 1394 2337 1424 tempora

1249 1437 1252 1440 ⁴
1276 1423 1445 1462 contraitis,
1464 1425 1497 1455 ὅτ.
1513 1424 1594 1454 variis
1608 1423 1782 1455 firmitatibus
1797 1424 1918 1463 vallatis,

1311 1462 1434 1493 Praefato
1447 1462 1518 1493 Filio
1532 1462 1650 1502 nostro,
1668 1463 1782 1501 Nepoti
1794 1463 1844 1494 suo
1861 1465 1951 1502 (cujus
1965 1464 2108 1496 honorem
2122 1470 2220 1502 optare
2235 1461 2338 1500 praesu-

1273 1501 1362 1532 mitur
1373 1500 1494 1532 Foedere
1508 1501 1633 1537 naturali)
1651 1502 1799 1533 Ducatum
1812 1503 1982 1541 integraliter
1997 1503 2120 1534 restituat
2133 1510 2340 1539 memoratum,

1276 1548 1308 1570 ut
1322 1540 1422 1578 prioris
1435 1540 1580 1571 Amicitiae
1594 1541 1702 1572 soedera
1716 1541 1789 1571 inter
1805 1541 1896 1579 ipsum
1911 1540 2023 1580 Regem
2037 1541 2070 1572 &
2085 1550 2138 1571 nos
2151 1540 2255 1571 illibata
2277 1548 2342 1584 per-
2380 1552 2382 1554 ·

1275 1587 1408 1610 maneant
1421 1601 1432 1616 ,
1464 1580 1499 1610 &
1530 1579 1648 1610 iterandi
1675 1581 1804 1619 priorum
1823 1579 2030 1611 discordiarum
2048 1579 2207 1611 discrimina
2226 1587 2341 1609 materia

1275 1617 1430 1648 nullatenus
1443 1618 1609 1655 praebeatur.

1314 1655 1475 1687 Conservet
1488 1667 1557 1694 vos,
1575 1658 1636 1688 &c.

1321 1693 1392 1726 Dat.
1410 1694 1485 1734 apud
1499 1695 1610 1734 Shene,
1628 1694 1744 1725 decimo
1758 1694 1864 1726 οᾶενο
1878 1695 1925 1726 die
1939 1695 2088 1727 octobris.

1373 1831 1434 1866 Ad
1448 1831 1624 1876 Cardinales
1635 1861 1645 1878 ‚
1665 1834 1756 1881 fitper
1781 1837 1925 1869 petitione
1941 1837 2098 1869 Scotorum
2116 1835 2239 1880 rejeefla.

1280 1918 1489 1982 'VEnerabili
1507 1920 1537 1950 in
1558 1919 1677 1951 Christo
1700 1920 1794 1959 Patri,
1820 1920 1955 1951 Domino
1974 1920 2010 1951 L.
2034 1919 2093 1951 Dei
2114 1919 2197 1959 grati&
2210 1944 2220 1958 ,
2243 1918 2345 1950 sanstae

1364 1958 1467 1989 Mariae
1488 1958 1518 1987 in
1541 1956 1596 1990 Via
1610 1958 1664 1990 lata
1677 1958 1812 1990 Diacono
1824 1958 1967 1989 Cardinali
1976 1982 1986 1997 ,
2001 1957 2223 1998 Consanguineo
2234 1959 2284 1988 suo
2297 1967 2346 1988 ca-

1279 1995 1405 2035 riffimo,
1422 1996 1577 2028 Edwardus
1612 1998 1711 2028 eidem
1747 1998 1815 2028 rati-3,
1835 1998 1900 2027 Rex
1919 1997 2051 2036 Angliae,
2069 1997 2216 2027 Dominus
2237 1996 2348 2026 Hiber-

1279 2036 1350 2073 niae,
1369 2035 1508 2073 Salutem,
1526 2036 1560 2066 &
1576 2021 1691 2066 sincerae
1706 2036 1733 2066 di
1745 2036 1864 2066 ecrionis
1879 2035 2027 2066 arretium.
2197 2053 2199 2055 ·

1322 2073 1367 2104 Ex
1381 2074 1447 2104 zelo
1477 2073 1577 2104 ustitiae
1591 2074 1625 2105 &
1637 2073 1794 2106 affefflone
1806 2073 1949 2112 puriffimfi
1964 2074 2100 2106 novimus
2112 2071 2349 2112 prodiiffe,quod

1284 2111 1443 2144 Scotorum
1487 2113 1612 2152 curioni,

1322 2151 1378 2182 Per
1393 2161 1478 2190 quam
1490 2154 1617 2183 revocari
1631 2151 1786 2189 Censuras,
1804 2160 1906 2183 contra
1931 2151 2025 2190 ipsos,
2041 2161 2092 2190 per
2109 2161 2180 2188 vos,
2195 2151 2250 2188 &,
2265 2158 2354 2181 vene-

1284 2190 1401 2221 rabilem
1425 2190 1556 2227 Patrem,
1574 2189 1741 2222 Dominum
1764 2190 1972 2228 Gaucelinum,
1990 2191 2062 2226 rituli
2083 2189 2246 2220 sanctorum
2272 2188 2354 2219 Mar-

1285 2230 1379 2260 cellini
1393 2230 1425 2260 &
1440 2228 1518 2260 Petri
1533 2228 1722 2261 Presbiterum
1738 2229 1918 2260 cardinalem
1928 2253 1937 2267 ,
1953 2237 2022 2259 tunc
2035 2228 2114 2259 Sedis
2130 2227 2306 2266 Apostolicae
2324 2228 2354 2257 in

1286 2268 1389 2307 Anglicl
1406 2267 1559 2304 Nuncios,
1578 2269 1617 2297 ob
1632 2268 1754 2306 ipsorum
1769 2277 1950 2306 contemptus
1966 2269 2000 2299 &
2018 2268 2201 2298 Rebelliones
2220 2266 2355 2304 multipli-

1286 2317 1350 2344 ceS,
1370 2308 1423 2337 rite
1439 2307 1472 2337 &
1489 2305 1639 2336 Canonice
1651 2308 1856 2347 promulgatas,
1875 2307 2070 2346 postulabant,

1325 2344 1404 2375 Tam
1418 2344 1570 2383 prudenter
1582 2346 1615 2376 &
1629 2346 1744 2376 viriliter
1758 2346 1911 2384 restitistis,
1929 2345 2025 2384 quod,
2041 2343 2164 2376 frustrati
2174 2343 2224 2374 suo
2244 2350 2353 2385 propo—

1288 2383 1358 2422 sito,
1376 2385 1470 2413 inanes
1482 2383 1516 2414 ad
1531 2384 1644 2421 propria
1659 2384 1818 2423 redierunt,
1837 2387 1866 2415 in
1882 2395 1941 2423 quo
1955 2383 2089 2423 profecto
2105 2383 2249 2413 honorem
2275 2379 2354 2424 Uni-

1288 2423 1395 2453 versalis
1416 2422 1550 2453 Eccleliae
1573 2423 1649 2461 (quie
1673 2424 1809 2454 correffis
1831 2425 1859 2454 in
1882 2423 2042 2454 humilitate
2056 2420 2211 2451 Gremium
2227 2427 2352 2464 appetit,

1289 2461 1323 2492 «Sc
1339 2461 1413 2492 elatis
1428 2470 1596 2500 exaggerare
1616 2460 1718 2492 Poenas
1738 2462 1898 2499 consuevit)
1919 2460 2116 2492 conservatum
2133 2457 2353 2500 perpendimus,

1287 2500 1439 2539 nobisque,
1459 2499 1553 2538 quoad
1571 2510 1710 2540 occupata
1731 2511 1780 2539 per
1805 2500 1893 2539 ipsos,
1908 2499 1960 2539 Jus
1984 2497 2114 2528 nostrum
2128 2505 2243 2526 manere
2264 2496 2354 2526 illiba-

1285 2546 1348 2569 tum
1359 2549 1365 2568 ζ

1327 2576 1437 2607 Vestrae
1450 2577 1531 2615 igitur
1547 2576 1702 2607 Sinceritati
1715 2585 1802 2614 ¹‹gi-:ires
1825 2577 1859 2607 &
1879 2576 1975 2615 gratias
1997 2573 2174 2617 multiplices·
2187 2572 2355 2617 referentes,

1288 2624 1341 2646 vos
1359 2624 1394 2645 ex
1414 2614 1502 2646 corde
1522 2616 1689 2652 requirimus
1709 2615 1742 2646 &
1768 2623 1920 2652 rogamus,
1940 2614 2070 2651 quatinus
2091 2614 2121 2642 in
2135 2613 2205 2649 hiis,
2223 2611 2265 2655 &V
2278 2610 2354 2655 aliis,

1289 2663 1354 2691 quae
1376 2663 1428 2683 nos
1448 2661 1583 2692 tangunt,
1597 2653 1673 2689 juxra
1693 2653 1826 2690 speratam
1846 2653 1997 2689 fiduciam,
2025 2652 2145 2681 Scutum
2168 2653 2351 2687 protectionis

1288 2701 1342 2728 pro
1358 2692 1455 2730 nobis,
1474 2700 1574 2721 contra
1588 2691 1760 2730 insurgentes
1781 2700 1815 2721 ex
1834 2691 1966 2729 adverso,
1985 2700 2066 2720 more
2088 2690 2189 2726 solito,
2208 2698 2260 2718 vos
2283 2688 2354 2726 velis

2364 1919 2440 1951 Ann⁴
2456 1920 2498 1952 D.

2386 1968 2470 1999 1325.

2366 2002 2418 2025 An.
2438 2008 2481 2033 ¹9-

2368 2042 2398 2064 Ε.
2418 2046 2445 2063 2.

2369 2080 2438 2103 Rom.
2456 2083 2499 2108 19.

2370 2118 2483 2141 E.2.m.

2372 2162 2402 2189 5-

1287 2731 1321 2760 tis
1343 2740 1505 2774 opponere,
1546 2729 1605 2760 und
1625 2730 1728 2761 honori
1749 2730 1849 2761 nostro
1863 2730 1901 2760 nil
1915 2730 2063 2767 depereat,
2082 2730 2115 2759 δε
2133 2726 2291 2757 efficiamur
2304 2736 2354 2758 ex·
2406 2739 2410 2742 ·

1288 2768 1353 2798 inde
1364 2769 1482 2799 obnoxii
1495 2779 1522 2798 in
1561 2769 1608 2806 iis,
1628 2778 1692 2806 quae
1711 2770 1793 2800 vobis
1809 2770 1842 2800 δε
1861 2767 1958 2800 vestris
1973 2768 2138 2798 noverimus
2152 2775 2227 2805 grata
2241 2765 2313 2795 fore.

1324 2806 1393 2838 Dat.
1412 2807 1486 2846 apud
1501 2807 1612 2846 Shene,
1631 2807 1746 2838 decimo
1761 2808 1869 2838 offlavo
1884 2807 1930 2837 die
1943 2806 2091 2837 Octobris.

1325 2882 1491 2915 Consimilis
1503 2884 1592 2915 littera
1604 2883 1732 2924 dirigitur
1748 2884 1882 2915 Domino
1895 2883 1937 2914 G.
1956 2883 2016 2914 Dei
2029 2882 2135 2923 gratia,
2156 2881 2228 2913 tituli
2241 2879 2352 2910 sancto-

1288 2922 1576 3002 rurssaltxslzhrtcffiglrss}
1591 2922 1668 2955 Petri
1683 2922 1843 2954 Presbitero
1853 2922 2008 2963 Cardinali.

1335 3095 1363 3122 ἢ*
1386 3098 1436 3130 De
1453 3097 1601 3130 Trafbatu
1609 3096 1701 3142 sitper
1717 3097 1852 3141 Negotiis
1872 3093 2017 3139 Vaftoniae
2040 3090 2140 3124 adhuc
2154 3090 2308 3138 pendente.

1289 3180 1419 3240 REX,
1437 3181 1541 3211 dilec‘to
1562 3181 1595 3211 ὃς
1618 3179 1692 3210 fideli
1712 3179 1776 3216 suo,
1789 3177 1911 3216 Johanni
1925 3177 1961 3207 de
1975 3176 2124 3209 warenna

1361 3221 1426 3257 rice,
1442 3217 1664 3255 Consanguineo
1679 3217 1728 3247 suo
1743 3216 1899 3254 cariffimo,
1917 3216 2050 3246 Salutem.

1326 3257 1353 3287 A
1374 3257 1608 3287 Coniiderarione
1628 3265 1689 3285 non
1712 3254 1815 3285 excidit
1837 3256 1940 3285 mentis
1952 3253 2058 3284 nostra:
2071 3254 2203 3293 qualiter,
2221 3255 2251 3284 in
2269 3254 2354 3297 parti7

1289 3296 1342 3326 bus
1362 3295 1529 3333 Vaseoniae,
1546 3304 1599 3334 pro
1618 3293 1780 3324 defensione
1796 3293 1910 3332 Jurium
1926 3292 2057 3323 Coronae
2077 3292 2197 3332 nostrae,
2215 3293 2353 3323 demorati

1291 3333 1354 3363 estis
1368 3334 1452 3363 etiam
1465 3333 1535 3364 ultra
1549 3342 1658 3369 tempus
1667 3355 1676 3369 ,
1695 3331 1773 3371 quod
1787 3332 1886 3371 vobis,
1903 3333 1933 3362 in
1947 3331 2071 3362 Receffu
2086 3331 2182 3362 vestro
2196 3330 2353 3372 apartibus

1291 3371 1418 3440 fxngliae,
1436 3371 1524 3402 fuerat
1544 3371 1732 3409 praefinitum,
1748 3369 1785 3401 de
1807 3380 1867 3409 quo
1886 3370 1970 3402 vobis
1991 3378 2081 3410 grates
2094 3369 2240 3401 referimus
2251 3368 2354 3406 specia-

1303 3420 1338 3440 es.

1327 3448 1364 3479 Et
1381 3449 1444 3487 quia
1457 3447 1604 3479 Dominus
1619 3448 1685 3478 Rex
1698 3447 1844 3485 Franciae,
2173 3483 2179 3488 Π
2299 3481 2303 3487 Ι

1331 3488 1504 3525 Quanquam
1525 3487 1661 3525 receperit
1682 3485 1862 3525 Homagium
1885 3484 2019 3517 Edwardi
2032 3510 2042 3523 ,
2069 3484 2192 3515 Comitis
2211 3480 2330 3512 Cestriae
2344 3506 2354 3520 ,

1292 3525 1428 3594 ΙᾸοηςίνί9
1446 3526 1479 3556 &
1495 3525 1606 3556 Montis
1621 3525 1731 3564 Strolli,
1748 3525 1811 3555 Filii
1825 3524 1915 3555 nostri
1927 3523 2075 3562 cariffimi,
2091 3523 2128 3553 de
2151 3528 2214 3551 toto
2238 3519 2355 3551 Ducatu

1343 3572 1451 3593 uitaniae

1322 3574 1434 3633 quhuc
1447 3587 1568 3633 'ferram
1584 3601 1734 3640 Agenesii,
1754 3601 1787 3632 &
1804 3601 1950 3632 nonnullas
1965 3601 2084 3641 Terras,
2101 3596 2138 3641 de
2151 3595 2266 3627 Ducam
2282 3605 2355 3634 prae-

1293 3640 1390 3678 dieto,
1406 3641 1511 3671 detinet
1526 3642 1554 3670 in
1568 3650 1652 3671 manu
1668 3640 1731 3678 sua,
1751 3640 1829 3678 super
1846 3650 1923 3678 quo,
1940 3641 2012 3670 inter
2025 3635 2162 3666 Nuncios
2186 3634 2299 3678 nostros
2320 3635 2355 3666 &

1294 3677 1474 3709 Consiliarios
1498 3679 1579 3716 ipsius
1599 3678 1703 3717 Regis,
1720 3678 1812 3709 adhuc
1833 3678 1983 3709 Traetatus
1999 3672 2119 3713 pendet,
2136 3674 2168 3704 &
2189 3680 2355 3711 ignoramus

1295 3718 1403 3747 exitum
1418 3716 1569 3747 Tractatus
1584 3717 1722 3755 ejusdem3
2292 3750 2297 3755 .
2334 3750 2340 3756 ·

1334 3754 1395 3784 Vos
1416 3764 1547 3794 rogamus
1566 3756 1599 3787 &
1621 3757 1787 3794 requirimus
1808 3753 1975 3788 affediione,
1988 3749 2047 3798 ‘quaa
2062 3748 2226 3788 possumuS,
2242 3758 2357 3787 cariori,

1296 3794 1424 3831 quatinus
1446 3794 1555 3831 adhuc,
1580 3795 1609 3823 in
1629 3794 1710 3824 dictis
1731 3793 1871 3831 partibus,
1896 3790 2036 3830 praemissa
2055 3787 2221 3831 occafione,
2244 3797 2357 3832 moram

1296 3832 1388 3862 facere
1400 3832 1490 3862 velitis
1500 3841 1568 3862 cum
1583 3832 1712 3871 gentibus
1725 3830 1840 3868 vestris,
1854 3828 1998 3868 quousque
2013 3827 2095 3858 vobis
2108 3825 2180 3856 aliud
2195 3825 2359 3857 duxerimus

1296 3870 1532 3901 demandandum.
1979 3903 1985 3909 ,
2156 3903 2171 3907 ..

1336 3908 1403 3937 Nos
1418 3910 1515 3947 enim,
1533 3910 1678 3946 quamcito
1692 3908 1762 3939 scire
1775 3907 1931 3945 poterimus
1942 3911 2051 3946 exitum
2065 3910 2174 3946 negotii
2193 3902 2359 3941 supradiffi,

1298 3956 1366 3977 eum
1381 3947 1462 3976 vobis
1475 3948 1610 3978 insinuare
1623 3948 1802 3984 curabimus,
1816 3945 1850 3975 &
1864 3940 2061 3974 mandabimus
2075 3941 2157 3972 vobis
2172 3941 2299 3972 nostram
2311 3941 2357 3972 su-

1298 3995 1349 4023 per
1361 3984 1414 4014 hiis
1428 3985 1536 4022 plenisis
1550 3985 1736 4016 voluntatem.
1992 4018 1997 4023 ⁶
2123 4018 2128 4024 θ

1337 4022 1408 4054 Nec
1427 4022 1526 4055 taedeat
1545 4032 1598 4055 vos
1617 4023 1686 4054 tanti
1705 4020 1840 4059 temporis
1861 4017 2020 4056 expeetauo
2041 4017 2082 4049 ob
2100 4017 2207 4050 dicum
2225 4016 2360 4060 causamn,

2297 4064 2365 4092 quia

2131 3201 2141 3216 ,
2160 3176 2276 3209 Comiti
2289 3176 2353 3208 Sur-

2378 3103 2397 3122 *
2419 3104 2472 3131 IV.

2382 3141 2441 3177 178.

2376 3179 2452 3208 Ann.
2467 3178 2510 3210 D.

2399 3226 2483 3257 1325.

2372 3259 2426 3284 An.
2450 3266 2492 3291 ¹9·

2374 3298 2405 3322 F..
2429 3303 2454 3324 2.

2377 3333 2444 3369 Vasc.
2464 3343 2507 3367 ¹9·

2375 3373 2511 3400 E.2.m.6.
