2562 4279
183 108 234 160 38

29 189 107 220 Ann.
120 187 163 219 D.
180 166 301 228 simei,
326 189 448 228 AErique
473 188 603 228 suppositi
625 187 727 232 *aiieno
741 210 752 226 ‚
778 185 859 225 quod
878 185 916 217 de
933 185 1116 225 Disperfione
1139 186 1238 218 Cano-

51 236 137 267 1330.
178 231 326 266 nieorum,
347 229 452 259 ibidem
474 228 543 258 Deo
562 226 756 269 sentientium,
782 225 963 269 verisimiliter
985 225 1168 270 formidatur,
1186 225 1236 256 nisi

28 268 96 295 Ἐάν.
119 277 145 304 3.
177 268 214 297 eis
236 268 351 298 celerius
373 277 423 306 per
443 267 581 297 Fidelium
602 263 733 295 Praefidia
759 263 938 295 subveniatur
963 263 1092 295 remedio
1118 273 1239 303 oportu-

175 315 323 373 noVerum
345 343 424 381 quia,
449 341 580 372 Dile&us
600 340 634 372 δί
657 341 758 371 Fidelis
779 341 890 379 noster,
916 341 1060 372 Galfridus
1084 341 1110 372 le
1129 341 1237 379 Scrop,

175 380 344 413 eorumdem
364 381 482 411 Abbatis
502 381 536 411 δε
557 378 731 410 Conventus
753 379 974 418 Depreffionem
988 380 1183 419 considerans,
1200 381 1239 410 eis

176 419 408 450 Advocationem
422 417 560 449 Eccleiiae
576 418 612 448 de
633 418 798 457 Sadbergh,
818 419 903 449 dieiae
924 418 1065 449 Dicecesis
1088 420 1167 457 (quae
1187 428 1237 458 per

172 456 258 488 Duos
273 457 413 488 Rectores
426 457 503 488 solita
517 456 557 486 est
570 457 732 496 gubernari)
747 457 792 494 pia
805 458 966 488 liberalitate
980 458 1111 488 donavit:

210 495 263 533 Et,
281 495 412 526 discretus
425 497 485 533 vir,
504 495 729 526 Archidiaconus
743 495 980 533 Richemiindiae,
998 497 1027 526 in
1049 495 1174 526 Ecclesia
1195 494 1236 525 E·-

172 534 295 571 borum,
313 534 370 564 loci
385 533 550 564 Ordinarius
563 534 611 572 (ad
627 544 715 572 quem
729 534 871 565 Institutio
889 535 922 566 &
939 533 1096 565 Destitutio
1115 535 1236 572 pertinet

170 573 243 602 infra
263 572 536 603 Ai'chidiaconatum
557 572 744 611 praedic'tum,
768 583 803 604 ac
822 572 955 603 Uniendi
974 573 1009 604 &2
1028 572 1235 611 Apropriandi,

169 619 200 641 ut
217 610 335 647 dicitur,
354 611 490 647 Potestas)
511 611 632 642 eandem
655 611 812 642 Ecclesiam
833 611 953 650 eisdem,
972 611 1077 643 Abbati
1094 612 1128 642 &
1149 610 1233 655 Con-

168 650 282 686 ventui,
309 650 342 679 δε
364 649 578 680 Successoribus
596 651 665 689 suis,
680 651 888 689 appropriavit,
902 650 976 687 Juris
996 650 1114 693 ordine,
1132 651 1181 687 qui
1201 659 1232 679 in

166 687 201 718 ea
222 696 298 724 parte
322 689 487 727 requiritur,
504 689 671 727 observato,
694 698 723 720 ut
742 698 776 719 ex
799 689 881 726 ipsius
899 688 1108 719 Emolumentis
1131 697 1231 718 eorum

163 725 333 765 Indigentiae
351 727 502 765 providere
520 727 652 766 valeant,
679 729 714 760 ὃς
736 727 932 758 incumbentia
952 728 991 757 eis
1008 736 1095 757 onera
1113 726 1231 765 suppor-

162 772 237 795 tare:

201 802 403 835 Paternitatem
416 803 556 843 vestram,
577 804 613 836 de
628 804 684 844 qua
698 804 811 843 plenam
824 803 955 835 fiduciam
977 810 1174 847 reportamus,
1189 803 1230 833 af-

163 839 308 880 feffione,
327 842 384 881 qui
397 843 543 881 possumus
555 845 680 882 cariore,
699 844 866 882 requirimus
879 843 913 873 &
933 851 1082 880 rogamuS,
1101 850 1229 885 quatinus

162 878 336 911 Petitionem
359 881 544 918 eorumdem,
564 883 681 914 Abbatis
702 883 736 913 &
757 880 949 919 Conventus,
974 880 1055 923 super
1071 880 1227 923 aliquibus,

162 917 190 947 A
213 929 245 949 ro
267 920 414 950 riationem
433 920 600 988 vaedidhm
621 921 798 959 tangentibus
813 943 823 958 ,
847 929 932 958 quarn
945 943 955 956 ,
979 917 1097 948 mlestus
1119 919 1202 948 nobis
1216 943 1226 957 ,

201 958 243 996 agi
268 967 298 988 er
317 957 416 989 Petrus
466 959 576 997 aurelli,
593 959 691 997 vobis,
709 958 729 989 si
749 959 856 997 placet,
875 957 1036 995 exhibebit,
1053 966 1138 994 penes
1160 956 1227 987 Do-

162 997 279 1026 minum
291 996 445 1027 Summum
458 996 631 1028 Pontificem
647 998 707 1036 (cui
728 997 807 1034 super
828 997 887 1027 hoc
908 995 1013 1026 Literas
1034 994 1143 1025 nostras
1161 994 1224 1039 De-

159 1036 329 1072 precatorias
349 1035 530 1072 destinamus)
574 1046 724 1067 romovere
745 1036 834 1066 velitis
858 1034 949 1064 modo
965 1044 1024 1072 quo
1040 1033 1140 1077 vestrae
1153 1043 1223 1064 ami-

159 1073 235 1103 citiae
258 1073 319 1104 fore
341 1074 442 1105 viderit
456 1046 633 1113 facientium,
653 1076 702 1121 ὃς)
721 1083 753 1105 ut
766 1073 902 1113 postulata
916 1072 950 1103 ad
965 1072 1149 1116 eiiauditionis
1162 1081 1223 1111 gra-

156 1112 226 1141 tiam
249 1112 446 1150 admittantur,
465 1112 534 1144 ficut
554 1112 591 1143 de
611 1112 704 1144 vestra
718 1112 882 1144 Dilectione
892 1110 1082 1149 confidimus,
1098 1120 1223 1149 interpo-

158 1159 243 1189 nere,
262 1160 331 1181 cum
345 1149 490 1190 efficacia,
507 1159 596 1192 partes
610 1151 721 1183 vestras.
741 1169 745 1176 -

196 1225 266 1257 Dat.
283 1224 359 1264 apud
372 1226 492 1258 Turrim
506 1227 687 1266 Londoniae,
705 1227 821 1259 decimo
832 1228 879 1259 die
893 1227 1043 1258 Februarii.

195 1297 367 1334 Confimiles
390 1304 494 1336 Literae
512 1305 668 1345 diriguntur
691 1303 826 1335 Domino
846 1303 989 1335 Bernardo
1002 1303 1138 1343 Stephani
1158 1302 1220 1334 Re-

155 1349 222 1378 gen.
241 1340 360 1380 Eieeto,
378 1341 503 1374 Domini
517 1344 629 1375 Summi
641 1342 767 1374 Ponficis
782 1342 994 1374 Protonotario.

339 1463 400 1497 Ad
413 1468 548 1510 Papam,
587 1476 658 1512 uper
678 1463 760 1498 dista
778 1466 1034 1514 Appropriatione.

2 1557 81 1591 Am,
95 1557 137 1590 Β,
153 1541 300 1609 PAPAE
317 1548 382 1580 Rex
392 1550 496 1580 devota
508 1549 619 1581 Pedum
631 1549 725 1581 oscula
739 1550 899 1583 beatorum.

33 1606 117 1637 930,
238 1587 278 1618 Ea
288 1611 297 1626 ‚
313 1587 396 1619 Pater
409 1588 603 1627 Sanctiffime,
621 1589 721 1620 vestrae
734 1588 892 1621 sinceritati
903 1590 972 1628 pura
986 1590 1142 1622 intentione
1154 1589 1217 1628 sug-

2 1618 100 1673 AnJ4·
153 1626 292 1664 gerimus,
309 1627 362 1666 &,
385 1636 416 1658 ut
440 1626 475 1658 ad
495 1628 679 1658 exauditionis
698 1629 814 1667 gratiam
834 1629 1030 1667 admittantur,
1056 1638 1153 1667 preces
1174 1629 1217 1659 ef-

1 1677 32 1702 z.
55 1685 80 1712 3,
153 1663 300 1695 fundimus
315 1665 467 1707 cordiales,
486 1676 535 1704 per
548 1677 614 1704 quae
626 1667 767 1697 subveniri
782 1667 862 1704 poffe
877 1667 1020 1699 credimus
1033 1666 1216 1706 Depreffioni

1 1713 105 1743 uidem
151 1700 330 1743 pauperum,
347 1705 382 1736 &
395 1704 531 1735 sublevari
543 1705 695 1742 indigentia
710 1705 927 1745 Oppressorum.

189 1740 271 1772 Cum
294 1744 404 1781 itaque,
431 1742 562 1774 Dileetus
581 1744 614 1774 &
636 1742 738 1774 Fidelis
760 1744 872 1782 noster,
898 1744 1043 1775 Galfridus
1060 1744 1087 1774 le
1105 1743 1216 1783 Scrop,

150 1778 254 1810 statum
275 1781 483 1820 miserabilem,
515 1781 688 1812 dileetorum
709 1783 791 1812 nobis
818 1784 846 1812 in
868 1781 986 1815 Christo
999 1805 1009 1821 ,
1041 1782 1161 1813 Abbatis
1180 1784 1215 1815 &

149 1816 322 1850 Conventus
342 1820 380 1850 de
395 1818 562 1850 Coverham
574 1818 634 1854 &aa
650 1827 732 1862 prout
739 1819 825 1859 fiaepra
840 1819 919 1862 usque
931 1820 989 1851 haec
1005 1820 1111 1857 verba‚·
1132 1824 1195 1852 viz.

225 1857 283 1888 uod
297 1882 307 1896 ,
332 1855 434 1896 absque
456 1857 581 1888 fidelium
600 1858 750 1897 praelidi'iS,
775 1859 912 1899 nusquam
932 1859 1043 1891 adicere
1066 1869 1217 1900 poterunt,

148 1901 180 1926 ut
193 1905 207 1925 r
236 1906 266 1926 ur
286 1904 333 1926 ant

186 1933 238 1964 Pia
274 1920 409 1965 evot’ione
423 1935 617 1975 considerans,
635 1936 806 1976 cupiensque
819 1947 920 1968 eorum
936 1938 1042 1976 inopiae
1056 1937 1216 1977 subvenire,

148 1970 381 2003 Advocationem
401 1973 538 2005 Ecclefiae
559 1974 596 2005 de
617 1974 723 2005 Sadber
744 1976 762 2005 li
777 1998 787 2013 ,
811 1975 899 2006 dictae
918 1976 1038 2008 Diocesi
1057 1977 1067 2013 (
1078 1986 1142 2014 quae
1163 1986 1215 2014 per

145 2008 218 2052 duos
234 2010 375 2054 Restores
389 2013 467 2056 solita
481 2012 523 2042 est
537 2013 704 2057 gubernari)¹
728 2024 752 2060 „e
767 2013 813 2044 sua
827 2016 867 2058 eis
886 2014 1066 2046 Liberalitate
1088 2014 1215 2046 donave-

142 2057 256 2131 J¹t5iss³ss⁵
268 2050 825 2132 {iiesssfifseffi‘gissisuinsueffiffiffiffiffi?
835 2052 1213 2132 iiffiffsssmi'zichemundiae,

141 2134 172 2156 m
186 2124 312 2158 Ecclesia
325 2127 472 2172 Eborum,
491 2128 548 2159 loci
565 2128 732 2173 O-rdinarius
749 2129 795 2174 (ad
810 2139 912 2174 quem,
930 2130 967 2161 de
979 2131 1095 2168 antiqua
1107 2132 1142 2162 &
1162 2141 1211 2173 ap-

140 2165 261 2202 probata
274 2166 494 2205 consuetudine,
513 2175 543 2198 ut
558 2167 677 2205 dicitur,
695 2177 816 2206 pertinet
829 2167 972 2199 institutio
984 2171 1018 2201 &
1034 2169 1212 2210 Destitutio,

89 2211 98 2225 κ
139 2212 174 2233 ac
195 2203 310 2235 uniendi
329 2205 363 2236 ὃ(
385 2206 561 2245 apropriandi
580 2206 700 2244 potestas
720 2206 791 2237 infra
813 2206 1087 2239 Archidiaconanim
1108 2208 1211 2247 praedi-

141 2240 237 2285 (stum)
253 2242 359 2274 dictam
373 2242 530 2275 Ecclesiam
543 2245 579 2275 de
591 2244 736 2285 Sadbergh
751 2245 853 2276 eisdem
863 2269 873 2283 ,
891 2246 996 2277 Abbati
1016 2248 1050 2278 &
1071 2245 1211 2278 Conven-

142 2286 201 2317 tui,
226 2282 468 2322 contemplatione
489 2282 718 2322 prxrrfiffornm,
743 2284 773 2314 in
792 2285 922 2323 proprios
943 2285 1004 2316 usus
1021 2285 1210 2325 concesserit,

140 2316 217 2361 Juris
237 2319 355 2358 ordine,
374 2322 422 2358 qui
440 2322 471 2351 in
493 2320 527 2352 eti
549 2330 626 2360 parte
649 2322 669 2341 ³¹²
688 2323 853 2361 requiritur,
873 2323 1039 2362 observato,
1064 2324 1135 2355 sicut
1157 2335 1209 2362 per

145 2356 227 2394 ipsius
247 2357 451 2389 Archidiaconi
471 2359 578 2391 Literas
601 2359 730 2392 Patentes
744 2384 753 2400 ,
777 2361 844 2392 inde
867 2361 1012 2393 coni-‘citas
1026 2384 1036 2401 ,
1068 2363 1154 2400 plene
1174 2363 1209 2393 li-

168 2403 230 2425 uet:

145 2403 167 2432 q
182 2432 294 2464 Verum
317 2436 381 2473 quia
397 2435 502 2474 iidem,
519 2436 615 2467 Abbas
633 2438 667 2468 δε
680 2436 867 2477 Conventus,
881 2445 1012 2469 metuunt
1025 2438 1094 2477 sibi,
1111 2439 1210 2470 fiaturis

142 2472 336 2514 temporibus,
354 2473 435 2511 poffe
446 2474 526 2512 super
539 2474 759 2513 Apropriatione
772 2476 923 2515 praedicta,
941 2487 991 2515 per
1015 2477 1209 2516 calumpnian-

142 2510 217 2541 tium
236 2510 363 2550 insidias,
388 2512 594 2550 praejudicium·
608 2515 750 2553 generari,
771 2515 821 2544 nifi
840 2515 960 2553 ipsorum
978 2516 1134 2555 securitati,
1158 2526 1208 2554 per

146 2547 249 2580 vestrae
267 2548 424 2581 Sanffltans
436 2551 659 2590 solicitudinem,
677 2552 855 2590 provideatur
870 2553 1015 2584 Remedio
1026 2563 1190 2594 oportune,

182 2586 351 2618 Beatitudini
370 2588 474 2620 vestrae
493 2590 598 2621 devota
621 2600 739 2628 precum
752 2591 882 2622 instantia
897 2592 1102 2632 supplicamus,
1117 2596 1208 2632 quati-

142 2635 197 2656 nus
216 2625 459 2664 Supplicationem
479 2628 667 2668 eorumdem,
691 2629 811 2670 Abbatis
832 2630 865 2661 &
888 2630 1079 2670 Conventus,
1104 2633 1206 2663 vestrae

143 2662 318 2696 Clementiae
338 2675 405 2705 per,
430 2666 569 2697 diledium
581 2668 683 2705 nobis,
701 2667 876 2705 Magistrum
889 2668 1007 2700 Petrum
1029 2669 1168 2709 Vaurelli,
1187 2671 1208 2702 si

142 2701 246 2742 libeat,
262 2704 480 2744 porrigendam,
496 2706 619 2745 benigne
632 2706 744 2743 audire,
761 2707 795 2738 δε
803 2729 813 2745 ,
826 2707 973 2745 praemissls
987 2708 1122 2739 clementi
1135 2719 1208 2740 con-

143 2740 310 2785 fideratione
322 2743 454 2782 pensatis,
474 2744 562 2774 taliter
576 2743 610 2774 ad
622 2744 806 2776 exauditionis
818 2747 933 2785 gratiam
946 2746 1094 2777 admittere
1108 2747 1207 2786 digne-

142 2787 215 2809 mini
234 2782 371 2819 gratiose,
388 2781 468 2820 quod
489 2782 604 2813 illorum
626 2783 792 2821 Securitati,
811 2794 910 2815 contra
932 2784 1128 2816 Insultantium
1147 2785 1206 2817 Ca-

141 2816 283 2855 lumpnias
297 2841 307 2856 ,
332 2819 499 2857 Apostolica
518 2820 698 2859 provideatur
721 2821 917 2854 munificentia
936 2825 965 2853 in
988 2823 1148 2863 praemiffis,
1172 2825 1207 2856 &

144 2864 246 2885 eorum
268 2856 450 2896 Iiidigentiae,
474 2868 508 2889 ex
530 2859 674 2897 praedidtae
694 2859 828 2891 Ecclesiae
851 2861 1062 2893 Emolumentis
1076 2888 1085 2902 ‚
1111 2864 1207 2901 quoad

144 2892 372 2937 Deperdi'torum
389 2896 631 2936 restaurationem,
651 2901 685 2930 ὃ(
700 2900 928 2931 incumbentium
944 2900 1076 2932 Onerum
1089 2901 1208 2940 suppor-

145 2940 299 2971 tationem,
325 2934 468 2966 salubriter
489 2936 677 2975 succurratur,
701 2937 876 2977 supplentes,
894 2939 914 2969 si
936 2940 1042 2978 placet,
1060 2940 1097 2970 de
1117 2941 1208 2980 pleni-

138 2970 242 3002 tudine
255 2970 422 3012 Potestati's,
441 2973 462 3004 fi
477 2984 542 3013 quae
553 2974 693 3006 defuerint
703 2976 733 3006 in
747 2976 985 3016 Appropriatione
1006 2978 1171 3018 supradieti-

180 3046 340 3080 Conservet
346 3072 357 3088 ,
374 3050 437 3082 &c.

179 3121 247 3156 Dat.
265 3126 340 3164 apud
353 3126 476 3158 Turrim
488 3125 670 3166 Londoniae,
686 3127 842 3160 undecimo
853 3128 900 3160 die
914 3129 1065 3163 Februarii.

0 2324 12 2342 ⁸
32 2323 87 2352 iv.

0 2361 61 2396 μ8.

140 3267 199 3301 Ad
219 3272 355 3316 Papam,
373 3270 464 3315 saper
492 3270 715 3315 Reformatione
737 3270 968 3317 Epifiopataum
989 3275 1020 3305 in
1038 3270 1202 3308 ffibernia.

0 3355 119 3388 &nnn
137 3351 285 3413 PAPAE
301 3353 367 3384 Rex
381 3353 611 3401 devotaAPedum
626 3354 721 3400 oscula
738 3355 896 3399 beatorum.
935 3396 939 3401 ,
954 3396 959 3401 .
1062 3397 1067 3403 ⁴

225 3391 407 3430 Depreffioni
425 3393 521 3423 Status
540 3394 575 3424 &
596 3393 792 3431 Desolanoni,
810 3394 974 3425 venerabilis
994 3394 1097 3434 Patris,
1115 3397 1202 3428 Tho-

35 3404 46 3416 Ἴ
55 3405 65 3415 ’ν

0 3403 46 3460 atsi).
55 3405 99 3470 {40
139 3440 212 3469 mae,
229 3430 287 3460 Dei
308 3431 412 3471 gratia,
430 3431 643 3469 Enagdunensis
664 3431 814 3470 Episcopi,
839 3434 888 3470 pio
906 3436 1110 3472 compatientes
1131 3435 1203 3466 affe-

0 3475 19 3499 Ξ.
139 3468 207 3506 eiu,
223 3467 355 3507 quaedam
371 3470 516 3500 Sanetitati
532 3469 648 3509 vestrae,
666 3472 739 3501 circa
754 3470 895 3510 eundern,
912 3481 973 3502 non
987 3472 1043 3503 fine
1056 3473 1151 3504 vestra
1167 3475 1201 3506 &

0 3512 61 3537 tom.
76 3521 104 3547 4.
139 3507 234 3538 nostra
248 3507 407 3547 delusione,
422 3508 529 3545 Gesta,
547 3508 677 3539 duximus
685 3510 861 3547 exponenda.

0 3550 22 3575 Ξ.
42 3557 68 3584 3.
86 3559 123 3579 m.
176 3545 266 3590 Ecce!
294 3546 376 3577 Pater
397 3545 594 3592 Sanffisfime,
619 3557 724 3592 nuper,
749 3547 784 3577 ad
797 3548 1068 3594 *Suiwplica-tioneml,
1083 3550 1201 3595 celebris

0 3582 22 3617 ξι
140 3593 303 3622 memoriae,
321 3585 446 3630 Domini
461 3585 506 3630 Ε..
511 3596 601 3630 nuper
615 3586 704 3626 Regis
717 3586 846 3626 Angliae,
863 3586 951 3631 Patris
961 3588 1078 3632 nostri,
1097 3589 1200 3626 placuit

139 3622 239 3666 vestrae
253 3622 417 3667 Beatitudini
428 3624 464 3654 de
472 3625 546 3669 hiis,
565 3634 630 3663 quae
644 3635 697 3664 pro
707 3635 778 3670 pace
791 3626 1024 3670 &tranquilitate
1035 3627 1199 3657 dietaeTer-

134 3660 336 3729 {arsisses
346 3663 982 3733 f<2¹³3teesffbffisszsssseffiitrszs’
1001 3675 1201 3741 sarsit&

138 3743 214 3778 pm,⁴
227 3737 260 3766 &
275 3724 449 3783 Episcopum
463 3739 678 3784 Corkagensem
689 3765 698 3778 ,
713 3741 836 3771 seriosius
850 3726 1014 3780 informaii,
1025 3743 1153 3786 volentes
1165 3743 1199 3773 ad

134 3777 524 3842 &biliilejitidglformatlonem
538 3778 714 3817 huJusmodi‚
730 3779 899 3818 Prospectus
913 3779 1098 3819 Apostohcos
1118 3781 1200 3813 favo-

330 3824 402 3844 insite
412 3826 418 3844 ἱ

134 3847 428 3956 ἓξὲἰῑὲἰᾶὲἱη
441 3854 658 3931 ἓῖῗῖἱὲρέἓιω
669 3855 863 3934 ἓῖῗὲἶέἷὲἒ
867 3857 1202 3935 ΞΞΠΞῑὲιἘἙῗὲἓςωιᾚῗ

176 3963 369 4033 Qiisjjhabito
383 3937 624 4013 siiperhpraemiffis
639 3980 708 4015 cum
721 3971 805 4001 dietis
821 3972 1065 4018 Archiepiscopis,
1080 3973 1201 4019 Nobili-

132 4003 199 4041 hus,
269 4001 378 4042 nistris,
394 4004 427 4036 ὃς
443 4005 499 4036 aliis
515 4006 656 4040 Fidelibus
670 4009 754 4048 ipsius
765 4009 855 4042 Patris
875 4012 981 4053 nostri,
996 4021 1120 4054 partium
1140 4012 1200 4046 illa·

643 98 1448 150 CONVENTIONES,
1504 101 1892 151 LITERAE,

1275 195 1358 225 rum,
1375 188 1452 225 juxta
1470 189 1635 220 mandatum
1657 188 1862 228 Apostolicum
1899 195 1930 220 ut
1947 187 2076 232 asseruit,
2100 188 2139 219 eis
2161 189 2340 229 injundhim,
2359 186 2436 218 Ann.
2449 187 2491 219 D.

1275 225 1406 257 Consilio
1419 229 1453 258 ὃς
1465 228 1603 259 Traeiatu
1611 251 1620 266 ,
1636 228 1669 258 &
1684 229 1797 259 tandem
1807 251 1816 266 ,
1832 213 1958 266 iprrum
1972 227 2174 270 deliberatione
2185 230 2214 258 in
2231 229 2266 260 ei
2279 239 2341 268 par-
2387 236 2473 267 1330.

1275 272 1304 293 te
1316 274 1414 295 coram
1427 266 1508 296 dicto
1522 266 1603 297 Patre
1616 265 1717 297 nostro
1731 267 1766 297 &
1777 266 1914 297 Concilio
1930 265 1979 296 suo
1990 264 2131 302 exhibita,
2148 266 2183 296 &
2196 266 2344 307 diligenter
2355 267 2423 295 Edv·
2445 275 2472 303 3-

1273 304 1446 342 examinata,
1464 306 1605 343 apparuit,
1619 306 1692 335 inter
1705 305 1774 343 alia,
1792 305 1851 335 talis
1865 304 2021 342 Articulus,
2040 313 2093 341 pro
2104 303 2191 334 dictae
2203 303 2284 335 Pacis
2297 316 2343 337 re-

1274 340 1464 381 formatione,
1491 344 1704 381 observatione,
1730 345 1764 375 ὃς
1786 342 1944 374 concordia
1965 342 2116 381 perpetua,
2140 342 2342 384 confovenda,

1272 379 1427 416 plurimum
1441 382 1619 419 necessarius,
1635 390 1666 412 ut
1681 381 1831 420 videlicet,

1311 417 1494 458 Episcopatus
1507 420 1674 458 Hiberiiici,
1694 420 1811 451 Tenues
1825 421 1859 452 &
1876 418 1987 458 Exiles,

1310 457 1448 496 Qiorum
1470 459 1549 489 valor
1568 469 1674 489 annuus
1698 457 1810 496 Viginti
1825 481 1836 497 ,
1860 457 2053 497 Qadraginta
2066 481 2079 496 ,
2103 456 2151 489 vel
2171 457 2338 497 Sexaginta,

1273 492 1371 525 Libras
1390 495 1598 536 Sterlingorum
1616 507 1677 528 non
1696 497 1823 535 excedit,
1841 497 1874 528 &
1896 497 1943 535 qui
1966 503 2101 535 reguntur
2119 505 2169 533 per
2184 498 2264 540 mere
2279 496 2338 527 Hi-

1272 532 1404 564 bernicos
1439 536 1488 572 qui
1499 545 1550 572 per
1564 536 1608 573 se,
1626 537 1659 567 ὃς
1678 536 1809 567 Parentes
1831 535 1911 573 su03,
1930 532 2142 565 Contentiones
2160 536 2193 566 ὃς
2213 534 2336 566 Discor-

1271 571 1328 601 dias
1347 573 1377 602 iii
1396 558 1473 604 d’ieta
1493 573 1566 604 terra
1578 598 1588 612 ,
1621 574 1744 612 pristinis
1764 574 1941 613 temporibus
1955 597 1965 612 ,
1999 573 2189 612 multipliciter
2216 573 2338 605 semina-

1269 618 1335 640 runt

1305 634 1427 680 deibus
1451 648 1762 692 Archiepiscopalibus,
1779 653 1813 684 &
1837 650 2061 690 Episcopalibus,
2079 651 2226 683 civitatum
2241 651 2275 683 &
2289 650 2335 682 lo-

1269 695 1371 717 corum
1386 687 1536 727 insignium
1551 690 1713 720 unirentur:

1306 724 1467 765 Didiusque
1487 726 1569 757 Pater
1590 727 1703 767 noster,
1720 727 1842 760 discusso
1864 729 1898 760 δε
1920 727 2097 759 considerato
2117 727 2250 758 Articulo
2262 736 2336 766 prae-

1267 761 1370 802 dieto,
1396 764 1545 802 praefatum
1567 763 1781 806 Corkagensem
1803 766 1977 805 Episcopum
1999 766 2034 797 ad
2053 767 2213 798 Sandiitatis
2231 766 2335 798 vestrae

1267 803 1370 833 remifit
1388 803 1580 842 praesentiam,
1597 804 1677 842 super
1694 805 1799 835 eodem
1820 805 1968 844 Articulo,
1994 807 2028 837 &
2049 806 2105 835 aliis
2126 805 2276 844 Articulis,
2301 806 2333 836 in

1266 840 1401 877 praedietfi
1422 840 1642 873 Reformatione
1665 845 1821 882 contentis,
1839 854 1889 882 per
1901 843 2025 875 eundem
2039 843 2140 876 vestrae
2153 843 2333 876 Moderatio-

1265 879 1309 908 nis
1322 879 1468 910 arbitrium
1484 880 1524 911 im
1547 881 1675 912 lorando.

1303 917 1365 957 Qii
1383 918 1499 956 quidem
1547 919 1616 949 orka
1636 919 1704 950 ensis
1726 919 1884 957 Episcopus
1903 919 2112 960 postmodum,
2126 921 2160 952 ad
2182 921 2330 959 Supplica-

1263 956 1373 986 tionem
1387 956 1456 986 diCti
1470 957 1558 1000 Patris
1578 929 1683 997 nostri,
1701 957 1940 1001 Enagdunensem
1976 959 2171 998 Akadcnsem,
2189 961 2222 992 &
2244 960 2332 990 Dun-

1262 993 1392 1038 censem,
1410 994 1548 1026 Ecclesias
1559 994 1756 1034 cathedrales,
1773 996 1909 1027 Ecclenae
1923 983 2080 1029 'Euamensi
2094 998 2329 1037 Metropolitanae

1261 1042 1333 1063 uniri
1347 1035 1442 1072 petiit,
1461 1034 1496 1064 &
1510 1035 1649 1075 optinuit,
1667 1043 1698 1065 ut
1712 1036 1838 1065 refertur.

1299 1071 1412 1102 Verum
1427 1096 1437 1111 ,
1462 1071 1544 1103 Pater
1563 1072 1742 1104 Sanffiffirne
1757 1097 1768 1112 ,
1790 1073 1944 1104 Malachias
1959 1097 1969 1112 ,
1991 1085 2069 1105 nunc
2089 1075 2196 1107 Archie
2217 1076 2331 1114 {scopus

1259 1109 1443 1150 Tuamenfis,
1462 1111 1561 1142 colore
1581 1111 1712 1142 Unionis
1731 1111 1891 1150 praedictae,
1910 1122 1964 1142 nec
1985 1113 2101 1151 Nobis,
2120 1124 2174 1145 nec
2238 1115 2329 1155 pitulo

1259 1147 1474 1188 Enagdunensi,
1492 1160 1545 1180 nec
1568 1151 1652 1181 etiam
1673 1150 1722 1188 ipsi
1745 1150 1906 1189 Episcopo,
1925 1153 2027 1189 quovis
2049 1151 2142 1182 modo
2155 1153 2326 1192 notificatae,

1259 1186 1412 1257 Spiritualila
1425 1187 1510 1219 dictae
1524 1188 1732 1229 Enagdunerisis
1745 1189 1878 1221 Ecclesiae
1892 1189 2049 1228 usurpavit,
2067 1190 2101 1221 &
2114 1190 2218 1222 eisdem
2235 1191 2262 1223 se
2284 1194 2329 1223 in-

1257 1233 1329 1264 gerit
1340 1237 1390 1258 vio
1401 1235 1487 1257 enter.

1235 1284 1242 1290 -
1295 1263 1333 1295 Et
1347 1275 1415 1296 cum
1431 1265 1564 1296 credibile
1577 1276 1637 1297 non
1650 1267 1698 1305 sit,
1715 1276 1769 1297 nec
1784 1267 1812 1296 in
1826 1275 1954 1298 mentem
1969 1266 2094 1297 nostram
2109 1267 2209 1298 cadere
2223 1268 2326 1308 poffit,

1258 1303 1339 1340 quod
1358 1303 1583 1344 Episcopatuum
1606 1306 1743 1344 (quorum
1762 1305 1888 1336 custodia
1910 1305 2135 1344 Temporalium
2151 1330 2161 1344 ,
2196 1314 2324 1344 tempore

1256 1342 1457 1387 vacationum,
1472 1342 1507 1373 ad
1529 1353 1582 1388 nos
1604 1345 1736 1382 pertinet)
1753 1344 1811 1374 talis
1824 1354 1875 1383 per
1887 1355 1940 1375 vos
1953 1343 2147 1389 'fieret-Unio,
2166 1354 2218 1389 per.
2237 1355 2325 1390 quain

1256 1380 1340 1424 nobis
1361 1391 1395 1425 m·
1413 1381 1636 1426 Temporalibus
1650 1407 1668 1427 ,⁴
1683 1391 1731 1413 aut
1750 1382 1882 1427 locorum
1904 1382 2052 1421 Episcopis
2074 1381 2274 1421 Superstitibus
2294 1393 2326 1414 iix

1255 1417 1466 1464 SpiritualibuS,
1485 1420 1670 1459 praeJudiciari
1685 1420 1769 1459 poffit
1783 1431 1883 1459 quoiris
1897 1421 1988 1452 modo
2011 1461 2016 1466 ¹
2082 1461 2087 1466 .
2230 1461 2239 1469 x

1277 1457 1551 1528 iiffssffses‘c'mercss}
1565 1459 1700 1529 {3⁶³3ss
1705 1446 2323 1535 iffi&fissssssfizffiessifflizfiafissz
2337 1516 2352 1532 .
2401 1518 2412 1524 -

1255 1506 1297 1579 {er
1310 1520 1390 1566 me're
1437 1508 1590 1580 ibernicgs,
1605 1508 1648 1568 δὲ)
1654 1547 1704 1575 per
1717 1538 1798 1567 mere
1811 1522 2004 1582 Hibernicum
2013 1538 2132 1577 ,fuerint
2148 1538 2323 1582 gubernapoe,
2361 1517 2429 1582 ‘ns'

1254 1572 1400 1618 dictusque
1418 1573 1573 1614 Episcopus
1595 1574 1803 1616 Enagdunensis
1831 1575 2025 1607 Taxationem
2052 1576 2168 1607 excedat
2196 1577 2322 1617 superius
2337 1564 2356 1592 4
2374 1564 2392 1591 9

1254 1622 1497 1697 Ποὸῗέὶέῗῖῐῖίο,
1516 1652 1592 1694 fiqua
1605 1653 1655 1691 fit,
1670 1652 1880 1697 supplicationi
1897 1652 1965 1685 dieii
1986 1652 2075 1684 Patris
2093 1653 2199 1698 nostri,
2215 1663 2250 1698 ac
2273 1652 2323 1685 In-

1253 1689 1420 1735 formatiom
1439 1699 1606 1724 memoratae
1629 1693 1750 1729 (virtute
1770 1702 1890 1731 quarum
1909 1691 2042 1724 concessa
2063 1692 2146 1724 fuiffe
2172 1692 2320 1730 asseritur)

1254 1738 1378 1760 omnino
1396 1739 1464 1768 repu
1485 1739 1550 1768 nat,
1639 1768 1646 1775 ·
1891 1770 1896 1775 ι
2068 1771 2074 1776 ι
2244 1770 2250 1775 ⁵

1253 1739 1774 1850 αμὲζοζξὲῗῃέῗξὶὲἒὲἒῇεξῖῗέἔ
1782 1768 2139 1852 μῗῗέἑῗῖἑωρξῃὲἓὲἐᾞῗ
2149 1769 2321 1852 τῗξΐιὲἳῗᾶ

1253 1843 1325 1874 disti
1344 1844 1497 1890 Episcopi,
1514 1845 1549 1876 ad
1568 1856 1621 1876 vos
1642 1846 1805 1890 accedentis
1825 1855 1860 1876 ex
1877 1846 1931 1892 hac
1949 1845 2048 1891 causa,
2075 1846 2165 1893 quod*
2199 1856 2258 1891 iiim
2280 1846 2316 1877 «Sc

1252 1882 1408 1914 Paternum
1421 1884 1521 1922 fuerit,
1538 1883 1657 1915 statuere
1670 1885 1704 1916 ὃ(
1719 1884 1866 1922 disponere
1876 1884 2051 1925 dignemim,
2069 1885 2119 1923 &,
2134 1895 2190 1929 ne,
2207 1895 2236 1915 in
2259 1885 2316 1915 ob-

1251 1921 2028 2001 em
2048 1923 2210 1956 mem

1285 2037 1446 2071 Conservet
1453 2063 1464 2079 ,
1481 2039 1544 2072 &c.

1287 2114 1356 2148 Dat.
1374 2116 1449 2156 apud
1463 2116 1585 2149 Turrim
1598 2116 1738 2150 London.
1753 2117 1910 2151 undecimo
1923 2116 1970 2149 die
1988 2116 2141 2175 Februarii.

1302 2253 1361 2288 Ad
1374 2258 1491 2302 Papam
1503 2278 1513 2295 ,
1532 2266 1589 2303 pro
1606 2254 1726 2303 Capella
1742 2255 1862 2290 Palatii
1876 2253 1962 2303 apud
1973 2252 2269 2300 Wstmonasterium.

1297 2346 1394 2378 APAE
1410 2348 1475 2379 Rex
1489 2348 1593 2380 devota
1608 2347 1721 2380 Pedum
1735 2348 1830 2380 oscula
1842 2349 2000 2380 beatorum.
2293 2386 2301 2393 ·

1332 2385 1392 2417 Etsi
1413 2388 1531 2418 cun&as
1553 2387 1798 2418 Monasteriorum
1821 2386 1976 2432 Ecclesias,
1995 2397 2046 2426 per
2063 2387 2128 2419 loca
2149 2386 2312 2428 Regiminis
2329 2383 2406 2416 Ann.
2421 2385 2466 2418 DJ

1247 2425 1281 2454 &
1298 2424 1431 2455 Dominii
1445 2426 1536 2456 nostri
1548 2426 1676 2465 diffusas,
1695 2427 1805 2464 speciali
1817 2426 1973 2457 dilefflone
1990 2426 2208 2470 prosequamur,
2226 2424 2311 2455 Con·
2349 2433 2437 2465 1330.

1245 2463 1406 2494 ventualem
1418 2472 1513 2495 tamen
1525 2464 1679 2496 Ecclesiam
1692 2464 2046 2503 Westmonasteriensem,
2061 2464 2238 2495 Pecuharem
2251 2462 2310 2496 Ca-
2327 2466 2380 2491 An.
2400 2474 2430 2500 4.

1281 2501 1345 2532 llam
1361 2502 1458 2533 Palatii
1471 2503 1560 2534 nostri
1570 2504 1734 2542 Principalis
1764 2505 1792 2533 in
1809 2503 1865 2542 qua
1878 2502 2105 2546 Coronationes,
2122 2502 2157 2532 &
2168 2501 2310 2546 Honores
2327 2506 2363 2546 Εχ
2380 2511 2406 2539 3.

1278 2542 1358 2577 egios
1377 2541 1592 2580 quoscumque,
1610 2542 1679 2573 Nos
1691 2543 1725 2573 &
1768 2542 1942 2581 rogenitores
1955 2540 2062 2578 nostri,
2080 2549 2256 2585 recepimus,
2274 2541 2309 2572 &
2326 2541 2431 2570 Ibidem.

1244 2579 2313 2654 ffus‘il'afitaiu‘ffldsssissmssffigfissi‘0fflsssssffissfsssffffessssffiisseqfflesm

1281 2655 1322 2685 Ea
1340 2627 1472 2694 propter,
1496 2656 1675 2687 SanCtiffime
1724 2664 1798 2694 ater,
1824 2665 1893 2686 cum
1914 2655 1989 2686 dieta
2009 2655 2127 2694 Capella
2147 2655 2258 2696 nostra,
2274 2657 2314 2688 ab

1244 2695 1327 2724 omni
1338 2694 1539 2732 jurisdictione
1554 2693 1694 2725 ordinaria
1706 2694 1816 2733 prorsus
1829 2702 1959 2732 exempta
1968 2717 1978 2732 ,
1993 2694 2027 2726 &
2039 2694 2151 2726 Sanciae
2165 2694 2312 2726 Romanae

1243 2731 1381 2763 Ecclesiae
1393 2732 1558 2764 immediate
1572 2733 1712 2772 subjecta,
1727 2734 1810 2763 variis
1823 2731 2069 2764 Praedecessorum
2091 2733 2254 2765 vestrorum
2277 2735 2312 2766 fit

1244 2769 1400 2810 Privilegiis
1413 2772 1542 2810 insignita
1557 2772 1693 2811 (quorum
1707 2771 1913 2810 Conservatio,
1932 2770 2099 2811 Protefflo,
2117 2772 2151 2803 &
2162 2772 2313 2812 Defenfio,

1243 2810 1328 2840 nobis
1347 2820 1363 2839 a
1379 2809 1458 2841 dieta
1479 2810 1568 2849 Sede,
1585 2820 1636 2850 per
1654 2811 1762 2841 Literas
1782 2809 1915 2848 Bullatas,
1934 2810 2086 2849 specialiter
2098 2809 2160 2842 sunt
2172 2813 2312 2844 commis-

1243 2847 1291 2886 sae)
1316 2856 1465 2887 opporteat
1487 2859 1523 2880 ue
1545 2866 1559 2872 -
1584 2867 1597 2872 -
1615 2867 1629 2872 -
1656 2849 1801 2880 Abbatem
1819 2848 1875 2879 loci
1895 2849 1967 2880 illius
1981 2872 1991 2888 ,
2016 2849 2063 2880 scu
2087 2848 2309 2881 Procuratorem

1246 2886 1368 2925 ejusdem
1376 2911 1385 2926 ,
1393 2898 1446 2926 pro
1484 2887 1574 2919 ‘verfis
1588 2886 1857 2927 Negotiis,di&am
1869 2886 2017 2926 Capellam
2026 2912 2036 2926 ,
2044 2889 2078 2919 &
2088 2888 2171 2926 ipfius
2183 2887 2312 2927 Exemp-

1245 2927 1355 2995 tionsem
1365 2948 1376 2965 ,
1390 2927 1637 2967 contingentibus,
1654 2926 1689 2957 ad
1702 2926 1810 2958 dietam
1826 2926 1933 2958 Sedem
1952 2926 2125 2966 frequentius
2145 2927 2247 2958 habere
2266 2936 2311 2958 re-

1243 2974 1426 3035 cugailnndt’itati
1439 3003 1540 3036 vestrae
1554 3012 1711 3036 memorata
1723 3004 1836 3044 negotia
1853 3004 1918 3035 alias
1938 3002 2253 3047 recommendavitnus,
2271 3002 2307 3034 &

1241 3042 1346 3073 iterum
1360 3042 1629 3075 recommendamus
1640 3042 1764 3081 affestu,
1782 3053 1843 3083 quo
1856 3042 2005 3081 possumus
2016 3051 2134 3085 caripru
2152 3050 2226 3072 inter
2250 3052 2308 3078 σεε,

1242 3089 1300 3112 teia
1315 3080 1496 3119 deprecantes
1509 3091 1541 3113 ut
1555 3082 1696 3121 quandam
1709 3081 1818 3112 Bullam
1831 3081 1959 3111 Honorii
2008 3087 2093 3119 uarti,
2111 3078 2307 3125 Praedeceli'o‘-

1240 3121 1278 3150 ris
1297 3119 1402 3158 vestri,
1418 3120 1498 3159 super
1513 3120 1681 3160 quibusdam
1700 3119 1862 3156 Beneficiis,
1878 3118 1963 3161 didiae
1973 3154 1983 3164 Α
2029 3118 2306 3164 pellae'cori'ceffiuff«,

1239 3168 1388 3197 acceptare
1423 3159 1575 3197 ratificare,
1592 3161 1626 3190 ὃς
1645 3158 1835 3195 confirmare,
1851 3155 1889 3187 de
1907 3155 1988 3187 solita
2007 3155 2179 3197 Benignitate
2196 3156 2289 3191 vestra
2295 3178 2308 3195 ‚

1239 3196 1373 3236 dignetur
1387 3183 1556 3235 Apostolica
1571 3196 1728 3228 Celfitudo.

1279 3233 1455 3273 Conservet,
1471 3235 1533 3266 &c-

1277 3309 1347 3342 Dat.
1363 3310 1438 3349 apud
1452 3310 1573 3342 Turrim
1585 3310 1766 3350 Londoniae‚
1783 3309 1900 3342 decimo
1911 3311 2015 3351 quinto
2029 3310 2076 3343 die
2092 3311 2244 3343 Februarii.

1392 3460 1452 3497 Ad
1467 3464 1584 3509 Papam
1596 3489 1607 3505 ,
1630 3471 1734 3496 contra
1747 3463 1924 3510 Eptfiopum
1940 3461 2145 3510 Offitriensbm.

1236 3552 1384 3614 PAPAE
1397 3552 1466 3584 Rex
1479 3554 1582 3586 devota
1594 3553 1706 3586 Pedum
1717 3555 1811 3586 oscula
1825 3556 1984 3587 beatorum.
2130 3589 2137 3595 ,
2277 3588 2283 3595 ,
2314 3547 2390 3579 ΑΠΠ-
2406 3549 2448 3582 D·

1323 3591 1375 3622 Ob
1397 3592 1514 3623 Amoris
1535 3592 1756 3632 confidentiam,
1773 3594 1828 3632 qua
1848 3596 1878 3624 in
1902 3587 2298 3636 vestra'recurnbimuslargi-
2334 3596 2421 3628 1330.

1237 3630 1294 3661 flua
1312 3630 1455 3668 Bonitate,
1474 3641 1541 3669 quae
1563 3641 1648 3669 penes
1669 3642 1722 3663 nos
1741 3641 1894 3670 emergunt
1915 3631 2116 3672 DisphqesstJa,
2134 3628 2168 3671 ὃς
2179 3625 2300 3674 ἓάνθῑῐὲζ
2315 3629 2368 3654 Aa.
2382 3638 2412 3663 4·
2439 3651 2443 3656 ›

1237 3678 1300 3699 mus
1322 3668 1403 3706 posse
1420 3668 1575 3707 Dispendia
1592 3672 1744 3708 parturire,
1763 3672 1792 3701 in
1813 3671 1915 3703 vestrae
1935 3667 2091 3700 Sanctitatis
2105 3673 2235 3709 normam
2254 3674 2299 3702 Pla
2316 3668 2347 3691 E.
2368 3674 2392 3702 3-

1237 3706 1392 3738 devotione
1404 3707 1576 3746 deferimus,
1594 3709 1629 3739 &
1640 3719 1693 3746 pro
1707 3709 1819 3740 salubris
1832 3708 2006 3748 appositione
2020 3703 2154 3735 Remedii
2171 3701 2299 3734 Paternae
2315 3707 2386 3732 Rom.
2399 3714 2429 3740 4·
2446 3744 2449 3747 ἢ

1238 3744 1418 3776 solicitudinis
1431 3745 1640 3783 providentiam
1653 3748 1815 3780 excitamus.
2046 3780 2057 3790 Α
2164 3778 2174 3788 Α
2228 3781 2233 3786 ,
2312 3745 2342 3769 13.
2362 3752 2388 3780 3·
2410 3751 2448 3778 “e

1261 3782 1369 3828 'Eccel
1389 3783 1472 3815 Pater
1495 3784 1688 3830 Sanfflffime,
1707 3796 1783 3833 curriA
1795 3794 1899 3822 nuper,
1915 3780 2060 3829 i⁰,Te“.2
2076 3778 2300 3848 BograsHlbqr-
2315 3789 2334 3816 5
2337 3803 2343 3808 ·

1238 3859 1278 3889 s
1299 3821 1961 3901 z;3‡;,‘³33{d²p¹23‘{2331535³35efflei&
1996 3819 2303 3901 oiiciiizfi‘sssss:

1240 3897 1390 3936 incendia,
1408 3900 1442 3931 ὃς
1457 3900 1508 3930 alia
1520 3900 1544 3930 F
1545 3901 1656 3939 lagitia,
1671 3902 1834 3936 innumera,
1851 3894 2006 3928 furibundis
2018 3904 2117 3925 animis
2129 3904 2302 3936 perpetrata,

1239 3935 1488 4015 {raterdilhcardus
1496 3961 1506 3977 ,
1524 3938 1692 4016 (llfforienfis
1704 3937 1860 3976 Episcopus
1871 3932 1932 3969 &c-
1943 3939 2027 3972 FVOW
2034 3932 2121 3972 supra
2134 3933 2166 3964 d*
2177 3936 2250 3965 Dat·
2261 3936 2302 3966 28

1267 3985 1315 4004 un.
1368 3987 1395 4006 n.
1415 3985 1441 4015 3.
1459 3983 1524 4006 tunc
1547 3988 1582 4007 tc.

1275 4011 1347 4046 Nos
1365 4022 1478 4055 autem,
1495 4024 1566 4050 cum
1585 4014 1624 4050 de
1640 4011 1787 4054 praermffis
1803 4008 1983 4050 Exceffibus,
2007 4019 2057 4051 per
2079 4009 2258 4082 Ministmitr
2251 4020 2308 4089 132
