2562 4279
58 307 142 340 1324.

35 341 103 368 Edi).
125 348 150 365 2.

36 381 52 396 ¹'
63 380 169 412 1V;55.

45 2074 123 2110 ΑΜ,
137 2076 180 2108 Β,
195 2063 356 2127 PAPAE
375 2063 440 2108 Rex
453 2063 556 2110 devota
570 2065 684 2097 Pedum
696 2065 790 2111 oscula
803 2064 962 2098 beatorum.
1042 2104 1049 2110 .
1094 2104 1100 2112 ,
1142 2104 1148 2111 .
1311 2070 1370 2101 aliis
1387 2079 1473 2102 etiarn
1495 2070 1628 2110 plurimis
1644 2081 1678 2102 ex
1698 2074 1801 2112 causis,
1818 2075 1881 2105 talia
1893 2081 1993 2106 contra
2008 2085 2060 2106 nos
2079 2083 2261 2116 attemptare,
2279 2076 2387 2107 amica-

66 2125 153 2158 1324,
204 2114 207 2119 ’
260 2142 267 2150 ,
302 2102 428 2134 Flduclae
450 2103 597 2142 Plenltudo
610 2127 620 2143 ‚
642 2114 728 2174 &lam
742 2114 773 2149 in
783 2104 963 2150 ‘Apostolicae
982 2105 1162 2149 benignita-tis
1174 2103 1266 2135 finum
1312 2109 1404 2140 biliter
1420 2109 1523 2140 iterato
1545 2109 1626 2149 super
1645 2110 1698 2141 hiis
1712 2135 1721 2151 ‚
1736 2113 1770 2144 &
1784 2122 1815 2143 ea
1827 2113 2078 2153 contingentibus,
2094 2114 2275 2145 decrevimus
2291 2115 2387 2154 requi-

47 2159 102 2185 An.
127 2164 169 2192 ¹7·
201 2144 301 2186 (cujus
316 2140 471 2189 Fomenta,
490 2142 628 2187 Psavores',
694 2143 805 2187 Auxilia
817 2143 989 2188 efficaciter,
1007 2144 1046 2174 sui
1065 2143 1167 2188 gratia,
1187 2143 1268 2187 senfi-
1314 2147 1437 2180 rendum
1453 2157 1507 2187 pro
1522 2146 1606 2179 bono
1626 2148 1725 2191 Pacis,
1741 2160 1843 2192 quam,
1861 2150 1944 2184 Pater
1958 2151 2101 2192 Piissime,
2118 2154 2259 2193 inquirere
2272 2153 2306 2185 δε
2318 2163 2389 2192 prm

47 2196 82 2223 E.
95 2204 123 2222 2·
201 2190 265 2212 mus
276 2190 308 2211 in
321 2179 457 2218 agendis)
476 2180 650 2212 Visceraliter
667 2181 830 2219 defiximus,
844 2192 897 2212 nos
917 2190 1014 2221 cogit,
1031 2192 1086 2213 nec
1101 2185 1248 2213 immerito
1257 2205 1267 2220 ,
1311 2187 1390 2228 sequi
1405 2187 1549 2218 ferventer
1568 2188 1744 2222 intendimus
1758 2213 1768 2230 2
1786 2200 1841 2221 nec
1856 2190 1940 2222 aliam
1954 2191 2031 2222 viam
2045 2201 2175 2223 curamus
2188 2202 2312 2232 unquam
2325 2201 2388 2222 am.

46 2238 121 2262 Rom.
142 2241 186 2268 17,
201 2230 266 2258 ciuae
286 2229 338 2249 nos
358 2227 482 2256 tangunt
494 2242 506 2264 2
525 2219 575 2250 sub
588 2219 635 2258 spe
650 2221 720 2265 certi
738 2219 880 2267 Refugit,
898 2220 1053 2266 seeundum
1069 2220 1270 2266 Negotiorum
1314 2225 1417 2267 plecti,
1436 2233 1557 2264 excepto
1584 2226 1717 2260 duntaxat
1743 2238 1796 2269 pro
1819 2228 2061 2262 Exhaeredationis
2092 2230 2195 2271 Injuria
2222 2229 2389 2270 manifesta,

48 2276 81 2301 E.
103 2281 130 2299 2·
202 2260 236 2291 ὅ(
250 2258 437 2297 Tei-riporum
449 2265 610 2298 varietates,
628 2258 698 2297 fibi,
713 2268 784 2291 cum
796 2267 987 2300 occurrerint,
1003 2258 1163 2299 pleniffime
1181 2259 1272 2292 denu-
1315 2272 1403 2305 quam
1416 2265 1539 2296 omnino
1554 2264 1671 2297 tolerare
1684 2273 1745 2298 non
1757 2268 1890 2300 valemus,

49 2321 89 2340 m,
104 2312 131 2337 6.
201 2298 284 2343 dare-⁸
345 2335 350 2342 Ι
372 2335 379 2341 ,
654 2336 659 2342 ·
1047 2339 1052 2344 .
1127 2339 1132 2344 ¹
1266 2340 1271 2341 ⁷
1355 2303 1519 2344 Praemfflh,
1537 2301 1621 2335 Pater
1635 2304 1781 2346 Piiffime,
1797 2307 1915 2346 vestrae,
1927 2306 1963 2338 de
1977 2307 2051 2347 qua,
2066 2307 2130 2349 post
2140 2304 2260 2347 Deum,
2279 2307 2392 2340 summe

52 2348 117 2385 ‚msA
239 2335 320 2367 Cum
343 2341 446 2375 igitur,
462 2330 544 2367 Pater
563 2332 761 2380 Sandtiffime,
779 2346 857 2382 nos,
873 2337 942 2382 ficut
954 2347 1004 2376 per
1019 2333 1082 2382 alias
1098 2337 1204 2370 Literas
1218 2347 1272 2369 no—
1317 2342 1490 2374 confidimus
1503 2366 1513 2381 ,
1538 2343 1672 2376 intimare
1693 2346 1855 2377 curavimus
1875 2346 2045 2386 sanctitati,
2069 2357 2106 2378 ne
2127 2347 2286 2379 Sandtitatis
2306 2347 2392 2388 ipsius

201 2375 268 2406 stras
279 2373 382 2404 vestrae
396 2383 485 2414 nuper
497 2374 718 2421 significavimus
733 2375 900 2416 sanititati,
918 2385 982 2416 erga
1003 2375 1188 2422 Kariffimum
1204 2377 1273 2421 Era·
1317 2380 1506 2419 conscientia,
1523 2381 1559 2412 de
1571 2382 1789 2421 nostrajustitia
1804 2385 1975 2424 informata,
1992 2386 2142 2417 conti-ariis
2160 2386 2333 2417 aemulorum
2345 2395 2391 2416 re-

201 2422 277 2444 trem
299 2412 428 2459 nostrum
451 2411 565 2457 Regem
586 2412 729 2458 Franciae,
750 2424 819 2459 cum
843 2425 921 2454 quo,
936 2425 996 2455 prae
1011 2423 1118 2446 caeteris
1131 2414 1273 2461 PrinC1p1-
1318 2420 1417 2451 latibus
1435 2420 1601 2460 implicetur
1612 2443 1623 2460 ,
1640 2421 1781 2461 possitque
1801 2422 1945 2454 efficacius
1976 2425 2031 2454 acis
2046 2424 2209 2463 Negotium
2246 2424 2323 2463 quod
2342 2424 2389 2462 pie

203 2453 256 2482 bus
271 2474 281 2496 ,
303 2451 400 2495 solidae
423 2450 503 2496 Pacis
522 2452 556 2483 ὃ(
568 2451 714 2497 ‚Amici-tite
729 2463 866 2484 unionem
881 2455 982 2493 (quam
998 2452 1252 2498 Consanguimtatis
1263 2477 1274 2493 ‚
1319 2469 1352 2490 ac
1367 2458 1459 2489 nnete
1471 2459 1601 2497 prosequi
1612 2460 1751 2500 intendit,
1768 2461 1803 2491 ad
1817 2461 1936 2501 Finem,
1988 2472 2024 2492 eo
2043 2447 2248 2501 auxiliante,'*
2267 2462 2391 2493 deduce·
2404 2467 2424 2489 ’Κ
2434 2469 2486 2498 IV.
2493 2469 2543 2504 57}

203 2490 343 2522 affinitatis
355 2513 365 2527 ,
385 2489 420 2520 ὃς
434 2490 495 2534 'alia
507 2490 680 2535 gratitudinis
693 2492 847 2531 exposcunt
864 2492 999 2537 Foedera)
1017 2493 1116 2523 servari
1131 2494 1271 2524 continue
1319 2506 1350 2529 re
1363 2505 1559 2536 peroptatum,
1577 2507 1637 2537 quo
1650 2500 1676 2529 ei
1691 2499 1896 2539 impedimenta
1907 2500 2080 2540 voluntaria,
2098 2510 2131 2532 ac
2144 2501 2180 2531 de
2192 2501 2289 2540 illatis,
2303 2501 2391 2532 saltim

202 2529 370 2575 aste-<Stemus
385 2551 395 2566 ,
413 2538 488 2574 circa
506 2537 721 2576 revocationem
744 2529 953 2576 Gravaminum
968 2532 1029 2575 ,.&
1048 2532 1191 2575 fastorum
1203 2541 1277 2572 prae-
1324 2537 1448 2575 noviter,
1465 2534 1705 2576 Gravaminibus,
1723 2539 1834 2569 caeteris
1845 2539 1937 2570 adhuc
1951 2540 2184 2580 tacitis‚quorurn
2196 2540 2281 2571 nimis
2295 2539 2397 2575 diffusa

204 2567 381 2610 ludlcmhumy
392 2589 411 2611 ,·
421 2577 450 2607 in
468 2567 563 2598 nostra
577 2591 587 2606 ,
606 2566 741 2599 Ducatus
754 2569 843 2600 nostri
855 2570 882 2601 A
903 2578 1032 2608 uitaniae,
1050 2569 1173 2601 subditos
1187 2571 1220 2602 &
1234 2571 1278 2600 lo-
1321 2575 1397 2606 foret
1409 2575 1550 2615 ostenfio2
1569 2575 1658 2615 aliqua
1674 2577 1858 2614 explicantur.

206 2618 254 2644 ca,
274 2616 323 2644 pei·
338 2605 485 2636 Ministros
499 2605 597 2636 Curiae
613 2605 758 2645 Franciae,
776 2617 876 2639 contra
913 2617 992 2640 atum
1007 2607 1156 2647 nostrum,
1175 2608 1276 2648 injuste
1361 2612 1539 2653 Consti-vet,
1559 2613 1620 2645 &c.

207 2646 401 2683 usurpatorum
416 2668 426 2683 ,
446 2646 479 2676 &
498 2644 689 2685 multipliciter
703 2653 933 2685 attemptatorum
947 2671 957 2686 ,
976 2656 1024 2686 per
1037 2648 1127 2687 plures
1145 2648 1279 2679 Nuncios
1397 2651 1469 2683 Dat.
1484 2652 1558 2693 apud
1571 2651 1880 2694 Westmonasterium,
1901 2655 1936 2685 18
1949 2655 1995 2686 die
2010 2655 2095 2686 Maii.

210 2686 244 2716 &
260 2685 348 2714 literas
362 2683 542 2714 institerimus
555 2693 623 2714 cum
638 2682 754 2716 effectu.
793 2717 796 2719 Α

249 2721 416 2752 Noviffime
432 2724 505 2752 vero
521 2745 531 2761 ,
550 2732 599 2760 per
619 2722 776 2762 solempnes
790 2722 929 2755 Nuncios
942 2747 952 2763 ,
967 2721 1116 2763 videlicet,
1133 2725 1280 2756 venerabi-

210 2761 267 2791 lem
289 2769 414 2800 patrem,
434 2761 689 2800 Archiepiscopum
709 2761 919 2793 Dublinensem
934 2785 944 2802 ,
962 2764 996 2794 &
1011 2763 1202 2794 Edmur‘idum
1217 2762 1281 2794 Co-
1609 2797 1614 2803 ,
1635 2797 1640 2804 ,
1794 2799 1800 2804 ,

215 2800 317 2829 mitem
341 2797 439 2829 Kantii
452 2822 462 2837 ,
478 2798 603 2842 Fratrem
622 2799 755 2831 nostrum
773 2800 986 2832 dileeiiffimum
1000 2802 1122 2840 (quem,
1139 2804 1213 2833 inter
1224 2813 1283 2833 cae-
1420 2796 1446 2828 P
1447 2806 1479 2828 7⁶⁰
1494 2793 1693 2841 Expeditione
1710 2797 1885 2842 Aquitaniae
1898 2822 1909 2840 ,
1923 2797 1960 2831 de
1978 2794 2133 2830 Peditibus
2150 2796 2304 2845 eligendis.

213 2846 286 2867 teros
305 2837 416 2867 nostros
464 2838 655 2875 grationorem
699 2839 731 2869 in
752 2839 808 2876 ejus
825 2840 981 2884 conspeCm
992 2861 1003 2878 ,
1021 2842 1204 2872 credebamus
1214 2841 1283 2880 Jura

214 2875 350 2920 sanguinis
369 2859 516 2919 reddidiffe
531 2876 540 2913 )
562 2884 630 2906 eum
681 2878 801 2908 urialiter
815 2879 1011 2922 requiiivimus
1022 2902 1031 2917 ‚
1050 2880 1084 2910 &
1104 2880 1210 2910 attente
1225 2903 1234 2918 ,
1252 2888 1284 2910 ut
1331 2879 1423 2937 RE
1433 2879 1480 2920 X,
1495 2877 1603 2911 dileffls
1616 2882 1650 2912 δε
1663 2879 1788 2912 fidelibus
1801 2881 1867 2921 suis,
1885 2881 2014 2914 Thomae
2030 2882 2155 2915 Gobion
2178 2883 2211 2915 ὃς
2234 2883 2397 2916 Willielmo

215 2914 293 2957 ἀιᾷα
315 2913 490 2943 Gravamina
510 2922 674 2952 attemptata
688 2938 698 2953 ,
715 2915 749 2946 &
762 2915 910 2956 specialiter
929 2916 1113 2957 Proceffum,
1132 2918 1284 2949 occasione
1409 2919 1534 2958 Marny,
1553 2919 1687 2949 Salutem.

217 2952 361 2996 cujusdam
374 2951 527 2991 Excessus,
541 2951 641 2990 nobis,
655 2953 726 2984 teste
740 2953 828 2993 Deo,
846 2955 952 2999 insciis,
970 2965 1024 2986 nec
1041 2966 1168 2994 unquam
1182 2966 1285 2996 appro-
1367 2957 1447 2996 Qia
1458 2958 1555 2989 datum
1568 2957 1610 2988 est
1626 2959 1708 2989 nobis
1720 2959 1854 2999 intelligi,
1871 2960 1952 2999 quod
1966 2961 2096 2991 nonnulli
2108 2960 2176 3000 Jura
2191 2961 2304 3000 nostra,
2322 2961 2356 2992 &
2369 2970 2399 2991 a-
2414 2957 2490 2989 Ann-
2505 2955 2548 2991 D<

216 2991 347 3034 bantibus
359 3013 369 3028 ,
387 2990 461 3030 apud
478 2990 605 3034 sandtum
627 2991 811 3038 Sacerdotem
826 3016 835 3031 ,
853 3002 884 3024 ut
897 2994 1017 3031 dicitur,
1038 2996 1196 3035 perpetrati,
1214 3003 1286 3025 con·
1330 2996 1437 3026 liorum
1450 2995 1574 3027 fidelium
1588 2996 1769 3036 nostrorum,
1788 2999 1815 3028 in
1832 2998 1950 3030 Ducatu
1961 2999 2062 3031 nostro
2086 3000 2262 3040 Aquitaniae,
2280 2999 2398 3035 injurio·
2437 3006 2524 3037 1324.

218 3037 259 3060 tra
272 3029 378 3073 aliquos
392 3028 502 3059 nostros
517 3028 658 3073 subditos,
677 3038 737 3061 tam
753 3041 782 3061 in
795 3032 973 3070 quorundam
992 3032 1160 3064 Bannitiorie
1173 3057 1182 3071 ,
1201 3036 1287 3072 quam
1333 3036 1363 3065 se
1379 3035 1431 3065 sibi
1450 3035 1598 3074 usurpare,
1617 3044 1650 3066 ac
1664 3036 1789 3066 eundem
1804 3037 1952 3069 Ducatum
1968 3061 1977 3075 ,
2002 3049 2071 3070 cum
2092 3039 2274 3069 Armatorum
2294 3038 2400 3068 Poten-
2415 3040 2468 3064 An.
2488 3046 2532 3072 ¹7·

218 3066 366 3098 Exercitus
385 3076 605 3112 congregatione
616 3090 630 3114 2
647 3068 681 3099 ad
694 3069 911 3114 expugnandum
933 3069 1069 3116 Castrum
1083 3072 1119 3102 de
1134 3072 1290 3116 Montepe-
1333 3072 1388 3111 tia,
1406 3074 1516 3113 aggredi
1532 3083 1713 3113 proponunt,
1731 3076 1764 3105 ὃς
1779 3075 1881 3115 Populi
1896 3077 1984 3107 nostri
1996 3076 2123 3108 Partium
2145 3078 2255 3108 illarum
2277 3078 2400 3115 tranqui-
2415 3080 2444 3104 E.
2467 3084 2494 3103 2·

218 3107 277 3138 sato
288 3129 298 3144 ‚
317 3107 400 3137 fitum
420 3106 492 3151 infra
513 3105 646 3137 Ducatus
666 3107 755 3152 nostri
778 3109 880 3139 limites
891 3131 900 3147 ,
918 3118 1085 3148 praeparati,
1100 3111 1286 3141 amicabiliter
1332 3113 1440 3143 litatem
1454 3113 1487 3143 ὃς
1506 3114 1631 3151 quietem
1644 3113 1804 3150 perturbare
1822 3116 2013 3155 multipliciter
2028 3116 2151 3146 satavunt
2165 3116 2215 3145 hiis
2229 3115 2341 3145 diebus:
2417 3117 2478 3141 Par.
2509 3115 2554 3149 172.

221 3154 356 3176 revocare
367 3164 378 3184 ,
403 3145 436 3189 βε
457 3155 487 3175 in
511 3144 613 3190 statum
630 3145 760 3190 debitum
779 3147 912 3178 reducere
928 3170 938 3186 ,
955 3148 1001 3179 vel
1016 3148 1105 3180 saltim
1118 3149 1153 3180 de
1165 3149 1288 3180 ulteriori
1369 3149 1453 3189 Nos,
1467 3151 1537 3189 Jura
1554 3151 1665 3189 nostra,
1681 3153 1715 3183 ὃς
1729 3152 1877 3184 dierorum
1888 3153 2016 3185 fidelium
2029 3139 2192 3185 nostrorum
2202 3177 2212 3192 ,
2228 3152 2308 3185 illaesa
2327 3162 2401 3185 con-
2418 3157 2449 3180 E.
2465 3160 2492 3179 2·

222 3181 434 3227 progreffu„in
453 3183 597 3221 praemiffis
617 3182 768 3225 faciendo,
790 3185 972 3224 Supersedere
984 3196 1109 3226 curaret,
1126 3187 1221 3219 donec
1235 3197 1289 3218 nos
1335 3189 1442 3220 servare
1456 3190 1602 3229 volentes,
1620 3198 1705 3230 prout
1719 3191 1820 3222 decet:
2419 3197 2443 3228 P·
2465 3199 2492 3216 ²·

224 3224 352 3253 invicem
371 3222 530 3266 videremus
545 3241 556 3261 ,
574 3223 651 3267 quod
669 3223 708 3254 sic
724 3225 754 3269 in
773 3226 904 3270 proximo
918 3225 977 3256 fieri
994 3225 1189 3267 sperabamus3
1207 3236 1291 3266 quae,
1373 3226 1422 3259 Ad
1436 3228 1515 3267 quod
1525 3227 1688 3261 faciendum
1700 3229 1863 3271 Homines,
1880 3230 2005 3269 Pedites,
2023 3229 2206 3270 sagittarios,
2224 3230 2337 3269 expedit
2351 3240 2404 3262 nos
2419 3238 2456 3259 m·
2474 3230 2519 3261 [οξ

226 3262 261 3293 ὃς
282 3270 343 3305 tion
360 3260 412 3291 alia
424 3260 487 3298 ipsis
504 3260 632 3305 Nunciis
645 3262 763 3302 nostris,
781 3272 830 3303 per
844 3287 853 3302 ,
872 3264 992 3295 directas
1004 3265 1084 3296 dieto
1097 3265 1174 3297 fratri
1192 3265 1291 3297 nostro
1337 3264 1454 3298 habere:

230 3302 304 3358 Regi
338 3298 446 3345 nostras
460 3297 622 3343 Credentiae
636 3300 744 3344 Literas
756 3303 952 3347 commisimus
967 3304 1167 3345 prosequenda.
1374 3302 1588 3344 Affignavimus
1599 3314 1670 3347 vos,
1686 3307 1721 3339 &
1733 3308 1853 3339 alterum
1867 3307 2015 3347 vestrfim,
2031 3307 2064 3338 ad
2080 3307 2240 3347 eligendum
2255 3309 2284 3338 in
2300 3305 2406 3338 Comi-

78 3350 95 3368 ι.»
106 3350 157 3378 Ν,
166 3348 214 3385 5⁶·
306 3321 355 3368 Set
369 3336 442 3367 dum
473 3347 551 3382 circa
567 3337 716 3378 praedi&a,
733 3341 808 3378 apud
818 3341 928 3372 distum
943 3343 1071 3374 Fratrem
1086 3343 1215 3375 nostrum
1232 3343 1294 3374 Re-

742 170 853 213 ET
935 171 1198 212 ACTA
1280 167 1757 217 PUBLICA.

35 260 114 293 Arm,
128 259 170 289 D,
185 268 249 289 rum
264 259 435 291 cervicosam
449 260 585 291 maiitiam
602 257 805 290 refraenandam
817 281 828 297 ,
846 257 910 288 haec
926 257 1100 296 expedientia
1113 257 1249 289 videban-
1288 256 1407 285 nomine
1430 257 1568 293 porreetas
1583 281 1592 294 ,
1611 261 1643 289 &c
1664 259 1888 294 Commiffiones
1903 287 1912 302 ,
1928 272 1977 301 per
1996 273 2049 294 nos
2070 264 2104 295 ad
2119 263 2350 295 reformationem
2371 260 2499 296 Antng

1291 292 1378 337 statiis
1394 293 1466 324 dieti
1481 294 1613 338 Ducatus
1626 298 1730 337 nostri,
1751 301 1783 330 &
1795 312 1853 332 non
1861 302 1894 332 ad
1909 303 2000 340 aliud,
2018 304 2056 332 eis
2070 303 2170 342 fatias,
2188 313 2253 342 quas
2267 304 2352 333 etiam
2390 313 2475 344 1324:

1292 331 1400 361 lbldem
1421 332 1609 364 exhlbuewnt
1623 359 1631 372 ,
1650 338 1815 374 potestatem
1837 341 1940 371 nullam
1959 342 2044 372 tribui
2065 342 2098 372 ad
2122 342 2353 372 consentiendum
2372 346 2440 371 Edu
2455 340 2487 373 a,

187 306 245 329 tur·

223 322 287 376 K‘Jt,
302 337 451 376 videlicet,
471 344 570 368 contra
583 335 795 376 Impugnatores
811 334 844 364 ὃ(
860 330 1034 365 Turbatores
1052 335 1127 372 pacis
1142 332 1247 363 nostrae

186 376 293 406 ibidem
307 400 316 414 ,
337 387 370 407 ac
392 375 542 406 Ministros
557 374 670 414 Jurium
693 373 858 404 nostrorum
881 372 1042 410 invasores,
1064 376 1078 390 ’³
1099 373 1133 402 &
1149 380 1249 415 contra

186 414 287 446 statum
307 414 435 445 nostrum
455 413 557 444 sinistra
576 412 774 450 praedicantes,
792 411 1106 441 Excommunicationis
1118 411 1250 451 sententia

186 463 235 493 per
249 453 500 491 Archiepiscopos,
519 453 553 483 &
565 459 683 482 caeteros
697 450 828 481 Praelatos
847 448 932 478 dietae
950 448 1067 487 Terrae,
1085 449 1250 480 auctoritate

191 492 356 532 Apostolica
364 515 373 531 ,
392 492 505 529 publice
517 492 550 521 &s
564 490 744 528 solempniter
758 487 965 531 promulgetur:

224 531 380 569 Quodque-
386 530 566 568 Episcopatus
580 528 748 566 Hibernici,
766 535 861 557 tenues
873 526 907 555 &
921 525 1020 564 exileS,
1036 536 1159 564 quorum
1172 528 1251 558 valor

186 579 292 600 annuus
318 569 452 608 Viginti,
471 567 667 607 Qadraginta
682 590 692 604 ,
716 565 760 596 vel
780 565 927 602 Sexaginta
942 564 1024 595 libras
1046 564 1254 605 sterlingorum*

186 618 246 638 non
259 608 438 646 excedit,¹&
451 608 499 643 qui
513 613 645 645 reguntur
656 613 706 644 per
726 604 804 633 mere
824 602 999 633 Hibernicos
1014 604 1082 641 (qui
1094 613 1143 643 per
1156 604 1197 644 se,
1216 606 1251 636 ὃς

186 646 317 678 Parentes
337 646 398 676 suos
411 669 422 684 ,
441 645 647 675 Contentiones
667 644 701 673 &
721 641 879 684 Discordias
893 663 903 679 ,
922 642 951 671 in
970 641 1046 673 dieta
1063 641 1173 681 Terra,
1188 652 1253 673 ante

187 685 248 716 haec
261 694 405 723 tempora,
416 684 568 714 noscuntur
583 680 779 718 multipliciter
789 678 953 717 seminasse)
972 680 1091 711 Sedibus
1105 681 1253 720 Archiepi-

186 725 362 764 scopaiibus,
381 723 415 754 &
435 719 644 760 Episcopalibus
657 742 667 757 ,
686 717 846 749 Civitatum
861 718 893 748 ὃς
915 718 1068 750 Locorum
1083 720 1254 759 insignium,

206 774 249 792 nia
304 772 316 792 Ε
325 771 331 790 Ζ

185 774 203 793 u
223 773 396 838 Elguilnsuper
435 796 513 837 quod
534 796 692 834 injungatur
706 818 715 833 ,
735 794 902 826 auetoritate
918 795 1053 836 praediti&
1065 820 1075 834 ,
1094 796 1253 828 Abbatibus

185 841 220 872 ὃς
240 839 387 869 Prioribus
406 820 649 867 Monasteriorum
669 834 703 864 &
724 832 905 864 Prioratuum
918 857 928 872 ,
946 845 1194 874 quorumcumque
1208 836 1252 865 lo-

185 887 291 910 corum
307 875 491 916 Regularum
504 896 514 911 ‚
532 882 580 912 ut,
599 873 629 903 in
643 872 694 902 suis
709 871 891 903 Monasteri'is
911 873 945 904 ὃς
958 875 1044 913 locis,
1061 875 1197 913 Anglicos
1216 873 1251 905 ad

186 917 403 948 conversionem
422 912 572 943 admittant
584 933 593 948 ‚
610 911 681 942 ficut
700 911 778 941 mere
796 911 989 950 Hibernicos;
1006 912 1252 951 quemadmodum

186 957 220 987 &
237 957 265 986 in
281 948 477 989 Momsterijs,
493 959 558 990 quae
570 958 703 988 reguntur
716 959 765 989 per
778 950 933 990 Anglicos,
950 952 1119 984 observatur.

248 994 257 1014 l
279 992 311 1022 si
332 992 385 1021 itui·

221 994 368 1062 ΙΙξτὲὼΞᾞέ
379 1013 530 1066 ᾹῑῑίευΙίε,
548 1035 645 1059 coram
663 1027 748 1058 nobis
759 1028 794 1059 &
810 1027 949 1060 Concilio
962 1026 1062 1059 nostro
1078 1052 1087 1067 ‚
1106 1028 1254 1069 diligenter

185 1068 345 1102 examinatis
362 1067 396 1098 ὃς
411 1066 573 1104 intellectis,
590 1066 726 1105 sperantes
745 1067 818 1097 inter
838 1067 909 1106 ipsos
922 1067 1032 1098 nostros
1052 1067 1175 1099 subditos
1190 1069 1253 1099 An-

185 1108 249 1148 inae
267 1107 301 1138 &
319 1105 488 1137 Hibernicae
508 1104 672 1136 Nationum
687 1128 697 1144 ,
716 1105 735 1135 fi
749 1106 888 1145 praemissa
908 1108 1106 1144 mancipentur
1120 1106 1235 1137 effeetui
1245 1129 1262 1144 ,f

184 1146 285 1177 exinde
300 1168 309 1184 ,
328 1143 459 1185 processu
479 1145 615 1184 temporis
628 1168 638 1184 ,
655 1144 824 1184 ampliorem
848 1144 1048 1176 Diledtionem
1068 1146 1103 1177 ὃς
1118 1144 1253 1176 Concor-

185 1186 260 1216 diam
273 1183 429 1214 firmiorem
448 1182 578 1221 solidari,

222 1222 380 1253 Praefatum
399 1221 575 1260 Episcopum
590 1222 699 1257 (virum
715 1222 812 1261 utique
831 1221 986 1253 devotione
999 1222 1157 1261 sincerum,
1175 1222 1209 1254 &
1225 1222 1254 1252 in

184 1261 296 1301 agendis
319 1260 487 1300 quibussibet
506 1259 772 1299 circumspectum)
789 1260 825 1292 ad
848 1261 949 1292 vestrae
973 1261 1130 1293 Sanctitatis
1150 1260 1255 1302 Apices

184 1301 316 1341 dpximus
330 1298 548 1336 remittendum,

223 1338 347 1369 Devotis
360 1338 490 1377 precibus
505 1337 553 1376 sup
573 1337 702 1376 licantes,
720 1335 866 1377 quatinus,
879 1336 1086 1370 informatione
1100 1338 1213 1370 distorti

185 1377 476 1415 Archiepiscoporurn
496 1377 530 1407 δε
580 1376 706 1414 piscopi,
724 1377 804 1415 super
824 1378 913 1408 tribus
926 1377 1058 1408 Articulis
1078 1377 1255 1416 supradiffis,

188 1418 313 1455 benigne
332 1415 474 1447 intellevsta
487 1437 498 1453 ,
515 1424 569 1454 pro
591 1416 775 1454 tranquilitate
790 1415 878 1447 diecae
898 1416 1013 1455 Terrae,
1032 1415 1179 1455 praemissis
1197 1416 1256 1447 cle-

189 1464 299 1485 menter
314 1453 473 1491 dignemini
487 1450 638 1492 Annuere,
656 1455 690 1485 &
704 1464 736 1484 ea
745 1455 845 1493 jubere
858 1454 973 1486 effeetui
987 1455 1149 1494 mancipari.

226 1494 293 1523 Nos
307 1494 402 1531 enim,
420 1501 593 1532 quamquam
608 1492 796 1532 Temporalia
816 1493 962 1524 mitorum
983 1493 1203 1532 Episcopatuum
1220 1492 1257 1523 de

189 1533 271 1562 nobis
292 1539 436 1563 teneantur
450 1554 461 1570 ,
478 1538 594 1571 propter
613 1531 777 1563 evidentem
796 1532 944 1563 utilitatem
958 1556 968 1570 ,
985 1532 1086 1563 exinde
1100 1540 1256 1571 proventu-

189 1581 248 1601 ram
261 1594 270 1607 ,
294 1569 418 1609 ipsorum
435 1570 589 1601 annexioni
608 1579 719 1601 exnunc
735 1571 895 1608 praebemus
917 1571 1054 1602 affensum
1069 1593 1079 1609 ,
1099 1570 1256 1601 secundum

191 1609 313 1640 modum
332 1609 366 1640 ὃς
385 1609 510 1639 formam
525 1631 535 1646 ,
552 1607 652 1639 vestrae
672 1608 841 1640 Beatitudini
856 1632 867 1648 ,
883 1619 932 1648 per
949 1609 1117 1647 praedictum
1139 1608 1259 1646 Episco-

198 1658 274 1686 wum,
294 1647 312 1677 si
333 1647 433 1687 libeat,
451 1647 653 1687 exponendum
669 1659 679 1686 3
699 1648 766 1686 cui,
784 1648 804 1678 fi
817 1648 926 1687 placet,
943 1649 1024 1688 super
1037 1648 1088 1678 hiis
1102 1647 1190 1678 fidem
1209 1656 1261 1678 ve-

189 1658 243 1717 iius
255 1687 398 1717 indubiam
411 1686 549 1717 adhibere.

231 1724 386 1756 Conservet
400 1735 451 1756 vos
464 1723 636 1762 Altiffimusi,
654 1723 690 1754 ad
703 1724 831 1762 regimen
846 1724 982 1756 Ecclefiae
996 1724 1052 1756 suae
1064 1724 1194 1763 Sanctae,
1210 1731 1262 1763 per

192 1773 322 1803 tempora
334 1764 471 1803 longiora.

265 1800 333 1834 Dat.
348 1802 422 1842 apud
437 1799 728 1832 Westmonasterium
738 1825 748 1839 ,
767 1800 805 1832 28
819 1800 865 1832 die
877 1801 958 1833 Maii.

255 1929 316 1965 Ad
330 1934 467 1978 Papam,
487 1930 580 1979 simper
596 1926 765 2026 Exccffibjs
785 1942 841 1978 per
860 1934 990 1965 Francos
1012 1934 1192 1979 perpetratis

623 1984 654 2013 in
683 1985 729 2016 Va
744 1985 840 2015 conia.

229 3386 297 3417 gem
315 3376 349 3407 &
368 3377 424 3420 ejus
435 3359 604 3421 Concilium
618 3376 771 3417 instarent,
789 3380 859 3411 sicut
870 3382 908 3411 eis
920 3390 969 3421 per
982 3392 1035 3413 nos
1056 3383 1218 3419 iniundtum
1231 3383 1293 3413 fue-

230 3424 290 3453 rat,
308 3414 430 3458 Nuncii·
440 3414 590 3453 supradieh
601 3436 611 3454 ,
627 3415 739 3447 fuerunt
761 3417 797 3448 ab
809 3419 849 3448 eis
890 3429 918 3449 er
932 3419 1043 3451 dietum
1057 3420 1226 3453 Concilium
1242 3422 1293 3452 tria

231 3456 332 3494 petita,
350 3452 444 3483 studiis
458 3452 577 3492 quaefitis
610 3455 648 3484 ne
661 3454 788 3489 dicamus
803 3456 874 3488 Mac
896 3458 1066 3497 inamends,
1085 3460 1181 3500 quod,
1199 3460 1295 3491 videli-

232 3501 278 3524 cet
293 3516 303 3532 ,
327 3491 414 3522 nostri
430 3489 532 3535 subditi
546 3513 556 3529 ,
595 3493 682 3524 anniti
702 3503 752 3531 per
766 3494 876 3526 dietum
896 3495 1009 3535 Regem
1025 3497 1168 3537 Franciae,
1183 3500 1218 3530 &
1234 3499 1296 3530 suos

234 3528 385 3562 Ministros
400 3553 410 3570 ,
448 3540 479 3560 ro
499 3529 580 3561 dieto
601 3529 679 3561 {aito
696 3531 783 3563 sanffl
804 3532 961 3565 Sacerdotis
975 3559 985 3573 ,
999 3536 1090 3575 eidem
1104 3537 1180 3582 Regi
1195 3537 1297 3568 libera-

233 3578 344 3601 rentur:
363 3568 401 3600 Et
448 3568 552 3598 astrum
566 3568 602 3598 de
616 3567 816 3610 Montepesato
829 3595 838 3610 ‚
856 3573 885 3603 in
899 3572 997 3604 nostro
1013 3574 1131 3606 Ducatu
1148 3579 1278 3607 {ituatum
1290 3599 1301 3615 ,

235 3608 314 3647 quod
336 3608 428 3639 afferit
449 3607 526 3638 idem
541 3606 605 3638 Rex
619 3608 761 3652 cujusdam
774 3609 894 3642 extitisse
913 3611 1099 3644 Bannitorum
1110 3615 1299 3653 eorumdem,

235 3657 369 3686 tanquam
389 3648 440 3678 fibi
459 3646 642 3677 confiscatum
656 3669 666 3685 ,
684 3657 713 3677 in
731 3648 782 3679 suis
802 3648 931 3682 manibus
950 3651 1100 3683 traderetur
1121 3663 1171 3691 per
1191 3653 1301 3684 nostros

238 3685 375 3716 Nuncios
393 3684 563 3724 supraditSms
577 3708 587 3724 ,
606 3685 710 3717 virtute
725 3686 847 3724 eiusdem
868 3688 959 3720 Aresti
974 3713 984 3729 ,
1004 3691 1082 3729 quod
1103 3692 1225 3723 asseritur
1240 3693 1298 3723 hoc

237 3724 335 3755 datum
357 3733 405 3765 per
428 3725 557 3756 Fratrem
580 3723 708 3755 nostrum
732 3725 847 3765 Regem
865 3734 1070 3760 memoratum:
1090 3729 1192 3761 Tertio
1205 3731 1302 3770 quod,

239 3763 310 3793 ciitn
330 3762 455 3794 intendat
471 3763 547 3794 idem
567 3761 632 3794 Rex
646 3763 771 3794 Franciae
785 3766 936 3804 procedere
951 3776 1052 3799 contra
1065 3768 1140 3807 illos,
1157 3770 1206 3809 qui
1223 3780 1301 3800 nunc

239 3802 320 3840 sunt,
335 3801 380 3833 vel
401 3802 497 3842 aliquo
516 3811 574 3833 tem
615 3812 646 3833 re
665 3802 776 3833 fuerunt
796 3805 826 3834 in
849 3806 953 3841 praefati
969 3806 1079 3845 Castri,
1095 3806 1131 3837 de
1146 3806 1304 3846 Montepe-

241 3839 317 3883 sato,
331 3841 508 3879 munitione,
526 3851 565 3881 po
610 3841 745 3873 Arestum
756 3842 924 3881 praedictum
937 3868 946 3884 ,
961 3844 1071 3884 praefati
1084 3846 1119 3876 N
1122 3847 1198 3876 uncii
1213 3845 1304 3877 nostri

245 3877 316 3917 ipsos
328 3901 338 3917 ,
365 3888 436 3917 quos
454 3879 534 3920 super
553 3879 612 3911 hoc
633 3889 683 3920 per
701 3881 763 3911 suos
782 3880 930 3913 Proceffus
948 3884 1086 3915 convinci
1113 3887 1306 3924 contingeret,

246 3915 401 3947 nullatenus
415 3926 450 3948 ex
464 3926 532 3961 tunc
547 3928 718 3958 receptarent
732 3941 742 3958 ,
760 3919 797 3950 set
808 3920 887 3957 ipsius
903 3920 990 3960 Regis
1003 3922 1128 3953 Franciae
1140 3921 1307 3963 Ministros‚

247 3953 282 3984 ad
294 3953 498 3999 Executionem
511 3966 609 3989 contra
624 3968 672 3989 eos
684 3958 841 3989 faciendam
851 3966 931 3997 ,toto
944 3959 1003 3990 nisu
1014 3961 1148 3998 juvarent.

288 3991 325 4022 Et
339 4016 349 4032 ,
365 3993 430 4024 licet
448 3995 518 4026 dieti
531 3996 647 4028 Nuncii
660 3996 749 4027 nostri
767 3996 884 4028 firmiter
896 3997 1012 4029 afferent
1025 4021 1035 4036 ,
1054 3999 1087 4030 &
1101 4000 1185 4038 vere,
1204 4000 1242 4031 eis
1260 4010 1310 4038 per

250 4029 636 4106 litesssnngssrassflrpdentiae
655 4035 803 4075 praedictas
815 4060 826 4075 ,
842 4036 962 4077 praefato
982 4035 1061 4077 Regi
1077 4046 1126 4077 per
1142 4047 1191 4070 eos
1211 4039 1312 4071 nostro

2294 194 2353 231 99

1293 369 1479 400 Petitionibus
1499 372 1681 417 ium-adieris,
1704 376 1848 408 afferentes
1867 379 1998 411 instanter
2012 403 2022 418 ,
2044 389 2074 411 ut
2093 381 2167 419 prius
2179 404 2189 419 ,
2207 380 2235 410 se
2247 391 2262 411 a
2274 381 2356 410 nobis

1296 406 1468 438 Mandatum
1481 409 1558 446 super
1575 411 1626 441 hiis
1640 422 1700 442 non
1714 414 1832 453 habere,
1852 418 1932 448 bono
1945 427 2038 449 tamen
2054 420 2128 458 pacis
2143 442 2152 458 ,
2171 429 2223 459 pro
2234 429 2292 458 quo
2306 430 2357 450 ve·-

1294 454 1393 490 nerant
1405 469 1414 485 ,
1433 448 1659 493 condescendere
1677 451 1841 485 affeetantes
1852 478 1861 493 ,
1879 456 2043 488 dilationem
2065 457 2173 496 Viginti
2196 458 2241 488 vel
2258 457 2356 496 Qin-

1294 485 1395 523 decim
1409 484 1520 516 dierum
1534 510 1543 525 ,
1563 489 1664 532 quibus
1687 492 1826 534 nostinde
1846 495 1990 526 consulere
2004 519 2014 535 ,
2032 497 2066 527 ὃς
2086 498 2124 527 eis
2144 496 2210 527 inde
2227 498 2357 536 congrue

1294 523 1475 570 respondere,
1494 525 1624 569 possent,
1639 527 1834 560 instantissime
1848 534 2002 572 petierunt,

1332 564 1381 592 Set
1396 572 1450 591 nec
1464 573 1495 606 in
1507 562 1664 603 Petitione,
1684 567 1742 596 tam
1757 570 1929 609 rationabili,
1947 573 1981 603 &
1996 574 2052 603 tarn
2067 573 2201 612 modica,
2221 573 2361 613 exauditi,

1295 601 1536 645 potuerunt-aliud
1550 612 1707 642 reportare,
1725 606 1774 636 nili
1787 608 1885 646 quoii,
1903 609 1973 641 infra
1992 620 2110 648 quatuor
2124 612 2182 643 dies
2197 612 2360 651 dumtaxat,

1296 638 1380 669 dietis
1397 636 1585 671 Petitionibus
1604 642 1816 683 consentirent,
1834 647 1878 676 vel
1898 647 1949 678 suo
1966 650 2090 686 periculo
2104 651 2216 681 ulterius
2234 661 2361 681 remane-

1296 686 1376 722 rent,
1396 677 1556 722 licqueQa-td
1570 680 1717 723 vitandum
1733 681 1844 714 forlitan
1868 686 1957 723 majus
1970 687 2075 718 malum
2091 711 2100 726 ,
2118 690 2195 729 quod
2212 699 2246 720 ex
2261 690 2361 727 conje-

1295 716 1381 746 ‹sturis
1401 717 1592 754 probabilibus
1613 718 1795 750 verisimiliter
1818 731 1947 760 poterant
1972 724 2124 757 formidare
2138 751 2148 766 ,
2171 738 2187 759 a
2201 728 2283 758 nobis
2300 737 2362 758 non

1296 753 1429 802 habentes
1441 754 1610 792 potestatem
1625 757 1745 800 aliquam
1761 759 1789 787 in
1804 761 1962 800 praedietis,
1978 763 2055 803 ipsis,
2074 764 2195 804 quadam
2211 766 2361 797 voluntate

1295 801 1402 837 extorta
1418 817 1428 832 ,
1446 793 1635 826 consenserant
1654 798 1692 826 {ic
1715 798 1827 836 coacti,
1846 809 1914 829 cum
1932 801 2131 840 protestatione
2154 805 2233 844 quod
2245 804 2364 844 Juribus

1296 832 1398 875 nostris
1409 834 1438 862 iri
1452 833 1529 863 nullo
1543 833 1710 871 derogetur:
1732 835 1785 865 Vel
1797 837 1899 875 aliquid
1916 840 1983 870 novi
1995 839 2070 878 Juris
2083 840 2162 872 dieto
2183 843 2257 882 Regi
2276 843 2364 874 Fran-

1295 879 1350 900 ciae
1370 880 1420 915 per
1442 870 1500 901 hoc
1520 872 1705 917 adquiratur,
1728 883 1781 903 nec
1803 877 1943 907 contentis
1964 878 1993 908 in
2013 877 2121 909 Pacum
2137 902 2148 918 ,
2167 881 2239 912 inter
2254 881 2367 913 nostros

1295 907 1493 947 Progenitores
1527 910 1584 941 ritis
1597 920 1747 948 initarum,
1765 911 1943 945 firmitatibus
1960 916 1991 945 in
2006 916 2099 955 aliquo
2114 918 2279 958 derogetur:

1320 948 1436 991 *Qam
1454 949 1503 988 qui
1523 959 1570 979 em
1592 948 1831 982 protestationem
1850 951 1914 983 Rex
1935 953 1991 991 ipse
2011 955 2094 985 nobis
2108 965 2141 986 ex
2162 958 2231 988 resse
2245 957 2367 990 reserva-⁴

1296 993 1343 1033 vit
1355 1009 1364 1024 ,
1383 995 1467 1026 prout
1484 987 1547 1018 haec
1565 990 1666 1019 omnia
1680 989 1788 1027 praefati
1802 990 1891 1021 nostri
1913 992 1947 1022 N
1951 993 2028 1023 uncii
2043 994 2126 1024 nobis
2150 996 2191 1025 uis
2204 996 2285 1027 literis
2303 998 2371 1034 iniit

1297 1033 1422 1056 marunt.

1336 1063 1406 1094 Nos
1423 1063 1517 1102 itaque
1531 1087 1541 1102 ,
1557 1065 1729 1097 attendentes
1745 1068 1883 1105 praemissa
1894 1092 1904 1107 ,
1922 1069 1959 1101 sic
1981 1078 2081 1101 contra
2095 1069 2223 1103 nostram
2237 1073 2371 1103 intentio=

1297 1110 1385 1141 nem,
1403 1103 1436 1133 &
1450 1102 1553 1146 absque
1572 1102 1715 1136 Potestate
1733 1106 1915 1149 quacumque
1931 1130 1941 1146 ,
1960 1117 2009 1146 per
2022 1109 2152 1147 praefatos
2167 1110 2303 1142 Nuncios
2316 1121 2370 1141 no-

1298 1140 1371 1171 stros
1384 1141 1516 1179 promissa
1531 1142 1565 1172 &
1578 1143 1728 1182 consensa,
1747 1147 1766 1174 ii
1801 1145 1879 1182 quod
1892 1146 1978 1184 absit,
1999 1156 2067 1178 com
2088 1148 2227 1189 letentur,
2246 1158 2293 1180 aut
2324 1160 2372 1180 ro-

1300 1180 1436 1224 cederent
1446 1203 1455 1219 ,
1467 1181 1602 1218 tanquam
1617 1181 1763 1222 Erronea,
1791 1182 1896 1222 njusta,
1916 1185 1949 1215 ὃς
1965 1185 2137 1224 Oppo1tum
2151 1187 2291 1219 distarum
2324 1199 2373 1219 ro-

1299 1218 1480 1250 testationem
1495 1220 1683 1260 includentia,
1702 1222 1731 1251 in
1752 1222 1840 1252 nostri
1855 1222 2120 1255 Exhaeredationem
2137 1226 2237 1258 cedere
2252 1227 2373 1258 manife*

1300 1255 1388 1296 stam,
1408 1259 1466 1288 tam
1481 1267 1496 1302 a
1533 1258 1802 1297 arteJurisdietionis
1814 1260 1920 1292 nostrae
1934 1263 1965 1293 in
1977 1262 2097 1294 Ducatu
2109 1264 2207 1295 nostro
2220 1266 2370 1306 praedidffl,

1299 1297 1386 1336 quam
1402 1295 1497 1327 Castri
1531 1307 1548 1327 e
1567 1297 1768 1343 Montepesato
1782 1300 1910 1339 praedieti
1934 1301 2032 1339 (quod
2054 1303 2157 1340 etiam,
2175 1303 2204 1332 in
2222 1305 2286 1335 casu
2299 1315 2375 1343 quo-

1214 1347 1257 1376 m²
1300 1345 1427 1375 cumque
1442 1335 1681 1377 Confiscationis,
1698 1336 1733 1368 ad
1745 1348 1816 1377 nos,
1834 1339 1868 1370 δε
1882 1349 1943 1370 non
1957 1340 1992 1370 ad
2008 1339 2114 1379 alium,
2132 1342 2270 1378 pertinere
2284 1343 2376 1374 debe⁸¹

1300 1381 1343 1418 ret
1357 1397 1370 1418 ,ι
1385 1374 1455 1405 ficut
1473 1382 1573 1421 effrem
1594 1375 1673 1407 Bona
1688 1399 1699 1415 ,
1725 1385 1975 1418 quorumcumque
1996 1378 2174 1410 subditorum
2194 1379 2377 1420 nostrorum,

1301 1412 1519 1455 dicti-Ducatus
1541 1413 1648 1454 nostri,
1670 1415 1752 1446 nobis
1768 1417 1921 1447 inmediate
1936 1417 2113 1448 subditorum
2128 1441 2139 1456 ,
2156 1419 2186 1448 in
2201 1418 2304 1449 eodem
2317 1420 2379 1449 exi-

1302 1450 1420 1490 stentia,
1437 1451 1617 1490 Confiscata)
1636 1453 1671 1484 ὅτ
1690 1453 1754 1484 alias
1772 1455 1990 1494 multipliciter,
2007 1455 2179 1496 praesertim,
2198 1455 2379 1491 Sanetiffime*

1303 1489 1400 1534 Pater,
1419 1499 1490 1534 cum
1505 1490 1639 1522 Arest-um
1655 1493 1841 1533 praedic‘tum,
1860 1494 1880 1524 fi
1893 1494 1973 1533 quod
1987 1494 2025 1526 fic
2041 1495 2183 1533 prolatum
2199 1497 2307 1535 extitit,
2322 1506 2377 1526 no-

1302 1528 1345 1557 bis
1365 1528 1523 1558 absentibus
1536 1551 1546 1567 ,
1563 1531 1597 1561 &
1618 1531 1817 1569 ignorantibus
1829 1556 1839 1571 ,
1856 1543 1912 1564 nec
1925 1533 2030 1565 vocatis
2045 1533 2082 1565 ad
2096 1533 2126 1565 id
2141 1557 2152 1573 ,
2169 1535 2203 1566 ὃς
2219 1535 2290 1566 inter
2308 1535 2378 1566 alios

1303 1566 1383 1605 super
1401 1565 1479 1610 facto
1493 1567 1628 1611 personali
1641 1569 1676 1599 ad
1684 1569 1834 1608 Judicium
1854 1571 1977 1611 traCtos,
1992 1572 2026 1603 &
2042 1573 2141 1611 nobis,
2160 1574 2209 1612 qui
2226 1575 2313 1612 parati
2332 1574 2378 1604 su-

1305 1613 1385 1648 mus,
1405 1614 1434 1634 in
1448 1603 1537 1636 Curia
1551 1606 1620 1637 dieti
1636 1607 1735 1638 Fratris
1753 1609 1858 1647 nostri,
1878 1619 1976 1641 coram
1990 1610 2067 1650 ipso,
2082 1611 2116 1642 &
2134 1611 2260 1649 ejusdem
2272 1611 2380 1644 nostris

1306 1642 1422 1674 Paribus
1435 1664 1445 1680 ‚
1463 1643 1499 1673 de
1517 1644 1587 1683 Jure
1601 1645 1702 1676 nostro
1715 1646 1886 1678 sufficienter
1897 1648 2046 1679 ostendere
2059 1650 2092 1680 &
2113 1649 2234 1689 docere,
2253 1651 2324 1682 loco
2342 1651 2378 1682 ὃς

1307 1689 1440 1726 tempore
1455 1684 1619 1723 oportunis,
1638 1693 1724 1723 prout
1736 1685 1800 1716 haec
1813 1686 1971 1718 obtulimus
1985 1687 2083 1726 saepius
2100 1688 2194 1719 eidem
2207 1712 2217 1728 ,
2234 1690 2268 1720 ὃς
2284 1691 2380 1721 inten-l

1306 1721 1400 1752 dimus
1422 1720 1528 1751 offerre
1543 1745 1553 1761 ‚
1577 1726 1604 1751 δε
1629 1723 1739 1761 explere
1761 1734 1831 1755 cum
1853 1724 1959 1756 effeCiu
1974 1749 1984 1764 ‚
2003 1728 2080 1758 circa
2098 1727 2210 1758 dietum
2225 1728 2385 1768 Castrum„

1306 1760 1439 1831 {egnum
1461 1759 1593 1792 nostrum
1615 1760 1816 1794 Patrimoniale
1829 1787 1840 1803 ,
1864 1764 2048 1803 praejudicare
2070 1774 2131 1796 uon
2152 1768 2256 1805 poterit
2270 1767 2316 1799 vel
2331 1767 2384 1800 de-

1329 1810 1344 1831 e
1366 1808 1400 1831 it:

1346 1837 1423 1869 Nos
1436 1848 1472 1868 ue
1485 1861 1495 1876 ,
1521 1839 1623 1871 virtute
1640 1838 1876 1878 juramentorum
1891 1864 1902 1881 ,
1925 1840 2025 1873 nostro
2045 1843 2163 1874 nomine
2184 1853 2200 1875 a
2223 1843 2389 1876 Senescallis

1308 1876 1410 1907 nostris
1417 1848 1556 1908 ciDucati‘is
1570 1877 1819 1923 nostri-praediciti,
1837 1881 1866 1910 in
1880 1880 2002 1920 qualibet
2015 1881 2094 1913 nova*⁴
2112 1881 2240 1922 ipsorum
2252 1882 2384 1915 Creatioe

1310 1926 1364 1955 ne,
1383 1915 1497 1956 Populo
1511 1917 1544 1948 ὃς
1557 1916 1683 1948 Subditis
1696 1919 1799 1950 nostris
1817 1918 1938 1958 ejusdem
1952 1920 2143 1958 praestitorum
2152 1943 2162 1960 ‚
2176 1930 2324 1954 teneamur
2337 1922 2385 1961 ip-

1309 1954 1352 1985 sos
1367 1965 1381 1984 a
1397 1954 1508 1993 nostra,
1524 1956 1558 1987 &c
1573 1956 1722 1994 cujussibet
1737 1958 1847 1989 alterius
1859 1957 1963 1997 Injuria
1976 1957 2170 1998 Conservare3

1348 1993 1502 2024 Praefatum
1518 1994 1643 2025 Fratrem
1657 1996 1785 2027 nostrum
1794 2021 1804 2037 ,
1824 1996 1939 2036 Regem
1955 1996 2101 2037 Franciae,
2114 2007 2200 2038 quem
2215 2005 2276 2029 non
2290 1999 2388 2039 decet,

1312 2031 1371 2063 tam
1386 2041 1501 2076 propter
1515 2031 1576 2062 Dei
1588 2032 1794 2066 Reverentiam
1809 2059 1820 2074 ,
1839 2038 1924 2073 quam
1945 2036 2067 2067 veritatis
2080 2038 2114 2068 &
2124 2037 2240 2076 justitiae
2254 2037 2387 2077 bonurn,

1338 3352 1396 3376 tatu
1412 3344 1549 3384 Effexiae,
1568 3346 1628 3376 tam
1643 3346 1714 3377 infra
1727 3347 1900 3386 Libertates,
1918 3349 2003 3384 quam
2016 3355 2108 3386 extra,
2127 3347 2255 3378 Centum
2276 3347 2309 3377 &
2323 3347 2408 3384 quin-

1339 3385 1470 3423 quaginta
1486 3384 1648 3424 Homines,
1667 3384 1776 3416 Pedites
1789 3386 1964 3424 Sagittarios,
1979 3385 2014 3416 de
2035 3384 2225 3416 Validioribus
2242 3385 2276 3415 &
2296 3383 2407 3415 Poten-

1339 3424 1455 3453 tioribus
1467 3422 1661 3462 Hominibus,
1680 3422 1822 3455 Peditibus
1835 3424 2000 3464 Sagittariis,
2019 3422 2182 3454 Comitatus
2198 3420 2290 3460 illius,
2309 3424 2342 3454 &
2371 3422 2407 3454 ad

1340 3461 1530 3493 ordinandum
1546 3462 1626 3501 quod
1642 3463 1712 3492 dieti
1725 3462 1864 3502 Sagittarii
1878 3463 1973 3493 Armis
1986 3462 2212 3500 competentibus
2232 3462 2392 3493 muniatur:

1377 3500 1417 3531 Et
1432 3510 1483 3531 vos
1499 3501 1509 3538 (
1525 3500 1640 3537 praefate
1653 3500 1789 3538 Thoma)
1809 3501 1843 3532 ad
1866 3501 1980 3531 eosdem
2002 3500 2158 3538 Sagittarios
2172 3523 2181 3537 ,
2207 3499 2302 3530 Armis
2322 3509 2408 3531 com-

1341 3539 1501 3580 petentibus
1515 3538 1589 3569 bene
1606 3540 1748 3577 munitos,
1764 3539 1850 3578 usque
1864 3539 2054 3569 Plummoutli
2076 3537 2239 3576 ducendos3
2264 3537 2306 3568 Ita
2324 3537 2407 3577 quod

1344 3579 1397 3609 lint
1409 3577 1517 3608 ibidem
1531 3578 1561 3607 in
1578 3577 1732 3616 Qindena
1746 3578 1911 3608 Nativitatis
1925 3576 2150 3614 nnttijohannis
2164 3576 2408 3615 Baptistaefflroxi-

1344 3620 1397 3647 mo
1411 3616 1521 3654 futura,
1539 3618 1663 3655 prompti
1679 3617 1711 3647 δε
1723 3618 1808 3654 parati
1822 3616 1855 3646 ad
1870 3615 2105 3655 proficiscendum
2121 3615 2239 3653 exinde,
2263 3615 2297 3645 ad
2321 3614 2411 3646 vadia

1343 3654 1455 3693 nostra,
1475 3655 1566 3685 versus
1578 3654 1727 3685 Ducatum
1741 3655 1868 3685 nostrum
1882 3653 2077 3691 ssipi-adieram.

1383 3693 1421 3724 Et
1435 3693 1503 3724 ideo
1519 3694 1603 3724 vobis
1614 3693 1795 3730 mandamus,
1817 3693 1911 3730 quOd,
1930 3693 2062 3721 omnibus
2077 3691 2133 3721 aliis
2154 3690 2355 3731 praetermissis,
2368 3691 2415 3725 die,

1346 3732 1408 3763 Ctos
1422 3730 1533 3762 Pedites
1549 3732 1705 3770 Sagittarios
1721 3731 1838 3770 eligitis:

1384 3770 1422 3801 Et
1435 3781 1486 3801 vos
1499 3770 1628 3807 (praefate
1641 3769 1775 3803 Thoma)
1795 3779 1841 3798 eos
1856 3768 1939 3805 usque
1961 3767 1994 3799 ad
2012 3767 2117 3798 dietam
2135 3767 2231 3799 villam
2254 3767 2290 3799 de
2310 3767 2414 3803 Plum=,

1349 3808 1429 3839 muth
1442 3809 1567 3846 ducatis,
1584 3808 1653 3838 sicut
1666 3807 1834 3844 praediti-um
1851 3807 1905 3836 cszt

1386 3846 1424 3877 Et
1439 3847 1514 3883 hoc,
1530 3847 1599 3876 sicut
1614 3846 1683 3875 Nos
1696 3847 1729 3875 ἃ·
1744 3846 1884 3875 honorem
1899 3844 2028 3875 nostrum
2047 3844 2174 3882 diligitis,
2193 3855 2261 3876 cum
2274 3846 2357 3876 omni
2372 3845 2415 3876 di*

1349 3884 1466 3925 ligentia
1480 3885 1605 3922 facietis,
1621 3884 1658 3914 iic
1673 3884 1753 3923 quod
1763 3907 1773 3922 ,
1791 3893 1825 3913 ex
1840 3883 2009 3923 negligentia
2024 3883 2133 3923 aliqua,
2154 3894 2215 3915 non
2244 3884 2352 3922 poffitis
2371 3893 2415 3915 re-

1350 3924 1398 3955 dar
1420 3924 1447 3953 ui
1480 3924 1560 3953 uovis
1578 3921 1680 3952 modo.

1416 3962 1463 3992 lan
1485 3962 1592 3992 avimus
1608 3961 1686 3991 enim
1698 3959 1876 3991 Vicecomiti
1892 3960 1991 3991 nostro
2004 3959 2164 3993 Comitatus
2183 3960 2325 4002 praedieti,
2338 3956 2419 4001 quod

1352 4001 1451 4038 vobis,
1466 4001 1500 4032 &
1513 4001 1589 4031 alteri
1602 3999 1748 4038 vestrum,
1766 4000 1836 4030 curn
1852 4000 1877 4029 ei
1891 3999 1961 4030 scire
1974 4000 2096 4039 faciatis,
2111 4001 2210 4031 venire
2224 4001 2304 4031 faciat
2319 4006 2418 4030 coram

1355 4039 1455 4076 vobis,
1473 4038 1518 4072 vel
1531 4038 1618 4072 altero
1633 4038 1777 4078 vestrum,
1794 4048 1895 4107 onffiies
1907 4039 1941 4071 ὃ(
1953 4038 2090 4079 singulos,
2107 4039 2142 4071 de
2155 4038 2261 4071 Bauiva
2277 4037 2418 4104 suaffltagal

1878 4086 1898 4108 2
2346 4084 2378 4105 in
