2562 4279
35 230 113 262 Ann.
122 229 163 261 D.

35 1179 111 1212 Ann.
126 1179 169 1210 D.

58 1230 69 1249 ¹
79 1227 142 1258 337·

35 1264 88 1287 Aa.
106 1269 114 1285 1
125 1268 148 1286 1.

34 1302 65 1324 Ε.
92 1306 117 1333 3.

35 1335 122 1364 Sched.

36 1374 110 1401 Bulla
123 1373 151 1401 de

35 1413 90 1440 dae.
110 1422 152 1447 ¹4-

37 1450 169 1487 Mansu-

36 1496 82 1526 pra
94 1499 141 1517 an-

36 1537 95 1555 nex.

38 1702 55 1718 ⁰
72 1702 126 1730 1v.

39 1748 103 1775 79¹·

39 2626 164 2660 AnnD.

65 2674 149 2707 1337·

37 2709 90 2734 An.
109 2715 149 2734 11.

38 2765 115 2822 Kasm-
126 2791 168 2809 ιι.

36 2825 68 2849 Ε.
85 2830 110 2858 3.
132 2830 168 2849 m.

46 2867 90 2894 ¹7·

174 148 254 187 182

178 230 215 260 de
227 227 332 260 Saneto
348 226 437 256 Paulo
451 224 614 256 Comitiffie
628 223 830 261 Pembrociae,
849 230 961 253 moram
976 220 1058 258 facit,
1076 219 1110 251 &

179 267 320 299 Potestate
333 265 403 295 dieti
418 264 505 303 Regis
519 262 638 293 oriunda
651 261 757 299 existit,
1039 297 1045 303 ⁶
1126 296 1130 301 Ι

213 306 296 345 Juxta
309 303 389 344 ipsius
401 303 571 339 exigentiam
584 300 775 337 Meritorum,
794 299 905 330 Favore
916 297 1049 341 prosequi
1063 294 1202 340 granoso,

219 343 309 374 Vobis
327 340 491 372 mandamus
504 364 513 378 ,
545 338 624 377 quod
647 348 700 369 vos
713 361 723 375 ,
755 346 893 376 praetexm
915 336 1115 375 Affignanoms
1137 332 1243 363 nostrae

184 379 435 420 praedictae‚vobis
450 378 486 408 fic
501 378 584 408 faetae
593 376 646 414 ,de
658 377 755 407 Terris
767 378 802 408 ὅτ
817 375 932 406 Catallis
947 375 1177 413 Alienigenarum
1190 371 1244 400 hu-

195 418 317 457 usrnodi,
333 420 361 446 in
377 417 500 447 Manum
516 415 642 446 nostram
664 414 828 453 Seisiendis,
845 414 891 445 seu
910 424 964 454 pro
984 423 1021 443 eo
1035 410 1123 456 ‘quod
1144 409 1245 452 eadem

217 458 313 488 omina
327 455 363 486 de
375 454 517 485 Potestate
529 455 573 485 seu
589 453 734 484 Dominio
752 454 834 491 ipsius
853 452 942 492 Regis
962 450 1053 482 existit
1084 459 1116 494 ut
1138 448 1179 492 est
1199 447 1245 477 di-

183 497 264 526 &um
279 518 289 534 ,
311 493 348 523 de
370 492 505 523 Maneriis
521 516 530 531 ,
555 492 668 530 Terris,
692 492 897 529 Tenementis,
922 490 947 521 E
970 491 1027 528 uis,
1050 473 1247 532 annualibus,

182 533 290 573 Bladis,
304 531 467 571 jocalibus,
485 540 531 562 aut
544 531 600 561 aliis
616 531 698 561 Bonis
710 530 756 562 seu
770 530 884 561 Catallis
896 529 957 568 ejus
972 538 1019 559 em
1043 527 1199 563 Dommae,
1215 533 1246 554 m

182 573 217 603 ali
240 581 279 603 uo
291 570 446 601 nullatenus
457 570 663 600 intromittatis:

219 581 273 648 ἓτ,
289 609 308 639 fi
320 609 440 645 Terras,
454 608 499 639 seu
513 609 710 645 Tenementa,
728 616 775 639 aut
793 607 873 638 Bona
891 607 925 638 &
947 605 1055 637 Catalla
1075 602 1157 642 ipsius
1180 601 1246 632 Do-

182 651 269 680 minae
286 647 394 693 aliqua,
413 646 455 677 Ea
477 647 513 677 de
535 646 636 685 causa,
662 647 743 677 seifiri
764 646 885 677 feceritis
904 646 936 675 in
957 644 1080 675 Manum
1101 640 1246 685 nostram,

183 697 253 719 tunc
267 686 325 723 Ea,
343 696 398 715 una
411 694 479 716 cum
495 685 640 723 Exitibus‚
657 685 676 715 fi
693 695 758 723 quae
771 685 838 715 inde
862 682 1041 722 percepistis,
1058 681 1115 711 fine
1137 680 1247 722 dilatio-

182 736 237 764 ne,
256 725 338 763 plene
352 724 386 755 &
399 725 511 761 integre
547 724 647 754 raefatae
661 723 813 762 Dominae,
830 723 877 753 seu
891 723 1066 762 Attornato,
1077 727 1124 749 aut
1137 717 1247 748 Balhvis

183 765 250 801 suis,
269 762 374 793 restitui
391 763 512 800 faciatis3
527 734 621 801 {psam
639 761 675 793 de
696 761 812 792 Eisdem
834 760 1027 792 commodum
1049 762 1248 802 iuum,·pr0ut

183 803 251 841 fibi,
266 803 298 833 &
313 800 412 839 dietis,
430 801 600 840 Attornato,
615 802 649 831 δε
665 801 773 832 Ballivis
787 801 854 837 suis,
874 799 973 829 melius
989 796 1121 836 expedire
1136 793 1247 826 videbi-

182 849 245 878 tur,
262 840 363 877 absque
377 838 589 876 Impedimento
602 839 714 877 aliquo,
734 839 826 869 facere
841 839 1042 877 permittentes.
1116 873 1120 878 ⁸
1204 871 1218 876 ..

219 879 308 910 Teste
322 878 404 917 Rege
417 877 491 917 apud
506 877 794 909 NVestmonasterium
803 900 812 916 ‚
829 876 966 908 vicefimo
981 882 1081 913 quarto
1094 872 1139 903 die
1151 870 1230 911 Julu.

1126 227 1191 256 quae
1203 214 1240 246 de

666 957 719 985 Per
732 953 813 993 ipfiaem
826 957 921 991 Regem
937 949 974 987 ὠ·
990 949 1143 981 Concilium.

270 1079 512 1114 Memorandum
528 1079 564 1114 de
583 1078 687 1115 Verbis
702 1076 961 1126 Praejtcdiciali'bus
981 1078 1173 1111 renunciatis.

224 1166 258 1197 N
275 1165 354 1197 Dm
373 1165 556 1198 NoMrnt:
576 1166 709 1198 AMEN.

255 1207 308 1234 Per
322 1204 439 1243 praefi’ns
454 1204 663 1244 lustramentum
683 1203 819 1234 Publicum
831 1204 931 1233 cunflir
945 1200 1116 1242 manifestum
1129 1199 1248 1240 existat,

184 1243 256 1284 quod
266 1246 354 1273 Anno
369 1247 480 1273 Domini
495 1243 653 1283 Millefimo,
670 1246 698 1273 T
694 1249 796 1272 recente
807 1253 874 1280 1mo,
889 1245 964 1272 Trice
975 1251 1027 1271 imo
1048 1243 1177 1278 Septimo:
1198 1242 1248 1268 In-

183 1284 299 1313 dictione
312 1281 444 1321 Qinttl:
462 1281 658 1321 Pontificatds,
675 1283 770 1311 Sandli
789 1284 836 1310 imi
848 1285 876 1310 in
889 1280 956 1311 clm·
966 1280 993 1309 lo
1014 1281 1110 1308 Patris
1128 1275 1166 1312 ὠ·
1188 1278 1248 1322 Do-

186 1324 276 1360 mini,
300 1323 412 1350 Domini
434 1321 594 1359 Benedoeli,
615 1319 727 1351 Divind
748 1318 948 1357 Providentid,
973 1321 1055 1356 Papae
1076 1316 1249 1352 Duodectmi,

186 1363 273 1390 Anno
289 1362 396 1388 Tertio:
415 1359 457 1389 die
472 1359 596 1398 vicefimd
609 1358 708 1399 quinta*
723 1356 825 1399 Menfis
845 1356 939 1395 Julii3
960 1353 1124 1386 Venerabilis
1144 1356 1249 1392 Pater,

191 1400 323 1429 Dominus
335 1397 466 1436 Thomas,
484 1401 539 1427 Dei
549 1397 661 1435 gratini,
681 1396 871 1437 Wygornienfis
888 1394 1044 1435 Epifiopus,
1062 1394 1251 1440 coramuEx-

187 1435 362 1475 cellenttſjimo
375 1439 511 1473 Principe,
530 1439 646 1466 Domino
661 1435 820 1471 Edwardo,
838 1437 908 1471 Rege
924 1433 1056 1472 Angliae,
1076 1435 1105 1461 in
1128 1432 1249 1472 quadam

189 1475 304 1505 Camerti
317 1477 409 1504 Turris
424 1475 628 1504 Londoniarum
664 1472 779 1512 Dioeceſs’
795 1472 988 1519 Londonieqfi,
1006 1476 1036 1501 in
1057 1474 1136 1508 Mei,
1155 1472 1250 1500 Nota-

187 1517 222 1543 rii
244 1512 362 1550 Publici,
381 1510 419 1547 (ᾤ’
439 1512 552 1552 Testium
566 1497 789 1552 ficbsc'riptorum,
798 1510 947 1550 praefi’ntia
965 1509 1143 1550 perfinaliter
1157 1508 1250 1554 consti-

187 1559 281 1590 tutus,
298 1550 417 1582 omnibus
430 1551 541 1590 verbis,
557 1550 792 1589 Praejudicialihus
802 1551 872 1580 dieto
887 1552 969 1587 Regi,
986 1553 1015 1579 in
1031 1547 1117 1578 Bulla
1138 1550 1249 1577 Domini

187 1593 270 1629 Papae
277 1591 403 1635 praedic'li
417 1594 563 1628 contentis,
580 1591 672 1630 quoad
679 1589 881 1629 Restitutionem
892 1586 1085 1626 Temporalium
1097 1587 1162 1616 disti
1183 1588 1252 1625 Epi-

184 1630 318 1668 scopatus,
331 1628 385 1670 fibi
396 1628 548 1666 faciendam
556 1636 606 1666 per
619 1628 702 1667 ipfimt
715 1631 829 1666 Regem,
847 1629 1031 1657 Renunciavit
1045 1623 1165 1694 exprzlie
1172 1648 1182 1661 ,

224 1670 266 1697 Et
280 1666 335 1707 ipsa
351 1667 536 1706 Temporalia,
554 1667 586 1696 de
601 1666 704 1696 Gratid
719 1669 797 1704 Regis
805 1666 932 1704 praedae'lli
940 1688 950 1704 ,
965 1663 1003 1700 ό·
1024 1675 1078 1695 non
1091 1676 1109 1693 a
1127 1667 1144 1694 'o
1159 1662 1252 1703 Jure,

179 1706 234 1748 fibi
249 1706 267 1726 ¹*
281 1717 334 1736 com
351 1709 472 1744 etentia,
491 1705 640 1735 dumtaxat
654 1704 770 1773 adnJ‘fit.

224 1746 305 1775 Acta
338 1745 435 1774 iterant
450 1743 525 1783 haec,
543 1747 647 1781 Anno,
666 1747 701 1774 In
720 1744 833 1782 stione,
849 1741 1033 1784 Pontificum,
1051 1744 1121 1780 Die,
1141 1739 1251 1780 Iliense,

185 1781 224 1819 ό
240 1786 310 1814 Loco
318 1784 456 1821 praediHis
467 1806 477 1821 ,
490 1782 685 1821 praesentibus,

223 1821 374 1852 Venerabili
386 1824 489 1859 Patre,
502 1824 616 1850 Domino
629 1820 763 1859 Johanne
771 1842 780 1858 ,
796 1822 851 1849 Dei
860 1818 959 1857 gratia*
967 1842 977 1858 ,
991 1817 1178 1859 Cantuarienfi
1185 1820 1249 1848 Ar-

187 1860 354 1900 chiepiscopo,
371 1863 452 1889 totius
466 1858 579 1896 Angliae
596 1861 735 1897 Primate,

223 1899 380 1929 Reverendo
399 1901 467 1928 Viro
481 1920 491 1935 ,
522 1900 638 1926 Domino
658 1897 774 1926 Roberto
799 1896 832 1926 de
851 1894 1018 1936 stratford,
1049 1894 1249 1926 Archidiacono

187 1936 393 1975 Cantuariergfi,
409 1937 533 1974 praedic‘li
547 1938 625 1973 Regis
640 1934 828 1974 Cancellario,

222 1974 356 2012 Magistro
368 1975 486 2004 Ricardo
499 1975 532 2004 de
544 1976 571 2002 B
566 1974 744 2014 ynteworth,
763 1977 867 2012 Legum
879 1971 1041 2013 Pmfiffiare,

222 2016 269 2044 Ac
281 2016 421 2050 Dominis,
440 2015 558 2042 Henrico
573 2013 605 2042 de
637 2016 765 2052 errat-iis,

223 2054 266 2081 Et
279 2051 412 2089 Johanne
427 2055 520 2080 Sturm
543 2073 553 2089 ,
572 2054 619 2080 Mi
636 2051 712 2081 'tibus
722 2075 732 2090 ,

221 2089 338 2130 Teslibus
352 2062 534 2129 adpraemffi
547 2093 652 2120 vocatis
667 2089 705 2125 &
720 2092 830 2128 rogatis.

184 2170 267 2223 ET
275 2179 337 2206 ego,
353 2168 501 2206 Ricardus,
514 2175 596 2197 natus
610 2167 727 2208 Philippi
740 2167 867 2199 Lovecok
880 2167 912 2197 de
927 2168 1103 2207 Twynerton,
1123 2164 1252 2203 Clericus,

249 2205 406 2245 Oxonienfis
424 2205 563 2247 Dioecests‚
587 2206 711 2236 Publicus
732 2208 898 2237 austeritate
919 2206 1074 2247 Apostolica'
1096 2207 1249 2242 Notarius,

177 2244 316 2284 praemiffis
329 2244 444 2274 omnibus
458 2242 496 2279 ὠ·
522 2245 633 2283 iugulis,
642 2244 763 2284 fiaeperius
772 2253 819 2283 per
832 2255 872 2273 me
880 2242 1008 2283 scriptis,
1025 2243 1081 2273 unax
1103 2254 1160 2273 cum
1210 2253 1248 2272 ιε-

184 2282 262 2313 distis
282 2282 417 2322 Testibus,
430 2291 489 2321 prae
502 2293 546 2312 ens
559 2283 625 2323 fui,
643 2283 681 2318 &
702 2285 748 2313 Ea
767 2282 829 2322 fieri
849 2283 911 2313 vidi
932 2282 972 2318 ὠν
994 2284 1109 2321 audivi,
1134 2250 1248 2321 Iplquue

184 2325 213 2350 in
227 2321 296 2352 hanc
305 2321 442 2360 publicam
448 2321 574 2362 formam
590 2323 693 2361 redegi,
708 2321 747 2358 ὠ·
754 2321 829 2363 figno
847 2332 902 2351 meo
925 2320 1045 2360 conficeto
1058 2321 1173 2363 signavi
1191 2322 1248 2350 Ro-

182 2367 272 2397 gatus.

209 2488 259 2521 De
277 2485 469 2532 compellendo
485 2486 641 2532 Religinsbs
663 2488 701 2524 ζῇ·
727 2486 801 2518 alios
816 2485 861 2518 ad
875 2483 1095 2528 custodiendum
1112 2487 1221 2519 Litora

467 2539 578 2570 Maris
594 2538 625 2567 in
645 2534 748 2580 lnstaela
768 2533 804 2567 de
817 2536 960 2569 Tanneto.

191 2620 244 2676 R
256 2618 339 2658 EX,
359 2619 483 2651 Dileffls
500 2620 533 2650 &
548 2618 688 2650 Fidelibus
702 2618 771 2658 suis,
789 2617 875 2650 Petro
889 2618 1049 2660 Heyward,
1067 2619 1101 2650 &
1113 2618 1244 2650 Thomae

264 2659 300 2689 de
315 2659 421 2689 saneto
436 2658 603 2696 Nicholao,
621 2657 756 2689 Salutem.

223 2695 321 2728 Sciatis
335 2697 431 2735 quod,

222 2734 302 2766 Cum
318 2745 407 2774 nuper
421 2734 648 2775 affignaverimus
661 2745 713 2766 vos
725 2733 760 2764 ad
775 2743 879 2765 omnes
892 2733 1036 2765 Homines
1051 2756 1062 2772 ,
1079 2733 1115 2764 de
1128 2733 1243 2772 singulis

185 2772 284 2811 Villis,
303 2774 338 2804 de
356 2773 518 2804 Hundredo
536 2774 572 2803 de
590 2772 756 2812 Ryngesso,
772 2774 801 2803 in
816 2772 905 2803 Insula
918 2773 954 2803 de
965 2772 1119 2811 Tanneto,
1137 2773 1165 2802 in
1179 2772 1243 2803 Co-

187 2813 285 2842 mitatu
303 2811 415 2843 Kantiae
429 2835 438 2850 ,
463 2812 524 2842 tam
544 2811 616 2842 infra
635 2812 807 2850 ubertates,
823 2816 910 2850 quam
926 2819 1016 2849 extra,
1036 2810 1245 2850 Defensabiles,

186 2850 246 2882 tam
262 2849 368 2881 Milites
383 2852 416 2882 &
432 2850 608 2889 Armiger0s‚
627 2850 713 2888 quam
729 2850 814 2888 alios,
833 2848 1037 2888 Arraiandum,

226 2888 265 2919 Et
289 2887 366 2927 Ipsos
388 2889 422 2919 &
443 2899 543 2919 eorum
566 2889 737 2927 quemlibet,
747 2890 826 2927 juxta
842 2888 934 2920 Status
949 2888 987 2918 sui
1001 2888 1177 2927 decentiam,
1194 2886 1246 2919 sub

187 2927 266 2959 certa
281 2926 374 2958 form&⁴
395 2927 504 2957 Armati
519 2927 677 2958 faciendum
687 2950 697 2965 ‚

224 2965 270 2996 Ac
292 2966 376 2996 etiam
396 2965 430 2995 ad
451 2975 552 2995 omnes
571 2965 638 2995 alios
650 2964 794 2996 Homines
809 2988 818 3004 ,
837 2964 987 2996 Hundredi
1002 2964 1128 3002 praedicti
1142 2965 1244 3005 Impo-

185 3012 277 3037 tentes
292 3027 302 3042 ,
325 3003 428 3034 Terras
442 3027 452 3042 ,
475 3003 656 3034 Tenementa
692 3003 771 3035 Bona
782 3027 791 3043 ,
807 3004 841 3035 &
855 3003 980 3043 Catalla,
995 3005 1024 3034 in
1038 3003 1142 3034 eodem
1158 3003 1246 3035 Hun-

175 3042 276 3080 ,cr-edo
290 3043 440 3080 habentes,
458 3042 492 3072 ad
506 3042 593 3072 Arma
608 3026 795 3072 Anidendum
803 3065 813 3081 ,

222 3081 292 3111 Nec
312 3091 372 3112 non
392 3081 426 3111 ad
441 3090 542 3111 omnes
556 3079 698 3111 Homines
713 3080 879 3119 prcedidtos,
897 3081 974 3120 tarn,
989 3079 1136 3119 videlicet,
1158 3079 1243 3121 Illos,

186 3129 258 3158 quos
280 3119 364 3149 iidem
385 3119 558 3157 Impotentes
572 3129 625 3157 pro
640 3120 677 3149 eis
692 3120 820 3149 invenire
835 3119 955 3155 vellent,
972 3120 1058 3157 quam
1071 3120 1154 3158 alios,
1170 3129 1244 3150 con-

185 3166 225 3189 tra
237 3157 344 3187 Hostes
359 3157 486 3196 nostros,
504 3157 523 3187 sl
537 3157 673 3196 Regnum
686 3157 815 3188 nostrum
831 3158 861 3187 in
877 3159 1000 3195 partibus
1021 3157 1120 3188 Insulae
1140 3158 1242 3195 praedi-

186 3197 261 3234 ctae‚
278 3196 323 3226 seu
337 3196 401 3226 alibi
416 3197 444 3226 in
459 3196 540 3226 distis
555 3196 677 3233 partibus
691 3195 823 3234 Kantiae,
839 3195 947 3235 ingredi
960 3196 1175 3236 praesumerent,
1190 3196 1243 3227 du-

186 3235 311 3265 cendum
320 3257 329 3272 ,
348 3235 478 3272 quotiens
490 3233 652 3265 Periculum
665 3235 808 3272 imineret,

224 3272 265 3303 Ita
285 3272 365 3310 quod
385 3272 436 3312 lpfi
457 3282 557 3303 omnes
570 3295 580 3309 ‚
605 3273 643 3303 fic
667 3273 785 3303 Arraiati
798 3296 808 3310 ,
826 3271 956 3309 Prompti
970 3272 1022 3302 sint
1038 3272 1070 3303 &
1084 3272 1190 3311 Parati,
1207 3273 1243 3304 ad

186 3310 422 3350 proficiscendum
437 3333 446 3349 ,
472 3312 500 3340 in
522 3311 689 3349 obsequium
710 3311 839 3342 nostrum
854 3333 864 3348 ,
889 3320 942 3348 pro
959 3309 1133 3341 Defenfione
1147 3311 1244 3351 Regni

184 3349 293 3387 nostri,
310 3357 409 3380 contra
424 3349 537 3379 hostiles
552 3349 727 3386 invasiones,
748 3350 767 3379 si
782 3348 945 3379 Periculum
960 3349 1075 3378 imineat
1089 3349 1223 3388 aliquale,

227 3387 298 3418 Nec
309 3397 368 3417 non
385 3387 419 3418 ad
434 3387 564 3425 quaedam
577 3386 627 3417 alia
641 3410 651 3425 ,
676 3388 704 3417 in
721 3388 833 3418 Litteris
849 3386 950 3417 nostris
964 3386 1141 3426 patentibus,
1159 3389 1242 3419 vobis

189 3425 256 3457 inde
269 3426 422 3464 confectis,
440 3434 572 3456 contenta
584 3448 594 3463 ,
617 3426 777 3456 faciendum
799 3426 833 3456 &
848 3425 1031 3464 explendum,
1051 3434 1134 3464 prout
1147 3427 1176 3456 in
1190 3427 1243 3457 eis-

190 3463 257 3493 dem
270 3464 382 3494 Litteris
396 3463 496 3494 nostris
510 3464 617 3501 plenius
632 3465 807 3494 continetur:

229 3502 273 3532 Ac
286 3504 346 3540 jam
364 3502 581 3533 intellexerimus
601 3502 681 3540 quod
703 3513 754 3533 vos
769 3526 779 3540 ,
797 3503 826 3532 in
840 3501 1013 3532 Arraiatione
1027 3503 1060 3534 &
1078 3502 1242 3533 Affenfione

192 3539 358 3570 Hominum
373 3541 591 3578 praedictorum,
606 3550 639 3571 ac
652 3540 727 3580 aliis,
745 3542 772 3570 in
786 3540 866 3570 dietis
881 3540 993 3570 Litteris
1010 3540 1112 3574 nostris
1124 3548 1244 3572 conten-

191 3579 224 3608 tis
258 3578 392 3609 faciendis
401 3601 410 3616 ,
428 3578 616 3617 Negligentes
627 3578 715 3609 fuistis
731 3580 764 3610 ὃς
777 3578 871 3616 tepide
884 3588 935 3608 vos
949 3579 1097 3617 habuistis,

231 3600 267 3646 {lt
286 3616 365 3654 quod
387 3618 445 3647 tam
468 3616 577 3647 Praelati
598 3616 735 3655 Religiosi
750 3640 760 3656 ,
786 3617 872 3655 quam
893 3617 937 3647 alii
953 3639 963 3653 ,
981 3616 1085 3647 Terras
1100 3618 1134 3648 δε
1146 3616 1245 3648 Tene-

193 3662 286 3684 menta
306 3656 335 3684 in
359 3654 449 3685 Insula
469 3654 603 3692 praediola
622 3655 754 3686 habentes
767 3680 777 3693 ,
801 3655 838 3685 Se
861 3655 898 3686 de
911 3654 1010 3685 eadem
1022 3654 1113 3685 Insula
1126 3665 1246 3687 retraxe-

194 3699 276 3729 runt,
293 3693 326 3722 ὅ(
340 3693 460 3730 Aliquos
472 3693 615 3724 Homines
625 3693 794 3724 sufficientes
817 3703 868 3731 pro
882 3693 1045 3723 defensione
1063 3692 1161 3723 Insulae
1174 3704 1246 3732 prae-

194 3727 276 3772 didiae
290 3729 357 3760 loco
370 3731 418 3760 suo
433 3741 492 3761 non
509 3731 687 3770 dimiserunt,
705 3731 780 3762 unde
795 3730 960 3762 Periculum
975 3731 1074 3762 Nobis
1087 3732 1121 3762 &
1134 3731 1245 3763 Homi-

196 3765 294 3832 ῃιὶῖὲῐιε,
312 3768 339 3796 in
353 3768 451 3799 eadem
464 3768 553 3801 Insula
566 3769 747 3809 degentibus,
764 3770 801 3800 de
814 3770 887 3801 facili
903 3771 1007 3809 poterit
1018 3771 1146 3809 evenire,

268 3813 316 3840 os,

233 3839 353 3877 Propter
363 3845 504 3885 ‚quaedam
525 3845 614 3876 Nova
629 3869 639 3885 ,
659 3856 723 3884 quae
738 3845 839 3876 nostris
855 3847 965 3878 auribus
976 3847 1174 3883 insonuerunt,
1192 3856 1248 3877 vo-

193 3879 280 3923 lentes
288 3878 492 3923 Arraiationem
505 3884 538 3914 ὃς
553 3884 742 3915 Affeffionem
754 3885 934 3923 supradictas,
951 3895 985 3916 ac
1004 3886 1056 3916 alia
1070 3908 1080 3924 ,
1098 3887 1128 3916 in
1143 3884 1247 3915 eisdem

194 3917 308 3948 Litteris
318 3917 416 3947 nostrls
428 3928 557 3951 contenta
565 3945 574 3959 ,
593 3923 613 3952 fi
627 3923 757 3953 nondum
770 3922 843 3953 faeta
856 3924 985 3962 fuerunt,
1002 3924 1096 3955 modis
1107 3924 1243 3954 omnibus

172 3974 174 3976 v
193 3965 264 3986 cum
284 3954 422 3985 celeritate
434 3978 444 3994 ,
467 3958 523 3994 qua
542 3959 599 3989 fieri
617 3962 735 4000 poterit,
752 3960 830 3999 fieri,
843 3962 920 3999 juxta
931 3970 1062 3994 tenorem
1075 3962 1244 3993 Litterarum

193 3991 354 4026 nostrarum
369 3995 548 4032 earumdem,

230 4029 446 4064 considerantes
464 4033 548 4063 etiam
568 4033 703 4074 Dampna
721 4037 756 4070 &
776 4035 903 4070 Pericula
917 4060 927 4077 ,
943 4048 1009 4077 quae
1020 4048 1070 4079 per
1084 4037 1245 4078 hujusmodi

631 124 1435 179 CONVENTIONES,

1340 40 1357 66 Χ

1491 122 1881 170 LITERAE,

1276 210 1392 243 hostiles
1406 210 1570 242 Invafiones
1582 209 1666 240 nobis
1681 209 1714 239 δε
1728 208 1828 239 Insulae
1843 206 2004 246 praedicstae,
2023 215 2073 245 per
2087 209 2184 240 mimis
2203 208 2345 241 sufficien·
2365 202 2442 234 Aml-
2456 201 2501 232 D·

1280 259 1340 282 tem
1359 249 1529 280 Custodiam
1543 248 1667 288 ejusdem
1682 247 1798 285 Insulae,
1815 255 1949 285 poterunt
1965 245 2055 288 (quod
2066 246 2146 283 absit)
2161 249 2290 287 evenire,
2396 249 2483 280 1337-

1318 288 1355 319 Et
1369 288 1450 327 quod
1464 298 1566 319 omnes
1580 286 1702 325 ejusdem
1719 285 1819 316 Insulae
1834 285 1869 315 ad
1883 285 2091 315 Defenixonem
2106 285 2230 323 ejusdem
2245 309 2255 323 ,
2269 287 2348 325 juxta
2367 283 2436 311 ΕΜ·
2455 289 2482 318 3·

1282 328 1467 365 quantitatem
1489 327 1645 357 Terrarum
1660 348 1670 363 ,
1694 324 1945 355 Tenementorum
1959 347 1968 361 ,
1988 322 2154 361 Bonorum,
2173 325 2207 355 &
2224 323 2350 356 Catano-

1283 376 1346 397 rum
1357 389 1367 404 ,
1385 376 1450 404 quae
1465 366 1570 396 habent
1582 366 1611 395 in
1623 363 1724 395 eadem
1738 362 1848 402 Insula,
1868 361 1974 392 Manus
1986 370 2116 393 tenentur
2128 372 2273 401 apponere
2289 363 2352 395 Ad-

1280 412 1414 473 JUtKrlbbsis’
1427 442 1595 474 mandamus
1608 441 1706 481 quod,
1724 441 1801 472 circa
1818 437 2273 485 &minionem-&Affeffionem
2286 440 2354 485 Ho-

1284 482 1399 512 minum
1420 481 1624 518 praedie'torum
1675 480 1695 511 fi
1717 478 1849 510 nondum
1866 478 1950 508 faetae
1964 478 2085 516 fuerint,
2105 488 2176 508 cum
2191 488 2275 509 omni
2289 479 2354 509 dili—

1303 519 1378 550 entia
1393 519 1558 558 intendam,
1575 521 1610 551 &
1625 503 1711 562 tilia,
1722 525 1855 549 contenta
1871 515 1999 560 indit-{tis
2019 516 2134 547 Litteris
2158 516 2280 562 nostris,
2298 528 2354 549 vo⁴

1307 559 1327 588 is
1348 557 1414 626 indde
1437 557 1598 597 confectis,
1622 557 1726 589 faciatis
1744 557 1778 588 δε
1799 555 1928 594 expleatis
1944 562 2023 594 Juxta
2036 564 2168 587 tenorem
2181 555 2355 588 Litterarum

1287 607 1385 627 earum
1407 606 1454 626 em

1326 635 1371 665 Ac
1391 620 1492 665 omn’es
1505 633 1650 665 Homines
1668 633 1820 665 Hundredi
1832 631 1978 672 praediffl,
1995 633 2055 663 tam
2070 631 2205 665 Praelatos
2220 632 2355 671 Religio-

1288 673 1349 711 s05,
1369 674 1455 711 quarn
1471 672 1554 703 Alios
1596 672 1631 702 ad
1649 672 1870 711 inveniendum,
1883 672 1960 709 juxta
1973 672 2160 710 quantitatem
2175 672 2352 711 Terrarum,

1287 712 1537 754 Tenementorum
1547 733 1557 749 ,
1569 695 1741 754 ⁷Bonorum,
1759 710 1994 749 &Catallorum,
2012 721 2079 753 quae
2092 711 2197 741 habent
2210 712 2240 741 in
2254 710 2356 742 eadem

1289 750 1396 788 Insula,
1414 749 1590 780 Sufficientes
1613 748 1758 780 Homines
1777 759 1831 787 pro
1851 749 2026 780 Defenfione
2049 749 2191 788 ejusdem,
2206 749 2226 780 fi
2240 749 2356 781 Pericu-

1288 789 1349 820 lum
1364 798 1399 820 ex
1414 787 1574 827 hujusmodi
1590 786 1731 817 Hostium
1741 787 1906 818 nostrorum
1920 788 1939 807 ¹¹¹¹
1957 787 2140 827 Aggreffibus
2153 788 2287 827 imineat,
2300 798 2355 820 nec
2375 782 2390 799 '
2415 784 2468 811 ῙΥ·

1288 837 1348 858 non
1362 827 1395 857 ad
1409 827 1507 857 Litora
1524 825 1612 855 Maris
1629 825 1701 856 infra
1715 825 1836 857 eandem
1855 825 1974 857 Insulam
1993 826 2233 865 custodiendum,
2254 827 2287 858 &
2300 827 2355 858 Vi-
2375 831 2440 858 79²·

1288 867 1364 905 gilias
1386 875 1435 904 per
1459 863 1612 895 Costeram
1635 863 1725 894 Maris
1748 864 1856 894 ibidem
1870 864 2049 903 faciendum,
2069 875 2119 903 per
2132 865 2354 905 Distriffiones,

1289 906 1323 935 &
1337 904 1395 935 aliis
1410 904 1462 934 viis
1477 904 1510 934 &
1525 902 1633 939 modis,
1650 902 1752 940 quibus
1767 912 1820 940 pro
1832 902 1982 933 salvatione
1993 903 2063 934 dieti
2078 903 2108 934 R
2165 905 2174 933 i
2195 904 2301 943 nostri,
2319 906 2354 937 δε

1289 942 1383 974 secura
1397 941 1537 973 Custodia
1550 940 1649 972 Insulae
1664 940 1806 978 praedi&ae
1821 962 1832 978 ‚
1856 940 1958 970 melius
1973 941 2007 972 &
2024 943 2132 973 rationa
2154 943 2217 973 ilius
2230 944 2293 974 fore
2309 945 2354 975 vi-

1289 981 1384 1012 deritis
1398 980 1581 1018 faciendum,
1596 979 1788 1018 compellatis,
1805 979 1839 1010 &
1853 978 1933 1016 quod
1947 979 2033 1010 iidem
2045 980 2190 1012 Homines
2204 982 2233 1011 in
2251 981 2354 1013 eadem

1289 1019 1382 1051 Insula
1404 1029 1458 1058 pro
1480 1018 1656 1049 Defenfione
1677 1017 1799 1056 ejusdem
1820 1017 1858 1048 Se
1873 1025 2001 1055 teneant,
2019 1018 2069 1048 nisi
2085 1018 2250 1051 Periculum
2265 1021 2355 1052 aliun-

1288 1059 1349 1128 ἒξεά
1359 1067 1394 1088 ex
1409 1056 1570 1097 hujusmodi
1584 1055 1725 1087 Hostium
1740 1055 1905 1088 nostrorum
1917 1055 2097 1097 Aggreffibus
2110 1080 2121 1096 ,
2139 1059 2254 1091 imineat
2266 1067 2296 1090 ut
2312 1059 2355 1091 est

1310 1108 1318 1128 1
1351 1107 1409 1127 um.

1328 1135 1362 1166 In
1375 1135 1469 1173 cujus,
1487 1135 1549 1166 &c.

1326 1173 1418 1206 Teste
1434 1173 1517 1214 Rege
1528 1172 1603 1213 apud
1615 1171 1925 1219 Westmonasterium‚
1944 1172 2081 1205 vicefimo
2101 1172 2210 1206 ostavo
2221 1174 2267 1207 die
2275 1175 2353 1215 Julii.

2032 1252 2085 1281 Pec
2099 1250 2250 1283 Concilium.

1425 1381 1484 1412 Pro
1501 1377 1631 1411 Wzltero
1647 1376 1683 1410 de
1698 1380 1820 1428 Manny
1831 1404 1841 1421 ‚
1867 1376 2046 1411 Admirallo
2062 1375 2225 1421 constituto.

1293 1465 1349 1520 R
1361 1463 1426 1495 EX
1453 1464 1606 1503 omnibus,
1624 1463 1658 1494 ad
1674 1473 1766 1502 quos,
1783 1463 1845 1494 &c-
1865 1462 2003 1494 Salutem.
2375 1469 2452 1501 Αηῃ,
2464 1470 2507 1501 Π;

1390 1502 1490 1533 Sciatis
1505 1502 1586 1541 quod
1601 1512 1673 1540 nos,
2396 1517 2481 1549 1337,

1326 1540 1376 1572 De
1388 1540 1519 1572 fidelitate
1554 1541 1654 1572 robata
1667 1541 1701 1572 &
1718 1540 1974 1579 circumspectione
1987 1538 2125 1581 provida,
2139 1537 2250 1574 Dileeti
2264 1541 2297 1574 &
2310 1540 2359 1573 Fi·
2374 1552 2427 1576 Aa.
2446 1558 2489 1576 ιι.

1290 1579 1360 1610 delis
1374 1580 1480 1618 nostri,
1544 1579 1620 1610 alteri
1634 1580 1671 1610 de
1684 1579 1812 1620 Manny,
1831 1579 1954 1618 plenarie
1968 1579 2163 1618 confidentes,
2376 1591 2407 1614 E.
2428 1596 2453 1624 3,

1327 1617 1537 1649 Constituimus
1551 1618 1643 1656 ipsum
1658 1617 1823 1649 Walterum
1839 1617 2028 1656 Capitaneum
2043 1617 2276 1650 &Admirallum
2289 1619 2358 1651 Flo-
2374 1626 2440 1662 Vasc.
2465 1635 2510 1654 ιι.

1290 1663 1327 1687 tae
1347 1656 1452 1688 nostrae
1472 1657 1607 1687 omnium
1626 1655 1758 1687 Navium
1773 1680 1783 1695 ,
1804 1658 1864 1688 tam
1888 1656 2007 1694 Magnae
2025 1655 2241 1696 Jernemuthae,
2270 1660 2358 1697 quam
2375 1668 2405 1692 Ε.
2427 1672 2452 1702 3.
2470 1673 2510 1697 m„

1289 1697 1424 1726 omnium
1438 1695 1561 1725 aliorum
1582 1694 1725 1725 Portuum
1746 1695 1781 1726 &
1804 1695 1955 1726 Locorum
1966 1718 1977 1734 ,
1999 1696 2034 1725 ab
2050 1695 2112 1726 Ore
2127 1696 2223 1734 Aquae
2234 1697 2360 1728 Thami-
2378 1711 2421 1740 ¹5·

1289 1733 1351 1772 fiae,
1371 1744 1419 1772 per
1433 1733 1587 1765 Costeram
1602 1732 1709 1772 Maris,
1726 1733 1818 1764 versus
1832 1742 1920 1772 partes
1935 1733 2080 1772 Borealoe,
2097 1744 2164 1774 quas
2179 1734 2214 1765 ad
2230 1734 2359 1773 proficis-

1291 1772 1416 1803 cendum
1431 1796 1442 1811 ,
1467 1773 1496 1802 in
1514 1773 1683 1810 obsequium
1702 1772 1830 1802 nostrum
1845 1796 1854 1810 ,
1877 1782 1930 1810 pro
1944 1771 2120 1803 Defenfione
2135 1772 2233 1813 Regni
2247 1775 2356 1815 nostri,

1289 1810 1339 1841 sub
1353 1810 1429 1841 certa
1443 1810 1554 1849 forma,
1571 1811 1661 1848 parari
1676 1809 1891 1849 mandavimus,
1929 1810 2046 1841 uamdiu
2060 1812 2144 1841 nobis
2157 1812 2308 1849 placuerit:

1327 1847 1436 1880 Dantes
1455 1849 1548 1879 eidem
1562 1848 1697 1879 Waltero
1711 1873 1721 1887 ,
1740 1857 1839 1879 tenore
1852 1859 1890 1887 pr
1922 1850 2048 1887 entium,
2067 1849 2238 1888 potestatem
2253 1861 2357 1883 omnes

1290 1887 1324 1919 &
1348 1887 1474 1925 singulos
1486 1910 1497 1926 ,
1525 1885 1694 1917 Marinarios
1714 1887 1747 1918 ὃς
1761 1887 1846 1925 alios,
1863 1887 1899 1917 de
1916 1887 1999 1918 Flora
2012 1887 2109 1918 nostra
2122 1888 2258 1925 praedieta
2273 1890 2357 1920 casti—

1289 1925 1373 1994 ganfili
1394 1927 1438 1995 &t
1451 1924 1586 1964 puniendi
1599 1948 1610 1964 ,
1632 1933 1719 1964 prout
1734 1924 1844 1965 justum
1864 1925 1948 1956 fuerit
1961 1948 1972 1965 ,
1998 1925 2032 1957 &
2054 1935 2138 1964 prout
2150 1926 2284 1959 haetenus
2296 1927 2356 1960 fieri

1290 1974 1328 1996 co
1362 1974 1425 1995 uevl
1441 1986 1447 1993 .

1326 2002 1360 2034 In
1373 2003 1452 2040 cujus
1459 2025 1470 2042 ‚
1488 2003 1549 2034 &c.

1364 2040 1453 2073 Teste
1470 2040 1554 2081 Rege
1567 2040 1640 2080 apud
1653 2040 1775 2072 Turrim
1789 2039 1926 2072 London.
1943 2040 2101 2072 undecimo
2114 2040 2161 2072 die
2175 2041 2308 2081 Augusti.

1982 2119 2037 2149 Per
2049 2116 2132 2158 ipfitm
2146 2120 2252 2157 Regem.

1290 2195 1386 2259 ET
1404 2194 1575 2228 Mandatum
1590 2196 1631 2227 est
1644 2196 1780 2228 omnibus
1796 2195 1829 2227 &
1841 2195 1953 2234 singulis
1967 2218 1977 2234 ‚
1997 2194 2018 2226 h
2072 2197 2077 2202 '
2107 2197 2159 2235 ris,
2177 2194 2357 2236 Marinariis,

1367 2236 1401 2267 δε
1416 2236 1474 2266 aliis
1489 2259 1499 2274 ,
1520 2235 1556 2266 de
1577 2235 1661 2266 Flora
1677 2235 1828 2274 praediCta,
1846 2234 1927 2273 quod
1942 2234 2035 2265 eidem
2069 2234 2202 2272 Valtero,
2220 2242 2353 2273 tanquam

1287 2273 1447 2312 Capitaneo
1461 2275 1494 2305 ὃ(
1510 2274 1668 2305 Admirallo
1682 2274 1773 2304 Flotae
1787 2274 1873 2312 illius,
1892 2274 1922 2303 in
1937 2274 2072 2304 omnibus
2093 2273 2146 2304 fint
2157 2273 2357 2311 respondentes

1288 2313 1322 2344 &
1339 2313 1534 2351 intendenteS,
1552 2312 1622 2344 sicut
1637 2313 1808 2351 praedic‘tum
1823 2311 1873 2342 est.

1324 2351 1416 2382 Teste
1431 2362 1461 2383 ut
1475 2351 1563 2390 supra.

1286 2467 1383 2528 ET
1402 2467 1567 2499 mandatum
1587 2466 1630 2498 est
1648 2466 1766 2505 praefato
1777 2466 1912 2498 Waltero
1929 2466 2026 2505 quod,
2043 2463 2236 2511 ad‘praemiffi·
2247 2464 2353 2508 facien-

1365 2505 1436 2536 dum
1452 2507 1482 2536 in
1496 2505 1590 2537 formfi
1604 2505 1756 2544 praediffl,
1774 2515 1842 2536 cum
1856 2506 1940 2536 omni
1954 2505 2099 2541 diligentia
2115 2505 2148 2534 &
2161 2501 2355 2541 solicitudine,

1287 2544 1390 2582 quibus
1402 2545 1526 2584 poterit,
1545 2544 1670 2576 intendat
1683 2567 1694 2583 ,
1709 2544 1743 2576 &
1759 2543 1839 2582 quod
1853 2543 1912 2574 hoc
1923 2566 1934 2581 ,
1953 2542 2022 2573 ficut
2033 2539 2099 2572 Rex
2114 2541 2150 2571 de
2165 2550 2202 2572 eo
2215 2540 2353 2579 confidit,

1284 2583 1440 2614 nullatenus
1453 2584 1578 2614 omittat.

1324 2621 1414 2652 Teste
1427 2630 1458 2652 ut
1470 2622 1559 2659 supra.

1997 2390 2052 2420 Per
2065 2388 2134 2420 idem
2147 2391 2250 2419 Breve.

1977 2657 2030 2686 Per
2044 2655 2126 2695 ipsum
2138 2658 2242 2695 Regem.

1286 2803 1344 2835 Pro
1363 2797 1571 2833 Bartholomaeo
1585 2798 1622 2833 de
1645 2796 1819 2846 Burghersh
1837 2801 1956 2845 pariter
1983 2797 2163 2833 Admirallo
2183 2796 2350 2842 constituto.

1347 2883 1446 2914 Odem
1459 2883 1551 2915 modo
1565 2883 1746 2916 constituitur
1784 2883 1904 2914 diled'i‘us
1917 2884 1951 2916 δε
1965 2881 2052 2914 fidelis
2066 2882 2158 2922 Regis
2171 2908 2182 2922 ,
2202 2883 2353 2916 Bartholo-
2371 2887 2448 2920 Ann.
2459 2888 2501 2920 D.

1310 2961 1314 2966 Ι
1367 2933 1456 2953 maeus
1476 2920 1690 2966 delBurgheffh
1705 2945 1715 2961 ,
1740 2906 1910 2967 Admirallus
1930 2922 2021 2953 Flotae
2036 2921 2128 2967 Regis
2139 2924 2272 2966 omnium
2288 2923 2355 2954 Na·
2392 2935 2477 2968 1337,

1287 2971 1384 3000 V1um,
1402 2962 1460 2991 tam
1476 2969 1602 2999 qumque
1616 2959 1758 2992 Portuum
1781 2960 1871 3000 Regis
1894 2962 1980 3005 quam
1995 2970 2129 2992 omnium
2144 2960 2265 2992 aliorum
2279 2961 2353 2992 Por-
2369 2970 2424 2995 An.
2443 2977 2486 2996 ιι,

1286 3007 1368 3043 tuum
1382 3000 1416 3030 &
1431 2999 1599 3037 Locorum,
1617 2999 1657 3043 ab
1667 2998 1729 3030 Ore
1743 2999 1836 3039 Aquae
1849 2999 2005 3030 Thamifiae
2018 3022 2029 3037 ,
2044 3009 2093 3036 per
2108 2997 2261 3029 Costeram
2281 2999 2351 3044 Ma·
2369 3009 2400 3033 E.
2422 3014 2447 3042 3„

1286 3047 1339 3108 ξδ’
1354 3037 1781 3115 ἔιᾟὲἰιὲἷὶῖὲὼῖιΐάἒῖῐῗ
1794 3037 2004 3115 ’ςὲιὲρὲῗέἓέ
2016 3036 2183 3107 ῗτῗὶῗὲῃὲἶω
2195 3037 2351 3070 ⁰⁰⁰smffi‘
2369 3043 2435 3072 Μ·

1309 3087 1339 3107 us
1440 3087 1454 3107 a
1650 3099 1661 3116 ‚
1712 3087 1730 3108 u
1743 3087 1758 3107 a
1781 3087 1794 3107 s
2159 3098 2165 3105 ·

1477 3219 1535 3250 Pro
1553 3216 1673 3250 Ballivo
1692 3213 1846 3263 Johannis
1865 3215 1964 3248 Ducis
1983 3215 2155 3248 Britanniae.

1287 3307 1417 3366 REX
1441 3305 1668 3338 Vicecomitibus
1680 3327 1691 3344 ‚
1717 3304 1826 3336 Ballivis
1842 3328 1854 3344 ,
1880 3303 2021 3336 Ministris
2033 3329 2043 3343 ,
2068 3305 2103 3337 &
2124 3304 2181 3336 aliis
2207 3303 2350 3337 Fidelibus
2367 3305 2445 3337 Ann-
2456 3304 2499 3336 D.·

1363 3347 1434 3384 suis,
1451 3346 1485 3377 ad
1500 3356 1588 3384 quos,
1609 3345 1670 3376 &c.
1689 3343 1825 3375 Salutem.
2391 3352 2478 3383 1337.

1322 3383 1422 3415 Sciatis
1433 3384 1532 3423 quod,
2364 3387 2416 3411 An.
2431 3393 2440 3410 ι
2450 3392 2475 3411 ι.

1321 3422 1421 3461 Cum,
1437 3424 1519 3454 certis
1533 3422 1569 3453 de
1580 3421 1680 3460 causls,
1698 3421 1818 3458 Terras,
1834 3420 2031 3459 Tenementa,
2049 3419 2130 3452 Bona
2144 3445 2154 3459 ,
2172 3420 2208 3452 &
2220 3418 2342 3456 Catalla,
2362 3424 2389 3449 Ε.
2412 3430 2440 3458 3.

1286 3460 1467 3492 Gallicorum
1482 3462 1515 3493 δι
1528 3462 1665 3499 aliorum,
1683 3461 1730 3498 qui
1744 3460 1780 3490 de
1794 3460 1939 3490 Dominio
1952 3461 1986 3491 &
1999 3458 2142 3490 Potestate
2156 3458 2245 3495 Regis
2257 3457 2342 3487 Fran·
2359 3464 2420 3488 ΡΜ.
2439 3469 2449 3487 ι
2458 3463 2484 3487 ι.’

1286 3501 1338 3530 ciae
1361 3499 1482 3530 existunt
1495 3523 1505 3538 ,
1529 3500 1600 3529 infra
1618 3498 1757 3538 Regnum
1771 3497 1901 3529 nostrum
1916 3498 2025 3537 (Terris
2037 3507 2071 3529 ac
2086 3497 2172 3528 Bonis
2183 3497 2217 3527 &
2229 3494 2343 3539 Catallis
2360 3502 2388 3525 Ε.
2407 3507 2432 3535 3.
2446 3503 2472 3535 p.

1286 3537 1453 3569 Hominum
1465 3537 1597 3569 Duatas
1609 3536 1761 3570 Britanniae
1772 3536 1916 3569 dumtaxat
1929 3536 2065 3575 exceptis)
2080 3537 2141 3574 capi
2151 3535 2300 3565 fecerimus
2312 3543 2342 3564 in
2361 3545 2387 3564 2.
2402 3546 2439 3565 m.
2451 3538 2494 3566 ιι,Ι

1288 3576 1413 3645 Mffiium
1428 3576 1552 3608 nostram
1560 3599 1572 3616 ,

1361 3626 1394 3646 os

1324 3638 1594 3693 Cont'emplatione‚
1611 3652 1731 3684 Nobilis
1743 3651 1807 3683 Viri
1820 3653 1854 3684 δε
1869 3651 1970 3683 Fidelis
1981 3649 2085 3688 nostri,
2099 3648 2236 3688 Johannis
2251 3647 2344 3679 Ducis

1289 3691 1453 3730 Britanniae,
1471 3692 1505 3723 &
1521 3691 1648 3722 Comitis
1660 3691 1900 3730 Richemundiae,
2052 3727 2057 3732 ¹
2101 3726 2107 3731 Ι
2262 3725 2267 3730 ,

1327 3729 1465 3761 Volentes
1483 3730 1645 3769 securitati,
1670 3730 1703 3760 &
1725 3731 1836 3769 quieti,
1859 3739 1893 3760 ac
1911 3727 2108 3771 indempnitati
2121 3748 2131 3763 ,
2145 3724 2282 3763 Johannis
2291 3723 2344 3763 Ju-

1288 3769 1403 3837 nenhsjlm
1415 3792 1432 3838 ,d
1450 3768 1546 3800 Ballivi
1568 3768 1651 3809 ipfius
1665 3767 1774 3806 Ducis,
1791 3767 1865 3806 apud
1878 3767 2008 3798 Manena
2019 3764 2065 3794 sua
2075 3763 2112 3794 de
2125 3762 2344 3801 Baffyngbourn

1288 3808 1347 3865 ἃ*
1361 3818 1423 3884 (igi
1435 3817 1472 3876 ἓξ,
1478 3830 1680 3884 ’Sabaudia,&
1693 3855 1754 3876 non
1765 3844 1802 3875 de
1808 3842 1950 3887 Potestate
1962 3840 2033 3872 diffi
2039 3839 2127 3877 Regis
2135 3838 2277 3878 Franci-ae,
2286 3840 2346 3871 exi-
2361 3859 2377 3876 .
2393 3859 2444 3886 IV¹

1289 3882 1352 3921 stit,
1371 3884 1440 3914 sicut
1452 3893 1486 3915 ex
1500 3884 1667 3916 testimonio
1678 3884 1840 3921 accepimus
1852 3880 2012 3919 fidedsgno,
2422 3917 2427 3924 .

1326 3921 1380 3952 Ne
1393 3922 1474 3962 ipfius
1486 3923 1583 3954 aemuli
1596 3947 1606 3960 ‚
1629 3931 1676 3953 aut
1685 3923 1746 3960 alii,
1763 3930 1798 3951 ex
1813 3921 1944 3958 captione
1953 3917 2106 3961 *Bonorum
2119 3916 2153 3947 &
2169 3915 2345 3948 Catallorum
2362 3905 2415 3934 793

1288 3958 1453 3991 Hominum
1466 3961 1502 3992 de
1517 3961 1660 3992 Potestate
1673 3960 1743 3991 diffl
1755 3958 1843 3998 Regis
1859 3958 1986 3987 Franciae
2026 3953 2205 3985 occafionem
2219 3963 2344 4000 quaerant

1288 3998 1338 4028 fibi
1358 4000 1386 4029 in
1409 3998 1496 4032 Bonis
1516 3999 1570 4032 suis
1583 4021 1595 4039 ‚
1617 3998 1675 4032 five
1698 3999 1729 4029 in
1749 4005 1871 4035 corpore
1886 4016 1896 4033 ,
1913 3976 2077 4030 molestare,
2094 3992 2193 4026 favore
2207 3993 2344 4026 bemvolo

1288 4037 1452 4077 providere,
2281 4067 2333 4103 sus
