2562 4279
26 230 102 262 Ann.
116 230 157 261 D.

47 277 131 310 1341.

24 310 92 337 Edv.
111 318 136 346 3.

22 815 99 848 Arm.
111 814 151 846 D.

42 863 127 894 1341.

19 897 73 921 An.
94 903 135 928 ¹5·

18 954 145 1005 Pat.'i5.

20 1013 151 1045 E.3.p.3.

22 2012 148 2047 Ann.D.

42 2063 126 2094 1342.

19 2097 73 2122 An.
93 2102 133 2128 ¹5·

19 2136 49 2160 E.
73 2142 98 2168 3.

19 2171 85 2200 Clau
99 2179 153 2205 -15-

21 2213 152 2246 E.3.p.3.

21 2256 90 2276 m.1.
104 2248 131 2276 d.

23 2899 42 2918 ⁸
53 2903 154 2936 V.297.

169 147 252 187 118

169 240 202 261 ex
216 240 274 261 tam
289 230 365 260 mera
379 228 558 259 Liberalitate
569 225 614 256 sii-31
628 227 657 255 in
672 225 805 263 praesente
819 222 979 254 necessitate
993 221 1089 266 nostra
1110 229 1230 251 conces-

170 269 217 307 sit,
237 278 283 299 aut
296 268 323 298 id
339 267 416 304 quod
429 267 498 296 dicti
515 264 638 295 Ministri
654 263 743 294 nostri
766 263 822 300 sic,
840 263 948 292 ratione
969 261 1146 303 Officiorum
1168 259 1231 289 fiio-

170 317 251 343 rum,
270 306 339 335 infra
352 305 550 341 Episcopatum
566 302 751 340 praedidium,
769 309 869 332 contra
893 300 1067 330 Libertatem
1089 297 1230 341 ejusdem,

171 344 334 376 transeundo
350 344 379 372 in
393 342 540 373 Comitivci
554 340 648 370 nostrii
664 339 754 370 versus
771 339 882 369 easdem
903 348 1010 376 partes,
1028 337 1172 380 fecerunt,
1187 335 1232 365 di-

170 384 220 414 Cro
241 382 383 419 Episcopo
404 390 450 410 aut
471 379 684 410 Stlccfifforlbus
704 378 755 408 suis
778 387 838 407 nori
856 377 957 408 cedant
971 377 999 406 in
1014 373 1232 417 praejudicium,

171 430 216 451 aut
231 420 316 450 dicite
333 419 483 449 Libertatis
495 419 655 454 lesionem,
673 426 726 446 nec
741 417 769 445 in
782 415 1026 452 Consequentiam
1040 414 1182 444 trahantur
1203 421 1232 442 in

170 460 294 525 futuriIim
304 482 312 495 ,
330 458 407 487 aliter
423 457 509 494 qu‘am
524 456 668 494 praeteritis
681 455 858 493 temporibus
873 453 933 484 fieri
947 452 1102 484 consuevit.

263 506 281 525 n
296 496 374 531 cujus
405 496 464 525 &c.
1211 528 1215 532 ·

207 534 296 564 Teste
320 518 405 572 Reg'e
424 532 497 572 apud
519 532 646 563 Novum
668 530 802 562 Castrum
825 530 903 569 super
917 530 1050 570 Tyriam,
1068 536 1168 568 quarto
1188 526 1234 557 die

172 572 354 603 Decembris.

678 611 731 639 Per
746 611 839 638 Breve
852 608 884 637 de
897 610 1015 638 Privato
1029 605 1129 644 Sigillo.

171 738 264 781 Super
283 733 441 768 Cardinali
453 761 462 776 ‚
489 731 692 767 Praebendizrio
704 760 713 775 ,
741 730 931 778 Adverfhrio
953 734 1040 778 Regis
1058 728 1230 765 adherente.

173 818 289 875 REX
305 818 472 857 Omnibus,
490 817 525 849 ad
541 828 632 856 qiiOS,
647 818 707 848 &c.
727 818 861 849 Salutem.
1157 853 1162 858 ι
1185 852 1191 858 ᾖ

268 857 365 888 Sciatis
386 857 466 895 quod
489 856 692 894 concessimus,
710 856 816 887 dilecto
837 855 954 886 Clerico
975 852 1091 891 nostro,
1109 851 1234 883 Williel-

170 902 221 924 mo
235 896 271 926 de
287 896 448 935 Kyldesby,
466 896 563 925 omnia
578 894 674 925 Exitus
689 896 722 926 ὃς
737 893 866 925 Proficua
882 893 917 923 dc
932 891 1090 923 Praebenda
1104 891 1139 922 de
1153 891 1233 922 Tha-

170 942 234 967 me.
253 936 281 964 in
295 934 421 978 Ecclesia
438 936 525 965 beatae
541 934 641 964 Mariae
657 933 886 977 Lincolniensis,
921 970 926 975 ι
1111 969 1116 974 .
1226 969 1231 974 Ι

171 970 839 1042 coffifflsiffiz-efiiffiiexgissstifissziffli
860 968 1233 1047 ἓὲῗὲετῖῗξεὲἓὲἲὲἶὼςὲὲ

173 1049 209 1080 de
223 1051 300 1081 causa
316 1051 378 1088 capi
392 1051 509 1081 fecimus
524 1051 551 1079 in
564 1049 688 1079 Manum
702 1048 829 1079 nostram
838 1071 848 1087 ,

206 1087 404 1120 Provenientia
411 1112 421 1128 ,

207 1126 346 1157 Habenda
372 1129 404 1158 &
434 1126 617 1165 Percipienda
648 1125 787 1163 quamdiu
811 1124 1000 1156 Praebendam
1017 1122 1183 1162 praedietam
1203 1125 1233 1167 in

171 1164 263 1196 Manu
278 1165 389 1201 nostra,
410 1175 444 1196 ex
458 1165 540 1196 causa
553 1165 707 1204 praediffli,
725 1165 875 1204 contigerit
890 1173 1049 1201 remanere,
1066 1163 1170 1200 absque
1185 1161 1234 1193 ali-

171 1213 231 1243 quo
244 1205 326 1235 nobis
339 1204 406 1234 inde
427 1204 582 1235 reddendo.

206 1242 240 1273 In
256 1244 350 1282 cujus,
369 1244 430 1273 &c.

243 1281 333 1313 Teste
350 1281 434 1322 Rege
447 1280 521 1320 apud
538 1281 658 1313 Menros
667 1306 677 1319 ,
691 1281 825 1312 vicesimo
838 1280 958 1319 septimo
973 1279 1020 1310 die
1035 1278 1217 1310 Decembris.

657 1361 709 1389 Per
726 1361 853 1388 Literam
867 1357 898 1386 de
911 1360 1015 1387 Secreto
1030 1354 1127 1394 sigillo.

231 1437 262 1468 T
277 1437 439 1468 mandatum
451 1436 491 1467 est
504 1435 676 1467 Vicecomiti
689 1435 815 1465 Oxoniae
829 1433 909 1472 quod
922 1433 1110 1465 Praebendam
1132 1433 1234 1471 praedi-

250 1476 344 1514 &am,
363 1477 417 1506 una
439 1485 508 1506 cum
528 1474 656 1505 Exitibus
678 1476 711 1505 ὅ(
731 1473 868 1505 Proficuis
887 1472 921 1503 ad
945 1483 1009 1503 eam
1028 1472 1233 1510 (imitantibus,

171 1524 235 1552 quae
251 1513 315 1545 Rex
328 1516 356 1544 in
369 1513 491 1544 Manum
506 1513 583 1543 suam
597 1524 646 1551 per
657 1513 747 1551 ipsum
759 1511 972 1543 Vicecomitem
986 1512 1048 1549 capi
1073 1511 1234 1549 mandavit,

193 1552 288 1583 raefato
309 1552 470 1582 Willielmo
490 1552 606 1590 liberet,
630 1552 803 1582 Habendam
819 1551 898 1589 juxta
917 1559 1049 1581 tenorem
1075 1550 1234 1581 Literarum

204 1602 219 1621 e
239 1592 258 1621 is
272 1590 487 1629 praeditstarum3

237 1629 275 1673 ult
297 1631 373 1660 enim
396 1628 462 1660 Rex
484 1628 633 1668 praefatum
646 1629 859 1660 vicecomitem
873 1625 940 1658 inde
953 1636 1019 1665 erga
1034 1626 1152 1666 Regem
1166 1636 1235 1658 exo—

170 1677 267 1698 nerari.

207 1705 295 1737 Teste
309 1714 339 1739 ut
354 1706 439 1745 supra.

803 1749 857 1776 Pcr
868 1746 978 1776 candem
991 1748 1129 1775 Literam.

170 1867 228 1902 Ad
255 1871 370 1903 Ducem
391 1867 591 1912 Januenfium
617 1867 652 1900 de
672 1865 771 1914 priska
800 1871 952 1900 Amicitia
978 1865 1138 1901 excolenda
1159 1893 1169 1909 ,
1193 1870 1229 1906 ώ-

383 1915 419 1948 de
441 1918 568 1950 auxilio
586 1917 761 1962 adverfitrio
777 1929 833 1949 non
845 1915 1015 1962 prastando.

170 2001 311 2059 REX,
328 2000 431 2032 Illustri
455 2001 567 2032 Simoni
590 2000 763 2036 Buccanigra
776 2025 786 2038 ,
812 2000 891 2032 Duci
908 2002 1108 2040 Januensium,
1125 2002 1231 2041 Populi

242 2040 409 2077 Defensori,
428 2040 478 2071 suo
491 2042 525 2072 &
541 2039 735 2071 Comunitatis
746 2039 892 2079 Januensis
908 2040 1044 2073 Concilio
1060 2065 1070 2081 ,
1088 2041 1231 2080 Salutem,

169 2078 202 2108 &
216 2080 330 2110 sincerae
345 2078 504 2110 dilectionis
519 2079 665 2109 affec'mm.

206 2117 336 2149 Deledhit
349 2117 472 2155 Regiam
487 2125 614 2148 mentem
627 2115 930 2155 nostram,lllustrium
944 2118 1056 2158 sequela
1070 2118 1233 2159 Majorum,

171 2155 204 2186 &
219 2157 346 2187 nostrum
359 2158 445 2194 majus
460 2156 588 2187 debitum
602 2156 783 2194 eiitimamus,
798 2166 829 2188 iit
839 2180 848 2195 ,
866 2159 916 2196 qui
931 2158 981 2189 illis
995 2158 1187 2190 Successimus
1201 2159 1231 2188 iri

169 2195 266 2233 grandi
277 2194 391 2233 Jurium
407 2195 559 2232 Regalium
576 2194 727 2233 potestate,
744 2195 924 2227 succedamus
945 2198 983 2227 eis
1004 2198 1088 2228 etiam
1100 2198 1129 2226 in
1142 2197 1231 2227 virtu-

171 2241 216 2271 tes,
234 2233 398 2271 specialiter,
415 2242 445 2264 ut
462 2235 510 2272 qui
525 2232 634 2263 Novos
649 2233 771 2264 Amicos
786 2244 912 2272 quaerere
926 2236 1057 2273 cupimus
1071 2260 1081 2275 ,
1096 2236 1132 2266 de
1148 2235 1231 2265 Ami-

168 2273 208 2302 cis
223 2295 232 2310 ,
258 2273 274 2302 a
295 2272 396 2302 nostris
418 2272 671 2302 Praedecessoribus
691 2273 843 2310 antiquitus
863 2273 1002 2312 adquisitis
1014 2298 1024 2312 ,
1049 2277 1230 2313 quantumin

168 2311 250 2341 nobis
265 2310 322 2349 est,
338 2311 461 2349 aliquem
477 2320 536 2342 non
550 2309 712 2350 perdamus,
732 2311 770 2342 set
784 2310 876 2351 Regia
889 2312 951 2343 illos
964 2312 1066 2344 Gratia
1078 2313 1111 2345 δε
1128 2313 1230 2344 Muni-

169 2349 282 2380 ficentiit
296 2350 503 2380 conservemus.

206 2387 356 2419 Novimus
376 2387 512 2425 siquidem
536 2387 615 2426 quod
635 2388 723 2418 nostri
745 2387 966 2420 Praedecessores
981 2413 990 2428 ‚
1008 2390 1154 2421 laudanda:
1167 2400 1231 2420 me-

170 2427 290 2465 moriae,
307 2427 336 2456 in
357 2428 478 2464 partibus
499 2426 701 2456 Transmarinis
723 2425 844 2457 Causam
864 2428 971 2458 Christi
983 2429 1180 2467 prosequentes
1194 2431 1228 2461 &

173 2464 292 2501 Crucis,
312 2464 507 2495 Antecessores
521 2464 628 2494 vestros
637 2464 793 2502 ,Homines
806 2465 906 2496 Terrae
921 2467 1040 2504 vestrae,
1054 2468 1228 2507 habuerunt,

173 2504 203 2533 in
225 2502 271 2534 suti
286 2501 432 2534 Comitiva
444 2527 454 2542 ,
479 2511 510 2534 ut
525 2501 668 2540 Obsequia
683 2502 733 2533 sibi
747 2504 856 2542 unitos,
873 2504 955 2535 Viros
970 2505 1133 2545 Amabiles,
1151 2506 1228 2537 Stre·

171 2551 260 2579 num,
279 2542 312 2572 δε
329 2541 445 2572 Fideles.

205 2579 309 2610 Sumus
327 2581 413 2610 etiam
434 2589 574 2610 memores
598 2579 633 2611 de
653 2581 781 2617 recenti,
807 2590 821 2610 a
842 2583 1050 2619 praeteritorum
1066 2582 1222 2621 (videlicet)

170 2626 300 2656 tempore
320 2618 374 2649 Sex
398 2619 550 2650 Annorum
564 2642 574 2655 ,
599 2619 669 2649 cum
688 2618 723 2648 ad
743 2618 844 2648 Terrae
867 2620 977 2651 Sanetae
999 2621 1161 2660 Paffagium
1176 2633 1227 2660 per

168 2656 336 2687 Romanam
356 2657 512 2688 Ecclesiam
531 2657 671 2687 videretur
692 2656 797 2688 intendi
821 2657 867 2694 (ad
879 2659 956 2696 quod
969 2661 1089 2691 intentio
1103 2669 1161 2691 tota
1173 2671 1226 2691 no-

169 2694 242 2734 stra,
259 2697 330 2733 juxta
342 2696 488 2734 debitum,
506 2695 648 2733 aspirabat)
664 2695 744 2734 quod
760 2696 900 2726 Reciores
915 2698 964 2734 qui
984 2707 1062 2728 erant
1075 2721 1085 2737 ,
1102 2700 1135 2730 &
1150 2698 1226 2728 Uni-

170 2735 392 2774 verlitasJerrae
406 2734 519 2772 vestroe,
537 2742 606 2764 tunc
620 2734 721 2773 nobis,
737 2735 766 2764 in
790 2734 885 2765 Scotia
904 2735 1080 2774 constitutis,
1098 2737 1225 2775 expresse

170 2782 221 2810 pei·
242 2771 305 2802 suas'
321 2773 428 2803 Literas
446 2773 630 2818 optulerunt,
656 2774 689 2804 &
714 2782 762 2810 per
775 2772 945 2812 Nuncium,
960 2773 1111 2811 specialiter
1123 2775 1157 2805 ad
1175 2785 1228 2806 nos

172 2810 285 2840 missum
294 2834 303 2847 ,
320 2812 354 2842 ad
367 2811 484 2851 Passagii
500 2811 606 2849 praefati
619 2811 781 2850 Negotium
794 2820 942 2851 aggregare
954 2812 981 2842 se
995 2814 1096 2852 nobis,
1109 2814 1147 2844 ’δε
1157 2823 1227 2844 curn

171 2848 266 2879 Galeis
282 2851 315 2879 Sc
327 2849 458 2880 Nauticis
474 2850 550 2880 Vasis
562 2849 612 2880 suis
626 2850 650 2881 se
664 2850 764 2880 nostris
780 2850 930 2888 Obsequiis
952 2852 980 2880 in
1001 2851 1081 2882 dieto
1097 2851 1225 2891 Passagio

172 2888 345 2926 consentire,
363 2897 393 2918 ut
406 2890 434 2918 in
451 2889 469 2908 θ*
484 2888 604 2925 Passagii
618 2889 724 2926 ptaefati
739 2890 870 2927 negotio,
881 2888 949 2920 ficut
963 2889 1002 2919 sui
1017 2890 1139 2921 fecerant
1149 2890 1227 2921 Prae-

172 2926 345 2964 decessores,
363 2936 432 2956 cum
448 2926 550 2956 nostris
564 2927 713 2957 nobiscum
728 2936 841 2965 agerent
854 2936 929 2966 grata
944 2927 1030 2966 Deo,

209 2964 301 3002 Qiod
314 2964 487 2996 Excellentia
500 2964 707 3003 nostra,adhuc
721 2965 808 2995 hodie
824 2966 853 2995 in
868 2966 926 2997 linu
939 2975 1052 3005 tenens,
1066 2969 1143 2998 certe
1156 2976 1227 2999 tunc

171 3013 282 3041 gratum
298 3004 393 3034 habuit
409 3003 441 3034 &
455 3012 612 3041 acceptum.

208 3042 286 3072 Sicut
307 3043 386 3072 enim
406 3041 467 3072 finis
481 3041 522 3072 est
538 3043 572 3073 &
586 3043 737 3073 exuberans
752 3042 898 3080 plenitudo
911 3043 1077 3074 nostrorum
1092 3044 1226 3076 Affestu—

172 3090 222 3109 um
237 3082 266 3109 iii
281 3081 338 3111 hoc
355 3080 489 3116 Mundo,
508 3082 653 3118 quamcito
670 3082 756 3119 gratia
770 3080 875 3111 Divina
895 3083 1064 3114 concesserit
1079 3106 1089 3122 ,
1106 3085 1135 3113 in
1151 3084 1228 3114 Ter—

171 3118 216 3153 rft,
235 3129 283 3155 per
297 3118 432 3149 infinitam
448 3117 666 3149 misericordiam
678 3119 743 3157 Jesu
766 3119 890 3158 Christi,
909 3131 962 3158 pro
984 3121 1078 3152 nostra
1099 3121 1229 3153 Redem-

173 3159 288 3194 ptioiic,
305 3158 358 3187 suae
372 3157 478 3188 Mortis
494 3156 640 3195 Supplicio
655 3157 815 3188 consecrata
825 3158 934 3198 ,suique
948 3159 1093 3199 Sanguinis
1111 3160 1227 3192 effusio-

171 3204 208 3224 ne
228 3195 375 3233 conspersa
388 3219 397 3233 ,
420 3195 571 3226 Personam
591 3196 716 3226 nostram
735 3195 864 3226 videbitis
879 3221 888 3234 ,
912 3199 945 3228 ὃς
968 3193 1106 3229 habebitis
1117 3210 1227 3238 opum,

171 3233 254 3263 vobis
267 3234 571 3264 communicandarum
582 3257 590 3271 ,
607 3235 639 3265 &
654 3236 755 3265 virium
770 3237 971 3272 praeparatione
983 3237 1120 3276 Regalem
1159 3238 1182 3267 F
1183 3248 1228 3268 ra-

172 3271 252 3301 terna
272 3281 366 3302 tamen
388 3273 415 3301 in
436 3272 552 3302 Christo
571 3272 788 3303 Mansuetudine
807 3273 966 3312 Socialem3
987 3285 1035 3312 ut,
1054 3277 1102 3305 ubi
1118 3261 1227 3307 Christi

173 3309 269 3340 Vitam
289 3321 341 3350 pro
362 3311 443 3341 nobis
464 3311 581 3348 positam
601 3311 655 3341 effi:
669 3311 882 3350 cognoscimus,
901 3312 1024 3342 nostram
1039 3324 1092 3351 pro
1109 3314 1158 3345 illo
1174 3326 1227 3353 po-

170 3357 253 3386 nere,
270 3348 325 3379 suae
340 3358 407 3380 curn
419 3359 455 3379 eo
470 3349 570 3387 gloriae
584 3351 775 3388 participium,
790 3350 966 3388 gaudeamus.

210 3385 343 3417 Domum
356 3396 468 3425 autem,
488 3388 556 3417 curn
570 3398 621 3425 pro
635 3388 734 3418 nostris
747 3388 860 3426 Juribus
876 3389 1088 3428 prosequendis,
1109 3391 1227 3421 nostris-

171 3434 228 3461 que
249 3424 358 3460 Iniuriis
378 3425 568 3462 propulsandis
581 3449 590 3463 ,
609 3436 737 3463 tempora
750 3429 954 3465 occupaverint
965 3439 1016 3458 nos
1033 3428 1227 3468 Guerrarum,

170 3464 253 3500 aliqui
270 3464 306 3493 de
321 3463 547 3494 Distriftualibus
561 3465 656 3494 vestris
669 3466 703 3494 δε
718 3464 855 3501 Subditis,
873 3468 1021 3504 praeteritce
1036 3469 1136 3497 veteris
1155 3469 1227 3498 cari-

170 3502 233 3532 tatis
247 3503 447 3539 immemores,
464 3501 552 3532 Hosti
570 3503 669 3533 nostro
685 3505 713 3532 in
728 3503 828 3534 nostris
842 3503 948 3542 injuriis
964 3505 990 3535 se
1001 3507 1161 3543 junxerunt.

211 3539 277 3570 Nos
297 3542 368 3571 vero
387 3563 393 3578 ‚
412 3540 510 3577 Regio
523 3551 602 3571 more
617 3541 733 3579 nostro,
752 3543 851 3572 melitis
866 3553 1055 3573 memorantes
1069 3544 1225 3582 Antiquam

173 3577 333 3608 vestrorum
353 3578 572 3609 Benivolentiam
595 3579 837 3611 Praedecessorum
852 3605 861 3618 ,
883 3581 968 3619 quarn
990 3591 1095 3612 novam
1115 3583 1225 3621 aliquo-

174 3624 236 3644 rum
256 3616 293 3646 de
315 3616 410 3647 vestris
433 3616 565 3653 Injuriam
582 3618 813 3656 subsequentem,
831 3628 900 3649 tunc
916 3621 1089 3658 putavimus,
1109 3620 1178 3651 ficut
1191 3622 1225 3652 &

174 3662 250 3683 nunc
272 3663 400 3692 putamus
412 3678 421 3693 ,
468 3657 526 3686 utid
546 3667 594 3694 per
616 3657 767 3686 Servitium
783 3658 942 3696 aliquorum
959 3658 1111 3688 vestratum
1127 3658 1225 3689 nostro

177 3690 340 3734 Adversario
355 3693 432 3723 datus
471 3704 552 3732 avor,
571 3704 629 3724 non
646 3696 681 3725 ab
693 3695 890 3726 Universitatis
910 3695 1010 3726 vestrae
1024 3695 1120 3734 Culpa
1132 3696 1226 3728 Com-

177 3737 255 3757 muni
264 3753 273 3766 ,
290 3731 327 3760 set
339 3732 374 3760 ab
388 3732 546 3769 aliquorum
560 3732 653 3770 Culpzi
666 3743 780 3764 venerat
795 3734 942 3772 fingulari3

214 3764 335 3811 Propter,
347 3769 423 3806 quod
439 3771 518 3800 vobis
536 3770 631 3809 Duci,
649 3772 681 3802 ὃς
694 3771 790 3801 vestro
810 3774 843 3804 ὃς
858 3772 1083 3804 Communitatis
1099 3773 1225 3812 Januen-

176 3801 209 3832 fis
223 3802 358 3848 Concilio
370 3808 503 3844 scripsisse
513 3810 662 3838 recolimus
677 3810 710 3839 &
726 3810 843 3848 misisse,
863 3811 941 3848 quod
957 3834 967 3849 ,
984 3813 1034 3841 ubi
1045 3822 1093 3851 per
1109 3822 1160 3843 vos
1175 3812 1225 3842 fie-

175 3849 220 3870 ret
239 3839 367 3872 Provllio
382 3854 524 3887 oportuna
538 3871 546 3885 ,
572 3857 621 3884 per
640 3848 779 3877 Vestrates
797 3857 895 3879 contra
914 3849 982 3878 Nos
995 3850 1056 3879 talia
1068 3850 1105 3880 de
1119 3859 1224 3881 caetero

177 3887 238 3908 n0n
261 3880 414 3922 praesqm13
441 3886 519 3921 quod
543 3887 613 3922 (non
635 3886 809 3916 obstantibus
829 3887 916 3917 taliter
936 3888 1127 3925 Attemptatis)
1151 3899 1203 3919 nos
1217 3911 1227 3926 ,

177 3917 283 3954 semper
296 3925 435 3960 antiquam
450 3922 569 3952 vestram
584 3923 806 3954 Benivolentiam
822 3926 974 3962 intuentes,
993 3927 1100 3956 vestros
1113 3926 1228 3957 Merca-

177 3964 252 3999 tores
271 3954 459 3986 Distristuales
481 3961 513 4002 βε
531 3960 617 3991 Cives
630 3987 639 3998 ,
665 3963 734 3992 sicut
756 3963 877 3994 Amicos
891 3964 1018 4001 speciales
1032 3965 1066 3994 ὃς
1081 3974 1177 4004 caroS,
1196 3966 1226 3995 in

177 3993 246 4024 locis
259 3993 364 4023 nostra:
379 3992 515 4026 Potenuae
530 4000 715 4030 transtaremus.

212 4031 349 4071 Cumque
362 4031 474 4071 postea,
491 4043 551 4065 non
563 4036 605 4066 est
617 4037 734 4078 Annus,
750 4039 835 4072 vestri
849 4039 1067 4073 Ambaffiatores
1085 4041 1119 4073 ὃς
1133 4039 1224 4072 Nun-

642 130 1446 182 CONVENTIONES,

1502 126 1890 175 LITERAE,

1273 218 1329 255 cii,
1347 216 1382 247 ad
1398 215 1524 246 nostram
1535 214 1711 252 praesentiam
1725 214 1887 251 venientes,
1905 222 1960 250 pro
1980 220 2058 251 parte
2076 211 2169 244 vestra
2183 214 2342 254 Qierelam
2359 216 2435 248 Arm.
2451 216 2494 249 D.v
2507 231 2509 234 ⁴

1274 255 1452 292 exposuerint
1466 263 1565 284 coram
1580 253 1679 290 nobis,
1697 252 1796 290 quod,
1814 250 1925 282 Subditi
1944 250 2033 282 nostri
2048 274 2058 287 ,
2074 252 2188 289 quidam
2222 263 2275 291 pro
2290 254 2342 285 suis
2378 265 2464 296 1342.

1275 293 1415 330 Negotiis
1435 302 1484 330 per
1504 291 1589 322 Mare
1607 290 1759 321 Britanniae
1779 291 1961 329 navigantes,
1986 289 2030 319 sex
2050 289 2152 320 Galeas
2208 292 2342 323 ominum
2360 296 2425 324 Edv.
2442 304 2470 331 3.

1275 331 1453 362 subditorum
1466 330 1642 368 vestrorum,
1659 329 1786 360 inventas
1799 329 1829 358 in
1851 329 1975 366 partibus
1991 327 2142 358 Britanniae
2162 328 2344 369 supradistis,

1277 379 1413 407 ceperunt
1434 371 1463 399 in
1483 367 1681 399 Mercatorum
1701 367 1844 398 dictarum
1864 366 2020 396 Galearum
2040 367 2074 398 &
2096 366 2264 398 Dustorum
2283 369 2345 399 illa-

1278 418 1343 437 rum
1358 407 1491 446 Injuriam
1506 417 1589 445 atque
1604 406 1790 444 Dampnum,
1808 406 1842 436 &
1857 405 1936 451 cujus
1948 403 2078 449 Damp'ni
2092 404 2205 436 Nuncii
2219 405 2254 437 &
2268 406 2344 438 Am-·

1279 445 1439 476 baffiatores
1452 446 1558 483 praefati
1571 445 1734 476 Emendam
1745 453 1762 473 a
1776 442 1874 474 nostra
1889 442 2069 473 Excellentia
2083 445 2231 481 petierunt.

1315 483 1384 514 Nos
1399 492 1510 522 tamen,
1529 485 1578 523 qui
1593 484 1628 515 ad
1642 483 1735 521 aliud,
1772 482 1839 512 uam
1853 481 1888 511 ad
1903 481 2076 520 personalem
2092 482 2126 513 &
2143 483 2245 513 realem
2255 481 2344 522 justi-

1278 523 1366 560 tiam,
1383 521 1420 552 de
1439 522 1540 553 nostris
1563 521 1687 554 Subditis
1709 521 1758 552 De
1769 520 1949 559 inquentibus
1963 542 1973 558 ,
1991 520 2037 552 vel
2054 519 2259 560 Debitoribus,
2278 521 2344 553 alias

1278 560 1442 591 faciendum
1456 561 1579 590 minime
1591 562 1773 598 tenebamur,
1791 569 1852 590 non
1866 567 1902 588 ex
1911 559 2007 596 aliquo
2024 557 2134 590 Debito
2150 581 2160 599 ‚
2185 560 2222 591 set
2236 569 2270 591 ex
2286 570 2343 591 no-

1280 599 1345 629 strae
1362 598 1548 629 Liberalitatis
1561 598 1689 637 indulto,
1705 599 1809 630 eisdem
1822 597 1948 627 Nunciis
1967 597 2001 628 &
2023 597 2277 629 Ambaffiatoribus
2290 609 2341 630 ve-

1280 637 1340 668 stris
1356 648 1409 677 pro
1424 636 1555 667 Emenda
1575 637 1730 675 optulimus
1750 636 1820 668 dieti
1838 635 1967 673 Dampni
1982 635 2133 666 Librarum
2148 636 2265 668 Decem
2278 637 2345 669 Mi·

1280 676 1315 706 lia
1329 676 1535 715 sterlingorum
1547 699 1557 713 ,
1579 674 1797 715 solvendarum,
1812 683 1944 712 tempore
1966 674 2025 706 satis
2039 675 2139 714 brevi,
2156 675 2223 708 licet
2237 685 2342 715 magna

1280 713 1455 745 Guerrarum
1469 724 1556 744 onera
1568 723 1622 744 nos
1636 721 1796 751 gravarent:

1317 752 1365 784 Ad
1384 752 1464 791 quod
1485 754 1609 790 antiquae
1629 752 1775 782 Amicitiae
1798 751 1900 783 vestrae
1921 752 2046 791 cultura,
2064 753 2098 784 &
2113 752 2344 792 Flandrenfium‚

1280 791 1444 822 nostrorum
1460 791 1600 821 Fideliurn
1614 789 1786 821 dilectorum
1791 812 1802 829 2
1818 790 1891 821 facia
1903 791 1985 822 nobis
1999 801 2068 823 curn
2085 791 2215 823 instantia
2228 792 2343 831 Suppli-

1280 831 1371 869 catio,
1391 840 1444 860 nos
1459 829 1584 867 induxit,

1315 869 1378 908 Qii
1392 870 1526 899 miramur
1540 867 1575 898 de
1591 866 1747 898 Oblatione
1756 890 1765 906 ,
1778 876 1832 906 ,per
1847 875 1900 897 nos
1914 867 2062 900 Cui-ialiter
2075 869 2159 901 vobIs
2175 868 2251 901 faits
2261 891 2270 908 ,
2288 879 2342 901 ve·

1280 907 1342 938 strae
1358 907 1542 938 Gratitudinis
1554 916 1613 936 non
1628 905 1754 936 habuisse
1768 904 1965 944 Responsum,
1983 907 2055 945 saepe
2068 916 2164 939 tamen
2178 908 2238 939 talis
2251 907 2341 939 admi-

1279 947 1393 1015 rationsis
1405 945 1447 976 est
1467 945 1563 984 causa,
1579 954 1641 975 non
1659 945 1734 975 bene
1755 944 1828 975 faita
1853 943 1945 974 miffae
1959 943 2064 976 Literae
2085 947 2274 986 praesentatio,
2292 946 2339 979 vel

1278 986 1361 1015 remis
1375 996 1408 1016 ae.

1316 1023 1451 1062 Denique
1466 1047 1476 1062 ,
1501 1024 1566 1062 quia
1586 1020 1788 1054 continuandae
1805 1019 1906 1052 vestrae
1923 1019 2094 1052 Dileecionis
2107 1023 2141 1055 &
2155 1023 2292 1056 saciendae
2305 1024 2340 1055 li-

1278 1063 1376 1094 beralis
1398 1062 1601 1094 Satisfaetionis
1620 1060 1766 1101 praedietae
1785 1059 1961 1092 voluntatem
1974 1060 2124 1092 habuimus
2137 1062 2171 1094 &
2184 1064 2339 1102 habemus,

1278 1101 1347 1133 sicut
1368 1102 1466 1133 habuit
1480 1101 1559 1132 series
1575 1100 1753 1138 Liternum,
1771 1109 1821 1137 per
1831 1108 1884 1130 nos
1898 1100 1980 1130 vobis
1995 1099 2059 1130 alias
2071 1099 2340 1141 directarumfflrae-

1278 1139 1384 1171 sentem
1407 1140 1531 1171 Literam
1547 1162 1557 1178 ,
1573 1139 1677 1170 nostrae
1692 1138 1861 1169 Intentionis
1874 1136 2033 1176 hujusmodi
2048 1137 2212 1178 relativam,
2229 1141 2338 1172 iterum

1277 1178 1313 1208 ad
1327 1179 1464 1210 cautelam
1498 1178 1653 1209 rovidimus
1667 1176 1878 1215 destinandam3
1895 1176 1929 1208 &
1951 1185 1983 1208 ut
1994 1177 2081 1207 bonae
2095 1176 2198 1217 Regiae
2210 1179 2342 1212 volunta-

1278 1218 1311 1248 tis
1345 1228 1373 1248 er
1388 1228 1440 1248 nos
1502 1226 1555 1247 vos
1567 1218 1697 1247 notitiam
1709 1216 1839 1246 habeatis.

1346 1257 1459 1286 olumus
1473 1257 1578 1286 etenim
1594 1255 1675 1294 quod
1687 1256 1717 1286 in
1733 1254 1832 1285 Terris
1843 1254 1876 1285 &
1892 1253 1982 1285 Locis
1995 1277 2005 1294 ,
2022 1253 2057 1286 ad
2072 1264 2143 1295 nOS,
2159 1256 2231 1287 citra
2246 1256 2279 1287 ὃ(
2295 1255 2341 1287 ul-

1278 1302 1321 1325 tra
1345 1294 1428 1325 Mare
1447 1317 1457 1333 ,
1481 1295 1666 1333 speciantibus
1679 1318 1689 1332 ,
1715 1293 1772 1325 esse
1792 1294 1826 1325 &
1851 1294 2009 1325 conversari
2022 1292 2150 1333 poffitis,
2166 1294 2201 1325 ad
2214 1293 2342 1326 vestrum

1278 1332 1481 1402 Cogimodum
1503 1333 1535 1364 δε
1556 1332 1712 1364 Honorem
1727 1355 1737 1372 ,
1766 1332 1837 1364 cum
1859 1332 1892 1364 ea
1906 1332 2051 1364 securitate
2065 1332 2235 1372 quiisubditi
2248 1332 2342 1364 nostri

1346 1380 1405 1403 unt.

1279 1382 1407 1450 pond
1422 1412 1507 1443 etiam
1520 1410 1600 1450 posse
1615 1421 1668 1442 vos
1680 1409 1773 1441 facere
1786 1411 1963 1450 curabimus,
1981 1410 2016 1442 δε
2050 1420 2189 1442 uaerernus
2201 1411 2232 1441 in
2243 1410 2344 1441 Terris

1279 1451 1312 1482 &
1335 1450 1423 1481 Locis
1443 1449 1691 1489 Consanguinitate
1713 1451 1747 1481 &
1771 1448 1919 1480 Affinitate
1938 1449 2022 1480 nobis
2061 1450 2200 1489 rincipum
2222 1451 2344 1488 conjun-

1279 1490 1412 1527 (torum,
1431 1489 1479 1527 qui
1493 1489 1642 1520 nobiscum
1655 1489 1785 1528 prospera
1796 1487 1890 1519 nostra
1905 1487 2114 1527 condividunt,
2132 1488 2166 1520 &
2179 1489 2263 1519 nobis
2271 1498 2344 1519 one-

1278 1537 1307 1558 ra
1319 1527 1413 1558 nostra
1426 1528 1547 1559 fuerunt.

1315 1566 1377 1597 Vos
1391 1567 1496 1606 semper
1510 1575 1656 1607 rogante-5,
1669 1577 1702 1599 ac
1715 1567 1801 1598 vobis
1815 1566 2000 1598 amicabiliter
2013 1565 2156 1598 suadentes
2187 1574 2218 1597 ut
2234 1564 2344 1597 vestros

1278 1605 1369 1636 velitis
1382 1605 1516 1636 Subditos
1538 1607 1574 1637 ab
1587 1606 1689 1636 Hostis
1712 1605 1800 1636 nostri
1814 1605 1931 1644 favore,
1949 1607 1998 1644 qui
2012 1605 2068 1642 illi,
2086 1615 2153 1636 cuin
2164 1588 2229 1635 'Dei
2241 1606 2273 1637 ὃς
2289 1614 2345 1635 iio-

1280 1644 1334 1674 stra
1353 1644 1434 1675 datur
1456 1645 1569 1682 in'uria,
1588 1645 1761 1682 cohercere,
1776 1644 1830 1675 isto
1853 1645 2006 1683 praesertim
2022 1652 2152 1681 tempore
2167 1654 2245 1683 quo,
2261 1653 2343 1675 novo

1279 1682 1337 1714 Dei
1353 1682 1461 1721 Dono,
1476 1654 1599 1722 ,lustitiae
1613 1692 1704 1714 aratro
1719 1683 1794 1713 culta
1807 1682 1909 1714 dicitur
1923 1683 2014 1714 Terra
2030 1683 2130 1715 vestra.

1317 1721 1401 1753 Licet
1428 1731 1526 1752 autem
1550 1721 1672 1761 Regiam
1702 1720 1866 1752 Potentiam
1895 1721 2042 1754 Dominus
2068 1720 2240 1753 concesserit
2259 1720 2344 1751 nobis

1278 1769 1415 1798 magnam
1428 1783 1438 1800 ,
1463 1769 1514 1790 nos
1533 1769 1594 1791 non
1619 1760 1656 1791 de
1674 1760 1823 1797 Potentia,
1840 1760 1879 1791 set
1903 1760 1940 1791 de
1948 1760 2078 1799 Justitiii,
2095 1760 2217 1791 fecimus
2231 1758 2254 1789 F
2256 1759 2345 1790 unda·

1278 1808 1428 1837 mentum;
1445 1799 1478 1829 &
1500 1806 1534 1829 ex
1555 1808 1593 1829 eo
1615 1798 1760 1830 confidere
1779 1797 1926 1836 possumus
1939 1821 1948 1836 ‚
1967 1810 2020 1837 pro
2029 1798 2144 1838 Justitia
2157 1808 2243 1837 quam
2257 1798 2345 1829 habe·

1279 1847 1342 1868 mus
1355 1860 1365 1876 ,
1390 1836 1472 1875 quod
1494 1836 1575 1867 Deus
1597 1837 1703 1868 nostrae
1712 1836 1834 1876 Justitiae
1849 1836 1880 1868 sit
1895 1837 2031 1875 Adjutor,
2049 1847 2110 1868 non
2125 1839 2259 1869 timemus
2275 1835 2345 1875 quid

1278 1875 1377 1912 faciat,
1395 1876 1442 1906 vel
1455 1875 1548 1906 facere
1565 1884 1649 1913 queat
1663 1875 1789 1913 Homo,
1807 1877 1856 1914 qui
1872 1898 1883 1914 ,
1909 1876 1979 1907 sicut
1997 1875 2126 1906 Mundus
2139 1877 2239 1914 novit,
2256 1884 2345 1906 noto-

1278 1915 1317 1944 rie
1331 1915 1413 1945 nobis
1427 1913 1529 1944 Hostis
1544 1914 1578 1945 &
1594 1914 1773 1944 Adversarius
1786 1914 1828 1944 est
1841 1914 1951 1952 injuste.

1314 1952 1383 1984 Nos
1406 1952 1574 1984 Amicitiam
1591 1952 1714 1985 vestram
1734 1951 1870 1984 volumus
1886 1964 1896 1991 5
1920 1952 2000 1992 quod
2020 1952 2148 1983 nostram
2162 1952 2252 1983 velitis
2263 1959 2344 1990 opta-

1281 2001 1354 2022 mus.

1316 2030 1386 2061 Nec
1407 2030 1511 2061 scimus
1531 2040 1584 2069 pro
1605 2029 1743 2062 Amicitia
1763 2030 1824 2069 quis
1837 2029 1923 2068 eligat
1935 2029 2054 2068 odium3
2072 2039 2141 2060 cum
2156 2028 2187 2060 sit
2203 2027 2348 2059 Amicitiae

1277 2068 1400 2107 fruetus,
1420 2070 1438 2088 ⁸⁸
1459 2067 1659 2108 Obsequium,
1677 2069 1716 2100 set
1727 2068 1803 2107 odii,
1821 2077 2042 2099 nocumentum.

1315 2107 1402 2138 Hanc
1414 2117 1509 2138 autem
1526 2107 1654 2139 Literam
1668 2108 1798 2147 sequetur
1813 2106 1933 2138 Persona
1948 2129 1958 2146 ,
1981 2116 2032 2145 pei·
2046 2116 2099 2138 nos
2112 2105 2147 2137 ad
2163 2116 2216 2138 vos
2231 2104 2288 2136 sine
2299 2105 2344 2137 di-

1276 2147 1382 2178 latione
1395 2147 1551 2186 mittenda,
1573 2145 1631 2178 Cui
1646 2147 1751 2178 nostrae
1765 2146 1918 2178 voluntatis
1933 2145 2073 2184 consciae,
2090 2155 2122 2176 ac
2138 2145 2283 2186 oportuna
2291 2154 2344 2182 po-

1277 2185 1375 2217 testate
1389 2185 1531 2224 suffultae,
1549 2186 1662 2224 plenam
1676 2195 1711 2216 ex
1724 2194 1803 2224 parte
1817 2183 1913 2216 nostri
1928 2185 2053 2223 poteritis
2062 2183 2226 2215 Credentiae
2243 2183 2344 2215 Fidem

1277 2225 1352 2255 dare.

1314 2262 1384 2294 Dat.
1404 2263 1478 2301 apud
1494 2261 1655 2304 Mortpath.
1674 2261 1811 2294 vicesimo
1824 2261 1951 2294 secundo
1966 2261 2013 2293 die
2022 2261 2157 2302 Januarii.

2363 2063 2379 2082 ⁴⁸
2389 2063 2496 2100 V.298.

1514 2390 1563 2421 De
1578 2387 1786 2421 Benevolentia
1808 2388 1953 2419 Civitatis
1970 2385 2103 2420 Coloniae.

1278 2473 1335 2529 R
1345 2472 1409 2503 EX
1426 2497 1436 2512 ‚
1461 2472 1651 2504 Prudentibus
1673 2474 1738 2504 viris
1752 2496 1762 2511 ,
1789 2472 1822 2504 &
1838 2471 1948 2503 Amicis
1963 2472 2016 2503 fiiis
2027 2471 2155 2510 dileetis,
2168 2470 2337 2514 Judicibus,
2355 2482 2432 2513 Am,-
2448 2481 2494 2513 D·

1275 2546 1295 2578 S
1311 2547 1319 2578 l
1354 2511 1481 2543 scabinis
1495 2537 1506 2551 ,
1531 2511 1705 2544 Consulibus
1718 2535 1728 2551 ,
1753 2512 1786 2543 &
1810 2510 1995 2543 Univerfitati
2009 2533 2019 2550 ,
2037 2509 2167 2542 Civitatis
2184 2508 2337 2548 Coloniae,
2375 2530 2462 2561 1342·

1296 2557 1309 2577 a
1323 2557 1409 2580 utem.
2395 2572 2398 2578 ,

1313 2586 1364 2618 De
1377 2589 1490 2629 profusa
1505 2589 1718 2627 Benivolentia,
1730 2598 1817 2626 quam
1831 2588 1913 2630 nobis
1925 2587 2027 2624 pluries
2041 2584 2216 2629 ostendistis,
2234 2586 2267 2616 &
2277 2586 2338 2624 jam
2356 2564 2409 2625 {³⁷
2429 2563 2474 2625 ‘¹⁶’

1274 2623 1393 2666 ultimo,
1413 2628 1484 2659 ficut
1497 2628 1603 2659 Litetae
1618 2628 1718 2659 vestrae
1733 2627 1814 2657 nobis
1825 2625 1914 2655 miffae
1927 2633 2159 2655 commemorant
2174 2648 2184 2662 ,
2202 2624 2340 2665 inducen·
2356 2637 2492 2673 Claufi16.

1274 2663 1315 2694 do
1327 2664 1491 2696 Creditores
1505 2666 1634 2703 nostros,
1653 2666 1800 2695 Concives
1815 2663 1938 2701 vestros,
1956 2664 1993 2692 ne
2006 2663 2131 2702 Pignora
2145 2661 2259 2701 nostra,
2278 2663 2338 2700 libi,
2361 2679 2389 2703 E.
2412 2684 2437 2711 3,

1274 2712 1328 2740 pro
1341 2704 1505 2741 quibusdam
1520 2703 1708 2734 Pecuniarum
1722 2702 1850 2733 Summis
1865 2706 1998 2738 (quarum
2012 2701 2167 2731 Solutionis
2181 2701 2338 2731 Terminus
2356 2720 2380 2750 p·
2398 2723 2421 2740 ,-
2435 2723 2472 2740 m,

1274 2742 1408 2778 praeterit)
1433 2742 1567 2779 obligata
1583 2766 1592 2780 ,
1615 2741 1773 2772 venditioni
1790 2741 1926 2770 ducerent
1939 2740 2123 2777 exponenda,
2141 2740 2223 2771 vobis
2241 2742 2339 2777 gratias
2359 2751 2403 2789 33,
2420 2752 2445 2780 Α,

1275 2779 1421 2810 referimus
1433 2780 1577 2817 speciales:

1310 2817 1485 2855 Reputantes
1507 2829 1560 2849 nos
1575 2827 1608 2848 ex
1628 2817 1687 2848 hoc
1701 2818 1734 2849 &
1748 2816 1805 2847 aliis
1819 2817 1902 2848 vobis
1918 2816 2113 2854 multipliciter
2127 2817 2288 2855 obligatos,
2306 2817 2341 2849 &

1275 2855 1458 2887 desiderantes
1470 2858 1553 2888 vobis
1566 2856 1683 2887 reddere
1695 2858 1771 2887 vices
1784 2864 1880 2893 gratas.

1311 2894 1348 2926 Et
1367 2895 1498 2926 dolemus
1512 2898 1614 2934 nimis,
1631 2897 1668 2926 ne
1683 2895 1810 2926 dicamus
1823 2894 2026 2932 erubescimus,
2044 2893 2124 2933 quod
2137 2893 2212 2925 dista
2228 2894 2342 2927 Solutio

1275 2933 1325 2964 suo
1338 2943 1486 2974 tempore,
1505 2935 1574 2965 sicut
1587 2935 1773 2972 credidimus,
1792 2943 1851 2963 non
1865 2933 1905 2963 est
1923 2933 2005 2963 facita.

1313 2971 1351 3003 Et
1365 2972 1449 3011 ideo,
1469 2973 1617 3004 redeuntes
1630 2983 1719 3012 nuper
1735 2972 1770 3003 de
1785 2972 1898 3010 Scotia,
1916 2972 2012 3003 audito
2034 2970 2114 3009 quod
2126 2970 2240 3001 Nuncii
2255 2971 2341 3002 vestri

1275 3009 1324 3041 diu
1346 3021 1462 3049 propter
1481 3012 1539 3043 hoc
1559 3012 1775 3050 expediaverant
1795 3012 1825 3041 in
1840 3011 1958 3049 Anglia,
1978 3011 2079 3040 turbati
2095 3009 2216 3048 fuimus·,
2235 3010 2267 3040 &
2285 3009 2341 3040 sta-

1275 3050 1328 3080 tim
1345 3050 1428 3080 scribi
1442 3051 1560 3081 fecimus
1577 3050 1719 3091 Magistro
1739 3049 1829 3080 Paulo
1847 3049 1882 3080 de
1899 3048 2006 3080 Monte
2021 3048 2157 3085 Florum,
2176 3049 2208 3078 ὃς
2224 3049 2341 3086 quibus-
2389 3051 2392 3054 ’

1275 3088 1342 3118 darn
1358 3088 1568 3120 Mercatoribus
1584 3091 1687 3120 nostris
1702 3090 1731 3119 in
1746 3088 1891 3126 Flandria,
1908 3097 1957 3125 ut,
1974 3085 2155 3128 Computato
2176 3096 2244 3117 cum
2260 3087 2341 3117 diffis

1275 3126 1475 3158 Creditoribus
1498 3129 1601 3159 nostris
1622 3127 1658 3158 de
1682 3137 1718 3159 eo
1738 3126 1817 3165 quod
1831 3135 1884 3156 nos
1896 3127 1934 3156 eis
1947 3125 2051 3155 debere
2066 3124 2238 3164 constiterit,
2256 3125 2340 3156 Solu-

1276 3166 1386 3196 tionem
1404 3166 1508 3197 habere
1521 3167 1622 3198 faciant
1635 3167 1757 3197 celerem
1769 3166 1803 3196 &
1819 3163 2002 3201 completam.

1316 3204 1520 3243 Qamobrem
1539 3205 1683 3244 specialius
1698 3227 1708 3243 ,
1735 3214 1794 3241 quo
1815 3202 1976 3240 postumus,
1994 3212 2047 3232 vos
2061 3211 2191 3242 rogamus
2205 3211 2341 3241 quatenus

1276 3241 1369 3273 diCtos
1392 3243 1540 3274 Concives
1560 3243 1668 3275 vestros
1685 3242 1778 3272 adhuc
1800 3240 1891 3271 velitis
1915 3241 1946 3277 (si
1968 3241 2072 3279 placet)
2095 3241 2250 3279 inducere,
2272 3251 2303 3272 ut
2324 3252 2340 3271 a

1276 3279 1490 3312 Monitionibus
1508 3283 1542 3312 &
1581 3281 1708 3312 uetelosis
1731 3278 1930 3317 clamoribus,
1946 3289 2046 3311 contra
2061 3289 2113 3310 nos
2126 3280 2159 3310 &
2172 3279 2284 3309 nostros
2297 3280 2340 3311 fa-

1275 3319 1380 3349 ciendis
1394 3343 1404 3356 ,
1428 3321 1462 3350 &
1482 3320 1498 3349 a
1519 3320 1572 3350 Dii
1588 3320 1715 3350 merione
1733 3318 1880 3348 distorum
1903 3317 2063 3356 Pignorum
2076 3318 2165 3348 velint
2179 3317 2212 3347 ad
2226 3327 2338 3356 tempus

1276 3357 1427 3387 modicum
1442 3359 1564 3395 gratiose
1578 3358 1724 3396 delistere,
1739 3359 1772 3388 &c
1787 3356 1968 3387 Solutionem
1987 3367 2002 3387 a
2023 3356 2105 3387 dietis
2128 3356 2339 3388 Mercatoribus

1275 3404 1343 3425 acce
1364 3404 1430 3425 tare.

1312 3404 1515 3473 EtpPatientia,
1533 3444 1619 3473 quam
1632 3436 1662 3465 in
1676 3435 1758 3466 nobis
1771 3433 1937 3471 habuerint,
1956 3433 1975 3464 si
1991 3433 2072 3464 Deus
2086 3433 2169 3464 nobis
2182 3432 2337 3473 prosperari

1273 3470 1399 3510 dederit,
1417 3482 1476 3502 non
1489 3474 1541 3503 erit
1556 3475 1596 3504 eis
1611 3474 1731 3511 Sterilis,
1749 3473 1788 3503 set
1805 3472 1960 3502 Foecunda.

1311 3509 1379 3541 Dat.
1398 3511 1472 3549 apud
1487 3511 1796 3550 Westmonasterium,
1814 3511 1930 3542 decimo
1946 3519 2047 3549 quarto
2058 3510 2105 3541 die
2117 3510 2268 3542 Februarii.

1325 3637 1383 3670 Ad
1398 3640 1505 3685 Regem
1527 3640 1780 3684 Majoricarum,
1799 3638 1891 3685 fitper
1908 3639 2115 3671 Matrimonia
2133 3639 2170 3675 ὠ*
2188 3638 2279 3683 Lnga.

1275 3733 1490 3794 MAgnifico
1511 3733 1639 3772 Principi
1655 3757 1664 3773 ,
1684 3734 1818 3766 Domino
1829 3734 1960 3774 Jacobo,
1978 3733 2038 3765 Dei
2051 3733 2155 3773 gratia,
2173 3732 2250 3768 Regi
2267 3730 2334 3776 Ma·
2351 3731 2427 3765 Ann.
2438 3733 2480 3764 D.

1363 3774 1542 3812 joricarum,
1569 3773 1682 3804 Comiti
1704 3773 1872 3804 Roffilionis
1893 3774 1927 3804 ὃς
1946 3773 2097 3804 Ceritaniae
2110 3794 2121 3810 ,
2144 3781 2178 3801 ac
2197 3769 2334 3813 Dominp
2376 3780 2462 3811 1342.

1276 3809 1539 3850 Montispeffulani,
1560 3810 1779 3851 Consangiiineo
1793 3812 1843 3843 suo
1858 3809 2026 3849 Carissimo,
2043 3808 2215 3851 Edwardus,
2234 3807 2332 3840 eadem
2349 3814 2400 3838 Aa.
2414 3813 2456 3838 16.

1273 3850 1361 3885 gratia
1376 3873 1386 3888 ,
1410 3848 1475 3880 Rex
1497 3849 1623 3880 Franciae
1647 3852 1680 3881 δε
1702 3850 1812 3889 Angli-az
1828 3872 1838 3889 ,
1861 3851 1895 3880 ὃς
1911 3849 2060 3880 Dominus
2071 3846 2236 3884 Hiberniae,
2254 3846 2333 3879 Salu-
2350 3852 2380 3875 E.
2401 3858 2427 3884 3.

1275 3896 1332 3917 tem
1343 3911 1352 3925 ,
1372 3890 1404 3918 &
1420 3889 1525 3918 v0tivis
1539 3890 1649 3925 semper
1663 3888 1841 3919 Succeffibus
1853 3889 1972 3927 gloriari.
2123 3923 2129 3928 ·
2347 3886 2413 3914 lbid.

1311 3926 1469 3956 Sei-enitatis
1485 3926 1586 3957 vestrae
1600 3926 1706 3957 Literas
1721 3927 1974 3965 recepimus‚inter
1987 3924 2037 3955 alia
2049 3930 2227 3954 continentes
2234 3923 2334 3964 quod,

1274 3963 1341 3994 licet
1355 3972 1465 4003 gratum
1478 3965 1561 3995 vobis
1575 3965 1685 4005 fuiffet,
1704 3965 1786 4003 quod
1802 3964 2025 3995 Matrimonium
2038 3961 2109 4004 inter
2123 3960 2335 4006 Filiosflnostros

1273 4002 1403 4033 sortitum
1416 4002 1511 4034 fuisset
1533 4003 1671 4034 effetstum
1686 4025 1696 4042 ,
1713 4004 1751 4033 ne
1765 4012 1861 4033 tamen
1873 4001 1959 4031 Dotis
1969 3999 2071 4030 solutio
2084 4009 2138 4036 pro
2153 3999 2223 4030 Filia
2237 3999 2334 4031 nostra

1273 4041 1360 4072 nobis
1379 4040 1506 4073 videatur
1527 4041 1652 4074 minium
1674 4040 1792 4073 onerosa
1803 4062 1815 4077 ,
1839 4039 1960 4077 placeret
1981 4037 2064 4069 vobis
2077 4045 2126 4076 ut,
2144 4037 2333 4108 Ρτπῑῗζτὲὲίὲδ

2307 4086 2338 4107 a-
