2562 4279
93 94 141 134 82
555 74 1206 127 CONVENTION

0 192 42 211 in.
57 181 101 210 D.
168 218 198 221 -

0 229 81 258 [323.

0 259 41 287 lv.
61 268 88 286 ²·
172 265 231 301 Ad
258 267 364 310 Regma
389 262 492 294 Sicilia:
511 287 521 301 ,
551 259 642 304 fitpcr
667 254 852 290 Portionilms
876 258 1036 290 Provincia
1064 255 1139 298 Regi

563 304 734 339 liberandis.

2 418 25 434 n.
42 416 84 441 ¹7·
122 398 201 459 M
212 395 344 435 Agnffico
367 394 510 430 Principi,
529 391 665 422 Domino
688 390 728 421 R.
749 390 808 421 Dei
823 388 926 429 gratia,
941 387 1020 425 Regi
1033 381 1186 424 Jerusalem

0 467 4 471 ,
26 455 52 471 2,
219 436 252 465 ὃ(
277 434 380 465 Sicilia:
403 432 520 470 illustri,
538 431 758 469 Consanguineo
771 429 820 459 suo
836 428 999 464 carissimo,
1016 423 1190 461 Edwardus,

0 483 62 519 laus.
128 474 249 514 ejusdem
266 472 369 512 gratia,
385 473 446 502 ἃς.
463 471 595 507 salutem,
614 470 647 500 δε
662 468 807 507 prosperos
820 466 853 497 ad
868 475 934 496 vota
947 463 1093 495 successus.

0 532 22 555 7·
41 525 107 547 ΕΛ.
166 513 190 543 Α
213 510 354 542 memoria
372 509 469 540 nostra
482 519 541 540 non
558 508 678 546 excidit,
698 507 829 545 qualiter,
848 505 962 534 sincerae
977 503 1136 533 dileffionis
1148 500 1190 530 af-

0 571 12 587 ι,
36 557 113 595 39.d.
130 553 206 583 festu
230 550 329 581 vestra:
350 556 437 586 nuper
452 548 604 587 scripsimus
617 545 797 583 Celsitudirii,
817 545 849 574 ’δε
861 549 911 583 per
925 542 1061 572 Nuncios
1077 539 1189 570 nostros

129 589 279 631 specialiter
299 587 494 618 mandavimus
515 596 565 616 vos
581 586 698 624 requiri,
716 591 765 622 ut,
782 586 851 613 cum
865 590 951 612 certae
964 580 1115 610 Portiones
1128 577 1190 607 Co-

2 645 43 672 1V
68 653 100 671 ,0
127 630 280 661 mitatuum
292 626 454 656 Provinciae
467 626 500 656 &
518 624 667 655 Folcacarii
681 623 764 652 nobis
779 620 799 641 '5‘
809 623 866 660 jure
879 619 1057 650 haereditario
1070 617 1193 647 debean-

49 667 54 672 '
105 665 111 671 ⁴
126 679 173 700 tiir
183 691 192 706 ,
211 668 280 698 sicut
300 664 603 704 Circumspeffionem
624 660 746 692 vestram
761 660 883 699 Regiam
899 657 1041 688 credimus
1054 666 1114 685 non
1127 655 1194 685 late—

130 718 176 744 re,
196 715 261 744 quas
284 704 436 734 noscimini
458 703 599 739 detinere,
620 711 664 730 eas
685 700 768 730 nobis
781 697 967 729 amicabiliter
984 695 1098 725 reddere
1112 703 1192 724 cura-

131 747 213 784 i‘ctiS,
231 755 267 774 ne
289 750 433 783 oporteret
448 751 516 778 n05,
535 751 588 780 pro
601 739 682 770 diCto
695 741 754 777 jure
769 736 868 767 nostro
878 760 885 774 ,
905 734 1141 765 Prosecutionem
1156 731 1196 761 fa-

130 795 195 815 cere
214 783 357 823 rigorose,
375 790 461 819 quam
478 780 576 818 utique
594 778 747 815 vellemus,
762 784 898 816 quantum
922 775 951 803 in
964 773 1045 803 nobis
1059 770 1116 809 est,
1135 770 1196 801 evi-

126 832 183 854 tare

171 861 198 892 V
201 860 284 889 erum
304 859 368 895 quia
384 857 419 888 de
431 857 576 887 voluntate
591 854 694 891 vestri,
711 854 738 882 iri
753 850 913 893 praemissis,
931 849 1004 880 nulla
1015 848 1097 878 nobis
1114 848 1197 877 inno-

129 901 185 932 tuit
204 899 343 929 certitudo
357 920 366 934 ,
396 897 430 926 ad
450 896 621 935 praeseiitiam
640 893 761 923 vestram
776 916 785 930 ‚
816 890 955 920 dileftum
977 887 1125 917 Clericum
1146 896 1199 915 iio-

135 939 241 976 strum,
263 936 433 976 le'I-agistrum
454 934 549 964 Adam
566 930 772 972 Myrymoutli,
787 930 861 968 Juris
877 926 977 957 Civilis
989 924 1200 968 Profiessorem,

136 979 171 1009 ὃ(
191 977 374 1008 Canonicum
397 972 574 1004 Hereforriiae
596 972 658 1006 (cui
676 994 685 1008 ,
702 970 779 1007 super
800 968 851 997 hiis
873 967 906 997 &
922 965 978 995 aliis
991 988 1000 1003 ,
1019 963 1201 994 insidentibus

136 1017 264 1048 ardenter
285 1014 365 1044 cordi
387 1012 500 1049 nosti-o,
519 1022 570 1041 nos
589 1011 618 1039 in
632 1007 764 1039 Roman-:i
780 1005 868 1036 Curia
880 1004 1074 1044 tangentibus,
1091 1001 1202 1041 plenius

137 1055 317 1093 apperuinius
332 1052 401 1082 velle
414 1051 562 1085 nostrum)
580 1049 709 1078 duximus
723 1044 919 1076 destinandum
930 1067 938 1082 ,

178 1094 363 1124 Serenitatein
391 1089 513 1119 vestram
546 1087 700 1117 astec‘tuose
723 1085 925 1124 deprecantes,
955 1080 1090 1119 quatenus
1114 1078 1201 1109 dietas

141 1132 308 1169 Portiones,
328 1139 399 1167 riOS,
416 1137 446 1158 ut
469 1127 664 1168 praemittitur,
682 1125 895 1161 contingentes,
913 1118 1022 1163 pensate
1035 1118 1203 1156 consangui-

140 1172 233 1201 nitatis
252 1167 409 1203 attinentia,
428 1168 500 1197 inter
521 1175 572 1195 nos
594 1165 650 1194 tam
672 1160 845 1201 propinqua,
864 1160 962 1196 nobis,
977 1165 1054 1195 Juxta
1076 1157 1203 1187 formam

141 1209 265 1240 Precum
288 1207 463 1244 nostrarum,
481 1205 543 1234 ali-Eis
563 1203 644 1234 vobis
665 1200 733 1231 'inde
755 1199 938 1235 direcharum,
955 1195 1096 1227 restituere
1117 1194 1205 1225 velitis

136 1247 324 1279 >amicabiliter
338 1244 416 1276 bona
429 1244 483 1274 side
497 1254 503 1273 ι

130 1297 133 1299 ’
182 1287 221 1318 Et
239 1286 307 1324 biis,
322 1294 386 1325 qute
410 1283 487 1314 idem
510 1281 638 1311 Clericus
658 1276 751 1308 noster
764 1277 846 1307 vobis
861 1275 936 1304 dicet
950 1281 1075 1311 ex-parte
1091 1270 1205 1309 nostra,

131 1325 292 1363 ¹adhibere,
308 1324 326 1353 si
349 1323 446 1360 libeat,
463 1321 573 1360 plenam
596 1317 681 1347 fidem
696 1326 702 1345 z
730 1325 762 1345 ac
776 1325 806 1345 ea
842 1323 926 1352 penes
942 1311 1109 1342 Dominum
1123 1309 1208 1340 Sum-

145 1374 228 1395 mum
246 1361 416 1393 Pontificem
432 1360 497 1394 (cui
512 1359 588 1392 super
601 1357 653 1386 hiis
670 1363 764 1392 preces
777 1338 950 1383 effundimus
965 1349 1117 1383 cordiales)
1136 1348 1206 1378 sicut

145 1404 182 1435 de
199 1401 291 1434 vestra
314 1400 465 1430 sinceritate
479 1396 665 1432 confidimus,
683 1392 792 1430 modis,
811 1391 911 1430 quibus
923 1390 1026 1420 decere
1037 1387 1127 1419 vestra
1139 1385 1208 1416 Cir-

144 1441 319 1479 cumspectio
340 1438 430 1476 Regia
452 1434 644 1474 prospexerit,
671 1431 825 1462 efficaciter
849 1437 1044 1469 promovere,
1071 1425 1210 1463 nobisque

144 1479 305 1519 responsum
327 1484 485 1514 congruum
506 1474 647 1503 remittere
667 1471 831 1507 literatorie,
879 1478 908 1498 er
928 1467 1038 1497 distum
1061 1465 1210 1495 Clericum

147 1520 292 1556 nostrum,
309 1515 343 1545 de
364 1524 400 1545 eo
422 1513 500 1554 quod
521 1512 614 1543 facere
634 1509 776 1541 volueritis
794 1507 829 1538 de
873 1505 1030 1536 ortionibus
1052 1503 1154 1535 nostris
1168 1502 1210 1533 su-

145 1558 285 1598 pradiffitis.
821 1585 826 1590 ι

186 1597 254 1627 Dat.
271 1592 344 1632 apud
357 1591 517 1631 Pykering,
534 1589 650 1620 decimo
665 1587 784 1625 septimo
799 1584 845 1615 die
862 1582 989 1623 Augusti.

147 1725 205 1759 Ad
238 1726 373 1769 Papam,
399 1718 435 1751 de
462 1716 620 1750 Credentia
639 1714 730 1759 [ἕψον
757 1710 878 1753 diversis
903 1711 1057 1757 IVegorHs,
1082 1710 1118 1745 (ῤ’
1137 1710 1215 1738 inter

194 1783 294 1806 caerem
305 1798 314 1811 ,
339 1778 441 1801 contra
458 1765 594 1798 Elefflum
608 1760 836 1804 ll'intonienftm
849 1786 858 1800 ,
884 1771 973 1804 quem
994 1761 1014 1791 Ρ
1027 1769 1039 1790 s
1056 1767 1074 1789 Ρ.
1091 1768 1113 1789 υ
1131 1767 1155 1788 D
1172 1766 1214 1788 o-

197 1835 220 1856 N
236 1833 257 1854 υ
274 1832 295 1853 N
311 1830 331 1852 c
347 1829 358 1850 1
376 1829 398 1850 u
415 1828 441 1849 M
469 1822 618 1858 nimrupizt
647 1814 682 1849 ὠ
707 1808 946 1853 Advcrfizrium.

0 1921 76 1952 Am,¹
92 1920 132 1951 D.
151 1910 197 1971 P
209 1907 265 1938 ΑΡ
279 1905 315 1949 sii
336 1904 401 1934 Rex
418 1902 519 1954 devota
536 1898 641 1942 pedum
655 1895 748 1927 oscula
762 1896 924 1951 beatorum.
1101 1931 1106 1935 Ι
1163 1929 1167 1935 .
1194 1929 1199 1934 ι

255 1945 341 1975 Dum
364 1940 543 1972 recordamur
565 1937 642 1968 Sedis
666 1933 843 1975 Apostolicae
863 1934 896 1964 &
916 1930 1016 1962 vestrae
1030 1929 1214 1961 Bffititudinis

55 1970 58 1971 ⁷
82 1968 94 1979 ’ἱ

0 1970 107 2027 Αξ232,)’
148 1985 340 2016 Clementiam
350 2004 358 2019 ,
377 1989 442 2018 quoe
462 1977 569 2018 prisciS,
588 1974 752 2005 nostrorum
767 1971 988 2010 Progenitorum
1001 1993 1011 2008 ,
1027 1979 1060 1999 ac
1076 1968 1217 1998 modernis

0 2042 21 2064 E
47 2022 59 2058 ζ
93 2008 117 2033 7’
148 2023 265 2061 nostris,
284 2019 458 2057 temporibus
472 2017 560 2047 Aures
574 2013 720 2050 Paternas,
733 2020 801 2040 cum
816 2009 999 2039 exauditionis
1006 2007 1137 2044 benignae
1153 2015 1216 2043 gra-

0 2058 73 2102 Rins
89 2085 96 2102 ,
146 2063 184 2094 tici
205 2063 237 2093 &
257 2060 358 2091 votivo
376 2056 471 2088 celeris
491 2064 523 2084 ac
541 2052 629 2084 felicis
652 2049 837 2088 expeditionis
858 2046 984 2085 effectu,
999 2044 1135 2076 Precibus
1155 2045 1216 2075 Re-

0 2118 21 2140 F.
51 2122 66 2141 2
123 2096 129 2101 ”
148 2103 201 2141 giis
220 2097 354 2130 munifice
369 2106 402 2127 ac
417 2093 566 2124 liberaliter
580 2090 745 2130 dignabatur
759 2086 944 2117 indesinenter
959 2084 1108 2114 inclinare:

0 2134 35 2180 ψ’,
53 2135 79 2186 7,-
186 2138 373 2170 Recensentes
387 2131 535 2164 morosam
558 2130 723 2160 dilationem
742 2126 926 2165 negotiorum
948 2122 1111 2153 nostrorum
1128 2145 1138 2160 ,
1162 2132 1215 2160 pro

147 2180 265 2217 quibus,
283 2176 330 2206 diii
344 2173 385 2204 est
394 2196 403 2211 ,
421 2171 546 2201 misimus
561 2169 640 2198 illum
662 2166 685 2196 P
694 2176 706 2196 s
715 2175 733 2195 iz
744 2173 767 2194 u
776 2174 847 2194 no·
856 2172 878 2193 N
889 2171 912 2192 u
923 2171 944 2192 N
956 2171 971 2191 c
981 2171 992 2191 1
1002 2170 1024 2191 u
1036 2169 1061 2191 M
1080 2161 1116 2190 de
1127 2161 1215 2191 Strat-

148 2217 229 2254 ford,
247 2218 275 2246 in
299 2214 398 2252 quibus
417 2209 499 2248 usque
522 2207 612 2238 modo
631 2206 670 2236 nil
693 2204 823 2234 sensimus
843 2202 960 2238 ac‘tum,
976 2209 1062 2238 quam
1083 2199 1113 2229 sit
1128 2200 1214 2229 nobis

147 2253 335 2294 dispendiosa,
353 2252 426 2281 lianc
447 2247 530 2288 ipsius
550 2247 682 2277 duntaxat
699 2242 815 2273 Nuncii
828 2240 964 2279 tepiditati
979 2241 1012 2271 ὃς
1030 2238 1144 2269 desidiae
1159 2239 1216 2268 im—

148 2303 279 2336 putamus
296 2301 356 2321 nori
370 2290 406 2319 ab
419 2297 466 2324 re,
635 2322 640 2327 ¹
818 2319 823 2324 ι
948 2318 953 2323 ·
1066 2317 1071 2321 .

187 2333 274 2363 Dum
289 2330 333 2360 ille
343 2351 351 2365 ,
370 2337 431 2357 non
443 2323 554 2356 tantum
566 2320 757 2358 negligenter,
775 2319 825 2349 sibi
841 2316 995 2349 commissa
1007 2315 1102 2346 debite
1117 2314 1212 2353 prose-

149 2373 200 2409 qui
225 2379 286 2400 non
308 2366 441 2401 curavit,
462 2363 625 2400 quinimmo
644 2358 849 2395 fraudulenter,
874 2355 1037 2386 ambitionis
1059 2354 1158 2383 oculos
1175 2354 1217 2391 ja-

151 2412 227 2439 ciens
250 2409 279 2437 in
300 2405 434 2443 seipsum,
450 2400 560 2440 propria
582 2399 628 2434 (in
651 2398 753 2434 quibus
773 2405 832 2425 non
855 2394 1008 2427 dormivit)
1025 2400 1216 2430 anteponens,

148 2447 321 2478 contrarium
344 2443 407 2472 voti
421 2439 524 2475 nostri,
542 2446 600 2474 quo
611 2435 645 2465 ad
661 2434 814 2465 Ecclesiam
828 2430 1083 2472 Wyntoniensem,
1100 2431 1151 2460 sibi
1167 2439 1216 2467 per

149 2496 202 2517 nos
222 2482 369 2524 patefaffi,
385 2479 419 2512 ὃς
440 2478 474 2508 ad
488 2473 710 2514 prosequendum
725 2471 844 2510 injunffi
854 2493 864 2509 ,
881 2480 941 2501 non
953 2469 1053 2508 absque
1068 2468 1216 2500 infidelita-

152 2527 187 2556 tis
202 2523 338 2559 crimine,
358 2529 410 2558 pro
423 2516 524 2554 seipso,
540 2515 567 2544 in
584 2512 671 2543 nostri
684 2511 872 2548 vituperium,
889 2519 917 2539 re
938 2509 1039 2539 ortavit
1059 2518 1065 2537 :

189 2563 278 2600 Super
291 2570 366 2599 quo,
384 2566 444 2587 non
459 2553 559 2591 absque
573 2550 671 2588 grandi
685 2550 777 2581 cordis
791 2549 909 2579 amaritu
930 2549 978 2577 ine
992 2544 1212 2586 conquerendo,

148 2601 250 2632 vcstrae
269 2598 422 2636 scripsimus
445 2591 589 2624 Sanffitati
608 2590 717 2621 vicibus
738 2588 862 2624 iteratis,
886 2586 979 2624 unde,
995 2594 1056 2615 non
1077 2585 1214 2614 inmerito

191 2639 329 2675 ntuibati,
347 2636 384 2665 de
396 2634 450 2664 alio
464 2630 606 2667 Nuncio,
625 2629 708 2658 nobis
718 2625 798 2664 sido,
815 2625 993 2655 decrevimus
1005 2622 1162 2662 providere.

189 2679 235 2709 De
255 2677 384 2707 fidelitate
404 2674 495 2711 itaque
513 2667 683 2707 approbata,
707 2665 802 2695 dileeti
824 2663 930 2694 Clerici
952 2663 1058 2699 nosti-i,
1084 2659 1214 2699 Magistri

152 2717 225 2749 Adae
248 2711 454 2754 Myrymouth,
465 2709 539 2747 Juris
557 2705 656 2737 Civilis
670 2703 849 2740 profetiam,
868 2702 901 2732 &
917 2700 1061 2731 Canonici
1075 2698 1214 2729 Herefor-

148 2755 240 2786 ‹lensis
255 2755 344 2791 (cujus
359 2747 591 2788 circumspeetam
605 2744 637 2775 &
653 2750 794 2780 expertam
808 2740 971 2771 industriam
986 2741 1015 2770 in
1032 2737 1130 2768 vestrae
1143 2737 1213 2767 San-

152 2794 256 2824 ctitatis
277 2790 364 2821 Cui-ia
383 2787 523 2819 credimus
543 2784 658 2819 notam)
680 2782 792 2820 plenam
814 2780 844 2809 in
867 2778 1001 2809 Domino
1020 2776 1153 2807 fiduciam
1169 2785 1212 2805 re-

152 2839 310 2870 portantes,
328 2828 421 2859 eidem
441 2824 534 2855 nostra
556 2822 667 2860 negotia
679 2818 888 2855 commisimuS,
907 2815 980 2855 apud
995 2815 1117 2846 vestram
1131 2824 1213 2855 man-

152 2870 326 2901 suetudinem
348 2862 556 2906 prosequenda,
574 2862 606 2891 ἃ
628 2860 691 2897 illa,
709 2868 773 2898 quae
791 2856 909 2896 praefato
921 2855 1048 2886 Nuncio
1063 2851 1212 2883 Maledic‘lo

151 2910 228 2949 prius
242 2914 319 2937 erant
331 2902 497 2938 commista,
512 2899 660 2935 videlicet,
765 2936 768 2940 Ι
805 2935 810 2939 η
1123 2930 1128 2935 .
1163 2930 1167 2934 ⁵
1194 2930 1199 2935 .

191 2947 270 2977 Tam
286 2945 365 2981 super
379 2939 601 2977 Treugis,inter
616 2946 667 2967 nos
679 2936 711 2966 ἃ
728 2934 861 2964 Iiiimicos
876 2932 985 2963 nostros
999 2931 1034 2962 de
1052 2929 1147 2961 Scotizi
1161 2939 1215 2959 ini-

152 2987 205 3024 tis,
220 2995 253 3015 ac
277 2984 355 3023 super
376 2981 444 3019 Jure
463 2977 562 3008 nostro
582 2977 610 3005 iii
632 2975 712 3004 certis
734 2970 1129 3013 portionibus—Comitatuum
1146 2967 1216 2997 Pio-

153 3025 258 3055 viiiciae
278 3023 311 3052 δε
332 3018 504 3052 Folcacarii,
523 3015 608 3053 quam
631 3013 709 3049 super
729 3012 891 3047 amotione,
911 3013 954 3040 leu
976 3007 1153 3039 transsatione
1173 3006 1214 3036 Η.

155 3059 375 3095 lincolniensis,
401 3058 433 3088 ὃς
451 3055 478 3094 J.
499 3051 687 3084 Batlionierilis
708 3050 741 3081 &
766 3048 931 3087 NVellensis,
958 3046 1183 3085 Episcoporum,
1201 3055 1216 3075 a

156 3101 262 3140 Regno
275 3101 306 3130 ὅτ
323 3095 464 3128 Potestate
478 3092 596 3128 nostris,

195 3141 331 3177 Qiorum
347 3145 428 3166 mora
442 3134 470 3163 in
485 3131 591 3170 Regno
602 3127 715 3165 nostro,
1065 3162 1069 3167 .

195 3177 314 3213 Propter·
333 3174 473 3204 notoriam
489 3169 612 3208 ipsorum
627 3174 727 3196 contra
738 3164 864 3194 nostram
877 3161 1015 3199 Regalem
1030 3160 1211 3197 Dignitatem

156 3215 355 3251 resistentiam,
372 3214 405 3243 ὅτ.
426 3208 617 3240 adhaesionem
631 3203 732 3234 nostris
748 3204 780 3233 &
795 3202 972 3240 Reipublicae
989 3199 1111 3229 inimicis
1128 3201 1218 3229 mani-

158 3254 278 3291 festam,
295 3262 327 3282 ac
351 3257 466 3289 propter
489 3247 552 3277 alias
572 3243 752 3275 inhabilitates
768 3242 801 3271 ὃ(
815 3240 951 3276 maculas,
970 3238 1069 3275 quibus
1085 3238 1219 3276 multipli-

160 3294 230 3325 citer
248 3291 446 3325 involvuntur,
757 3319 761 3324 Ι
856 3317 861 3321 ¹
1033 3315 1037 3318 ὓ

197 3331 348 3369 Tanquam
370 3326 471 3356 honori
492 3323 587 3361 Regio
612 3318 794 3353 detinetona,
819 3316 963 3346 animabus
982 3313 1151 3355 periculosa,
1169 3314 1220 3351 ὃς,

180 3369 237 3400 uod
259 3365 441 3398 verisimiliter
460 3362 553 3393 timeri
572 3360 690 3400 poterit,
708 3355 837 3387 Scandali
852 3355 884 3384 ὃς
901 3353 1040 3384 Scisrriatis
1055 3351 1221 3388 suscitativa,

157 3380 208 3439 giu
221 3408 317 3445 nequit
329 3404 438 3435 tolerari
452 3412 458 3431 ι
592 3438 595 3441 Ι

197 3445 328 3477 Vestram
349 3444 432 3482 igitur
453 3439 644 3470 Clementiam
666 3434 771 3464 affeetu
785 3435 799 3470 ,¹
820 3441 878 3469 quo
895 3428 1063 3470 possumuS,
1088 3427 1219 3466 depreca-

163 3493 248 3521 mur,
265 3491 397 3522 quatenus
418 3479 564 3518 praefatum
579 3474 725 3505 Clericum
740 3471 868 3501 nostrum
879 3492 888 3507 ,
906 3470 935 3499 in
950 3467 1130 3503 nostrorum,
1147 3465 1220 3503 apud

162 3520 264 3552 vestrae
287 3520 445 3551 Sanctitatis
465 3515 652 3556 praesentiam,
670 3510 863 3550 prosecutione
882 3507 1079 3550 negotiorum,
1098 3504 1221 3548 speciali-

17 3569 144 3597 *lv-1¹·
161 3569 204 3592 ter
224 3561 243 3580 ³*
257 3556 520 3589 recommendatum
535 3552 653 3588 habere,
671 3551 703 3580 &
725 3549 849 3584 benigne
869 3546 1033 3580 admittere,
1050 3554 1082 3574 ac
1097 3542 1152 3586 ipsa
1168 3552 1222 3572 no-
1264 3564 1267 3567 ,

163 3599 217 3629 stra
238 3598 365 3641 negotia,
383 3595 522 3626 favoribus
536 3593 569 3623 &
585 3589 678 3627 gratiis
693 3586 881 3625 Apostolicis,
897 3583 976 3613 solita
989 3583 1158 3626 benignitate
1173 3590 1220 3619 pa-

165 3636 258 3673 terna,
275 3644 351 3673 Juxta
369 3634 503 3671 speratam
518 3630 668 3665 fiduciam,
685 3625 828 3666 gratiosius
842 3623 997 3661 dignemini
1011 3619 1147 3664 expedire.
1201 3658 1205 3663 ⁵

201 3674 328 3711 insuper,
345 3673 427 3702 omni
440 3670 532 3700 cordis
545 3667 695 3703 desiderio,
713 3664 807 3694 eidem
821 3661 920 3692 vestra:
935 3659 1105 3689 Clementiae
1118 3658 1221 3696 suppli-

165 3721 277 3749 canteS,
293 3719 339 3748 ut,
356 3720 409 3749 pro
435 3710 528 3747 quiete
541 3705 636 3737 nostra
646 3705 679 3734 &
693 3703 778 3733 animi
792 3710 851 3731 tran
872 3700 990 3736 uilitate,
1008 3705 1107 3728 contra
1119 3696 1219 3739 praefa·

167 3759 229 3780 tum
248 3749 275 3777 A
284 3758 330 3778 Dv
341 3758 358 3778 E
368 3758 390 3778 R
400 3757 412 3778 s
424 3758 440 3777 A
451 3756 474 3776 R
483 3754 525 3776 111
535 3754 562 3775 M
582 3743 711 3774 nostrum
727 3741 764 3771 de
784 3740 855 3771 Strat
867 3738 919 3767 ord
940 3739 947 3769 (
957 3738 1003 3775 qui
1025 3745 1077 3765 nos
1091 3735 1127 3765 fic
1142 3734 1221 3764 refel-

167 3789 216 3822 lit)
234 3786 269 3815 de
290 3786 416 3815 remedio
437 3793 585 3823 congruo,
608 3783 641 3812 &
662 3779 785 3811 desiderii
808 3777 896 3808 nostri
915 3775 1109 3814 completivo,
1135 3773 1222 3802 taliter

169 3825 310 3860 ordinare,
328 3824 405 3860 quod
424 3830 601 3861 nequaquam
622 3818 717 3857 (unde
730 3826 845 3855 poenam
860 3825 912 3853 pro
927 3811 1083 3844 commissis
1096 3820 1158 3849 erga
1171 3820 1224 3840 nos

169 3871 289 3901 gravem
309 3861 478 3899 promeruit)
498 3869 567 3890 cum
588 3858 702 3888 honoris
722 3856 792 3886 tanti
808 3855 905 3891 titulo,
923 3852 958 3882 de
973 3851 1136 3881 nostrorum
1152 3848 1224 3878 Pro-

170 3903 348 3941 genitorum,
363 3900 394 3928 &
411 3898 508 3928 nostro
523 3897 699 3927 Patrimonio
715 3896 775 3924 tiim
790 3893 926 3923 munifice
939 3893 971 3922 ὃ(
985 3890 1132 3926 opulenter
1144 3887 1225 3917 dota—

173 3950 223 3977 to,
238 3938 396 3975 proemium
407 3937 468 3966 tam
479 3936 613 3966 excellens
626 3936 657 3965 iii
671 3934 777 3971 Regno
791 3932 887 3962 nostro
896 3954 904 3967 ,
920 3931 948 3959 in
963 3927 1050 3959 nostri
1066 3925 1224 3958 scandalum

168 3979 205 4012 ὃς
220 3976 403 4015 vituperium,
422 3974 580 4013 affequatur.

1237 73 1364 125 es,
1421 71 1809 123 LITERAE‚

1252 159 1329 204 ,Nos
1352 160 1475 197 (quippe
1498 158 1646 198 praefatum
1669 157 1845 195 Magistrum
1869 155 1980 193 Adam,
1999 166 2058 186 non
2080 166 2128 194 per
2143 167 2283 193 orgarium
2304 153 2380 184 Anii.
2396 152 2439 183 D,

1223 198 1336 229 aliunde
1346 221 1354 235 ,
1372 200 1410 229 set
1428 206 1478 228 ore
1493 198 1622 236 proprio,
1641 196 1677 226 de
1690 195 1835 233 praemiffis
1849 195 1972 231 negotiis
1982 195 2132 234 omnibus,
2146 188 2283 236 tanquam
2326 200 2411 231 1323.

1225 238 1326 280 intime
1348 236 1428 267 cordi
1447 235 1546 266 nostro
1563 234 1847 272 insidentibus,plene
1863 234 2089 270 informavimus)
2099 243 2212 265 motum
2225 238 2286 267 arii-
2305 233 2373 260 Edv.
2388 241 2413 257 ²·

1226 285 1267 305 mi
1291 275 1377 305 nostri
1398 274 1644 311 demandavimus,
1662 273 1764 304 vestrae
1782 272 1985 302 mansuetudini
1999 271 2074 301 clare
2089 271 2281 305 reserandum·

1223 315 1269 344 cui
1293 315 1428 353 petimus,
1455 313 1472 343 li
1496 313 1605 352 placet,
1622 312 1776 351 benignum
1798 310 1942 348 auditum,
1962 310 1996 340 ὃς
2019 308 2106 339 fidem
2126 301 2285 344 credulam'

1224 354 1252 382 in
1274 352 1415 391 dicendis,
1431 352 1582 389 adhibere,
1602 360 1716 381 necnon
1738 349 1890 388 ingressum
1913 349 1948 379 ad
1970 357 2022 378 vos
2033 349 2133 386 jubere
2147 337 2287 382 concedi,

1223 392 1352 429 quotiens
1366 399 1543 428 oportunum
1556 390 1654 428 fuerit,
1674 389 1804 428 dignetur
1819 388 1908 418 vestra
1922 387 2059 418 Sanetitas
2070 388 2232 419 reverenda.
2278 376 2289 391 ²

1263 428 1438 468 Conservet,
1457 430 1519 460 &c.

1301 467 1372 498 Dat.
1385 468 1458 506 apud
1473 467 1640 507 Pykeryng,
1658 466 1774 496 decimo
1790 464 1909 502 septimo
1923 463 1970 495 die
1985 459 2113 503 Augusti.

1273 587 1387 621 Adhuc
1414 599 1516 622 contra
1542 589 1679 621 Eleffum
1703 587 1949 634 lVintoniemsbm
1964 614 1974 630 ‚
2010 599 2100 634 quem
2124 588 2249 634 rurfhm

1467 640 1627 671 Pseun
1645 647 1947 671 o-NUNCIUM
1973 647 2073 670 vocat.

1233 715 1447 784 VEriei·abili
1464 723 1493 752 in
1517 721 1635 767 Christo
1652 723 1743 762 Patri,
1764 721 1899 754 Domino
1913 722 1954 754 G.
1969 722 2028 753 Dei
2041 722 2141 763 gratia,
2157 722 2296 754 Sabinen-
2311 725 2388 757 Ann.
2403 724 2449 758 D.

1249 801 1267 809 ..
1318 766 1337 791 ii
1351 762 1509 804 EpiscopO,
1527 762 1636 792 Amico
1653 762 1703 792 suo
1722 762 1880 801 cariffimo,
1905 761 2075 801 Edwardus,
2092 761 2213 801 ejusdem
2234 771 2296 802 gra·
2337 773 2422 805 1323.

1235 810 1286 839 tia,
1303 801 1365 844 &q
1378 801 1511 843 salutem,
1529 799 1563 829 &
1579 800 1692 830 (incerte
1704 800 1864 831 dileffionis
1877 800 2022 831 affectum.
2315 807 2366 831 Aa.
2388 813 2431 838 ¹7·

1275 838 1406 882 Qalitei·
1426 838 1488 875 ille,
1515 836 1896 882 Psauno-Nuucms
1913 863 1924 878 ,
1943 839 2080 879 Magister
2099 838 2243 877 johannes
2264 839 2300 870 de
2318 846 2346 869 E.
2368 852 2397 868 2.

1236 877 1373 909 Stratiord
1384 878 1404 921 .(
1413 886 1509 920 quem.
1518 876 1588 906 olim
1601 877 1635 907 ad
1649 876 1814 921 Romanam
1829 876 1965 916 Curiam,
1982 888 2035 917 pro
2049 878 2151 908 nostris
2164 879 2283 919 negotiis
2317 884 2388 909 Rom.
2410 889 2453 915 17.

1237 917 1364 947 ardenter
1382 915 1564 959 insidentibus
1582 915 1662 946 cordi
1680 915 1779 946 nostro
1814 916 1883 946 inibi
1901 917 2115 957 prosequendis,
2131 917 2181 948 sub
2198 925 2301 956 magna
2319 924 2349 946 F..
2370 928 2396 944 2.

1238 953 1411 986 confidentia
1428 953 1649 997 destinavimus)
1675 964 1728 984 nos
1751 938 1866 992 fesellit,
1887 964 1946 985 non
1967 955 2058 987 solam
2079 956 2229 987 commissa
2252 956 2303 986 fibi
2319 967 2355 985 m.
2372 966 2399 992 7.

1239 1003 1288 1033 per
1309 1003 1377 1038 nos,
1402 992 1590 1036 negligenter,
1612 992 1743 1032 prosequi
1761 992 1857 1023 debite
1877 995 2055 1033 omittendo,
2077 995 2182 1025 verum
2202 995 2285 1025 etiam

1238 1032 1388 1064 ambitiose
1398 1054 1407 1070 ,
1425 1040 1599 1061 contrarium
1612 1032 1675 1061 voti
1689 1030 1796 1068 nostri,
1811 1031 1862 1061 sibi
1878 1040 1927 1070 per
1942 1042 1994 1062 nos
2009 1034 2141 1064 interime
2155 1019 2303 1073 patefaffi’

1239 1081 1299 1101 non
1322 1071 1423 1115 absque
1443 1069 1609 1100 infidelitatis
1622 1070 1761 1107 crimine,
1779 1078 1833 1108 pro
1845 1069 1949 1108 seipso,
1964 1071 1994 1100 in
2007 1070 2097 1101 nostri
2113 1057 2305 1112 vituperium:

1239 1109 1421 1154 effe&ualiter
1434 1108 1631 1152 procurando,
1650 1108 1734 1138 nobis
1747 1117 1807 1138 non
1820 1107 1932 1147 potest,
1947 1108 1982 1138 ad
1995 1109 2076 1148 ipsius
2087 1111 2286 1141 confusionem
2294 1135 2304 1149 ‚

1241 1159 1270 1179 in
1294 1157 1461 1191 memoriam
1484 1157 1543 1176 non
1557 1156 1672 1186 venire,
1688 1156 1723 1177 ex
1733 1155 1810 1187 quo,
1829 1156 1889 1176 non
1904 1148 2050 1178 immerito
2063 1149 2222 1180 conturbati
2253 1159 2307 1188 pro

1238 1187 1322 1231 ἀίᾃὶε
1342 1188 1376 1218 δε
1395 1187 1453 1231 aliis
1473 1185 1581 1228 nostris,
1593 1185 1728 1226 Negotiis
1742 1208 1752 1224 ,
1771 1186 1799 1215 in
1820 1184 1897 1216 dieta
1919 1184 2010 1217 Curia
2032 1173 2251 1227 prosequendis,
2272 1188 2310 1218 de

1241 1227 1297 1257 alio
1310 1225 1450 1262 Nuncio,
1469 1225 1551 1254 nobis
1566 1225 1638 1263 hdo,
1658 1224 1788 1255 duximus
1802 1224 1959 1261 providere.

1278 1263 1329 1295 De
1347 1263 1477 1308 fidelitate
1500 1265 1594 1301 itaque
1613 1263 1779 1302 approbata,
1797 1262 1894 1293 diledti
1920 1262 2027 1294 Clerici
2048 1262 2153 1301 nostri,
2181 1264 2232 1295 Ma
2253 1265 2311 1295 istri

1245 1303 1317 1333 Adae
1340 1302 1533 1346 Mirirnouth,
1550 1300 1625 1340 Juris
1643 1301 1743 1333 Civilis
1764 1301 1946 1339 Profefforis,
1963 1312 1997 1333 ac
2023 1301 2167 1332 Canonici
2180 1302 2240 1334 Ecc
2251 1305 2313 1334 esiae

1244 1340 1457 1388 Hereforderilis
1472 1364 1481 1379 ,
1506 1341 1600 1384 (cujus
1621 1340 1854 1378 circumspeetam
1877 1340 1911 1371 &
1931 1349 2074 1380 expertam
2097 1339 2262 1371 industriam
2283 1344 2313 1373 iri

1246 1380 1320 1411 dista
1343 1380 1432 1411 Curia
1451 1379 1593 1423 credimus
1615 1380 1678 1410 fore
1700 1380 1820 1416 notam)
1842 1378 1954 1416 plenam
1979 1380 2009 1409 in
2024 1378 2161 1409 Domino
2181 1379 2315 1410 fiduciam

1246 1427 1434 1458 reportantes,
1452 1418 1544 1461 eidem
1558 1417 1652 1456 dista,
1671 1420 1705 1450 &
1720 1417 1892 1455 nostra-alia,
1912 1418 2026 1455 negotia
2041 1417 2237 1448 commisimus
2251 1429 2317 1456 pro-

1248 1458 1404 1502 sequenda,
1420 1459 1580 1497 ipsumque,
1600 1467 1652 1495 pro
1675 1455 1820 1495 praemlffis
1839 1457 1977 1496 negotiis,
1995 1455 2030 1487 ad
2051 1455 2156 1487 Sedern
2171 1456 2318 1497 Apostoli-

1247 1506 1315 1528 cam
1328 1496 1460 1527 duximus
1474 1495 1673 1527 destinandum
1687 1507 1692 1526 z
2182 1522 2183 1529 ,

1283 1535 1484 1579 Paternitatem
1511 1534 1632 1579 vestram
1660 1536 1762 1574 (quam
1788 1534 1929 1565 honorem
1956 1533 2084 1573 Regium
2110 1535 2210 1565 intime
2230 1535 2322 1565 zelare

1249 1573 1441 1619 confidimus)
1458 1573 1556 1617 sedulis
1575 1575 1608 1605 ὃ(
1627 1575 1730 1604 votivis
1754 1574 1884 1611 precibus
1904 1572 2098 1612 deprecantes,
2117 1573 2246 1611 quatinus
2268 1583 2322 1603 no-

1252 1612 1307 1643 stra
1328 1621 1439 1652 negotia
1462 1613 1563 1656 (vobis
1579 1622 1629 1652 per
1651 1612 1774 1643 eundem
1797 1612 1910 1650 Adam,
1927 1621 1962 1642 ex
1974 1619 2049 1650 parte
2063 1611 2177 1650 nostra,
2195 1611 2322 1643 seriosius

1251 1652 1433 1690 exponenda)
1449 1651 1570 1690 benigne
1591 1651 1703 1689 audire,
1722 1651 1754 1682 ἃ
1769 1660 1853 1690 penes
1867 1649 2034 1681 Dominum
2048 1649 2205 1681 Summum
2220 1650 2321 1682 Ponti-

1252 1691 1339 1735 ficem
1360 1691 1433 1734 (cui.
1441 1689 1519 1729 super
1538 1690 1601 1733 hiis
1612 1699 1706 1727 preces
1719 1688 1891 1720 effundimus
1904 1688 2058 1726 cordiales)
2076 1690 2213 1720 omnibus
2227 1689 2322 1720 modis

1251 1730 1285 1760 &
1301 1739 1368 1773 V¹¹.³³
1387 1729 1486 1767 quibus
1504 1728 1633 1765 expedire
1649 1728 1786 1766 videritis,
1806 1737 1859 1766 pro
1875 1728 2062 1766 tranquilitate
2076 1729 2109 1759 &
2122 1729 2215 1768 quiete
2228 1728 2323 1759 cordis

1253 1767 1361 1806 nostri,
1379 1776 1550 1807 promovere
1572 1767 1673 1810 velitis:
1691 1777 1724 1797 ac
1745 1767 1822 1797 circa
1836 1767 1968 1797 votivam
1983 1765 2194 1805 expeditionem
2208 1776 2323 1797 eorum-

1252 1807 1321 1837 dem
1343 1807 1393 1843 (ut
1415 1805 1545 1836 nostrum
1565 1805 1677 1844 diligitis
1697 1804 1887 1836 commodum
1908 1805 1940 1835 &
1965 1805 2128 1841 honorem)
2148 1814 2218 1836 cum
2241 1806 2323 1835 omni

1253 1845 1381 1889 efficacia
1393 1845 1572 1885 interponere
1587 1854 1682 1882 preces
1696 1842 1799 1875 vestras
1814 1854 1821 1873 z
1841 1843 1976 1883 dietoque
1991 1843 2135 1883 Magistro
2150 1843 2223 1874 Adae
2235 1844 2264 1873 in
2279 1843 2323 1874 di-

1253 1884 1366 1921 cendis,
1386 1893 1420 1928 ex
1437 1891 1514 1921 parte
1529 1882 1642 1927 nostra,
1657 1882 1743 1913 fidem
1763 1883 1887 1922 praebere
1903 1881 2048 1912 indubiam
2065 1892 2071 1911 z
2089 1883 2140 1919 &,
2159 1883 2187 1911 in
2201 1882 2324 1920 ipsorum

1253 1923 1452 1965 prosecutione
1467 1921 1500 1952 &
1512 1920 1669 1952 directione
1685 1921 1883 1960 Negotiorum
1892 1943 1902 1959 ,
1917 1921 2038 1951 consiliis
2053 1921 2086 1951 ὃς
2101 1921 2204 1952 auxiliis
2217 1920 2321 1950 assiste-

1253 1972 1283 1993 re
1306 1969 1469 2005 oportunis,
1487 1959 1639 2000 ingressum
1661 1960 1696 1990 ad
1716 1960 1828 1990 dietum
1850 1959 2017 1989 Dominum
2031 1958 2186 1990 Summum
2201 1958 2321 1989 Pontifi-

1252 2010 1337 2038 cem,
1353 2007 1482 2038 quotiens
1500 2008 1572 2038 opus
1586 1998 1667 2029 fuerit
1684 1999 1711 2028 ei
1723 1998 1742 2028 si
1756 1998 1841 2028 libeat
1854 2020 1864 2036 ,
1882 2005 2063 2035 procurantes
2077 2009 2087 2034 3
2106 1999 2143 2027 ita
2162 1997 2259 2035 qubd,
2273 2008 2323 2028 ve-

1256 2039 1316 2069 stro
1337 2037 1476 2068 mediante
1491 2036 1636 2075 praesidio,
1654 2036 1729 2068 dieta
1741 2037 1855 2076 negotia
1866 2035 2002 2066 eflectum
2015 2035 2103 2066 sortiri
2117 2035 2225 2066 valeant
2238 2045 2324 2073 quem

1254 2086 1399 2116 optamus,
1417 2086 1471 2114 pro
1484 2084 1544 2114 quo
1559 2076 1642 2106 vobis
1658 2075 1693 2106 ad
1706 2076 1858 2116 gratiarum
1872 2084 1989 2105 munera
2003 2074 2093 2105 teneri
2107 2073 2270 2106 debeamus.

1292 2115 1361 2148 Dat.
1375 2115 1450 2154 apud
1463 2113 1630 2155 Pykeryng,
1648 2114 1765 2145 decimo
1781 2113 1902 2151 septimo
1916 2112 1963 2143 die
1977 2112 2107 2152 Augusti.

1365 2192 1479 2224 Eodem
1500 2192 1592 2223 modo
1611 2192 1737 2224 sci-ibitur
1758 2190 1867 2232 lingulis
1880 2190 2057 2229 subscriptis,
2073 2190 2211 2222 videlicet.

1293 2266 1410 2294 Domino
1424 2265 1458 2292 R.
1474 2261 1629 2302 Velletrenfi
1947 2261 1965 2291 Ἰ

1293 2305 1408 2347 Domino
1427 2305 1464 2330 G.
1483 2285 1665 2340 Penestrensi,
1964 2296 1970 2353 1
2037 2338 2042 2342 .
2118 2337 2124 2342 ¹
2245 2337 2250 2341 μ
2303 2336 2308 2341 ,

1293 2344 1409 2370 Domino
1427 2343 1464 2369 Β,
1483 2338 1646 2378 Tusculano,
1988 2335 2137 2376 Episcopis
2165 2335 2323 2368 Cardinali-

1293 2382 1409 2409 Domino
1428 2381 1464 2407 Β.
1482 2377 1640 2417 Portuenfi,
1963 2358 2052 2406 >bus

1293 2421 1409 2447 Domino
1430 2419 1473 2447 W.
1493 2416 1662 2454 Albaneni,
1966 2404 1972 2463 Ι

1292 2459 1409 2486 Domino
1427 2459 1462 2487 G.
1481 2454 1598 2485 Sabinen
1609 2466 1628 2484 1.
1946 2464 1968 2493 J

1293 2537 1309 2553 ¹*
1318 2538 1434 2602 Domgzo
1450 2536 1482 2565 P.
1492 2532 1585 2564 Tituli
1593 2533 1688 2563 Sanffl
1701 2532 1831 2571 Stephani
1843 2534 1872 2560 in
1881 2529 1961 2561 coelio
1969 2532 2052 2559 Mon·
2058 2535 2075 2563 Ἰ

1324 2581 1352 2603 te
1418 2577 1449 2603 ic.

1291 2597 1408 2642 Dom'ino
1421 2615 1448 2641 S.
1462 2609 1553 2640 Tituli
1565 2610 1676 2639 Sanetae
1692 2607 1789 2647 Priscae
2072 2566 2084 2652 l

1291 2653 1411 2680 Domino
1426 2651 1458 2678 P.
1477 2647 1568 2678 Tituli
1585 2649 1693 2677 Sancite
1712 2630 1898 2684 Arzaffaziae,

1290 2692 1407 2719 Domino
1423 2690 1455 2717 P.
1471 2685 1564 2716 Tituli
1575 2687 1684 2716 Sanllae
1699 2687 1869 2715 Potentianae
1877 2707 1888 2723 ,
2074 2656 2080 2710 i
2164 2715 2169 2720 Ι
2281 2703 2285 2707 .

1290 2730 1406 2757 Domino
1419 2728 1460 2756 N.
1476 2724 1571 2755 Tituli
1585 2725 1682 2755 Sanni
1695 2723 1831 2762 Εηιεὸή,
2068 2703 2300 2775 ᾓΟΡῑάςὼῖξΠῧ

1289 2768 1407 2795 Domino
1421 2767 1456 2794 G.
1472 2763 1563 2793 Tituli
1577 2764 1737 2793 Sanctorum
1753 2760 1879 2792 Marcelli
1894 2758 1933 2794 ὠ
1947 2762 2041 2797 Petri,
2077 2768 2084 2781 ·
2129 2754 2157 2775 ar
2179 2751 2243 2773 “¹³¹
2266 2752 2306 2771 us·

1288 2807 1404 2834 Domino
1419 2806 1453 2832 G.
1467 2802 1557 2832 Tituli
1569 2803 1663 2832 Sanni
1675 2804 1772 2831 ciriaci
1787 2804 1815 2830 in
1828 2802 1947 2837 Termis,
2077 2782 2083 2832 l

1292 2846 1408 2873 Domino
1426 2845 1462 2872 B.
1476 2840 1567 2871 Tituli
1587 2841 1682 2870 Sancti
1699 2838 1847 2878 Marcelli,

1291 2884 1408 2911 Domino
1425 2883 1458 2910 P.
1475 2879 1567 2909 Tituli
1581 2880 1689 2909 Sanblae
1705 2881 1844 2908 Suzannae
1855 2901 1866 2916 ,

1292 2922 1410 2951 Domino
1430 2923 1466 2949 Β.
1479 2918 1570 2949 Tituli
1589 2919 1684 2948 Sanni
1697 2919 1725 2946 V
1727 2916 1811 2947 italis.
2064 2922 2086 2952 J

1292 2984 1408 3012 Domino
1430 2982 1472 3010 N.
1491 2978 1586 3009 Sanc‘li
1602 2977 1746 3015 Adriani,

1293 3023 1409 3050 Domino
1429 3020 1462 3048 P.
1484 3018 1579 3048 Sancti
1592 3014 1715 3054 Angeli,

1293 3060 1409 3088 Domino
1429 3060 1467 3087 L.
1484 3056 1592 3086 Sanblae
1609 3057 1714 3084 Mariae
1728 3056 1757 3083 in
1771 3055 1828 3082 Via
1848 3051 1927 3089 lata,

1294 3100 1409 3127 Domino
1430 3099 1473 3126 A.
1492 3096 1601 3125 Sanctae
1614 3095 1719 3122 Mariae
1732 3096 1760 3121 in
1775 3093 1899 3128 Portica,

1294 3139 1409 3165 Domino
1426 3137 1461 3163 Β,
1480 3135 1589 3164 Sanc‘i‘ae
1610 3134 1713 3161 Mariae
1734 3133 1763 3158 in
1777 3131 1900 3168 Aquiro,
2069 3152 2075 3165 ⁸
2094 3141 2234 3174 Diaconis
2254 3139 2324 3172 Car-

1293 3177 1408 3203 Domino
1426 3172 1462 3210 J
1477 3173 1517 3201 ad
1529 3170 1620 3200 Velum
1634 3171 1761 3198 Aureum
1770 3190 1780 3205 ,
2067 3166 2228 3271 fdimlibus

2056 3364 2076 3393 J

1295 3214 1412 3241 Domino
1431 3214 1466 3240 B.
1485 3210 1593 3239 sanei‘ae
1613 3205 1754 3243 Agame,

1294 3253 1412 3280 Domino
1426 3247 1462 3286 J.
1482 3248 1575 3276 saneti
1593 3244 1748 3282 Theodori,

1299 3290 1415 3317 Domino
1434 3288 1468 3315 R.
1486 3286 1595 3315 Sanc‘lae
1611 3286 1716 3313 Maria
1735 3283 1848 3320 Novae,

1300 3329 1415 3355 Domino
1432 3327 1464 3354 R.
1485 3324 1593 3354 Sancta
1612 3324 1717 3352 Mariae
1735 3323 1764 3350 in
1781 3318 1937 3359 Cosmedyn‚

1299 3367 1415 3394 Domino
1434 3365 1469 3392 G.
1486 3363 1594 3392 Sanaae
1614 3363 1706 3394 Luciae
1726 3362 1755 3390 in
1774 3358 1858 3390 silice.

1298 3444 1414 3471 Domino
1430 3442 1461 3469 P.
1482 3442 1583 3477 Doza,
1601 3440 1698 3468 Fratri
1710 3439 1822 3467 Domini
1837 3437 1936 3474 Papae,

1297 3483 1414 3511 Domino
1434 3482 1475 3508 A.
1491 3479 1523 3509 de
1536 3476 1621 3516 Trici,
1639 3478 1740 3516 Nepoti
1754 3477 1864 3505 Domini
1882 3475 1975 3512 Papae.

1260 3609 1367 3639 Litera
1400 3608 1487 3652 Regis
1520 3602 1564 3636 ad
1598 3605 1622 3636 P
1634 3614 1647 3636 s
1659 3613 1678 3635 E
1694 3613 1718 3637 v
1735 3613 1759 3635 D
1771 3613 1811 3635 οι
1828 3611 1852 3634 N
1867 3610 1892 3633 υ
1905 3608 1931 3631 N
1946 3606 1968 3629 c
1981 3604 1995 3627 1
2009 3603 2031 3625 υ
2045 3602 2073 3624 M
2106 3597 2321 3636 pretaxatam.

1262 3695 1315 3748 R
1327 3690 1352 3721 E
1361 3689 1408 3729 X,
1428 3688 1574 3727 Magistro
1585 3687 1709 3727 Johanni
1723 3687 1759 3718 de
1774 3682 1926 3720 Stratford2
1943 3676 2062 3719 Praesens
2081 3674 2244 3706 mandatum
2257 3682 2322 3704 exe·
2335 3681 2413 3713 Ann.
2430 3682 2472 3713 D.

1333 3731 1381 3768 qui
1400 3729 1449 3759 sub
1487 3727 1556 3758 oena
1568 3726 1683 3757 inferius
1697 3724 1838 3756 annotata.
1948 3755 1973 3762 ..
2004 3754 2009 3759 ,
2098 3753 2103 3758 ,
2148 3752 2154 3757 ,
2221 3752 2227 3757 ,
2244 3752 2249 3757 ,
2363 3730 2446 3760 1323.

1301 3767 1454 3798 Abhorren
1475 3776 1525 3797 um
1547 3765 1767 3805 ingratitudinis,
1782 3764 1874 3793 immo
1896 3764 1989 3799 vexjms
2001 3752 2182 3789 mfidelltatlss
2199 3759 2321 3788 vitium,
2337 3764 2390 3787 An.
2409 3770 2449 3795 17.

1267 3806 1346 3844 quod
1367 3814 1468 3837 contra
1487 3815 1538 3835 nos
1550 3802 1707 3834 exercuistis
1717 3826 1727 3842 ,
1740 3802 1809 3833 dum
1824 3798 1858 3829 ad
1873 3795 1990 3840 Curiam
2002 3791 2184 3834 Romanam,
2200 3790 2249 3819 sub
2262 3799 2322 3819 ma·
2338 3802 2367 3826 E.
2388 3808 2414 3825 2.

1266 3844 1321 3883 gna
1341 3842 1530 3882 confidentizi,
1548 3853 1600 3880 pro
1621 3841 1721 3872 nostris
1735 3837 1866 3878 negotiis,
1880 3832 1987 3878 {bldem
1997 3828 2180 3873 PYPCUfassdls
2194 3828 2226 3859 &
2241 3837 2323 3871 expe·
2340 3840 2408 3863 Rom.
2429 3844 2468 3870 17.

1268 3883 1374 3912 diendis
1389 3905 1399 3921 ,
1423 3893 1512 3921 nuper
1529 3881 1675 3918 destinati,
1699 3878 1751 3909 illis
1770 3874 1903 3914 neglectis
1920 3870 1954 3901 &
1976 3867 2101 3911 omissis,
2125 3867 2159 3897 ad
2179 3875 2323 3905 propriam
2341 3878 2370 3901 E.
2390 3883 2416 3901 2.

1267 3920 1454 3953 ambitionem
1475 3921 1631 3961 appetitum
1650 3918 1768 3949 noxium
1787 3916 1997 3945 convertente8‚
2014 3904 2217 3946 Episcopatum
2229 3904 2326 3945 Wyn-
2340 3922 2374 3940 m,
2393 3920 2418 3945 7,

1264 3959 1438 3998 toniensem,
2278 3980 2306 4011 Α
2307 3980 2326 4011 d

2345 2521 2478 2550 ‘1V.12.
