2562 4279
208 138 287 190 146

60 228 137 259 Anu.
153 224 194 255 D.
211 221 309 253 nostro
319 246 328 260 ,
345 228 444 253 contra
456 218 594 251 Hostium
608 219 723 250 suorum
738 217 918 256 Incursus,in
933 217 1028 249 Terra
1042 217 1273 257 Scotiae,Opem

81 266 166 305 1336,
214 262 356 299 praebere,
375 260 525 300 Ipsumque
538 257 690 288 defendere
702 256 882 296 astringimur
897 257 931 288 &
943 258 1012 288 tueri

60 309 128 342 ως».
150 313 175 343 3.
253 299 288 329 Et
301 299 382 336 ipsius
399 299 485 336 Regis
497 298 600 327 Terras
614 297 647 327 &
664 295 792 334 Gentes,
809 305 879 327 cum
892 295 974 327 dietis
990 280 1274 334 Al'ienigenis,Adu-

212 339 280 367 natis
295 337 425 375 Viribus,
443 335 580 366 hostiliter
596 334 727 367 invadere
740 342 926 373 proponunt,
943 334 1081 373 Malaque
1094 335 1143 365 alia
1158 344 1211 372 pro
1230 334 1275 364 vi-

211 377 286 406 ribus
300 383 473 415 perpetrare,

246 413 393 453 Qiosdam
417 413 580 452 Magnana,
600 413 633 443 δί
657 411 724 442 alios
743 410 887 442 Homines
905 411 939 442 ad
960 411 1049 448 Arma
1063 435 1074 451 ,
1090 421 1124 442 ac
1145 409 1274 447 Hobela-

207 454 278 490 riOS,
298 453 473 492 Sagittarios,
492 452 523 482 δε
539 450 669 489 Pedites,
686 450 721 480 ad
735 449 821 481 dietas
835 458 924 488 partes
938 450 1103 488 Scotiae,'in
1127 459 1187 480 non
1208 458 1274 479 mo-

206 492 283 560 dicIcZY
290 500 428 528 numero,
446 489 659 530 disposuerimus
673 489 861 528 praemittere,
880 487 1017 519 Domino
1030 488 1197 528 inspirante,

285 540 335 566 os,

247 568 296 599 De
317 567 453 598 fidelitatis
473 566 643 597 Constantia
664 567 697 598 &
718 565 989 603 circumspectione
1002 565 1138 605 providi,
1159 564 1272 601 Dileffl

209 607 420 644 Consanguinei
441 607 475 637 ὅ(
501 606 603 636 Fidelis
622 605 711 636 nostri
723 628 733 644 ,
749 604 872 636 Henrici
892 604 928 641 de
950 604 1130 644 Lancastria,
1149 603 1272 647 plenari‘e

207 645 398 683 confidentes,

244 685 336 722 Ipsum
346 707 355 722 ,
370 685 455 714 totius
471 682 620 714 Exercitus
633 681 739 721 nostri,

245 724 291 755 Ad
308 723 396 753 dietas
416 731 506 760 partes
528 723 651 760 Scotiae,
671 731 704 752 ex
725 720 807 757 causi
828 719 982 759 praedietfi,
1000 730 1033 752 ac
1055 721 1138 751 etiarn
1156 729 1208 758 pro
1222 719 1271 749 de-

204 763 331 793 fensione
352 760 469 800 Regni,
485 762 643 791 Terrarum
659 785 668 798 ,
686 762 720 792 ὃς
740 760 866 799 Populi,
886 758 1050 790 nostrorum
1065 781 1075 798 ,
1090 759 1123 790 δε
1143 759 1172 788 in
1191 757 1271 795 ipflus

206 801 254 833 Re
274 802 294 830 is
309 800 417 831 Scotiae
430 800 609 838 succursum,
627 808 657 830 ut
674 798 850 837 praedicitur,
870 798 1042 837 profe-ituri,

243 811 433 877 gapitaneum
446 838 645 870 constituimus
660 839 692 869 &
706 837 889 875 Ductorem,

247 879 358 909 Dantes
381 877 476 908 eidem
498 878 628 915 plenam,
643 885 743 907 tenore
762 875 958 914 praesentium,
977 873 1151 905 Potestatem
1167 881 1269 903 omnes

208 916 363 955 Excessus,
382 914 780 955 injurias,Transgreffiones‚
797 915 830 945 &
846 914 975 944 Felonias
991 913 1024 951 (si
1036 914 1083 951 qui
1098 923 1146 950 per
1162 911 1271 942 Homi-

206 967 256 987 nes
279 955 426 987 Exercitus
446 954 593 994 praediffi,
609 953 654 985 vel
676 962 779 983 eorum
801 952 939 991 aliquem,
955 953 983 982 in
999 952 1102 983 eodem
1118 951 1270 981 Excercitu

208 996 358 1035 perpetrati
374 993 490 1030 fuerint)
506 993 601 1023 debite
614 991 763 1030 puniendi,
780 991 814 1022 &
828 991 908 1030 super
920 991 972 1022 hiis
983 989 1125 1029 justitiam
1139 988 1269 1020 faciendi:

246 1034 358 1064 Damus
374 1033 483 1070 insuper
496 1031 627 1062 universis
641 1031 673 1062 &
688 1029 799 1069 singulis
816 1028 997 1069 Comitibus,
1015 1029 1187 1066 Batonibus,
1208 1026 1271 1057 Mi-

208 1072 319 1111 litibus,
337 1071 516 1109 Hobelariis,
532 1070 695 1108 Sagittariis,
712 1068 873 1106 Peditibus,
892 1069 926 1100 &
940 1069 1074 1099 omnibus
1090 1067 1164 1106 aliis,
1183 1065 1272 1105 quiad

209 1111 297 1142 dietas
312 1119 399 1149 partes
413 1108 536 1147 Scotiae,
555 1118 589 1139 ex
601 1107 684 1139 causa
696 1106 830 1145 praedicta
839 1131 848 1146 ,
863 1107 924 1138 sunt
937 1107 1061 1145 venturi,

248 1149 318 1180 Nec
341 1158 401 1179 non
422 1148 669 1185 vicecomitibus,
687 1146 818 1184 Ballivis,
836 1145 992 1184 Ministris,
1009 1147 1044 1177 δὲ
1061 1143 1202 1176 Fidelibus
1217 1152 1273 1173 no·-

212 1188 287 1226 stris,
305 1189 362 1217 tiam
379 1189 407 1217 in
423 1185 521 1217 Terris
535 1185 568 1217 &
584 1185 731 1216 Dominiis
746 1184 864 1222 nostris,
882 1185 912 1214 in
933 1184 1028 1215 Terra
1046 1183 1152 1215 Scotiae
1186 1183 1274 1220 quam

210 1228 239 1257 in
254 1226 403 1257 Comitatu
424 1225 662 1262 Northumbriae,
679 1234 712 1254 ac
735 1222 912 1255 Custodibus
924 1222 1095 1254 Castrorum
1106 1231 1146 1252 no
1173 1228 1273 1252 rorum

211 1267 240 1296 in
255 1265 354 1295 eidem
368 1263 462 1295 Terra
478 1263 600 1301 Scorice,
621 1262 756 1300 similiter,

248 1304 369 1334 Tenore
382 1303 608 1341 pi-aeientium,in
625 1301 774 1339 mandatis,
783 1299 862 1338 quod
877 1298 970 1331 eidem
982 1297 1272 1338 Henric0‚tanquam

211 1342 370 1380 Capitaneo
384 1342 416 1373 δί
433 1341 558 1371 Ductori
574 1341 642 1371 dieti
660 1338 807 1370 Exercitus
823 1338 931 1376 nostri,
947 1339 977 1368 in
991 1337 1059 1376 hiis,
1078 1348 1144 1376 quae
1166 1336 1275 1366 Hono-

210 1391 272 1413 rem
296 1380 443 1418 nostrum,
460 1389 492 1410 ac
513 1379 721 1416 Salvationem,
739 1379 772 1409 ὃ(
795 1376 1002 1407 Defensionem
1017 1375 1132 1414 Regni,
1149 1385 1182 1406 ac
1199 1374 1275 1405 Ter-

211 1429 302 1450 rarum
338 1419 370 1450 &
392 1417 509 1456 Populi,
527 1416 691 1447 nostrorum
713 1415 933 1455 praedictorum,
951 1426 984 1446 ac
1003 1416 1088 1446 etiam
1101 1414 1274 1445 Tuitionem

208 1459 294 1495 i}‘fiUS
310 1442 394 1497 kegis
410 1457 530 1493 Scotiae,
550 1456 654 1486 Vaffali
669 1455 774 1492 nostri,
792 1455 825 1485 δε
840 1454 982 1485 Gentium
1003 1454 1114 1484 suarum
1136 1453 1166 1482 in
1180 1451 1273 1482 Terra

203 1498 319 1565 {conte
333 1495 483 1533 praedic‘ta,
504 1503 603 1525 contra
617 1493 730 1524 hostiles
744 1492 903 1524 Invaiiones
916 1492 1089 1530 huiusmodi,
1107 1501 1140 1522 ac
1163 1491 1273 1528 Repul-

227 1545 321 1565 ionem
340 1533 507 1565 eorumdem
530 1532 668 1564 Hostium
694 1532 877 1570 nostrorum,
895 1532 928 1564 ὃ(
951 1530 1137 1563 Punitionem
1150 1530 1180 1559 in
1193 1530 1273 1561 dicto

213 1574 347 1605 Exercitu
362 1570 616 1610 Delinquentium,
633 1579 831 1607 concernunt,
849 1578 963 1607 pareant
977 1570 1010 1601 &
1024 1568 1182 1600 intendant:

250 1611 288 1643 Et
304 1611 384 1649 quod
397 1612 502 1651 praefati
516 1610 713 1641 Vicecomites
726 1618 827 1640 omnes
841 1609 902 1638 illos
911 1633 920 1646 ,

249 1651 335 1688 Quos
357 1650 508 1688 praedictus
529 1648 690 1686 HenricuS,
710 1656 826 1686 propter
848 1647 971 1685 ipsorum
985 1646 1208 1683 Rebellionem,
1227 1644 1275 1674 In-

206 1690 306 1728 jurias,
326 1688 370 1719 seu
386 1687 540 1726 Excessus,
557 1688 596 1717 eis
610 1687 786 1726 liberaverit,
803 1686 849 1717 vel
863 1686 972 1717 liberari
994 1686 1110 1723 fecerit,
1127 1684 1178 1715 sub
1203 1682 1275 1714 Car-

210 1728 296 1760 cerali
312 1726 453 1758 Custodia
467 1725 683 1762 custodiendos,

246 1766 295 1797 Ab
309 1765 414 1796 eodem
426 1765 572 1802 Henrico,
590 1764 634 1795 vel
646 1764 709 1794 alias
721 1763 756 1793 ad
772 1762 938 1793 mandatum
954 1761 1051 1800 suum,
1069 1762 1126 1792 reci
1147 1762 1221 1799 iant,
1238 1760 1272 1791 &

211 1803 373 1874 ianrisona
388 1804 463 1835 salvo
478 1802 612 1834 custoditi
627 1803 746 1840 faciant,
766 1800 911 1840 quousque
926 1800 993 1831 inde
1010 1800 1102 1831 modo
1137 1801 1214 1831 ebito
1222 1798 1273 1830 de-

212 1845 232 1875 li
254 1852 385 1874 crentur:

251 1881 453 1912 Mandavimus
467 1881 542 1910 enim
557 1881 632 1918 tam,
642 1878 761 1910 Dilecto
775 1877 998 1915 Consanguineo
1012 1878 1045 1909 &
1060 1877 1150 1908 Fideli
1165 1876 1275 1914 nostro,

211 1919 374 1952 &villielmo
389 1919 424 1949 de
440 1919 562 1956 Bohun,

250 1960 350 1998 Qem
365 1958 561 1996 deputavimus
576 1956 763 1995 Capitaneum
779 1956 813 1987 ὅ(
827 1955 993 1986 Ductorem
1013 1956 1146 1985 omnium
1166 1954 1277 1984 Homi-

210 2007 281 2028 num
295 1998 329 2028 ad
343 1997 446 2034 Arma,
466 1996 707 2033 Hobelariorurn,
724 1995 953 2034 Sagittariorum,
971 1994 1004 2024 &
1017 1993 1204 2030 Peditum,in
1213 1991 1277 2022 Co-

212 2037 353 2105 miRitibus
367 2035 519 2066 Cumbriae
535 2035 568 2065 &
583 2033 848 2072 Westmerlandiae,
867 2040 967 2063 contra
986 2031 1118 2070 praefatos
1138 2030 1277 2062 Inimicos

211 2084 251 2105 no
281 2085 324 2105 ros

248 2098 411 2145 Unar’cum
430 2112 568 2143 omnibus
590 2110 763 2142 Hominibus
781 2110 833 2141 illis
847 2133 857 2150 ,
875 2119 947 2148 quos
959 2132 969 2149 ‚
987 2108 1107 2141 Dilecsto
1129 2109 1163 2140 &
1187 2107 1277 2139 Fideli

213 2152 311 2184 nostro
346 2152 476 2182 Antonio
496 2150 532 2181 de
554 2150 655 2189 Lucy,
669 2149 831 2190 JusticiarIO
853 2148 955 2180 nostro
974 2147 1148 2187 Laudoniae,
1166 2157 1199 2178 ac
1214 2147 1279 2178 alia-

212 2201 279 2223 rum
292 2176 447 2222 ferratum
461 2188 621 2220 nostrarum
640 2191 670 2220 in
685 2188 802 2227 Scotia,

253 2231 355 2269 Qem
371 2239 460 2267 nuper
475 2227 521 2259 affi
542 2228 668 2259 navimus
682 2228 717 2258 ad
732 2226 854 2258 Arraiari
864 2225 1026 2258 faciendum
1048 2234 1151 2259 omnes
1170 2226 1280 2257 Homi-

212 2279 261 2300 nes
276 2269 310 2299 ad
325 2268 427 2306 Arma,
444 2266 533 2298 Hobe
544 2267 629 2305 ariOS,
646 2267 826 2304 Sagittarios,
843 2266 877 2297 ὃ(
891 2264 1022 2304 Pedites,
1037 2265 1072 2296 ad
1088 2265 1280 2306 Pugnandum

212 2308 364 2345 Potentes,
382 2308 411 2337 in
424 2305 503 2336 dicto
519 2303 668 2336 Comitatu
685 2304 924 2342 Northumbriae,
941 2314 975 2335 ac
991 2304 1076 2335 etiarn
1092 2305 1121 2335 in
1136 2303 1279 2343 praediciis

214 2347 310 2377 Terris
331 2347 364 2376 &
384 2345 531 2376 Dominiis
551 2342 652 2374 nostris
673 2345 703 2375 in
725 2343 839 2381 Scotia,
858 2343 892 2374 &
912 2342 946 2373 ad
961 2342 1074 2373 eosdem
1088 2343 1235 2374 Homines
1249 2343 1279 2372 in

216 2385 396 2422 Obsequium
419 2382 552 2413 nostrum
573 2391 672 2413 contra
691 2382 784 2413 dictos
805 2381 911 2412 Scotos
927 2381 1091 2412 ducendum
1107 2382 1189 2412 simul
1210 2391 1280 2413 cum

216 2424 350 2453 omnibus
364 2421 468 2452 eisdem
486 2421 668 2458 hominibus,

256 2460 351 2499 Qod
366 2459 459 2490 eidem
475 2458 607 2489 Henrico
620 2458 794 2488 intendentes
810 2457 1085 2496 sint‚respondentes
1099 2460 1133 2491 ὅ(
1147 2459 1279 2490 auxilian-

218 2507 276 2536 tes,
295 2499 328 2529 &
339 2508 406 2528 cum
422 2497 480 2535 ipso
493 2498 523 2526 in
536 2497 702 2534 obsequium
719 2496 851 2526 nostrum
863 2496 1030 2533 praediffum
1053 2497 1278 2537 proficiscantur,

218 2539 349 2576 quotiens
363 2538 397 2567 δε
413 2535 526 2574 quando
542 2545 613 2573 opus
627 2535 728 2573 fuerit,
746 2536 779 2566 &
795 2545 844 2572 per
859 2535 1026 2572 predictum
1047 2535 1226 2575 Henricum,
1245 2546 1279 2568 ex

217 2585 294 2615 parte
309 2575 420 2613 nostrii,
438 2574 542 2604 fuerint
559 2575 726 2611 praemuniti.

256 2615 274 2635 ³*
295 2613 328 2644 In
347 2615 441 2652 cujus,
461 2613 520 2642 &c
535 2612 669 2649 quamdiu
685 2612 767 2641 nobis
782 2611 933 2649 placuerit,
951 2611 1101 2643 duraturas.

70 2631 86 2646 ἲ
99 2632 151 2657 IV.
289 2652 379 2683 Teste
395 2651 476 2690 Rege
491 2651 563 2689 apud
577 2651 741 2688 Waltham,
758 2650 878 2688 septimo
892 2650 936 2679 die
948 2649 1057 2688 Aprilis.

70 2669 125 2705 696
129 2688 135 2695 .

900 2733 952 2760 Per
970 2729 1051 2769 ipfiem
1069 2732 1175 2768 Regem.

222 2813 311 2879 ET
326 2811 490 2843 mandatum
506 2811 546 2842 est
560 2811 677 2849 praefato
689 2810 921 2850 Antonio,quod
938 2810 1030 2842 eidem
1040 2810 1173 2841 Henrico
1189 2808 1281 2840 inten-

302 2851 369 2882 dens
383 2852 414 2881 sit
429 2852 462 2881 δε
478 2850 645 2888 respondens

260 2890 298 2921 Et
310 2899 411 2920 omnes
425 2888 567 2919 Homines
588 2887 623 2918 ad
644 2873 749 2926 Arma,
767 2887 956 2926 Hobelarios,
974 2887 1152 2927 Sagittarios,
1170 2887 1204 2918 &
1226 2884 1282 2916 Pe-

223 2930 310 2967 dites,
328 2927 362 2963 ad
378 2926 560 2966 pugnandum
576 2926 727 2964 Potentes,
745 2925 781 2956 de
795 2926 872 2957 disto
888 2926 1034 2957 Comitatu
1042 2925 1283 2962 Northurnbriae,

223 2970 258 3000 &
273 2967 310 2997 de
326 2966 471 2996 Dominiis
487 2964 574 3003 Regis
588 2966 616 2994 in
633 2964 745 3002 Scotia,
761 2964 795 2995 ad
809 2964 954 3003 praefatum
968 2965 1147 3002 Henricum,
1165 2965 1194 2993 in
1218 2962 1283 2993 Ob-

223 3007 354 3045 sequium
369 3004 470 3044 Regis,
488 3013 588 3034 contra
599 3003 691 3033 dictos
705 3003 809 3034 Scotos
819 3004 921 3043 ducat,
938 3005 972 3034 &
986 3013 1054 3034 cum
1069 3013 1106 3033 eo
1121 3004 1149 3032 in
1171 3002 1283 3032 diCtum

224 3045 404 3081 Obsequium
423 3041 632 3080 proficiscatur,
650 3043 780 3079 quotiens
801 3043 835 3073 &
854 3052 944 3081 quum
964 3051 1035 3080 opus
1055 3042 1138 3072 fuerit
1154 3063 1164 3079 ‚
1181 3041 1214 3072 ὃς
1234 3050 1284 3080 per

223 3083 394 3121 praedictum
411 3081 572 3111 Henricum
588 3080 670 3110 fuerit
685 3081 873 3117 praemunitus.

971 3121 1025 3148 Per
1043 3117 1124 3158 ipfiem
1142 3121 1246 3156 Regem.

265 3201 377 3232 Eodem
398 3199 488 3231 modo
507 3198 671 3229 mandatum
695 3197 737 3228 est
759 3199 874 3236 praefato
889 3198 1050 3229 willielmo
1065 3198 1100 3229 de
1113 3198 1234 3236 Bohun,
1251 3197 1285 3228 ad

227 3240 391 3284 ducendum
405 3249 504 3269 omnes
518 3237 749 3276 Homines2&c.
768 3237 805 3267 de
811 3236 961 3268 Comitatu
973 3237 1124 3268 Cumbriae
1139 3238 1172 3269 δε
1181 3236 1282 3267 West-

226 3278 398 3311 merlandlae·
908 3316 963 3344 Per
979 3313 1061 3353 ipficm
1078 3316 1183 3351 Regem.

300 3463 349 3494 De
369 3457 511 3502 Potestate
527 3455 683 3503 recipiendi
706 3455 749 3489 ad
767 3458 875 3489 Pacem
895 3458 1039 3490 Homines
1055 3455 1091 3488 de
1108 3458 1218 3489 Scotia.

87 3546 162 3577 Anu.
178 3545 218 3577 D.
237 3547 355 3605 REX
373 3547 539 3584 Univerfis,
557 3545 592 3576 ad
606 3555 695 3584 quos,
711 3546 773 3577 &c-
791 3545 926 3576 Salutem.

116 3586 199 3623 1336-
335 3587 430 3617 Sciatis
443 3586 522 3624 quod
533 3585 616 3622 Nos,

90 3625 142 3651 An.
160 3634 201 3651 ιο.
274 3623 323 3654 De
338 3624 466 3656 fidelitate
481 3623 598 3661 probata
610 3624 644 3654 &
659 3623 913 3660 circumspeffione
928 3620 1064 3659 provida,
1083 3620 1193 3651 Dilcffi
1208 3618 1291 3650 Con-

89 3664 120 3688 Ὲ-
147 3670 172 3697 3-
236 3661 373 3700 sanguinei
388 3664 421 3694 ὃς
435 3662 531 3692 Fidelis
547 3661 650 3700 nostri,
668 3662 789 3692 I-lenrici
805 3661 841 3690 de
855 3659 1017 3690 Lancastria

91 3703 159 3726 scot.
179 3708 221 3725 10·
276 3701 376 3739 Qem
390 3701 586 3731 constituimus
600 3699 787 3737 Capitaneum
801 3700 834 3730 ὃ(
850 3699 1012 3729 Ductorem
1025 3682 1174 3734 Exercitus
1187 3696 1292 3734 nostri,

90 3740 123 3764 E·
141 3745 166 3773 3.
188 3746 224 3765 m.
238 3739 328 3768 versus
341 3748 428 3775 partes
441 3739 565 3775 Scotiae,
582 3749 634 3776 pro
648 3738 787 3769 Tuitione
808 3739 841 3768 &
863 3737 1037 3767 Defensione
1058 3736 1172 3775 Regni,
1188 3735 1294 3765 Terra-

94 3773 140 3802 28.
239 3785 320 3818 rurn,
339 3777 372 3806 &
386 3777 487 3814 Populi
504 3777 684 3816 nostrorum,
703 3786 801 3807 contra
812 3775 940 3806 Hostiles
954 3774 1103 3815 Aggreffus
1118 3775 1293 3811 Scotorum,

241 3812 426 3845 Inimicorum
441 3815 620 3853 nostrorum,
639 3816 669 3846 in
683 3817 814 3854 proximo
828 3813 1000 3852 profecturi,

281 3850 406 3882 Plenarie
422 3854 612 3892 confidentes,

277 3887 418 3919 Dedimus
438 3892 529 3922 eidem
549 3892 679 3922 Henrico
698 3889 816 3921 Plenam
830 3914 841 3929 ,
864 3900 965 3922 tenore
983 3889 1160 3928 praesentium
1173 3911 1185 3926 ,
1207 3887 1293 3918 Pote-

243 3925 358 3969 statem,
376 3930 491 3959 nomine
511 3929 625 3967 nostro,
643 3928 800 3966 recipiendi
819 3929 854 3959 ad
880 3930 982 3960 Fidem
995 3930 1029 3960 ὅ(
1044 3927 1151 3958 Pacem
1165 3925 1293 3957 nostram

243 3963 390 4008 Homines
407 3965 451 4008 de⁴
464 3966 574 4005 Scotifi,
591 3968 626 3999 ad
644 3968 801 4003 Fidem&
818 3967 925 3997 Pacem
936 3968 992 3998 illas
1005 3977 1066 3997 non
1079 3965 1242 4002 existentes,
1258 3965 1293 3996 &

243 4003 324 4033 Alios
343 4013 392 4046 qui
410 4003 510 4033 eisdem
525 4005 617 4035 Scotis
632 4014 730 4036 contra
748 4016 800 4036 nos
814 4005 973 4044 adhaerent,
992 4006 1036 4036 seu
1052 4004 1240 4040 adhaeserunt‚
1258 4004 1293 4033 ὃ(

211 4081 215 4085 ⁴
241 4051 310 4073 cum
324 4051 361 4072 eis
375 4049 474 4073 contra
489 4052 540 4073 nos
549 4042 584 4074 de
599 4043 748 4075 Inimicitia
767 4045 895 4085 fucum,
913 4045 963 4083 qui
976 4044 1012 4076 ad
1025 4044 1172 4080 Fidem&
1186 4041 1293 4074 Pacem

664 126 1472 178 CONVENTIONES,

1527 122 1920 172 LITERAE,

1313 212 1441 245 nostram
1459 213 1556 244 venire
1576 211 1738 250 voluerint,
1754 211 1789 244 &
1801 219 1874 249 quos
1887 206 1922 241 ad
1934 206 2043 245 Pacem
2058 206 2093 240 &
2107 206 2208 245 Fidem
2221 207 2382 250 hnjusmodi
2396 203 2474 241 Ann
2488 202 2534 238 D.

1313 253 1376 284 fore
1388 252 1490 289 viderit
1503 250 1709 289 admittendos,
2418 246 2505 286 1336.

1352 290 1390 323 Et
1406 291 1524 321 Litteras
1537 289 1573 321 de
1585 288 1796 320 Pardonatione
1808 287 1952 324 didiarum
1970 284 2149 323 Adhaefionis
2160 285 2194 322 δε
2210 285 2383 328 Inigpicjtiae,
2397 285 2465 314 Edv.
2487 294 2514 323 3.

1315 340 1370 361 nec
1385 339 1444 360 non
1458 329 1493 360 de
1508 328 1667 368 hujusmodi
1680 326 1859 358 Admiffione
1872 325 1907 357 ad
1922 326 2029 356 Pacem
2042 323 2169 355 nostram
2205 325 2383 361 eisdemHo-

1315 369 1455 408 minibus,
1474 379 1529 407 pro
1541 369 1685 403 securitate
1698 365 1745 410 sua
1760 367 1790 410 in
1805 366 1858 409 hac
1871 373 1967 409 parte,
1985 364 2107 399 nornine
2119 347 2384 407 ‚nostrossaciendss

1351 407 1462 443 Rarum
1474 408 1508 438 &
1524 415 1636 444 gratum
1651 406 1770 436 habituri
1783 402 1921 442 quicquid
1937 405 2017 438 idem
2030 401 2320 440 Henrleus,n0mi11e
2327 414 2383 435 no·

1315 445 1392 484 stro,
1411 446 1509 481 fecerit
1521 447 1550 476 in
1567 443 1720 484 praernisfis.

1324 488 1331 496 ·
1352 483 1386 514 In
1399 485 1496 523 cujus,
1514 485 1575 515 ὅτε.
1590 483 1724 522 quamdiu
1739 482 1822 512 nobis
1834 481 1987 519 placuerit,
2004 478 2155 510 duraturas

1352 522 1444 554 Teste
1458 523 1539 562 Rege
1551 523 1627 561 apud
1641 522 1684 554 W
1687 522 1790 558 altham
1803 520 1918 554 Sanetae
1932 518 2052 557 Crucis,
2069 518 2187 554 decimo
2199 517 2246 553 die
2258 518 2371 558 Aprilis-

1316 655 1376 690 Ad
1397 659 1505 702 Regem
1525 655 1774 701 Franciae‚fhper
1791 656 1951 701 Occupatis
1967 656 1998 686 in
2018 652 2163 698 chfionia
2184 650 2380 696 restituendis.

1317 743 1605 806 EXcellentissimo
1627 743 1770 788 Principi,
1789 744 1924 776 Domino
1944 742 2097 786 Phiiippo,
2117 741 2178 775 Dei
2209 741 2295 782 tatia,
2306 741 2382 787 Regi
2396 731 2474 763 Ann-
2487 731 2530 768 D·

1374 822 1381 827 ¹
1396 782 1522 826 Franciae
1543 780 1658 820 illustri,
1674 781 1855 822 Edwardus,
1873 783 1934 815 &c
1955 782 2098 820 Salutem,
2116 780 2150 814 δε,
2171 791 2187 813 a
2228 784 2298 816 vota
2312 781 2385 815 Suc·
2426 773 2512 812 133⁶-

1316 823 1407 857 cesius
1421 825 1568 860 prosperos
1583 830 1615 856 ac
1631 821 1750 859 foelices.
2398 814 2451 839 An.
2469 821 2512 841 ¹⁰·

1353 861 1435 892 Crim
1448 863 1478 890 in
1493 857 1678 897 Concordia,
1696 860 1776 898 super
1792 859 1970 897 restitutione
1983 858 2326 898 Rerum,occupatarum
2336 860 2380 894 in-
2396 854 2423 879 E.
2446 859 2472 887 3·

1315 906 1357 930 ter
1378 898 1446 930 Nos
1468 900 1501 930 &
1524 896 1552 929 V
1554 909 1603 936 OS,
1622 908 1711 941 nuper
1732 898 1842 935 habita,
1860 899 1932 935 inter
1953 908 2056 934 caetera
2071 899 2267 936 contineatur,
2284 898 2383 940 quod,
2395 888 2531 926 Claus-¹⁶¹·

1315 938 1393 976 super
1403 937 1593 976 Restitutione
1610 936 1769 974 hujusmodi
1785 936 1914 974 facienda
1927 936 1949 973 si
1961 938 2032 973 inter
2041 936 2261 974 Commiffarios
2273 936 2383 973 vestros
2396 931 2424 956 E.
2446 937 2473 965 3·
2494 938 2531 958 m·

1315 977 1348 1007 ὃ(
1367 976 1495 1014 nostros,
1513 974 1647 1011 Dubium
1668 977 1805 1013 oriretur,
1824 982 1893 1011 tunc
1916 974 2051 1010 Dubium
2064 975 2133 1012 illud
2146 976 2176 1011 in
2191 974 2384 1012 Parliamento
2403 975 2449 1005 33·
2463 966 2498 996 ⁴¹³

1315 1014 1338 1044 F
1340 1017 1443 1046 ranciae
1458 1014 1560 1051 (Curia
1574 1014 1610 1044 de
1624 1012 1679 1044 Sex
1693 1013 1827 1052 Paribus,
1844 1012 1879 1044 ad
1893 1014 2005 1052 minua,
2020 1013 2147 1051 muniti}
2163 1014 2332 1054 deferretur,
2349 1014 2385 1050 ὃς

1316 1053 1423 1084 ibidem
1439 1052 1613 1085 Discuffioni
1626 1051 1860 1091 demandaretur,
1878 1051 2083 1090 proutJustitia
2095 1052 2232 1089 suaderet:

1355 1093 1400 1124 Ac
1419 1094 1478 1132 jam
1500 1092 1719 1124 intellexerimus
1740 1090 1844 1129 quod,
1870 1090 1950 1128 super
1969 1090 2145 1125 restitutione
2165 1085 2326 1129 Terrarum
2347 1090 2385 1124 de

1317 1131 1418 1163 Blanca
1433 1132 1528 1169 Forti,
1546 1129 1582 1161 de
1596 1130 1722 1169 Virmis,
1741 1131 1774 1161 ὅ(
1789 1129 1826 1160 de
1842 1129 1975 1167 Lumo,
1995 1130 2066 1160 inter
2089 1127 2309 1162 commissarios
2328 1140 2385 1162 no-

1317 1170 1389 1201 stros
1403 1172 1437 1202 &
1455 1170 1563 1202 vestros
1579 1171 1668 1200 oritur
1681 1169 1815 1205 Dubium
1851 1177 1886 1198 ex
1901 1178 1956 1207 eo,
1973 1168 2121 1206 videlicet,
2137 1168 2217 1207 quod
2231 1169 2383 1200 Commis-

1316 1209 1373 1239 [πῆ
1393 1209 1476 1240 vestri
1500 1208 1702 1247 Restituam,
1719 1207 1786 1238 inde:
1805 1191 1919 1237 domiti
1938 1207 1975 1237 de
1990 1205 2158 1237 Arminiaco
2169 1207 2306 1239 faciendae
2323 1209 2386 1247 (qui

1318 1247 1524 1278 Poffeffionem
1545 1247 1702 1278 Terrarum
1726 1247 1856 1285 illarum,
1873 1255 1938 1276 ante
1959 1245 2194 1283 Occupationem
2210 1255 2261 1284 per-
2273 1246 2386 1278 Gentes

1318 1286 1444 1317 Franciae
1460 1286 1526 1317 inde
1538 1287 1660 1324 fastam,
1679 1294 1710 1317 ut
1723 1285 1842 1322 dicitur,
1860 1285 2020 1323 optinebat)
2038 1283 2196 1320 consentire
2213 1285 2385 1321 recusabant:

1356 1325 1409 1364 Et,
1428 1325 1494 1356 licet
1507 1324 1705 1356 Commifiarii
1718 1324 1807 1355 no'stri
1821 1323 1955 1354 Dubium
1968 1322 2036 1354 illud
2051 1322 2086 1353 ad
2101 1319 2222 1353 Curiam
2242 1323 2384 1362 vestram,

1318 1372 1350 1394 ut
1363 1365 1533 1403 didicimus,
1547 1365 1627 1402 juxta
1641 1364 1765 1400 formam
1785 1362 1965 1394 Concordiae
1986 1361 2148 1400 praedidtae,
2166 1360 2337 1402 remiserint,
2354 1363 2386 1393 in

1319 1402 1509 1433 Parliamento
1526 1402 1638 1439 vestro,
1657 1403 1687 1431 in
1702 1401 1796 1432 forma
1805 1400 1958 1440 praedic'ta,
1975 1399 2200 1439 discutiendum,
2216 1399 2384 1432 Senescallus

1317 1450 1414 1473 tamen
1432 1441 1525 1473 vester
1549 1441 1679 1480 Agenni,
1697 1441 1731 1472 &
1751 1440 1798 1471 alii
1818 1439 1949 1474 Ministri
1970 1439 2055 1472 vestri
2071 1439 2191 1478 partium
2207 1437 2334 1478 illarum,
2350 1447 2382 1474 ut

1317 1480 1421 1511 Terras
1434 1480 1492 1512 illas
1506 1480 1663 1521 Aymerico
1676 1478 1713 1510 de
1729 1478 1814 1513 Duro
1829 1478 1910 1511 Forti
1925 1477 2018 1515 (dieto
2031 1476 2135 1513 Dubio
2147 1476 2312 1516 indiscuffo)
2335 1477 2385 1509 de-

1318 1518 1451 1557 stituant,
1469 1518 1662 1557 multipliciter
1676 1517 1806 1551 infestam
1820 1518 1854 1550 &
1867 1518 2027 1555 mquieiam-
2037 1517 2134 1551 ninus
2143 1516 2236 1554 juste3

1354 1557 1466 1588 Placeat
1479 1559 1561 1597 igitur
1585 1557 1733 1589 Serenitati
1748 1555 1868 1594 vesttae,
1885 1556 1965 1594 super
1984 1556 2005 1576 *ἵ
2024 1555 2188 1594 praemiffis,
2205 1554 2266 1590 fieri
2285 1554 2386 1594 jubere
2400 1562 2484 1592 ην,

1318 1597 1447 1627 debitum
1462 1597 1496 1627 &
1512 1596 1645 1626 festinum
1655 1595 1777 1634 Justitiae
1791 1593 2069 1633 Complementum,
2077 1603 2162 1632 prout
2170 1595 2251 1633 juxaea
2262 1593 2386 1628 formam
2398 1603 2467 1638 ⁶97·

1319 1634 1496 1666 Concordiae
1509 1634 1653 1673 praedictae
1670 1634 1752 1665 fuerit
1765 1633 1941 1672 faciendum,
1963 1633 2010 1665 vel
2023 1632 2180 1672 saltem,de
2192 1633 2316 1671 negotio,
2324 1633 2385 1671 illo,

1318 1674 1478 1712 exspectare
1496 1674 1582 1711 usque
1603 1672 1759 1703 adventum
1780 1672 1972 1703 Nunciorum
1994 1671 2180 1710 nostrorum,
2200 1671 2322 1710 quosad
2335 1682 2387 1703 ve-

1321 1712 1406 1744 stram
1424 1712 1599 1751 praesentiam
1615 1721 1668 1749 pro
1682 1712 1802 1748 negotio
1817 1710 1867 1742 illo
1880 1711 1914 1743 ὃ(
1937 1711 2013 1749 alm,
2031 1721 2084 1743 nos
2104 1711 2304 1750 tangentibus,
2319 1711 2387 1744 mit—

1320 1760 1378 1783 tere
1392 1751 1564 1782 intendimus
1577 1751 1648 1780 infra
1663 1749 1761 1781 breve.

1357 1790 1392 1820 In
1428 1789 1588 1826 rosperitate
1598 1788 1697 1819 votiva
1713 1787 1869 1822 Altiffimus
1883 1798 1936 1818 vos
1951 1788 2106 1819 conservet.

1429 1836 1464 1859 at.
1475 1827 1550 1865 apud
1563 1827 1714 1858 Waltham
1729 1826 1842 1858 Sanetae
1855 1826 1977 1865 Crucis,
1994 1826 2151 1861 undecimo
2163 1826 2211 1860 die
2224 1826 2335 1864 Aprilis.

1537 1967 1594 1997 Pro
1613 1961 1752 1997 Nicolino
1768 1960 1804 1996 de
1824 1960 1920 2007 Hisbo
1936 1958 1972 1993 de
1992 1962 2174 1995 Retinentia.

1324 2052 1446 2109 REX
1465 2052 1628 2090 Omnibus,
1646 2051 1681 2083 ad
1694 2052 1864 2091 quos,'&c-
1882 2049 2019 2082 Salutem.

1424 2092 1522 2123 Sciatis
1539 2090 1621 2129 quod
1635 2089 1722 2130 Nos,

1357 2129 1545 2162 Attendentes
1566 2128 1730 2167 affectionis
1767 2130 1912 2167 mitatem,
1951 2133 2038 2165 uam,
2055 2122 2188 2157 Dilestus
2210 2127 2312 2166 nobis,
2327 2126 2390 2162 Ni—
2405 2136 2459 2161 An.
2480 2137 2525 2160 ro.

1322 2168 1431 2200 colinus
1445 2169 1482 2200 de
1495 2168 1605 2207 Flisco,
1622 2167 1714 2200 dietus
1757 2168 1884 2199 ardinalis
1898 2166 1935 2197 de
1966 2174 2055 2204 anua,
2068 2163 2104 2195 ad
2117 2163 2186 2196 Nos
2199 2166 2233 2198 &
2255 2165 2392 2198 Domum
2407 2176 2439 2200 E.
2460 2180 2487 2208 3.
2519 2164 2525 2169 ¹

1322 2208 1450 2240 nostram
1472 2207 1597 2245 Regiam
1617 2209 1714 2246 (prout
1737 2217 1771 2238 ex
1790 2205 1919 2237 laudabili
1939 2204 2107 2235 testimonio
2128 2205 2302 2243 recepimus)
2317 2206 2394 2244 opti-
2410 2213 2468 2238 rat.
2478 2210 2526 2240 10‘2

1322 2249 1404 2286 nuit,
1424 2248 1458 2279 &
1477 2247 1589 2286 optinet
1610 2248 1639 2276 in
1661 2244 1815 2284 praesenti,
1831 2254 1886 2276 nec
1909 2253 1971 2276 non
1988 2243 2070 2287 ipsius
2091 2240 2395 2282 Cucumspeffionem
2410 2252 2442 2278 Ε,
2461 2257 2487 2285 3,
2504 2253 2535 2285 p:

1323 2286 1491 2325 providam,
1509 2295 1596 2324 quam
1612 2286 1696 2315 nobis
1711 2286 1741 2316 in
1756 2283 1872 2324 agendis
1887 2282 1951 2314 fore
1963 2281 2107 2314 credimus
2119 2289 2312 2322 oportunam,
2360 2317 2363 2320 y

1361 2323 1407 2356 Ac
1421 2324 1548 2356 volentes
1562 2323 1671 2362 ipsum,
1691 2334 1728 2355 eo
1742 2331 1898 2368 praetextu,
1916 2320 2043 2352 Munere
2062 2320 2222 2365 prospicere
2242 2320 2395 2361 Gmtioso,

1362 2364 1458 2402 Ipsum
1478 2363 1514 2394 de
1537 2362 1638 2393 nostro
1658 2361 1798 2393 Concilio
1816 2363 1985 2398 retinemus,
2001 2360 2036 2391 &
2057 2358 2152 2390 eidem
2167 2358 2277 2429 Vifinti
2287 2359 2393 2428 ὲὶὶὲω

2213 2407 2271 2436 uo,
2359 2408 2391 2429 e·

2403 2053 2480 2086 Ann.
2495 2054 2540 2093 D,

2427 2093 2514 2134 1336.

2415 2296 2483 2317 1.m.
2494 2286 2539 2322 26,

1325 2402 1553 2440 Sterlingorum,
1571 2401 1764 2439 percipiendas
1777 2402 1860 2437 annis
1871 2399 2000 2440 singulis,
2017 2408 2072 2439 pro
2087 2397 2187 2429 Feodo

1325 2441 1369 2472 sto
1387 2441 1483 2472 Sanffi
1500 2439 1650 2471 Michaelis
1659 2463 1668 2479 ,
1677 2439 1713 2471 de
1725 2439 1876 2471 Thesauro
1887 2436 2044 2475 nostro,ad
2059 2436 2239 2471 Scaccarium
2249 2435 2393 2476 nostrum,

1324 2491 1440 2511 necnon
1453 2479 1553 2510 Robas
1565 2479 1602 2509 de
1616 2479 1700 2509 Se&
1718 2478 1850 2510 Militum
1864 2477 2050 2514 nostrorum,
2067 2475 2198 2512 quotiens
2213 2473 2315 2506 Robas
2334 2474 2394 2506 aliis

1325 2519 1468 2549 Militibus
1488 2517 1591 2548 nostris
1613 2517 1791 2555 dederimus,
1808 2516 1843 2548 ad
1867 2524 1959 2547 totam
1975 2515 2064 2546 vitam
2089 2521 2172 2551 uam,
2191 2511 2345 2549 Donamus
2358 2515 2394 2548 &

1322 2557 1521 2589 Concedimus
1536 2566 1587 2594 per
1602 2556 1757 2594 praesentes.

1399 2595 1436 2626 In
1449 2596 1545 2633 cujus,
1562 2595 1624 2625 &c.

1361 2633 1453 2664 Teste
1467 2633 1552 2672 Rege
1564 2631 1638 2671 apud
1653 2628 1951 2669 Turi-imeondoniae
1958 2627 2094 2669 ‚decimo
2107 2629 2211 2671 quinto
2225 2627 2272 2660 die
2280 2628 2391 2667 Aprilis.

2012 2710 2066 2738 Per
2081 2707 2164 2748 ipfima
2178 2711 2284 2747 Regem.

1410 2845 1509 2895 Qod
1529 2843 1618 2880 Oboli
1631 2848 1669 2885 ὠ
1686 2846 1831 2893 Sterlingi
1852 2848 1883 2878 in
1898 2840 2101 2880 Solutionibus
2118 2844 2316 2888 recipiantur„

1330 2936 1449 2996 REX
1470 2936 1591 2975 Majori,
1607 2936 1642 2967 δε
1656 2934 1883 2966 vicecomitibus
1898 2933 2078 2970 Londoniae,
2096 2931 2231 2962 Salutem.
2277 2968 2282 2974 -
2411 2927 2489 2961 Ann-
2498 2928 2541 2961 D.

1427 2974 1528 3013 Cum,
1546 2977 1617 3005 inter
1631 2983 1749 3012 caetera,
1765 2976 1794 3004 in
1810 2972 2002 3003 Parliamento
2015 2970 2133 3007 nostr0‚
2151 2970 2181 2999 in
2201 2967 2325 2999 crastino
2347 2966 2391 3000 A-
2429 2969 2515 3009 1336.

1327 3015 1476 3046 scenfionis
1490 3013 1632 3051 Domini,
1646 3015 1783 3051 proximo
1798 3012 1957 3050 praeterito,
1975 3009 2052 3049 apud
2061 3008 2194 3038 Eborum
2208 3015 2288 3038 tento
2298 3031 2308 3045 ,
2317 3006 2393 3038 Tra-
2409 3011 2463 3037 An.
2481 3016 2528 3038 10.

1329 3055 1401 3085 &ata
1415 3054 1448 3085 ὃς
1464 3051 1650 3083 Concordata
1665 3062 1715 3092 per
1729 3051 1815 3090 Nos,
1833 3050 1869 3081 de
1884 3049 2003 3080 Affensu
2016 3046 2202 3090 praelatorum
2227 3045 2382 3077 Comitum
2410 3051 2442 3075 Ε.
2463 3055 2491 3083 3.

1328 3093 1470 3124 Baronum
1479 3115 1489 3130 ,
1506 3093 1539 3123 &
1553 3090 1778 3121 Communitatis
1791 3090 1886 3133 Regni
1902 3086 2009 3131 nostri,
2026 3084 2135 3115 ibidem
2149 3069 2327 3130 existentium
2336 3108 2347 3125 ‚
2359 3070 2395 3116 ad
2408 3084 2547 3122 Clausae:

1328 3131 1457 3162 nostram
1476 3131 1510 3162 &
1531 3129 1634 3168 Populi
1655 3130 1753 3166 Regni
1776 3127 1864 3158 nostri
1884 3125 2077 3162 Utilitatem,
2095 3124 2130 3155 &
2152 3123 2190 3156 de
2210 3123 2394 3159 Avisamento
2412 3127 2440 3152 Ε.
2461 3133 2489 3160 3.
2503 3132 2540 3161 m.¹

1329 3169 1455 3201 Concilii
1477 3169 1583 3206 nostri,
1601 3167 1794 3204 Ordinatum,
1814 3163 2035 3195 Concordatum
2050 3186 2060 3200 ,
2076 3162 2110 3195 &
2132 3161 2312 3201 Stabilimm,
2329 3162 2398 3195 fuis-
2415 3161 2498 3200 392⁴·

1328 3211 1384 3247 set,
1402 3207 1485 3247 quod
1503 3207 1626 3237 Moneta
1645 3205 1811 3235 Obolorum
1832 3205 1866 3235 ὃς
1882 3202 2106 3241 sterlingorum,
2123 3201 2158 3231 ad
2171 3200 2330 3232 Cambium
2342 3210 2399 3232 no-

1329 3248 1420 3278 strum
1436 3245 1618 3282 Londoniae,
1633 3254 1686 3282 pro
1698 3242 1873 3274 Aisiamento
1885 3241 1954 3272 dicti
1969 3239 2074 3279 Populi
2088 3239 2198 3279 nostri,
2209 3240 2297 3279 magis
2308 3239 2393 3272 solito

1330 3286 1426 3323 fieret,

1369 3324 1425 3354 Per
1445 3321 1524 3361 quod
1547 3319 1771 3352 mandaverimus
1809 3318 1917 3350 dilect-0
1936 3317 2055 3349 Clerico
2074 3316 2176 3348 nostro
2189 3339 2200 3356 ,
2213 3315 2338 3356 johanni
2356 3315 2395 3347 de

1330 3362 1519 3398 windesore,
1538 3358 1661 3390 Custodi
1681 3359 1749 3389 dieu
1772 3342 1908 3397 cambii,
1924 3357 1958 3389 &
1973 3355 2092 3401 cambii
2106 3355 2195 3386 nostri
2214 3352 2394 3393 Canmar2ae,

1331 3400 1413 3439 quod
1426 3399 1499 3437 apud
1511 3398 1623 3428 dietum
1638 3397 1796 3428 Cambium
1810 3396 1940 3427 nostrum
1955 3394 2119 3426 Londomae
2132 3394 2248 3424 obolos
2261 3394 2296 3424 &
2317 3391 2396 3423 Ster-

1331 3439 1438 3478 lingos,
1452 3439 1530 3476 quta
1545 3437 1671 3467 formam
1686 3435 1881 3466 Ordinationis
1893 3435 1928 3466 ὃ(
1941 3433 2120 3467 Concordiae
2134 3429 2396 3477 praediCtarqua-

1333 3478 1435 3508 bricari
1450 3478 1483 3508 ὃς
1498 3476 1559 3506 fieri
1574 3475 1784 3513 faceret,prout
1797 3476 1826 3505 in
1837 3474 1922 3505 literis
1935 3473 2037 3504 nostris
2051 3468 2308 3507 Patentibus‚mde
2322 3477 2395 3500 con-

1333 3517 1432 3555 scetis,
1450 3515 1559 3554 plenius
1569 3514 1748 3552 continetur,
2168 3547 2174 3553 .
2240 3545 2246 3552 Π
2280 3544 2292 3555 Α
2340 3545 2348 3552 .
2371 3545 2380 3551 ⁹

1370 3555 1463 3585 Vobis
1476 3553 1642 3586 mandamus
1657 3552 1738 3591 quod
1749 3551 1858 3590 statim,
1873 3549 1937 3583 visis
1952 3548 2149 3589 praesentibus,
2165 3555 2202 3590 m·
2217 3545 2294 3589 di&
2308 3543 2394 3589 (ζιγι-

1335 3602 1391 3625 tate
1404 3593 1515 3630 nostra,
1534 3594 1567 3624 &
1583 3591 1730 3622 Suburbiis
1743 3589 1865 3629 ejusdem
1904 3591 1935 3620 in
1949 3589 2021 3620 locis
2035 3587 2084 3617 ubi
2104 3594 2138 3616 ex
2204 3583 2393 3628 {servidei-itis,

1335 3631 1450 3676 publice
1470 3630 1637 3674 proclamari
1657 3629 1777 3674 faciatis,
1795 3612 1886 3673 quod,⁴
1893 3627 1963 3659 disti
1974 3624 2066 3657 Oboli
2077 3623 2119 3661 s&
2154 3622 2285 3667 terlmgt,
2302 3621 2340 3652 sic
2351 3618 2394 3654 Fa-

1336 3672 1436 3701 bncati
1455 3671 1489 3701 δε
1508 3669 1596 3706 faeti,
1614 3666 1651 3698 de
1669 3669 1821 3706 omnibus,
1839 3677 1889 3706 qui
1910 3676 1949 3698 eis
1964 3664 2071 3696 solvere
2089 3661 2248 3698 voluerint,
2264 3668 2297 3690 in
2309 3659 2396 3693 Solu·

1336 3710 1460 3741 tionibus
1476 3708 1659 3745 recipiantur,
1676 3715 1761 3744 prout
1774 3705 1874 3744 decet,

1371 3747 1407 3777 Et
1418 3748 1476 3778 hoc
1492 3744 1650 3776 nullatenus
1663 3746 1805 3777 omittatis.
2234 3775 2238 3780 ,
2253 3775 2258 3781 .

1373 3786 1464 3818 Teste
1476 3785 1558 3825 Rege
1571 3782 1645 3823 apud
1660 3782 1839 3822 Guldesord,
1855 3781 1978 3814 decimo
1984 3778 2094 3815 ostavo
2108 3774 2157 3806 die
2169 3773 2283 3813 Aprilis:

2043 3859 2097 3889 Per
2110 3854 2263 3890 concilium.

2353 4072 2399 4104 νε
