<?xml version="1.0" encoding="UTF-8"?>
<!DOCTYPE html PUBLIC "-//W3C//DTD XHTML 1.0 Transitional//EN"
    "http://www.w3.org/TR/xhtml1/DTD/xhtml1-transitional.dtd">
<html xmlns="http://www.w3.org/1999/xhtml" xml:lang="en" lang="en">
 <head>
  <title>
</title>
<meta http-equiv="Content-Type" content="text/html;charset=utf-8" />
  <meta name='ocr-system' content='tesseract 3.04.00' />
  <meta name='ocr-capabilities' content='ocr_page ocr_carea ocr_par ocr_line ocrx_word'/>
</head>
<body>
  <div class='ocr_page' id='page_1' title='image "./fderaconventione02ryme_0414.png"; bbox 0 0 2562 4279; ppageno 0'>
   <div class='ocr_carea' id='block_1_1' title="bbox 8 167 145 276">
    <p class='ocr_par' dir='ltr' id='par_1_1' title="bbox 8 167 145 276">
     <span class='ocr_line' id='line_1_1' title="bbox 8 167 145 200; baseline 0 0"><span class='ocrx_word' id='word_1_1' title='bbox 8 170 87 200; x_wconf 83' lang='lat' dir='ltr'>Arm.</span> <span class='ocrx_word' id='word_1_2' title='bbox 100 167 145 200; x_wconf 72' lang='lat' dir='ltr'>D.‘</span> 
     </span>
     <span class='ocr_line' id='line_1_2' title="bbox 9 207 119 276; baseline -0.027 0"><span class='ocrx_word' id='word_1_3' title='bbox 9 207 119 276; x_wconf 45' lang='grc' dir='ltr'>ῑῗιῖῗξζ</span> 
     </span>
    </p>
   </div>
   <div class='ocr_carea' id='block_1_2' title="bbox 6 376 137 641">
    <p class='ocr_par' dir='ltr' id='par_1_2' title="bbox 6 376 137 641">
     <span class='ocr_line' id='line_1_3' title="bbox 9 376 137 410; baseline -0.023 0"><span class='ocrx_word' id='word_1_4' title='bbox 9 376 137 410; x_wconf 83' lang='lat' dir='ltr'>Ann.D.</span> 
     </span>
     <span class='ocr_line' id='line_1_4' title="bbox 37 418 122 457; baseline -0.024 -10"><span class='ocrx_word' id='word_1_5' title='bbox 37 418 122 457; x_wconf 82' lang='lat'>1326.</span> 
     </span>
     <span class='ocr_line' id='line_1_5' title="bbox 7 460 124 484; baseline -0.009 0"><span class='ocrx_word' id='word_1_6' title='bbox 7 460 60 484; x_wconf 80' lang='lat' dir='ltr'>An.</span> <span class='ocrx_word' id='word_1_7' title='bbox 79 466 124 483; x_wconf 88' lang='lat'>20.</span> 
     </span>
     <span class='ocr_line' id='line_1_6' title="bbox 7 500 79 522; baseline 0 0"><span class='ocrx_word' id='word_1_8' title='bbox 7 500 39 522; x_wconf 78' lang='grc' dir='ltr'>Ε.</span> <span class='ocrx_word' id='word_1_9' title='bbox 55 504 79 522; x_wconf 86' lang='lat'>2.</span> 
     </span>
     <span class='ocr_line' id='line_1_7' title="bbox 9 537 123 561; baseline -0.018 0"><span class='ocrx_word' id='word_1_10' title='bbox 9 537 123 561; x_wconf 83' lang='lat' dir='ltr'>Pat.2o.</span> 
     </span>
     <span class='ocr_line' id='line_1_8' title="bbox 7 575 83 599; baseline 0 -1"><span class='ocrx_word' id='word_1_11' title='bbox 7 575 36 599; x_wconf 79' lang='lat' dir='ltr'>E.</span> <span class='ocrx_word' id='word_1_12' title='bbox 58 580 83 598; x_wconf 87' lang='lat'>2.</span> 
     </span>
     <span class='ocr_line' id='line_1_9' title="bbox 6 618 85 641; baseline 0 -4"><span class='ocrx_word' id='word_1_13' title='bbox 6 618 43 638; x_wconf 79' lang='lat' dir='ltr'>m.</span> <span class='ocrx_word' id='word_1_14' title='bbox 59 618 85 641; x_wconf 81' lang='lat'>7.</span> 
     </span>
    </p>
   </div>
   <div class='ocr_carea' id='block_1_3' title="bbox 0 1838 136 2096">
    <p class='ocr_par' dir='ltr' id='par_1_3' title="bbox 0 1838 136 2096">
     <span class='ocr_line' id='line_1_10' title="bbox 2 1838 99 1866; baseline 0 0"><span class='ocrx_word' id='word_1_15' title='bbox 2 1839 19 1857; x_wconf 72' lang='lat'>⁸</span> <span class='ocrx_word' id='word_1_16' title='bbox 44 1838 99 1866; x_wconf 86' lang='lat' dir='ltr'>IV.</span> 
     </span>
     <span class='ocr_line' id='line_1_11' title="bbox 3 1885 69 1912; baseline 0.015 -9"><span class='ocrx_word' id='word_1_17' title='bbox 3 1885 69 1912; x_wconf 87' lang='lat'><em>239.</em></span> 
     </span>
     <span class='ocr_line' id='line_1_12' title="bbox 2 1913 136 1944; baseline -0.007 -1"><span class='ocrx_word' id='word_1_18' title='bbox 2 1913 136 1944; x_wconf 86' lang='lat' dir='ltr'>Ann.D.</span> 
     </span>
     <span class='ocr_line' id='line_1_13' title="bbox 25 1952 109 1992; baseline 0 -10"><span class='ocrx_word' id='word_1_19' title='bbox 25 1952 109 1992; x_wconf 80' lang='lat'>1326.</span> 
     </span>
     <span class='ocr_line' id='line_1_14' title="bbox 0 1995 115 2021; baseline 0 -3"><span class='ocrx_word' id='word_1_20' title='bbox 0 1995 52 2018; x_wconf 76' lang='lat' dir='ltr'>Aa.</span> <span class='ocrx_word' id='word_1_21' title='bbox 71 2002 115 2021; x_wconf 79' lang='lat'>20.</span> 
     </span>
     <span class='ocr_line' id='line_1_15' title="bbox 0 2033 84 2058; baseline 0.024 -2"><span class='ocrx_word' id='word_1_22' title='bbox 0 2033 30 2056; x_wconf 85' lang='grc' dir='ltr'>Ε.</span> <span class='ocrx_word' id='word_1_23' title='bbox 57 2041 84 2058; x_wconf 87' lang='lat'>2.</span> 
     </span>
     <span class='ocr_line' id='line_1_16' title="bbox 0 2071 115 2096; baseline 0.017 -2"><span class='ocrx_word' id='word_1_24' title='bbox 0 2071 115 2096; x_wconf 82' lang='lat' dir='ltr'>Pat.20.</span> 
     </span>
    </p>
   </div>
   <div class='ocr_carea' id='block_1_4' title="bbox 0 2147 83 2173">
    <p class='ocr_par' dir='ltr' id='par_1_4' title="bbox 0 2147 83 2173">
     <span class='ocr_line' id='line_1_17' title="bbox 0 2147 83 2173; baseline -0.012 0"><span class='ocrx_word' id='word_1_25' title='bbox 0 2154 36 2173; x_wconf 80' lang='lat' dir='ltr'>m.</span> <span class='ocrx_word' id='word_1_26' title='bbox 55 2147 83 2172; x_wconf 88' lang='grc'>6.</span> 
     </span>
    </p>
   </div>
   <div class='ocr_carea' id='block_1_5' title="bbox 107 3157 770 3201">
    <p class='ocr_par' dir='ltr' id='par_1_5' title="bbox 107 3157 770 3201">
     <span class='ocr_line' id='line_1_18' title="bbox 107 3157 770 3201; baseline 0.006 -13"><span class='ocrx_word' id='word_1_27' title='bbox 107 3181 114 3188; x_wconf 92' lang='grc'><strong>.</strong></span> <span class='ocrx_word' id='word_1_28' title='bbox 155 3157 293 3198; x_wconf 90' lang='lat' dir='ltr'>Magister</span> <span class='ocrx_word' id='word_1_29' title='bbox 330 3161 457 3191; x_wconf 83' lang='lat' dir='ltr'>ohannes</span> <span class='ocrx_word' id='word_1_30' title='bbox 487 3161 522 3191; x_wconf 92' lang='lat' dir='ltr'>de</span> <span class='ocrx_word' id='word_1_31' title='bbox 553 3162 737 3193; x_wconf 87' lang='lat' dir='ltr'>Grandisono</span> <span class='ocrx_word' id='word_1_32' title='bbox 761 3187 770 3201; x_wconf 88' lang='lat'>,</span> 
     </span>
    </p>
   </div>
   <div class='ocr_carea' id='block_1_6' title="bbox 161 96 240 137">
    <p class='ocr_par' dir='ltr' id='par_1_6' title="bbox 161 96 240 137">
     <span class='ocr_line' id='line_1_19' title="bbox 161 96 240 137; baseline -0.013 -13"><span class='ocrx_word' id='word_1_33' title='bbox 161 96 240 137; x_wconf 84' lang='lat'>170</span> 
     </span>
    </p>
   </div>
   <div class='ocr_carea' id='block_1_7' title="bbox 207 246 1178 347">
    <p class='ocr_par' dir='ltr' id='par_1_7' title="bbox 207 246 1178 347">
     <span class='ocr_line' id='line_1_20' title="bbox 207 246 1178 300; baseline -0.007 -11"><span class='ocrx_word' id='word_1_34' title='bbox 207 257 255 289; x_wconf 85' lang='lat' dir='ltr'>De</span> <span class='ocrx_word' id='word_1_35' title='bbox 273 252 453 288; x_wconf 80' lang='lat' dir='ltr'><em>Hominibus</em></span> <span class='ocrx_word' id='word_1_36' title='bbox 470 250 667 299; x_wconf 66' lang='lat' dir='ltr'>defenfitlibus</span> <span class='ocrx_word' id='word_1_37' title='bbox 683 279 693 295; x_wconf 81' lang='lat'>‚</span> <span class='ocrx_word' id='word_1_38' title='bbox 718 263 784 286; x_wconf 86' lang='lat' dir='ltr'>tam</span> <span class='ocrx_word' id='word_1_39' title='bbox 804 246 967 300; x_wconf 64' lang='lat' dir='ltr'>Equitibus</span> <span class='ocrx_word' id='word_1_40' title='bbox 978 279 987 295; x_wconf 88' lang='lat'>‚</span> <span class='ocrx_word' id='word_1_41' title='bbox 1011 262 1105 298; x_wconf 87' lang='lat' dir='ltr'>quam</span> <span class='ocrx_word' id='word_1_42' title='bbox 1121 252 1178 283; x_wconf 78' lang='lat' dir='ltr'>Pe-</span> 
     </span>
     <span class='ocr_line' id='line_1_21' title="bbox 358 300 1016 347; baseline 0 -13"><span class='ocrx_word' id='word_1_43' title='bbox 358 300 489 345; x_wconf 60' lang='lat' dir='ltr'>disffias,</span> <span class='ocrx_word' id='word_1_44' title='bbox 515 302 599 346; x_wconf 87' lang='lat' dir='ltr'>infra</span> <span class='ocrx_word' id='word_1_45' title='bbox 612 312 715 347; x_wconf 81' lang='lat' dir='ltr'>partes</span> <span class='ocrx_word' id='word_1_46' title='bbox 739 302 849 336; x_wconf 67' lang='lat' dir='ltr'>PValliae</span> <span class='ocrx_word' id='word_1_47' title='bbox 869 300 1016 334; x_wconf 77' lang='lat' dir='ltr'><em>levandis.</em></span> 
     </span>
    </p>
   </div>
   <div class='ocr_carea' id='block_1_8' title="bbox 153 382 1225 1012">
    <p class='ocr_par' dir='ltr' id='par_1_8' title="bbox 159 382 1225 504">
     <span class='ocr_line' id='line_1_22' title="bbox 222 382 1225 426; baseline -0.005 -8"><span class='ocrx_word' id='word_1_48' title='bbox 222 388 247 418; x_wconf 89' lang='lat' dir='ltr'>E</span> <span class='ocrx_word' id='word_1_49' title='bbox 258 387 289 418; x_wconf 89' lang='lat' dir='ltr'>X</span> <span class='ocrx_word' id='word_1_50' title='bbox 308 386 553 422; x_wconf 72' lang='lat' dir='ltr'>vicecomitibus,</span> <span class='ocrx_word' id='word_1_51' title='bbox 573 386 698 426; x_wconf 86' lang='lat' dir='ltr'>Ballivis,</span> <span class='ocrx_word' id='word_1_52' title='bbox 718 387 857 418; x_wconf 87' lang='lat' dir='ltr'>Ministris</span> <span class='ocrx_word' id='word_1_53' title='bbox 871 410 881 426; x_wconf 88' lang='lat'>,</span> <span class='ocrx_word' id='word_1_54' title='bbox 900 387 934 418; x_wconf 90' lang='lat'>&amp;</span> <span class='ocrx_word' id='word_1_55' title='bbox 948 386 1085 417; x_wconf 91' lang='lat' dir='ltr'>omnibus</span> <span class='ocrx_word' id='word_1_56' title='bbox 1098 382 1225 415; x_wconf 85' lang='lat' dir='ltr'>fidelibus</span> 
     </span>
     <span class='ocr_line' id='line_1_23' title="bbox 229 424 1223 466; baseline -0.004 -10"><span class='ocrx_word' id='word_1_57' title='bbox 229 426 298 463; x_wconf 82' lang='lat' dir='ltr'>suis,</span> <span class='ocrx_word' id='word_1_58' title='bbox 317 426 353 456; x_wconf 91' lang='lat' dir='ltr'>de</span> <span class='ocrx_word' id='word_1_59' title='bbox 368 425 517 456; x_wconf 88' lang='lat' dir='ltr'>Comitatu</span> <span class='ocrx_word' id='word_1_60' title='bbox 534 425 751 465; x_wconf 83' lang='lat' dir='ltr'>Pembrochiae,</span> <span class='ocrx_word' id='word_1_61' title='bbox 767 427 800 457; x_wconf 92' lang='lat'>&amp;</span> <span class='ocrx_word' id='word_1_62' title='bbox 815 427 937 466; x_wconf 87' lang='lat' dir='ltr'>partibus</span> <span class='ocrx_word' id='word_1_63' title='bbox 951 424 1223 464; x_wconf 72' lang='lat' dir='ltr'>adjacentibus‚tam</span> 
     </span>
     <span class='ocr_line' id='line_1_24' title="bbox 159 461 1012 504; baseline 0.001 -11"><span class='ocrx_word' id='word_1_64' title='bbox 159 461 230 493; x_wconf 88' lang='lat' dir='ltr'>infra</span> <span class='ocrx_word' id='word_1_65' title='bbox 248 464 420 502; x_wconf 87' lang='lat' dir='ltr'>Libertates‚</span> <span class='ocrx_word' id='word_1_66' title='bbox 437 466 522 502; x_wconf 77' lang='lat' dir='ltr'>quam</span> <span class='ocrx_word' id='word_1_67' title='bbox 535 474 626 503; x_wconf 84' lang='lat' dir='ltr'>extra,</span> <span class='ocrx_word' id='word_1_68' title='bbox 643 464 679 496; x_wconf 86' lang='lat' dir='ltr'>ad</span> <span class='ocrx_word' id='word_1_69' title='bbox 693 475 780 504; x_wconf 84' lang='lat' dir='ltr'>quOS,</span> <span class='ocrx_word' id='word_1_70' title='bbox 798 465 859 496; x_wconf 89' lang='lat' dir='ltr'>&amp;c.</span> <span class='ocrx_word' id='word_1_71' title='bbox 878 464 1012 495; x_wconf 81' lang='lat' dir='ltr'>Salutem.</span> 
     </span>
    </p>

    <p class='ocr_par' dir='ltr' id='par_1_9' title="bbox 153 498 1225 813">
     <span class='ocr_line' id='line_1_25' title="bbox 195 498 1221 541; baseline 0.001 -10"><span class='ocrx_word' id='word_1_72' title='bbox 195 501 294 532; x_wconf 85' lang='lat' dir='ltr'>Sciatis</span> <span class='ocrx_word' id='word_1_73' title='bbox 310 502 389 540; x_wconf 83' lang='lat' dir='ltr'>quod</span> <span class='ocrx_word' id='word_1_74' title='bbox 405 502 601 541; x_wconf 82' lang='lat' dir='ltr'>affignavimus</span> <span class='ocrx_word' id='word_1_75' title='bbox 614 504 752 534; x_wconf 62' lang='lat' dir='ltr'>dileetum</span> <span class='ocrx_word' id='word_1_76' title='bbox 767 505 801 535; x_wconf 90' lang='lat'>&amp;</span> <span class='ocrx_word' id='word_1_77' title='bbox 816 503 927 534; x_wconf 85' lang='lat' dir='ltr'>fidelem</span> <span class='ocrx_word' id='word_1_78' title='bbox 942 502 1071 533; x_wconf 87' lang='lat' dir='ltr'>nostrum</span> <span class='ocrx_word' id='word_1_79' title='bbox 1112 498 1221 529; x_wconf 78' lang='lat' dir='ltr'>Resum</span> 
     </span>
     <span class='ocr_line' id='line_1_26' title="bbox 158 523 1224 583; baseline -0.003 -14"><span class='ocrx_word' id='word_1_80' title='bbox 158 548 194 576; x_wconf 87' lang='lat' dir='ltr'>ap</span> <span class='ocrx_word' id='word_1_81' title='bbox 206 539 346 583; x_wconf 71' lang='lat' dir='ltr'>Griffith,</span> <span class='ocrx_word' id='word_1_82' title='bbox 363 541 398 571; x_wconf 85' lang='lat' dir='ltr'>ad</span> <span class='ocrx_word' id='word_1_83' title='bbox 412 541 578 580; x_wconf 84' lang='lat' dir='ltr'>levandum,</span> <span class='ocrx_word' id='word_1_84' title='bbox 596 544 629 574; x_wconf 85' lang='lat'>&amp;</span> <span class='ocrx_word' id='word_1_85' title='bbox 651 542 737 574; x_wconf 88' lang='lat' dir='ltr'>levari</span> <span class='ocrx_word' id='word_1_86' title='bbox 749 542 912 573; x_wconf 88' lang='lat' dir='ltr'>faciendum</span> <span class='ocrx_word' id='word_1_87' title='bbox 924 565 934 580; x_wconf 91' lang='lat'>,</span> <span class='ocrx_word' id='word_1_88' title='bbox 957 550 1058 572; x_wconf 88' lang='lat' dir='ltr'>omnes</span> <span class='ocrx_word' id='word_1_89' title='bbox 1078 523 1224 568; x_wconf 67' lang='lat' dir='ltr'>s-lomines</span> 
     </span>
     <span class='ocr_line' id='line_1_27' title="bbox 157 575 1223 620; baseline -0.003 -12"><span class='ocrx_word' id='word_1_90' title='bbox 157 577 351 618; x_wconf 84' lang='lat' dir='ltr'>defeniabiles,</span> <span class='ocrx_word' id='word_1_91' title='bbox 368 581 429 609; x_wconf 76' lang='lat' dir='ltr'>tam</span> <span class='ocrx_word' id='word_1_92' title='bbox 443 579 575 619; x_wconf 79' lang='lat' dir='ltr'>Equites,</span> <span class='ocrx_word' id='word_1_93' title='bbox 594 582 680 620; x_wconf 69' lang='lat' dir='ltr'>quam</span> <span class='ocrx_word' id='word_1_94' title='bbox 696 580 826 620; x_wconf 82' lang='lat' dir='ltr'>Pedites,</span> <span class='ocrx_word' id='word_1_95' title='bbox 843 581 880 611; x_wconf 90' lang='lat' dir='ltr'>de</span> <span class='ocrx_word' id='word_1_96' title='bbox 889 581 980 611; x_wconf 69' lang='lat' dir='ltr'>Terra</span> <span class='ocrx_word' id='word_1_97' title='bbox 991 580 1025 611; x_wconf 87' lang='lat'>&amp;</span> <span class='ocrx_word' id='word_1_98' title='bbox 1039 578 1160 616; x_wconf 78' lang='lat' dir='ltr'>partibus</span> <span class='ocrx_word' id='word_1_99' title='bbox 1174 575 1223 606; x_wconf 89' lang='lat' dir='ltr'>ad-</span> 
     </span>
     <span class='ocr_line' id='line_1_28' title="bbox 155 616 1223 657; baseline -0.004 -10"><span class='ocrx_word' id='word_1_100' title='bbox 155 617 309 654; x_wconf 79' lang='lat' dir='ltr'>jacentibus</span> <span class='ocrx_word' id='word_1_101' title='bbox 328 618 488 655; x_wconf 61' lang='lat' dir='ltr'>praedietis:</span> <span class='ocrx_word' id='word_1_102' title='bbox 506 619 540 649; x_wconf 90' lang='lat'>&amp;</span> <span class='ocrx_word' id='word_1_103' title='bbox 560 619 595 649; x_wconf 85' lang='lat' dir='ltr'>ad</span> <span class='ocrx_word' id='word_1_104' title='bbox 616 619 780 650; x_wconf 87' lang='lat' dir='ltr'>ducendum</span> <span class='ocrx_word' id='word_1_105' title='bbox 796 620 867 657; x_wconf 87' lang='lat' dir='ltr'>ipsos</span> <span class='ocrx_word' id='word_1_106' title='bbox 886 619 921 649; x_wconf 90' lang='lat' dir='ltr'>ad</span> <span class='ocrx_word' id='word_1_107' title='bbox 936 629 988 649; x_wconf 87' lang='lat' dir='ltr'>nos</span> <span class='ocrx_word' id='word_1_108' title='bbox 1000 643 1009 656; x_wconf 73' lang='lat'>‚</span> <span class='ocrx_word' id='word_1_109' title='bbox 1028 617 1062 646; x_wconf 88' lang='lat' dir='ltr'>ad</span> <span class='ocrx_word' id='word_1_110' title='bbox 1076 616 1154 647; x_wconf 88' lang='lat' dir='ltr'>vadia</span> <span class='ocrx_word' id='word_1_111' title='bbox 1169 624 1223 644; x_wconf 90' lang='lat' dir='ltr'>no-</span> 
     </span>
     <span class='ocr_line' id='line_1_29' title="bbox 156 654 1221 696; baseline -0.004 -11"><span class='ocrx_word' id='word_1_112' title='bbox 156 654 228 694; x_wconf 89' lang='lat' dir='ltr'>stra,</span> <span class='ocrx_word' id='word_1_113' title='bbox 243 666 312 687; x_wconf 92' lang='lat' dir='ltr'>cum</span> <span class='ocrx_word' id='word_1_114' title='bbox 325 658 409 687; x_wconf 89' lang='lat' dir='ltr'>omni</span> <span class='ocrx_word' id='word_1_115' title='bbox 427 657 603 688; x_wconf 86' lang='lat' dir='ltr'>festinatione</span> <span class='ocrx_word' id='word_1_116' title='bbox 615 681 625 695; x_wconf 85' lang='lat'>,</span> <span class='ocrx_word' id='word_1_117' title='bbox 646 658 703 696; x_wconf 76' lang='lat' dir='ltr'>qua</span> <span class='ocrx_word' id='word_1_118' title='bbox 725 660 851 696; x_wconf 86' lang='lat' dir='ltr'>poterit,</span> <span class='ocrx_word' id='word_1_119' title='bbox 869 658 898 687; x_wconf 90' lang='lat' dir='ltr'>in</span> <span class='ocrx_word' id='word_1_120' title='bbox 919 657 1081 688; x_wconf 88' lang='lat' dir='ltr'>Subsidium</span> <span class='ocrx_word' id='word_1_121' title='bbox 1093 654 1221 684; x_wconf 86' lang='lat' dir='ltr'>nostrum</span> 
     </span>
     <span class='ocr_line' id='line_1_30' title="bbox 153 690 1224 737; baseline -0.003 -13"><span class='ocrx_word' id='word_1_122' title='bbox 153 694 190 737; x_wconf 73' lang='grc' dir='ltr'>ᾃ</span> <span class='ocrx_word' id='word_1_123' title='bbox 204 695 298 733; x_wconf 83' lang='lat' dir='ltr'>Regni</span> <span class='ocrx_word' id='word_1_124' title='bbox 312 695 419 735; x_wconf 86' lang='lat' dir='ltr'>nostri,</span> <span class='ocrx_word' id='word_1_125' title='bbox 436 705 535 727; x_wconf 87' lang='lat' dir='ltr'>contra</span> <span class='ocrx_word' id='word_1_126' title='bbox 552 696 678 727; x_wconf 88' lang='lat' dir='ltr'>Hostiles</span> <span class='ocrx_word' id='word_1_127' title='bbox 696 697 846 737; x_wconf 84' lang='lat' dir='ltr'>Aggressus</span> <span class='ocrx_word' id='word_1_128' title='bbox 864 695 1053 727; x_wconf 89' lang='lat' dir='ltr'>Inimicorum</span> <span class='ocrx_word' id='word_1_129' title='bbox 1069 694 1102 724; x_wconf 70' lang='grc' dir='ltr'>δε</span> <span class='ocrx_word' id='word_1_130' title='bbox 1118 690 1224 735; x_wconf 81' lang='lat' dir='ltr'>Rebel-</span> 
     </span>
     <span class='ocr_line' id='line_1_31' title="bbox 157 729 1225 775; baseline -0.003 -13"><span class='ocrx_word' id='word_1_131' title='bbox 157 731 227 763; x_wconf 90' lang='lat' dir='ltr'>lium</span> <span class='ocrx_word' id='word_1_132' title='bbox 240 733 424 774; x_wconf 85' lang='lat' dir='ltr'>nostrorum,</span> <span class='ocrx_word' id='word_1_133' title='bbox 439 745 472 766; x_wconf 86' lang='lat' dir='ltr'>ac</span> <span class='ocrx_word' id='word_1_134' title='bbox 486 735 734 775; x_wconf 89' lang='lat' dir='ltr'>Alienigenarum,</span> <span class='ocrx_word' id='word_1_135' title='bbox 753 737 802 775; x_wconf 92' lang='lat' dir='ltr'>qui</span> <span class='ocrx_word' id='word_1_136' title='bbox 819 735 957 775; x_wconf 85' lang='lat' dir='ltr'>Regnum</span> <span class='ocrx_word' id='word_1_137' title='bbox 971 733 1102 764; x_wconf 89' lang='lat' dir='ltr'>nostrum</span> <span class='ocrx_word' id='word_1_138' title='bbox 1117 729 1225 761; x_wconf 85' lang='lat' dir='ltr'>hostili-</span> 
     </span>
     <span class='ocr_line' id='line_1_32' title="bbox 156 771 416 813; baseline 0.012 -13"><span class='ocrx_word' id='word_1_139' title='bbox 156 778 200 801; x_wconf 86' lang='lat' dir='ltr'>ter</span> <span class='ocrx_word' id='word_1_140' title='bbox 213 771 275 802; x_wconf 88' lang='lat' dir='ltr'>sunt</span> <span class='ocrx_word' id='word_1_141' title='bbox 290 773 416 813; x_wconf 79' lang='lat' dir='ltr'>ingressi:</span> 
     </span>
    </p>

    <p class='ocr_par' dir='ltr' id='par_1_10' title="bbox 154 808 1225 1012">
     <span class='ocr_line' id='line_1_33' title="bbox 194 808 1224 853; baseline 0.009 -14"><span class='ocrx_word' id='word_1_142' title='bbox 194 808 310 841; x_wconf 69' lang='lat' dir='ltr'>Etidet,</span> <span class='ocrx_word' id='word_1_143' title='bbox 328 812 426 850; x_wconf 74' lang='lat' dir='ltr'>vobis,</span> <span class='ocrx_word' id='word_1_144' title='bbox 444 814 578 843; x_wconf 75' lang='lat' dir='ltr'>omnibus</span> <span class='ocrx_word' id='word_1_145' title='bbox 599 814 633 844; x_wconf 62' lang='grc' dir='ltr'>ὃς</span> <span class='ocrx_word' id='word_1_146' title='bbox 650 813 759 853; x_wconf 71' lang='lat' dir='ltr'>singuiis</span> <span class='ocrx_word' id='word_1_147' title='bbox 794 815 822 843; x_wconf 81' lang='lat' dir='ltr'>in</span> <span class='ocrx_word' id='word_1_148' title='bbox 843 811 913 843; x_wconf 85' lang='lat' dir='ltr'>Fide</span> <span class='ocrx_word' id='word_1_149' title='bbox 928 812 962 842; x_wconf 70' lang='grc' dir='ltr'>δε</span> <span class='ocrx_word' id='word_1_150' title='bbox 977 808 1224 853; x_wconf 57' lang='lat' dir='ltr'>Ligeanti}‚,citii-</span> 
     </span>
     <span class='ocr_line' id='line_1_34' title="bbox 156 848 1225 890; baseline -0.002 -13"><span class='ocrx_word' id='word_1_151' title='bbox 156 848 210 878; x_wconf 89' lang='lat' dir='ltr'>bus</span> <span class='ocrx_word' id='word_1_152' title='bbox 224 850 306 879; x_wconf 91' lang='lat' dir='ltr'>nobis</span> <span class='ocrx_word' id='word_1_153' title='bbox 320 853 475 890; x_wconf 79' lang='lat' dir='ltr'>tenemini,</span> <span class='ocrx_word' id='word_1_154' title='bbox 493 853 526 882; x_wconf 91' lang='lat'>&amp;</span> <span class='ocrx_word' id='word_1_155' title='bbox 540 852 590 882; x_wconf 87' lang='lat' dir='ltr'>sub</span> <span class='ocrx_word' id='word_1_156' title='bbox 604 852 779 883; x_wconf 65' lang='lat' dir='ltr'>forisfadtura</span> <span class='ocrx_word' id='word_1_157' title='bbox 794 853 928 882; x_wconf 89' lang='lat' dir='ltr'>omnium</span> <span class='ocrx_word' id='word_1_158' title='bbox 942 873 952 889; x_wconf 83' lang='lat'>,</span> <span class='ocrx_word' id='word_1_159' title='bbox 970 859 1033 889; x_wconf 84' lang='lat' dir='ltr'>quae</span> <span class='ocrx_word' id='word_1_160' title='bbox 1049 849 1130 878; x_wconf 87' lang='lat' dir='ltr'>nobis</span> <span class='ocrx_word' id='word_1_161' title='bbox 1143 851 1225 877; x_wconf 71' lang='lat' dir='ltr'>roris-</span> 
     </span>
     <span class='ocr_line' id='line_1_35' title="bbox 155 886 1223 930; baseline -0.001 -13"><span class='ocrx_word' id='word_1_162' title='bbox 155 886 250 918; x_wconf 87' lang='lat' dir='ltr'>facere</span> <span class='ocrx_word' id='word_1_163' title='bbox 265 890 408 928; x_wconf 86' lang='lat' dir='ltr'>poteritis,</span> <span class='ocrx_word' id='word_1_164' title='bbox 427 891 612 929; x_wconf 82' lang='lat' dir='ltr'>mandamus,</span> <span class='ocrx_word' id='word_1_165' title='bbox 628 891 709 929; x_wconf 78' lang='lat' dir='ltr'>quod</span> <span class='ocrx_word' id='word_1_166' title='bbox 723 891 815 921; x_wconf 91' lang='lat' dir='ltr'>eidem</span> <span class='ocrx_word' id='word_1_167' title='bbox 831 890 924 927; x_wconf 88' lang='lat' dir='ltr'>Reso,</span> <span class='ocrx_word' id='word_1_168' title='bbox 940 891 970 918; x_wconf 89' lang='lat' dir='ltr'>in</span> <span class='ocrx_word' id='word_1_169' title='bbox 984 886 1223 930; x_wconf 36' lang='lat' dir='ltr'>praemissi-smum</span> 
     </span>
     <span class='ocr_line' id='line_1_36' title="bbox 155 925 1223 971; baseline -0.002 -16"><span class='ocrx_word' id='word_1_170' title='bbox 155 932 221 956; x_wconf 91' lang='lat' dir='ltr'>toto</span> <span class='ocrx_word' id='word_1_171' title='bbox 241 927 322 965; x_wconf 89' lang='lat' dir='ltr'>posse</span> <span class='ocrx_word' id='word_1_172' title='bbox 339 928 436 959; x_wconf 89' lang='lat' dir='ltr'>vestro</span> <span class='ocrx_word' id='word_1_173' title='bbox 449 953 459 967; x_wconf 93' lang='lat'>,</span> <span class='ocrx_word' id='word_1_174' title='bbox 484 929 537 959; x_wconf 88' lang='lat' dir='ltr'>fitis</span> <span class='ocrx_word' id='word_1_175' title='bbox 557 930 733 960; x_wconf 86' lang='lat' dir='ltr'>intendentes</span> <span class='ocrx_word' id='word_1_176' title='bbox 747 953 756 968; x_wconf 89' lang='lat'>,</span> <span class='ocrx_word' id='word_1_177' title='bbox 773 929 949 960; x_wconf 82' lang='lat' dir='ltr'>consulentes</span> <span class='ocrx_word' id='word_1_178' title='bbox 964 950 974 965; x_wconf 86' lang='lat'>,</span> <span class='ocrx_word' id='word_1_179' title='bbox 989 927 1022 957; x_wconf 90' lang='lat'>&amp;</span> <span class='ocrx_word' id='word_1_180' title='bbox 1039 925 1223 971; x_wconf 70' lang='lat' dir='ltr'>auxiliantes,</span> 
     </span>
     <span class='ocr_line' id='line_1_37' title="bbox 154 963 1223 1012; baseline -0.003 -18"><span class='ocrx_word' id='word_1_181' title='bbox 154 966 302 1008; x_wconf 85' lang='lat' dir='ltr'>quotiens,</span> <span class='ocrx_word' id='word_1_182' title='bbox 319 967 481 1012; x_wconf 69' lang='lat' dir='ltr'>&amp;quando</span> <span class='ocrx_word' id='word_1_183' title='bbox 496 978 545 1007; x_wconf 88' lang='lat' dir='ltr'>per</span> <span class='ocrx_word' id='word_1_184' title='bbox 560 968 664 1008; x_wconf 87' lang='lat' dir='ltr'>ipsum,</span> <span class='ocrx_word' id='word_1_185' title='bbox 680 968 760 1006; x_wconf 89' lang='lat' dir='ltr'>super</span> <span class='ocrx_word' id='word_1_186' title='bbox 775 968 849 1006; x_wconf 88' lang='lat' dir='ltr'>hoc,</span> <span class='ocrx_word' id='word_1_187' title='bbox 868 977 901 997; x_wconf 83' lang='lat' dir='ltr'>ex</span> <span class='ocrx_word' id='word_1_188' title='bbox 914 975 992 1006; x_wconf 82' lang='lat' dir='ltr'>parte</span> <span class='ocrx_word' id='word_1_189' title='bbox 1010 964 1122 1002; x_wconf 86' lang='lat' dir='ltr'>nostra,</span> <span class='ocrx_word' id='word_1_190' title='bbox 1139 963 1223 993; x_wconf 87' lang='lat' dir='ltr'>fueri-</span> 
     </span>
    </p>
   </div>
   <div class='ocr_carea' id='block_1_9' title="bbox 146 1007 375 1045">
    <p class='ocr_par' dir='ltr' id='par_1_11' title="bbox 146 1007 375 1045">
     <span class='ocr_line' id='line_1_38' title="bbox 146 1007 375 1045; baseline 0.013 -13"><span class='ocrx_word' id='word_1_191' title='bbox 146 1009 191 1045; x_wconf 14' lang='lat' dir='ltr'>*tis</span> <span class='ocrx_word' id='word_1_192' title='bbox 205 1007 375 1040; x_wconf 85' lang='lat' dir='ltr'>praemuniti.</span> 
     </span>
    </p>
   </div>
   <div class='ocr_carea' id='block_1_10' title="bbox 153 1041 1224 1275">
    <p class='ocr_par' dir='ltr' id='par_1_12' title="bbox 153 1041 1224 1266">
     <span class='ocr_line' id='line_1_39' title="bbox 192 1041 1224 1084; baseline -0.001 -12"><span class='ocrx_word' id='word_1_193' title='bbox 192 1041 304 1073; x_wconf 83' lang='lat' dir='ltr'>Damus</span> <span class='ocrx_word' id='word_1_194' title='bbox 324 1051 418 1074; x_wconf 89' lang='lat' dir='ltr'>autem</span> <span class='ocrx_word' id='word_1_195' title='bbox 439 1045 557 1084; x_wconf 79' lang='lat' dir='ltr'>praefato</span> <span class='ocrx_word' id='word_1_196' title='bbox 571 1045 649 1077; x_wconf 78' lang='lat' dir='ltr'>Reso</span> <span class='ocrx_word' id='word_1_197' title='bbox 662 1045 772 1084; x_wconf 84' lang='lat' dir='ltr'>plenam</span> <span class='ocrx_word' id='word_1_198' title='bbox 786 1068 796 1084; x_wconf 93' lang='lat'>,</span> <span class='ocrx_word' id='word_1_199' title='bbox 814 1053 913 1076; x_wconf 78' lang='lat' dir='ltr'>tenore</span> <span class='ocrx_word' id='word_1_200' title='bbox 927 1042 1123 1082; x_wconf 70' lang='lat' dir='ltr'>praesentium,</span> <span class='ocrx_word' id='word_1_201' title='bbox 1141 1050 1224 1080; x_wconf 87' lang='lat' dir='ltr'>pote-</span> 
     </span>
     <span class='ocr_line' id='line_1_40' title="bbox 156 1079 1224 1124; baseline 0.002 -14"><span class='ocrx_word' id='word_1_202' title='bbox 156 1079 273 1119; x_wconf 87' lang='lat' dir='ltr'>statem,</span> <span class='ocrx_word' id='word_1_203' title='bbox 292 1092 394 1112; x_wconf 81' lang='lat' dir='ltr'>omnes</span> <span class='ocrx_word' id='word_1_204' title='bbox 413 1083 446 1113; x_wconf 89' lang='lat'>&amp;</span> <span class='ocrx_word' id='word_1_205' title='bbox 469 1084 588 1123; x_wconf 72' lang='lat' dir='ltr'>singulos</span> <span class='ocrx_word' id='word_1_206' title='bbox 601 1109 611 1121; x_wconf 81' lang='lat'>,</span> <span class='ocrx_word' id='word_1_207' title='bbox 628 1095 699 1122; x_wconf 87' lang='lat' dir='ltr'>quos</span> <span class='ocrx_word' id='word_1_208' title='bbox 713 1085 742 1114; x_wconf 86' lang='lat' dir='ltr'>in</span> <span class='ocrx_word' id='word_1_209' title='bbox 758 1085 810 1114; x_wconf 89' lang='lat' dir='ltr'>hac</span> <span class='ocrx_word' id='word_1_210' title='bbox 825 1093 901 1124; x_wconf 84' lang='lat' dir='ltr'>parte</span> <span class='ocrx_word' id='word_1_211' title='bbox 915 1083 1070 1113; x_wconf 87' lang='lat' dir='ltr'>contrarios</span> <span class='ocrx_word' id='word_1_212' title='bbox 1085 1083 1224 1112; x_wconf 87' lang='lat' dir='ltr'>invenerit</span> 
     </span>
     <span class='ocr_line' id='line_1_41' title="bbox 154 1119 1223 1162; baseline 0.003 -14"><span class='ocrx_word' id='word_1_213' title='bbox 154 1120 200 1149; x_wconf 92' lang='lat' dir='ltr'>seu</span> <span class='ocrx_word' id='word_1_214' title='bbox 220 1119 353 1152; x_wconf 78' lang='lat' dir='ltr'>Rebelles</span> <span class='ocrx_word' id='word_1_215' title='bbox 366 1144 375 1159; x_wconf 97' lang='lat'>,</span> <span class='ocrx_word' id='word_1_216' title='bbox 403 1122 437 1152; x_wconf 89' lang='lat'>&amp;</span> <span class='ocrx_word' id='word_1_217' title='bbox 458 1133 527 1162; x_wconf 87' lang='lat' dir='ltr'>quos</span> <span class='ocrx_word' id='word_1_218' title='bbox 551 1122 687 1153; x_wconf 89' lang='lat' dir='ltr'>Inimicos</span> <span class='ocrx_word' id='word_1_219' title='bbox 707 1122 817 1153; x_wconf 85' lang='lat' dir='ltr'>nostros</span> <span class='ocrx_word' id='word_1_220' title='bbox 841 1130 998 1162; x_wconf 88' lang='lat' dir='ltr'>reputamus</span> <span class='ocrx_word' id='word_1_221' title='bbox 1011 1143 1020 1159; x_wconf 87' lang='lat'>,</span> <span class='ocrx_word' id='word_1_222' title='bbox 1038 1119 1223 1159; x_wconf 87' lang='lat' dir='ltr'>puniendi&amp;</span> 
     </span>
     <span class='ocr_line' id='line_1_42' title="bbox 155 1157 1222 1201; baseline 0.001 -14"><span class='ocrx_word' id='word_1_223' title='bbox 155 1157 308 1197; x_wconf 88' lang='lat' dir='ltr'>castigandi</span> <span class='ocrx_word' id='word_1_224' title='bbox 322 1183 332 1198; x_wconf 94' lang='lat'>,</span> <span class='ocrx_word' id='word_1_225' title='bbox 356 1161 490 1190; x_wconf 84' lang='lat' dir='ltr'>omnibus</span> <span class='ocrx_word' id='word_1_226' title='bbox 510 1162 562 1190; x_wconf 90' lang='lat' dir='ltr'>viis</span> <span class='ocrx_word' id='word_1_227' title='bbox 583 1162 616 1192; x_wconf 90' lang='lat'>&amp;</span> <span class='ocrx_word' id='word_1_228' title='bbox 640 1161 732 1191; x_wconf 91' lang='lat' dir='ltr'>modis</span> <span class='ocrx_word' id='word_1_229' title='bbox 744 1184 755 1201; x_wconf 81' lang='lat'>,</span> <span class='ocrx_word' id='word_1_230' title='bbox 779 1162 881 1201; x_wconf 86' lang='lat' dir='ltr'>quibus</span> <span class='ocrx_word' id='word_1_231' title='bbox 893 1183 903 1199; x_wconf 86' lang='lat'>,</span> <span class='ocrx_word' id='word_1_232' title='bbox 917 1161 997 1199; x_wconf 80' lang='lat' dir='ltr'>juxta</span> <span class='ocrx_word' id='word_1_233' title='bbox 1011 1158 1222 1189; x_wconf 86' lang='lat' dir='ltr'>Discretionem</span> 
     </span>
     <span class='ocr_line' id='line_1_43' title="bbox 153 1195 636 1266; baseline 0.008 -40"><span class='ocrx_word' id='word_1_234' title='bbox 153 1195 253 1266; x_wconf 69' lang='lat' dir='ltr'>suaIm,</span> <span class='ocrx_word' id='word_1_235' title='bbox 271 1197 334 1242; x_wconf 80' lang='lat' dir='ltr'>fore</span> <span class='ocrx_word' id='word_1_236' title='bbox 349 1198 452 1229; x_wconf 80' lang='lat' dir='ltr'>viderit</span> <span class='ocrx_word' id='word_1_237' title='bbox 464 1199 636 1230; x_wconf 88' lang='lat' dir='ltr'>faciendum.</span> 
     </span>
    </p>

    <p class='ocr_par' dir='ltr' id='par_1_13' title="bbox 209 1245 324 1275">
     <span class='ocr_line' id='line_1_44' title="bbox 209 1245 324 1275; baseline 0.017 -11"><span class='ocrx_word' id='word_1_238' title='bbox 209 1245 227 1264; x_wconf 91' lang='lat' dir='ltr'>n</span> <span class='ocrx_word' id='word_1_239' title='bbox 244 1245 324 1275; x_wconf 73' lang='lat' dir='ltr'>cujus</span> 
     </span>
    </p>
   </div>
   <div class='ocr_carea' id='block_1_11' title="bbox 227 1238 1116 1316">
    <p class='ocr_par' dir='ltr' id='par_1_14' title="bbox 227 1238 1116 1316">
     <span class='ocr_line' id='line_1_45' title="bbox 227 1238 1116 1316; baseline -0.001 -11"><span class='ocrx_word' id='word_1_240' title='bbox 227 1272 314 1306; x_wconf 89' lang='lat' dir='ltr'>Teste</span> <span class='ocrx_word' id='word_1_241' title='bbox 327 1238 418 1313; x_wconf 56' lang='grc' dir='ltr'>Ϊῖξὲἓ</span> <span class='ocrx_word' id='word_1_242' title='bbox 425 1276 498 1316; x_wconf 88' lang='lat' dir='ltr'>apud</span> <span class='ocrx_word' id='word_1_243' title='bbox 515 1276 650 1316; x_wconf 84' lang='lat' dir='ltr'>Kersilly,</span> <span class='ocrx_word' id='word_1_244' title='bbox 670 1276 807 1308; x_wconf 81' lang='lat' dir='ltr'>vicesimo</span> <span class='ocrx_word' id='word_1_245' title='bbox 820 1286 900 1307; x_wconf 91' lang='lat' dir='ltr'>nono</span> <span class='ocrx_word' id='word_1_246' title='bbox 911 1275 956 1307; x_wconf 89' lang='lat' dir='ltr'>dic</span> <span class='ocrx_word' id='word_1_247' title='bbox 969 1275 1116 1306; x_wconf 58' lang='lat' dir='ltr'>Oitobris.</span> 
     </span>
    </p>
   </div>
   <div class='ocr_carea' id='block_1_12' title="bbox 793 1354 1063 1393">
    <p class='ocr_par' dir='ltr' id='par_1_15' title="bbox 793 1354 1063 1393">
     <span class='ocr_line' id='line_1_46' title="bbox 793 1354 1063 1393; baseline -0.011 -8"><span class='ocrx_word' id='word_1_248' title='bbox 793 1357 847 1385; x_wconf 80' lang='lat' dir='ltr'>Per</span> <span class='ocrx_word' id='word_1_249' title='bbox 863 1354 943 1393; x_wconf 81' lang='lat' dir='ltr'>ipsum</span> <span class='ocrx_word' id='word_1_250' title='bbox 959 1355 1063 1390; x_wconf 77' lang='lat' dir='ltr'>Regem.</span> 
     </span>
    </p>
   </div>
   <div class='ocr_carea' id='block_1_13' title="bbox 171 1429 1206 1473">
    <p class='ocr_par' dir='ltr' id='par_1_16' title="bbox 171 1429 1206 1473">
     <span class='ocr_line' id='line_1_47' title="bbox 171 1429 1206 1473; baseline -0.002 -10"><span class='ocrx_word' id='word_1_251' title='bbox 171 1429 286 1463; x_wconf 87' lang='lat' dir='ltr'>Eodem</span> <span class='ocrx_word' id='word_1_252' title='bbox 302 1432 390 1464; x_wconf 89' lang='lat' dir='ltr'>modo</span> <span class='ocrx_word' id='word_1_253' title='bbox 401 1433 526 1473; x_wconf 85' lang='lat' dir='ltr'>affignati</span> <span class='ocrx_word' id='word_1_254' title='bbox 540 1433 701 1473; x_wconf 81' lang='lat' dir='ltr'>subscripti,</span> <span class='ocrx_word' id='word_1_255' title='bbox 721 1433 750 1463; x_wconf 89' lang='lat' dir='ltr'>in</span> <span class='ocrx_word' id='word_1_256' title='bbox 763 1432 860 1463; x_wconf 89' lang='lat' dir='ltr'>Terris</span> <span class='ocrx_word' id='word_1_257' title='bbox 875 1430 1048 1470; x_wconf 79' lang='lat' dir='ltr'>subscriptis,</span> <span class='ocrx_word' id='word_1_258' title='bbox 1063 1429 1206 1469; x_wconf 85' lang='lat' dir='ltr'>videlicet,</span> 
     </span>
    </p>
   </div>
   <div class='ocr_carea' id='block_1_14' title="bbox 152 1507 1223 1741">
    <p class='ocr_par' dir='ltr' id='par_1_17' title="bbox 152 1507 1223 1587">
     <span class='ocr_line' id='line_1_48' title="bbox 152 1507 1223 1550; baseline -0.002 -12"><span class='ocrx_word' id='word_1_259' title='bbox 152 1509 286 1539; x_wconf 80' lang='lat' dir='ltr'>Robertus</span> <span class='ocrx_word' id='word_1_260' title='bbox 301 1510 332 1539; x_wconf 77' lang='lat' dir='ltr'>de</span> <span class='ocrx_word' id='word_1_261' title='bbox 350 1511 449 1539; x_wconf 71' lang='lat' dir='ltr'>Penr&#39;es</span> <span class='ocrx_word' id='word_1_262' title='bbox 557 1511 718 1550; x_wconf 64' lang='lat' dir='ltr'>conjundlim</span> <span class='ocrx_word' id='word_1_263' title='bbox 732 1534 742 1549; x_wconf 87' lang='lat'>,</span> <span class='ocrx_word' id='word_1_264' title='bbox 761 1507 799 1544; x_wconf 47' lang='grc' dir='ltr'>όν</span> <span class='ocrx_word' id='word_1_265' title='bbox 820 1509 945 1549; x_wconf 72' lang='lat' dir='ltr'>divisim,</span> <span class='ocrx_word' id='word_1_266' title='bbox 970 1511 1001 1538; x_wconf 87' lang='lat' dir='ltr'>in</span> <span class='ocrx_word' id='word_1_267' title='bbox 1019 1511 1104 1537; x_wconf 78' lang='lat' dir='ltr'>Terra</span> <span class='ocrx_word' id='word_1_268' title='bbox 1120 1508 1152 1537; x_wconf 80' lang='lat' dir='ltr'>de</span> <span class='ocrx_word' id='word_1_269' title='bbox 1169 1509 1223 1537; x_wconf 89' lang='lat' dir='ltr'>Go-</span> 
     </span>
     <span class='ocr_line' id='line_1_49' title="bbox 153 1525 1076 1587; baseline -0.002 -10"><span class='ocrx_word' id='word_1_270' title='bbox 153 1548 286 1577; x_wconf 78' lang='lat' dir='ltr'>Robertus</span> <span class='ocrx_word' id='word_1_271' title='bbox 298 1549 330 1578; x_wconf 81' lang='lat' dir='ltr'>de</span> <span class='ocrx_word' id='word_1_272' title='bbox 345 1548 492 1586; x_wconf 81' lang='lat' dir='ltr'>Pembrugg</span> <span class='ocrx_word' id='word_1_273' title='bbox 521 1525 547 1575; x_wconf 75' lang='lat'><em>}</em></span> <span class='ocrx_word' id='word_1_274' title='bbox 596 1561 672 1587; x_wconf 81' lang='lat' dir='ltr'>wer,</span> <span class='ocrx_word' id='word_1_275' title='bbox 690 1548 728 1583; x_wconf 83' lang='lat'><em>&amp;</em></span> <span class='ocrx_word' id='word_1_276' title='bbox 739 1548 866 1587; x_wconf 83' lang='lat' dir='ltr'>partibus</span> <span class='ocrx_word' id='word_1_277' title='bbox 881 1547 1076 1576; x_wconf 66' lang='lat' dir='ltr'>ad&#39;acentibus.</span> 
     </span>
    </p>

    <p class='ocr_par' dir='ltr' id='par_1_18' title="bbox 154 1560 927 1741">
     <span class='ocr_line' id='line_1_50' title="bbox 154 1560 927 1632; baseline 0.001 -17"><span class='ocrx_word' id='word_1_278' title='bbox 154 1586 231 1615; x_wconf 80' lang='lat' dir='ltr'>Idem</span> <span class='ocrx_word' id='word_1_279' title='bbox 244 1586 376 1632; x_wconf 73' lang='lat' dir='ltr'>Robertus</span> <span class='ocrx_word' id='word_1_280' title='bbox 391 1587 423 1616; x_wconf 84' lang='lat' dir='ltr'>de</span> <span class='ocrx_word' id='word_1_281' title='bbox 436 1589 552 1627; x_wconf 79' lang='lat' dir='ltr'>Penres,</span> <span class='ocrx_word' id='word_1_282' title='bbox 569 1591 598 1618; x_wconf 81' lang='lat' dir='ltr'>in</span> <span class='ocrx_word' id='word_1_283' title='bbox 614 1588 691 1618; x_wconf 86' lang='lat' dir='ltr'>Villa</span> <span class='ocrx_word' id='word_1_284' title='bbox 705 1588 738 1618; x_wconf 83' lang='lat' dir='ltr'>de</span> <span class='ocrx_word' id='word_1_285' title='bbox 752 1560 927 1626; x_wconf 59' lang='lat' dir='ltr'>Haverfordl</span> 
     </span>
     <span class='ocr_line' id='line_1_51' title="bbox 154 1625 478 1702; baseline 0.009 -11"><span class='ocrx_word' id='word_1_286' title='bbox 154 1625 325 1702; x_wconf 45' lang='grc' dir='ltr'>055ἷὶῗῇ</span> <span class='ocrx_word' id='word_1_287' title='bbox 341 1664 478 1694; x_wconf 70' lang='lat' dir='ltr'>Maddock</span> 
     </span>
     <span class='ocr_line' id='line_1_52' title="bbox 154 1703 429 1741; baseline 0.004 -11"><span class='ocrx_word' id='word_1_288' title='bbox 154 1703 259 1732; x_wconf 76' lang='lat' dir='ltr'>David</span> <span class='ocrx_word' id='word_1_289' title='bbox 269 1710 302 1741; x_wconf 87' lang='lat' dir='ltr'>ap</span> <span class='ocrx_word' id='word_1_290' title='bbox 319 1704 429 1732; x_wconf 83' lang='lat' dir='ltr'>Meurik</span> 
     </span>
    </p>
   </div>
   <div class='ocr_carea' id='block_1_15' title="bbox 951 1584 1222 1624">
    <p class='ocr_par' dir='ltr' id='par_1_19' title="bbox 951 1584 1222 1624">
     <span class='ocr_line' id='line_1_53' title="bbox 951 1584 1222 1624; baseline 0 -10"><span class='ocrx_word' id='word_1_291' title='bbox 951 1584 989 1620; x_wconf 72' lang='lat'>&amp;⁶</span> <span class='ocrx_word' id='word_1_292' title='bbox 999 1584 1126 1624; x_wconf 80' lang='lat' dir='ltr'>partibus</span> <span class='ocrx_word' id='word_1_293' title='bbox 1142 1585 1222 1623; x_wconf 83' lang='lat' dir='ltr'>adja-</span> 
     </span>
    </p>
   </div>
   <div class='ocr_carea' id='block_1_16' title="bbox 921 1610 931 1625">
    <p class='ocr_par' dir='ltr' id='par_1_20' title="bbox 921 1610 931 1625">
     <span class='ocr_line' id='line_1_54' title="bbox 921 1610 931 1625; baseline 0 0"><span class='ocrx_word' id='word_1_294' title='bbox 921 1610 931 1625; x_wconf 75' lang='lat'>²</span> 
     </span>
    </p>
   </div>
   <div class='ocr_carea' id='block_1_17' title="bbox 523 1661 1223 1744">
    <p class='ocr_par' dir='ltr' id='par_1_21' title="bbox 523 1661 1223 1744">
     <span class='ocr_line' id='line_1_55' title="bbox 523 1661 1223 1729; baseline -0.001 -34"><span class='ocrx_word' id='word_1_295' title='bbox 523 1677 548 1729; x_wconf 76' lang='lat'><em>}</em></span> <span class='ocrx_word' id='word_1_296' title='bbox 561 1665 730 1704; x_wconf 70' lang='lat' dir='ltr'>Conjum‘lim</span> <span class='ocrx_word' id='word_1_297' title='bbox 748 1661 808 1698; x_wconf 64' lang='lat' dir='ltr'>&amp;a</span> <span class='ocrx_word' id='word_1_298' title='bbox 828 1666 858 1693; x_wconf 77' lang='lat' dir='ltr'>in</span> <span class='ocrx_word' id='word_1_299' title='bbox 878 1666 962 1692; x_wconf 72' lang='lat' dir='ltr'>Terra</span> <span class='ocrx_word' id='word_1_300' title='bbox 979 1663 1011 1692; x_wconf 84' lang='lat' dir='ltr'>de</span> <span class='ocrx_word' id='word_1_301' title='bbox 1033 1665 1223 1702; x_wconf 60' lang='lat' dir='ltr'>Ivlorgannok,</span> 
     </span>
     <span class='ocr_line' id='line_1_56' title="bbox 598 1702 1222 1744; baseline -0.003 -10"><span class='ocrx_word' id='word_1_302' title='bbox 598 1703 715 1744; x_wconf 73' lang='lat' dir='ltr'>excepta</span> <span class='ocrx_word' id='word_1_303' title='bbox 730 1702 774 1733; x_wconf 72' lang='lat' dir='ltr'>illa</span> <span class='ocrx_word' id='word_1_304' title='bbox 788 1702 908 1733; x_wconf 73' lang='lat' dir='ltr'>clausula</span> <span class='ocrx_word' id='word_1_305' title='bbox 914 1725 925 1741; x_wconf 85' lang='lat'>,</span> <span class='ocrx_word' id='word_1_306' title='bbox 934 1704 1041 1730; x_wconf 86' lang='lat' dir='ltr'>Damus</span> <span class='ocrx_word' id='word_1_307' title='bbox 1046 1709 1137 1735; x_wconf 79' lang='lat' dir='ltr'>autem</span> <span class='ocrx_word' id='word_1_308' title='bbox 1144 1728 1154 1743; x_wconf 83' lang='lat'>‚</span> <span class='ocrx_word' id='word_1_309' title='bbox 1161 1702 1222 1738; x_wconf 57' lang='grc' dir='ltr'>«ἐκ.</span> 
     </span>
    </p>
   </div>
   <div class='ocr_carea' id='block_1_18' title="bbox 155 1780 369 1786">
    <p class='ocr_par' dir='ltr' id='par_1_22' title="bbox 155 1780 369 1786">
     <span class='ocr_line' id='line_1_57' title="bbox 155 1780 369 1786; baseline 0 0"><span class='ocrx_word' id='word_1_310' title='bbox 155 1780 369 1786; x_wconf 95' lang='lat' dir='ltr'> </span> 
     </span>
    </p>
   </div>
   <div class='ocr_carea' id='block_1_19' title="bbox 155 1824 1225 1966">
    <p class='ocr_par' dir='ltr' id='par_1_23' title="bbox 155 1824 1225 1966">
     <span class='ocr_line' id='line_1_58' title="bbox 333 1824 1054 1875; baseline 0.001 -16"><span class='ocrx_word' id='word_1_311' title='bbox 333 1824 361 1851; x_wconf 50' lang='grc' dir='ltr'>’λθ</span> <span class='ocrx_word' id='word_1_312' title='bbox 385 1829 434 1860; x_wconf 86' lang='lat' dir='ltr'>De</span> <span class='ocrx_word' id='word_1_313' title='bbox 450 1828 580 1859; x_wconf 84' lang='lat' dir='ltr'>Nunciis</span> <span class='ocrx_word' id='word_1_314' title='bbox 595 1826 640 1860; x_wconf 89' lang='lat' dir='ltr'>ad</span> <span class='ocrx_word' id='word_1_315' title='bbox 654 1830 804 1875; x_wconf 80' lang='lat' dir='ltr'>Reginam</span> <span class='ocrx_word' id='word_1_316' title='bbox 825 1838 845 1859; x_wconf 91' lang='lat' dir='ltr'>a</span> <span class='ocrx_word' id='word_1_317' title='bbox 868 1829 944 1875; x_wconf 81' lang='lat' dir='ltr'>Rege</span> <span class='ocrx_word' id='word_1_318' title='bbox 957 1824 1054 1870; x_wconf 80' lang='lat' dir='ltr'>miffis.</span> 
     </span>
     <span class='ocr_line' id='line_1_59' title="bbox 155 1911 1225 1966; baseline 0.002 -24"><span class='ocrx_word' id='word_1_319' title='bbox 155 1911 242 1966; x_wconf 83' lang='lat' dir='ltr'>RE</span> <span class='ocrx_word' id='word_1_320' title='bbox 252 1911 283 1942; x_wconf 91' lang='lat' dir='ltr'>X</span> <span class='ocrx_word' id='word_1_321' title='bbox 302 1913 436 1943; x_wconf 89' lang='lat' dir='ltr'>omnibus</span> <span class='ocrx_word' id='word_1_322' title='bbox 455 1911 565 1943; x_wconf 88' lang='lat' dir='ltr'>Ballivis</span> <span class='ocrx_word' id='word_1_323' title='bbox 579 1936 588 1952; x_wconf 90' lang='lat'>,</span> <span class='ocrx_word' id='word_1_324' title='bbox 607 1913 640 1944; x_wconf 64' lang='grc' dir='ltr'>ὃς</span> <span class='ocrx_word' id='word_1_325' title='bbox 655 1912 798 1943; x_wconf 86' lang='lat' dir='ltr'>Fidelibus</span> <span class='ocrx_word' id='word_1_326' title='bbox 817 1911 869 1943; x_wconf 90' lang='lat' dir='ltr'>suis</span> <span class='ocrx_word' id='word_1_327' title='bbox 884 1935 894 1951; x_wconf 70' lang='lat'>2</span> <span class='ocrx_word' id='word_1_328' title='bbox 910 1913 945 1944; x_wconf 89' lang='lat' dir='ltr'>ad</span> <span class='ocrx_word' id='word_1_329' title='bbox 959 1923 1048 1952; x_wconf 87' lang='lat' dir='ltr'>quos,</span> <span class='ocrx_word' id='word_1_330' title='bbox 1065 1912 1125 1944; x_wconf 90' lang='lat' dir='ltr'>&amp;c.</span> <span class='ocrx_word' id='word_1_331' title='bbox 1145 1912 1225 1944; x_wconf 90' lang='lat' dir='ltr'>Salu-</span> 
     </span>
    </p>
   </div>
   <div class='ocr_carea' id='block_1_20' title="bbox 152 1959 1225 2106">
    <p class='ocr_par' dir='ltr' id='par_1_24' title="bbox 152 1959 1225 2106">
     <span class='ocr_line' id='line_1_60' title="bbox 193 1959 1225 2029; baseline 0.002 -11"><span class='ocrx_word' id='word_1_332' title='bbox 193 1959 450 2028; x_wconf 58' lang='lat' dir='ltr'>Citiiiin&#39;mitramus,</span> <span class='ocrx_word' id='word_1_333' title='bbox 469 1989 608 2020; x_wconf 57' lang='lat' dir='ltr'>diletstum</span> <span class='ocrx_word' id='word_1_334' title='bbox 621 1991 702 2020; x_wconf 85' lang='lat' dir='ltr'>nobis</span> <span class='ocrx_word' id='word_1_335' title='bbox 716 1992 745 2020; x_wconf 89' lang='lat' dir='ltr'>iri</span> <span class='ocrx_word' id='word_1_336' title='bbox 759 1990 895 2029; x_wconf 82' lang='lat' dir='ltr'>Christo,</span> <span class='ocrx_word' id='word_1_337' title='bbox 915 1990 1057 2020; x_wconf 88' lang='lat' dir='ltr'>Abbatem</span> <span class='ocrx_word' id='word_1_338' title='bbox 1071 1990 1107 2021; x_wconf 91' lang='lat' dir='ltr'>de</span> <span class='ocrx_word' id='word_1_339' title='bbox 1114 1990 1225 2029; x_wconf 89' lang='lat' dir='ltr'>Neeth,</span> 
     </span>
     <span class='ocr_line' id='line_1_61' title="bbox 157 2023 1225 2067; baseline 0.003 -11"><span class='ocrx_word' id='word_1_340' title='bbox 157 2023 208 2064; x_wconf 66' lang='grc' dir='ltr'>δέ,</span> <span class='ocrx_word' id='word_1_341' title='bbox 227 2027 363 2058; x_wconf 66' lang='grc' dir='ltr'>ἀίΙΕέὶυιῃ</span> <span class='ocrx_word' id='word_1_342' title='bbox 377 2029 409 2058; x_wconf 88' lang='lat'>&amp;</span> <span class='ocrx_word' id='word_1_343' title='bbox 421 2028 532 2058; x_wconf 85' lang='lat' dir='ltr'>fidelem</span> <span class='ocrx_word' id='word_1_344' title='bbox 547 2029 674 2059; x_wconf 86' lang='lat' dir='ltr'>nostrum</span> <span class='ocrx_word' id='word_1_345' title='bbox 684 2052 693 2067; x_wconf 85' lang='lat'>,</span> <span class='ocrx_word' id='word_1_346' title='bbox 713 2028 822 2059; x_wconf 88' lang='lat' dir='ltr'>Resum</span> <span class='ocrx_word' id='word_1_347' title='bbox 837 2039 872 2067; x_wconf 90' lang='lat' dir='ltr'>ap</span> <span class='ocrx_word' id='word_1_348' title='bbox 887 2028 1007 2059; x_wconf 80' lang='lat' dir='ltr'>Griffith</span> <span class='ocrx_word' id='word_1_349' title='bbox 1024 2052 1034 2067; x_wconf 92' lang='lat'>,</span> <span class='ocrx_word' id='word_1_350' title='bbox 1049 2028 1225 2060; x_wconf 87' lang='lat' dir='ltr'>Edwardum</span> 
     </span>
     <span class='ocr_line' id='line_1_62' title="bbox 152 2062 1224 2106; baseline 0.003 -11"><span class='ocrx_word' id='word_1_351' title='bbox 152 2062 192 2093; x_wconf 83' lang='lat' dir='ltr'>de</span> <span class='ocrx_word' id='word_1_352' title='bbox 205 2064 287 2096; x_wconf 89' lang='lat' dir='ltr'>Boun</span> <span class='ocrx_word' id='word_1_353' title='bbox 305 2066 456 2106; x_wconf 82' lang='lat' dir='ltr'>Nepotem</span> <span class='ocrx_word' id='word_1_354' title='bbox 471 2067 600 2097; x_wconf 87' lang='lat' dir='ltr'>nostrum</span> <span class='ocrx_word' id='word_1_355' title='bbox 615 2090 625 2105; x_wconf 83' lang='lat'>,</span> <span class='ocrx_word' id='word_1_356' title='bbox 643 2067 793 2098; x_wconf 86' lang='lat' dir='ltr'>Oliverum</span> <span class='ocrx_word' id='word_1_357' title='bbox 815 2067 851 2098; x_wconf 92' lang='lat' dir='ltr'>de</span> <span class='ocrx_word' id='word_1_358' title='bbox 873 2067 992 2106; x_wconf 86' lang='lat' dir='ltr'>Burdeg.</span> <span class='ocrx_word' id='word_1_359' title='bbox 1014 2069 1047 2098; x_wconf 88' lang='lat'>&amp;</span> <span class='ocrx_word' id='word_1_360' title='bbox 1059 2068 1224 2106; x_wconf 88' lang='lat' dir='ltr'>Johannem</span> 
     </span>
    </p>
   </div>
   <div class='ocr_carea' id='block_1_21' title="bbox 143 2101 1223 2145">
    <p class='ocr_par' dir='ltr' id='par_1_25' title="bbox 143 2101 1223 2145">
     <span class='ocr_line' id='line_1_63' title="bbox 143 2101 1223 2145; baseline 0.004 -12"><span class='ocrx_word' id='word_1_361' title='bbox 143 2101 189 2132; x_wconf 81' lang='lat' dir='ltr'>.de</span> <span class='ocrx_word' id='word_1_362' title='bbox 207 2103 311 2135; x_wconf 79' lang='lat' dir='ltr'>Harlil(</span> <span class='ocrx_word' id='word_1_363' title='bbox 326 2129 335 2144; x_wconf 96' lang='lat'>,</span> <span class='ocrx_word' id='word_1_364' title='bbox 355 2105 390 2136; x_wconf 89' lang='lat' dir='ltr'>ad</span> <span class='ocrx_word' id='word_1_365' title='bbox 408 2105 552 2136; x_wconf 89' lang='lat' dir='ltr'>Isabellam</span> <span class='ocrx_word' id='word_1_366' title='bbox 574 2106 721 2143; x_wconf 79' lang='lat' dir='ltr'>Reginam</span> <span class='ocrx_word' id='word_1_367' title='bbox 741 2107 852 2142; x_wconf 72' lang='lat' dir='ltr'>Angliae</span> <span class='ocrx_word' id='word_1_368' title='bbox 865 2130 875 2145; x_wconf 96' lang='lat'>,</span> <span class='ocrx_word' id='word_1_369' title='bbox 900 2106 1073 2137; x_wconf 85' lang='lat' dir='ltr'>Consortem</span> <span class='ocrx_word' id='word_1_370' title='bbox 1097 2106 1223 2137; x_wconf 89' lang='lat' dir='ltr'>nostram</span> 
     </span>
    </p>
   </div>
   <div class='ocr_carea' id='block_1_22' title="bbox 150 2140 1223 2184">
    <p class='ocr_par' dir='ltr' id='par_1_26' title="bbox 150 2140 1223 2184">
     <span class='ocr_line' id='line_1_64' title="bbox 150 2140 1223 2184; baseline 0.004 -12"><span class='ocrx_word' id='word_1_371' title='bbox 150 2142 320 2174; x_wconf 72' lang='lat' dir='ltr'>carissimam</span> <span class='ocrx_word' id='word_1_372' title='bbox 336 2166 346 2181; x_wconf 88' lang='lat'>,</span> <span class='ocrx_word' id='word_1_373' title='bbox 363 2145 397 2175; x_wconf 69' lang='grc' dir='ltr'>ὃ(</span> <span class='ocrx_word' id='word_1_374' title='bbox 418 2144 591 2175; x_wconf 85' lang='lat' dir='ltr'>Edwardum</span> <span class='ocrx_word' id='word_1_375' title='bbox 605 2168 614 2182; x_wconf 91' lang='lat'>,</span> <span class='ocrx_word' id='word_1_376' title='bbox 642 2145 744 2175; x_wconf 88' lang='lat' dir='ltr'>Filium</span> <span class='ocrx_word' id='word_1_377' title='bbox 764 2140 896 2176; x_wconf 76' lang='lat' dir='ltr'>nostrum</span> <span class='ocrx_word' id='word_1_378' title='bbox 919 2145 1171 2184; x_wconf 81' lang='lat' dir='ltr'>Primogenitum,</span> <span class='ocrx_word' id='word_1_379' title='bbox 1190 2156 1223 2176; x_wconf 90' lang='lat' dir='ltr'>ac</span> 
     </span>
    </p>
   </div>
   <div class='ocr_carea' id='block_1_23' title="bbox 142 2181 1223 2222">
    <p class='ocr_par' dir='ltr' id='par_1_27' title="bbox 142 2181 1223 2222">
     <span class='ocr_line' id='line_1_65' title="bbox 142 2181 1223 2222; baseline 0.003 -11"><span class='ocrx_word' id='word_1_380' title='bbox 142 2181 284 2219; x_wconf 39' lang='lat' dir='ltr'>&#39;quosdam</span> <span class='ocrx_word' id='word_1_381' title='bbox 305 2183 370 2212; x_wconf 93' lang='lat' dir='ltr'>alios</span> <span class='ocrx_word' id='word_1_382' title='bbox 390 2184 419 2212; x_wconf 92' lang='lat' dir='ltr'>in</span> <span class='ocrx_word' id='word_1_383' title='bbox 441 2193 544 2213; x_wconf 87' lang='lat' dir='ltr'>eorum</span> <span class='ocrx_word' id='word_1_384' title='bbox 567 2183 718 2214; x_wconf 73' lang='lat' dir='ltr'>Comitiva</span> <span class='ocrx_word' id='word_1_385' title='bbox 735 2184 904 2222; x_wconf 79' lang='lat' dir='ltr'>existentes,</span> <span class='ocrx_word' id='word_1_386' title='bbox 924 2194 977 2221; x_wconf 88' lang='lat' dir='ltr'>pro</span> <span class='ocrx_word' id='word_1_387' title='bbox 995 2184 1160 2221; x_wconf 87' lang='lat' dir='ltr'>quibusdam</span> <span class='ocrx_word' id='word_1_388' title='bbox 1173 2195 1223 2215; x_wconf 89' lang='lat' dir='ltr'>ne-</span> 
     </span>
    </p>
   </div>
   <div class='ocr_carea' id='block_1_24' title="bbox 145 2220 1224 2837">
    <p class='ocr_par' dir='ltr' id='par_1_28' title="bbox 150 2220 1046 2260">
     <span class='ocr_line' id='line_1_66' title="bbox 150 2220 1046 2260; baseline 0.004 -12"><span class='ocrx_word' id='word_1_389' title='bbox 150 2220 250 2258; x_wconf 84' lang='lat' dir='ltr'>gotiis,</span> <span class='ocrx_word' id='word_1_390' title='bbox 272 2221 341 2252; x_wconf 85' lang='lat' dir='ltr'>Nos</span> <span class='ocrx_word' id='word_1_391' title='bbox 355 2222 389 2252; x_wconf 88' lang='lat'>&amp;</span> <span class='ocrx_word' id='word_1_392' title='bbox 406 2221 542 2260; x_wconf 81' lang='lat' dir='ltr'>Regnum</span> <span class='ocrx_word' id='word_1_393' title='bbox 559 2222 689 2252; x_wconf 89' lang='lat' dir='ltr'>nostrum</span> <span class='ocrx_word' id='word_1_394' title='bbox 702 2222 851 2259; x_wconf 82' lang='lat' dir='ltr'>specialiter</span> <span class='ocrx_word' id='word_1_395' title='bbox 865 2223 1046 2260; x_wconf 83' lang='lat' dir='ltr'>tangentibus</span> 
     </span>
    </p>

    <p class='ocr_par' dir='ltr' id='par_1_29' title="bbox 151 2246 1224 2410">
     <span class='ocr_line' id='line_1_67' title="bbox 190 2246 1224 2299; baseline 0.003 -12"><span class='ocrx_word' id='word_1_396' title='bbox 190 2257 369 2298; x_wconf 82' lang='lat' dir='ltr'>Suscepimus</span> <span class='ocrx_word' id='word_1_397' title='bbox 384 2260 475 2298; x_wconf 81' lang='lat' dir='ltr'>ipsos,</span> <span class='ocrx_word' id='word_1_398' title='bbox 492 2261 635 2291; x_wconf 82' lang='lat' dir='ltr'>Abbatem</span> <span class='ocrx_word' id='word_1_399' title='bbox 644 2284 653 2299; x_wconf 90' lang='lat'>,</span> <span class='ocrx_word' id='word_1_400' title='bbox 670 2261 797 2299; x_wconf 88' lang='lat' dir='ltr'>Resum,</span> <span class='ocrx_word' id='word_1_401' title='bbox 811 2261 984 2292; x_wconf 81' lang='lat' dir='ltr'>Edwardum</span> <span class='ocrx_word' id='word_1_402' title='bbox 998 2261 1033 2291; x_wconf 88' lang='lat' dir='ltr'>de</span> <span class='ocrx_word' id='word_1_403' title='bbox 1047 2246 1128 2291; x_wconf 72' lang='lat' dir='ltr'>s30un</span> <span class='ocrx_word' id='word_1_404' title='bbox 1137 2284 1147 2299; x_wconf 84' lang='lat'>,</span> <span class='ocrx_word' id='word_1_405' title='bbox 1160 2260 1224 2291; x_wconf 91' lang='lat' dir='ltr'>Oli-</span> 
     </span>
     <span class='ocr_line' id='line_1_68' title="bbox 152 2297 1223 2340; baseline 0.004 -14"><span class='ocrx_word' id='word_1_406' title='bbox 152 2305 270 2340; x_wconf 79' lang='lat' dir='ltr'>verum,</span> <span class='ocrx_word' id='word_1_407' title='bbox 290 2299 324 2328; x_wconf 86' lang='lat'>&amp;</span> <span class='ocrx_word' id='word_1_408' title='bbox 343 2297 505 2335; x_wconf 78' lang='lat' dir='ltr'>johannem</span> <span class='ocrx_word' id='word_1_409' title='bbox 518 2322 528 2337; x_wconf 84' lang='lat'>,</span> <span class='ocrx_word' id='word_1_410' title='bbox 548 2300 577 2329; x_wconf 92' lang='lat' dir='ltr'>in</span> <span class='ocrx_word' id='word_1_411' title='bbox 595 2300 691 2329; x_wconf 88' lang='lat' dir='ltr'>eundo</span> <span class='ocrx_word' id='word_1_412' title='bbox 704 2299 739 2330; x_wconf 88' lang='lat' dir='ltr'>ad</span> <span class='ocrx_word' id='word_1_413' title='bbox 755 2300 826 2337; x_wconf 88' lang='lat' dir='ltr'>ipsos</span> <span class='ocrx_word' id='word_1_414' title='bbox 840 2323 849 2337; x_wconf 92' lang='lat'>,</span> <span class='ocrx_word' id='word_1_415' title='bbox 869 2299 1029 2339; x_wconf 80' lang='lat' dir='ltr'>Reginam,</span> <span class='ocrx_word' id='word_1_416' title='bbox 1049 2300 1172 2337; x_wconf 86' lang='lat' dir='ltr'>Filium,</span> <span class='ocrx_word' id='word_1_417' title='bbox 1189 2301 1223 2330; x_wconf 70' lang='lat' dir='ltr'>«Sc</span> 
     </span>
     <span class='ocr_line' id='line_1_69' title="bbox 151 2334 1223 2374; baseline 0.003 -10"><span class='ocrx_word' id='word_1_418' title='bbox 151 2334 220 2364; x_wconf 81' lang='lat' dir='ltr'>alios</span> <span class='ocrx_word' id='word_1_419' title='bbox 235 2358 244 2374; x_wconf 85' lang='lat'>,</span> <span class='ocrx_word' id='word_1_420' title='bbox 270 2336 303 2366; x_wconf 87' lang='lat'>&amp;</span> <span class='ocrx_word' id='word_1_421' title='bbox 324 2337 358 2366; x_wconf 90' lang='lat' dir='ltr'>ad</span> <span class='ocrx_word' id='word_1_422' title='bbox 379 2346 429 2365; x_wconf 90' lang='lat' dir='ltr'>nos</span> <span class='ocrx_word' id='word_1_423' title='bbox 444 2337 604 2373; x_wconf 76' lang='lat' dir='ltr'>redeundo,</span> <span class='ocrx_word' id='word_1_424' title='bbox 620 2339 649 2367; x_wconf 90' lang='lat' dir='ltr'>in</span> <span class='ocrx_word' id='word_1_425' title='bbox 666 2337 884 2368; x_wconf 69' lang='lat' dir='ltr'>Proteetionem</span> <span class='ocrx_word' id='word_1_426' title='bbox 898 2339 931 2369; x_wconf 92' lang='lat'>&amp;</span> <span class='ocrx_word' id='word_1_427' title='bbox 947 2338 1153 2368; x_wconf 75' lang='lat' dir='ltr'>Defeniionem</span> <span class='ocrx_word' id='word_1_428' title='bbox 1168 2347 1223 2367; x_wconf 91' lang='lat' dir='ltr'>no-</span> 
     </span>
     <span class='ocr_line' id='line_1_70' title="bbox 153 2372 922 2410; baseline 0.005 -8"><span class='ocrx_word' id='word_1_429' title='bbox 153 2372 240 2403; x_wconf 87' lang='lat' dir='ltr'>stram</span> <span class='ocrx_word' id='word_1_430' title='bbox 250 2396 259 2410; x_wconf 85' lang='lat'>,</span> <span class='ocrx_word' id='word_1_431' title='bbox 279 2384 395 2404; x_wconf 85' lang='lat' dir='ltr'>necnon</span> <span class='ocrx_word' id='word_1_432' title='bbox 409 2375 439 2403; x_wconf 89' lang='lat' dir='ltr'>in</span> <span class='ocrx_word' id='word_1_433' title='bbox 452 2376 558 2404; x_wconf 83' lang='lat' dir='ltr'>salvum</span> <span class='ocrx_word' id='word_1_434' title='bbox 572 2376 764 2406; x_wconf 71' lang='lat' dir='ltr'>Condutstum</span> <span class='ocrx_word' id='word_1_435' title='bbox 779 2375 922 2406; x_wconf 87' lang='lat' dir='ltr'>nostrum:</span> 
     </span>
    </p>

    <p class='ocr_par' dir='ltr' id='par_1_30' title="bbox 145 2410 1222 2712">
     <span class='ocr_line' id='line_1_71' title="bbox 189 2410 1222 2452; baseline 0.004 -11"><span class='ocrx_word' id='word_1_436' title='bbox 189 2410 228 2441; x_wconf 86' lang='lat' dir='ltr'>Et</span> <span class='ocrx_word' id='word_1_437' title='bbox 243 2412 310 2442; x_wconf 78' lang='lat' dir='ltr'>ideo</span> <span class='ocrx_word' id='word_1_438' title='bbox 325 2414 406 2442; x_wconf 90' lang='lat' dir='ltr'>vobis</span> <span class='ocrx_word' id='word_1_439' title='bbox 420 2414 586 2443; x_wconf 82' lang='lat' dir='ltr'>mandamus</span> <span class='ocrx_word' id='word_1_440' title='bbox 603 2414 682 2451; x_wconf 69' lang='lat' dir='ltr'>quod</span> <span class='ocrx_word' id='word_1_441' title='bbox 703 2414 806 2444; x_wconf 87' lang='lat' dir='ltr'>eisdem</span> <span class='ocrx_word' id='word_1_442' title='bbox 845 2415 970 2452; x_wconf 79' lang='lat' dir='ltr'>Abbati,</span> <span class='ocrx_word' id='word_1_443' title='bbox 990 2413 1084 2452; x_wconf 75' lang='lat' dir='ltr'>Reso,</span> <span class='ocrx_word' id='word_1_444' title='bbox 1104 2413 1222 2445; x_wconf 79' lang='lat' dir='ltr'>Edwar-</span> 
     </span>
     <span class='ocr_line' id='line_1_72' title="bbox 151 2437 1222 2493; baseline 0.005 -15"><span class='ocrx_word' id='word_1_445' title='bbox 151 2447 194 2479; x_wconf 90' lang='lat' dir='ltr'>do</span> <span class='ocrx_word' id='word_1_446' title='bbox 206 2449 241 2479; x_wconf 92' lang='lat' dir='ltr'>de</span> <span class='ocrx_word' id='word_1_447' title='bbox 255 2449 336 2480; x_wconf 90' lang='lat' dir='ltr'>Boun</span> <span class='ocrx_word' id='word_1_448' title='bbox 346 2473 354 2488; x_wconf 95' lang='lat'>,</span> <span class='ocrx_word' id='word_1_449' title='bbox 373 2450 494 2493; x_wconf 79' lang='lat' dir='ltr'>Olivero</span> <span class='ocrx_word' id='word_1_450' title='bbox 508 2452 540 2482; x_wconf 83' lang='lat'>&amp;</span> <span class='ocrx_word' id='word_1_451' title='bbox 555 2452 680 2490; x_wconf 83' lang='lat' dir='ltr'>Johanni</span> <span class='ocrx_word' id='word_1_452' title='bbox 695 2475 703 2489; x_wconf 90' lang='lat'>,</span> <span class='ocrx_word' id='word_1_453' title='bbox 720 2452 764 2483; x_wconf 89' lang='lat' dir='ltr'>seu</span> <span class='ocrx_word' id='word_1_454' title='bbox 788 2437 965 2483; x_wconf 66' lang='lat' dir='ltr'>Psominibus</span> <span class='ocrx_word' id='word_1_455' title='bbox 981 2453 1049 2490; x_wconf 87' lang='lat' dir='ltr'>suis,</span> <span class='ocrx_word' id='word_1_456' title='bbox 1068 2454 1097 2482; x_wconf 89' lang='lat' dir='ltr'>in</span> <span class='ocrx_word' id='word_1_457' title='bbox 1111 2453 1222 2492; x_wconf 89' lang='lat' dir='ltr'>eundo,</span> 
     </span>
     <span class='ocr_line' id='line_1_73' title="bbox 150 2488 1221 2530; baseline 0.004 -12"><span class='ocrx_word' id='word_1_458' title='bbox 150 2488 198 2518; x_wconf 91' lang='lat' dir='ltr'>seu</span> <span class='ocrx_word' id='word_1_459' title='bbox 221 2489 367 2518; x_wconf 87' lang='lat' dir='ltr'>redeundo</span> <span class='ocrx_word' id='word_1_460' title='bbox 381 2511 390 2527; x_wconf 88' lang='lat'>,</span> <span class='ocrx_word' id='word_1_461' title='bbox 409 2492 478 2519; x_wconf 70' lang='lat' dir='ltr'>sicut</span> <span class='ocrx_word' id='word_1_462' title='bbox 498 2490 668 2528; x_wconf 66' lang='lat' dir='ltr'>praedierum</span> <span class='ocrx_word' id='word_1_463' title='bbox 689 2489 731 2520; x_wconf 85' lang='lat' dir='ltr'>est</span> <span class='ocrx_word' id='word_1_464' title='bbox 744 2514 753 2529; x_wconf 87' lang='lat'>,</span> <span class='ocrx_word' id='word_1_465' title='bbox 772 2501 832 2521; x_wconf 90' lang='lat' dir='ltr'>non</span> <span class='ocrx_word' id='word_1_466' title='bbox 848 2492 987 2529; x_wconf 82' lang='lat' dir='ltr'>inferatis,</span> <span class='ocrx_word' id='word_1_467' title='bbox 1006 2492 1068 2530; x_wconf 83' lang='lat' dir='ltr'>seu,</span> <span class='ocrx_word' id='word_1_468' title='bbox 1083 2500 1221 2530; x_wconf 87' lang='lat' dir='ltr'>quantum</span> 
     </span>
     <span class='ocr_line' id='line_1_74' title="bbox 153 2526 1222 2568; baseline 0.005 -13"><span class='ocrx_word' id='word_1_469' title='bbox 153 2527 184 2556; x_wconf 92' lang='lat' dir='ltr'>in</span> <span class='ocrx_word' id='word_1_470' title='bbox 199 2527 280 2556; x_wconf 84' lang='lat' dir='ltr'>vobis</span> <span class='ocrx_word' id='word_1_471' title='bbox 292 2526 352 2565; x_wconf 87' lang='lat' dir='ltr'>est,</span> <span class='ocrx_word' id='word_1_472' title='bbox 366 2529 401 2557; x_wconf 86' lang='lat' dir='ltr'>ab</span> <span class='ocrx_word' id='word_1_473' title='bbox 418 2528 473 2557; x_wconf 89' lang='lat' dir='ltr'>aliis</span> <span class='ocrx_word' id='word_1_474' title='bbox 488 2528 580 2558; x_wconf 87' lang='lat' dir='ltr'>inferri</span> <span class='ocrx_word' id='word_1_475' title='bbox 599 2529 766 2566; x_wconf 86' lang='lat' dir='ltr'>permittatis</span> <span class='ocrx_word' id='word_1_476' title='bbox 785 2531 931 2568; x_wconf 87' lang='lat' dir='ltr'>injuriam,</span> <span class='ocrx_word' id='word_1_477' title='bbox 949 2529 1123 2568; x_wconf 85' lang='lat' dir='ltr'>molestiam,</span> <span class='ocrx_word' id='word_1_478' title='bbox 1141 2531 1222 2561; x_wconf 88' lang='lat' dir='ltr'>dam-</span> 
     </span>
     <span class='ocr_line' id='line_1_75' title="bbox 145 2566 1222 2606; baseline 0.005 -12"><span class='ocrx_word' id='word_1_479' title='bbox 145 2574 241 2603; x_wconf 63' lang='lat' dir='ltr'>⁴&gt;pnum</span> <span class='ocrx_word' id='word_1_480' title='bbox 256 2587 265 2602; x_wconf 89' lang='lat'>,</span> <span class='ocrx_word' id='word_1_481' title='bbox 280 2566 517 2603; x_wconf 86' lang='lat' dir='ltr'>impedimentum</span> <span class='ocrx_word' id='word_1_482' title='bbox 539 2567 653 2605; x_wconf 88' lang='lat' dir='ltr'>aliquod</span> <span class='ocrx_word' id='word_1_483' title='bbox 670 2590 679 2604; x_wconf 85' lang='lat'>,</span> <span class='ocrx_word' id='word_1_484' title='bbox 698 2567 743 2597; x_wconf 90' lang='lat' dir='ltr'>seu</span> <span class='ocrx_word' id='word_1_485' title='bbox 766 2576 937 2606; x_wconf 73' lang='lat' dir='ltr'>gravamen,</span> <span class='ocrx_word' id='word_1_486' title='bbox 956 2568 1045 2598; x_wconf 87' lang='lat' dir='ltr'>seteis</span> <span class='ocrx_word' id='word_1_487' title='bbox 1066 2570 1160 2606; x_wconf 89' lang='lat' dir='ltr'>potius</span> <span class='ocrx_word' id='word_1_488' title='bbox 1173 2570 1222 2599; x_wconf 90' lang='lat' dir='ltr'>sal—</span> 
     </span>
     <span class='ocr_line' id='line_1_76' title="bbox 150 2603 1221 2645; baseline 0.003 -11"><span class='ocrx_word' id='word_1_489' title='bbox 150 2613 222 2635; x_wconf 89' lang='lat' dir='ltr'>vum</span> <span class='ocrx_word' id='word_1_490' title='bbox 238 2604 272 2634; x_wconf 72' lang='grc' dir='ltr'>δε</span> <span class='ocrx_word' id='word_1_491' title='bbox 288 2604 417 2634; x_wconf 85' lang='lat' dir='ltr'>securum</span> <span class='ocrx_word' id='word_1_492' title='bbox 432 2603 640 2644; x_wconf 62' lang='lat' dir='ltr'>Conductum,</span> <span class='ocrx_word' id='word_1_493' title='bbox 657 2606 707 2635; x_wconf 89' lang='lat' dir='ltr'>suis</span> <span class='ocrx_word' id='word_1_494' title='bbox 721 2606 892 2645; x_wconf 81' lang='lat' dir='ltr'>sumptibus,</span> <span class='ocrx_word' id='word_1_495' title='bbox 907 2607 1010 2637; x_wconf 83' lang='lat' dir='ltr'>habere</span> <span class='ocrx_word' id='word_1_496' title='bbox 1023 2607 1221 2645; x_wconf 77' lang='lat' dir='ltr'>faciatis,ctim</span> 
     </span>
     <span class='ocr_line' id='line_1_77' title="bbox 145 2642 1222 2710; baseline 0.006 -40"><span class='ocrx_word' id='word_1_497' title='bbox 145 2652 201 2681; x_wconf 70' lang='lat' dir='ltr'>‚per</span> <span class='ocrx_word' id='word_1_498' title='bbox 214 2642 299 2710; x_wconf 55' lang='lat' dir='ltr'>ipsos,</span> <span class='ocrx_word' id='word_1_499' title='bbox 317 2643 362 2673; x_wconf 92' lang='lat' dir='ltr'>seu</span> <span class='ocrx_word' id='word_1_500' title='bbox 377 2653 476 2673; x_wconf 89' lang='lat' dir='ltr'>eorum</span> <span class='ocrx_word' id='word_1_501' title='bbox 491 2644 629 2683; x_wconf 81' lang='lat' dir='ltr'>aliquem,</span> <span class='ocrx_word' id='word_1_502' title='bbox 648 2644 726 2682; x_wconf 84' lang='lat' dir='ltr'>super</span> <span class='ocrx_word' id='word_1_503' title='bbox 757 2644 832 2684; x_wconf 89' lang='lat' dir='ltr'>hoc,</span> <span class='ocrx_word' id='word_1_504' title='bbox 852 2655 885 2676; x_wconf 83' lang='lat' dir='ltr'>ex</span> <span class='ocrx_word' id='word_1_505' title='bbox 899 2653 976 2683; x_wconf 86' lang='lat' dir='ltr'>parte</span> <span class='ocrx_word' id='word_1_506' title='bbox 989 2645 1103 2684; x_wconf 64' lang='lat' dir='ltr'>nostrii,</span> <span class='ocrx_word' id='word_1_507' title='bbox 1118 2647 1222 2676; x_wconf 85' lang='lat' dir='ltr'>fueritis</span> 
     </span>
     <span class='ocr_line' id='line_1_78' title="bbox 153 2691 284 2712; baseline -0.015 0"><span class='ocrx_word' id='word_1_508' title='bbox 153 2692 184 2712; x_wconf 88' lang='lat' dir='ltr'>re</span> <span class='ocrx_word' id='word_1_509' title='bbox 206 2691 284 2711; x_wconf 63' lang='lat' dir='ltr'>uiiti⁴</span> 
     </span>
    </p>

    <p class='ocr_par' dir='ltr' id='par_1_31' title="bbox 154 2691 1223 2788">
     <span class='ocr_line' id='line_1_79' title="bbox 186 2691 1223 2762; baseline 0.004 -14"><span class='ocrx_word' id='word_1_510' title='bbox 186 2691 224 2748; x_wconf 73' lang='lat' dir='ltr'>cin</span> <span class='ocrx_word' id='word_1_511' title='bbox 239 2719 336 2758; x_wconf 85' lang='lat' dir='ltr'>cujus,</span> <span class='ocrx_word' id='word_1_512' title='bbox 355 2720 414 2750; x_wconf 71' lang='grc' dir='ltr'>δεε-</span> <span class='ocrx_word' id='word_1_513' title='bbox 436 2720 521 2760; x_wconf 90' lang='lat' dir='ltr'>usque</span> <span class='ocrx_word' id='word_1_514' title='bbox 536 2719 570 2750; x_wconf 90' lang='lat' dir='ltr'>ad</span> <span class='ocrx_word' id='word_1_515' title='bbox 591 2720 706 2752; x_wconf 84' lang='lat' dir='ltr'>Festum</span> <span class='ocrx_word' id='word_1_516' title='bbox 724 2720 836 2752; x_wconf 91' lang='lat' dir='ltr'>Natalis</span> <span class='ocrx_word' id='word_1_517' title='bbox 852 2721 977 2752; x_wconf 88' lang='lat' dir='ltr'>Domini</span> <span class='ocrx_word' id='word_1_518' title='bbox 998 2722 1134 2762; x_wconf 79' lang='lat' dir='ltr'>proximo</span> <span class='ocrx_word' id='word_1_519' title='bbox 1146 2721 1223 2753; x_wconf 90' lang='lat' dir='ltr'>futu-</span> 
     </span>
     <span class='ocr_line' id='line_1_80' title="bbox 154 2757 385 2788; baseline 0.009 -2"><span class='ocrx_word' id='word_1_520' title='bbox 154 2766 220 2787; x_wconf 88' lang='lat' dir='ltr'>rum</span> <span class='ocrx_word' id='word_1_521' title='bbox 234 2757 385 2788; x_wconf 72' lang='lat' dir='ltr'>duraturas.</span> 
     </span>
    </p>

    <p class='ocr_par' dir='ltr' id='par_1_32' title="bbox 190 2795 998 2837">
     <span class='ocr_line' id='line_1_81' title="bbox 190 2795 998 2837; baseline 0.004 -12"><span class='ocrx_word' id='word_1_522' title='bbox 190 2795 279 2826; x_wconf 87' lang='lat' dir='ltr'>Teste</span> <span class='ocrx_word' id='word_1_523' title='bbox 296 2797 381 2834; x_wconf 82' lang='lat' dir='ltr'>Rege</span> <span class='ocrx_word' id='word_1_524' title='bbox 396 2796 469 2836; x_wconf 87' lang='lat' dir='ltr'>apud</span> <span class='ocrx_word' id='word_1_525' title='bbox 483 2796 601 2837; x_wconf 84' lang='lat' dir='ltr'>Neeth,</span> <span class='ocrx_word' id='word_1_526' title='bbox 619 2797 733 2829; x_wconf 89' lang='lat' dir='ltr'>decimo</span> <span class='ocrx_word' id='word_1_527' title='bbox 747 2798 792 2830; x_wconf 88' lang='lat' dir='ltr'>die</span> <span class='ocrx_word' id='word_1_528' title='bbox 805 2798 998 2829; x_wconf 81' lang='lat' dir='ltr'>Novembris.</span> 
     </span>
    </p>
   </div>
   <div class='ocr_carea' id='block_1_25' title="bbox 343 2923 1026 2971">
    <p class='ocr_par' dir='ltr' id='par_1_33' title="bbox 343 2923 1026 2971">
     <span class='ocr_line' id='line_1_82' title="bbox 343 2923 1026 2971; baseline 0.007 -19"><span class='ocrx_word' id='word_1_529' title='bbox 343 2923 402 2953; x_wconf 80' lang='lat' dir='ltr'>Pro</span> <span class='ocrx_word' id='word_1_530' title='bbox 415 2923 545 2954; x_wconf 70' lang='lat' dir='ltr'>ZVnnciis</span> <span class='ocrx_word' id='word_1_531' title='bbox 563 2925 644 2969; x_wconf 81' lang='lat' dir='ltr'>Papae</span> <span class='ocrx_word' id='word_1_532' title='bbox 665 2927 697 2955; x_wconf 87' lang='lat' dir='ltr'>in</span> <span class='ocrx_word' id='word_1_533' title='bbox 714 2925 862 2971; x_wconf 68' lang='lat' dir='ltr'>Anglittm</span> <span class='ocrx_word' id='word_1_534' title='bbox 879 2929 1026 2958; x_wconf 80' lang='lat' dir='ltr'>venturis.</span> 
     </span>
    </p>
   </div>
   <div class='ocr_carea' id='block_1_26' title="bbox 129 3004 1221 3063">
    <p class='ocr_par' dir='ltr' id='par_1_34' title="bbox 129 3004 1221 3063">
     <span class='ocr_line' id='line_1_83' title="bbox 129 3004 1221 3063; baseline 0.006 -29"><span class='ocrx_word' id='word_1_535' title='bbox 129 3027 135 3033; x_wconf 91' lang='lat'><em>.</em></span> <span class='ocrx_word' id='word_1_536' title='bbox 154 3004 282 3063; x_wconf 78' lang='lat' dir='ltr'>REX</span> <span class='ocrx_word' id='word_1_537' title='bbox 301 3007 437 3036; x_wconf 88' lang='lat' dir='ltr'>omnibus</span> <span class='ocrx_word' id='word_1_538' title='bbox 456 3006 564 3038; x_wconf 83' lang='lat' dir='ltr'>Ballivis</span> <span class='ocrx_word' id='word_1_539' title='bbox 577 3032 587 3045; x_wconf 83' lang='lat'>,</span> <span class='ocrx_word' id='word_1_540' title='bbox 607 3007 763 3048; x_wconf 85' lang='lat' dir='ltr'>Ministris,</span> <span class='ocrx_word' id='word_1_541' title='bbox 782 3010 815 3040; x_wconf 89' lang='lat'>&amp;</span> <span class='ocrx_word' id='word_1_542' title='bbox 836 3010 973 3040; x_wconf 77' lang='lat' dir='ltr'>Fidelibus</span> <span class='ocrx_word' id='word_1_543' title='bbox 986 3010 1054 3049; x_wconf 87' lang='lat' dir='ltr'>suis,</span> <span class='ocrx_word' id='word_1_544' title='bbox 1073 3012 1130 3041; x_wconf 59' lang='lat' dir='ltr'>tlim</span> <span class='ocrx_word' id='word_1_545' title='bbox 1152 3012 1221 3042; x_wconf 76' lang='lat' dir='ltr'>insi-:1</span> 
     </span>
    </p>
   </div>
   <div class='ocr_carea' id='block_1_27' title="bbox 229 3044 1222 3088">
    <p class='ocr_par' dir='ltr' id='par_1_35' title="bbox 229 3044 1222 3088">
     <span class='ocr_line' id='line_1_84' title="bbox 229 3044 1222 3088; baseline 0.006 -14"><span class='ocrx_word' id='word_1_546' title='bbox 229 3044 403 3083; x_wconf 79' lang='lat' dir='ltr'>Libertates,</span> <span class='ocrx_word' id='word_1_547' title='bbox 420 3047 507 3084; x_wconf 70' lang='lat' dir='ltr'>quain</span> <span class='ocrx_word' id='word_1_548' title='bbox 522 3056 613 3085; x_wconf 84' lang='lat' dir='ltr'>extra,</span> <span class='ocrx_word' id='word_1_549' title='bbox 632 3057 665 3077; x_wconf 85' lang='lat' dir='ltr'>ac</span> <span class='ocrx_word' id='word_1_550' title='bbox 680 3047 857 3079; x_wconf 87' lang='lat' dir='ltr'>Custodibus</span> <span class='ocrx_word' id='word_1_551' title='bbox 872 3048 1080 3088; x_wconf 81' lang='lat' dir='ltr'>Paslagiorum,</span> <span class='ocrx_word' id='word_1_552' title='bbox 1099 3050 1130 3080; x_wconf 69' lang='grc' dir='ltr'>ὃ(</span> <span class='ocrx_word' id='word_1_553' title='bbox 1148 3050 1222 3081; x_wconf 89' lang='lat' dir='ltr'>Por-</span> 
     </span>
    </p>
   </div>
   <div class='ocr_carea' id='block_1_28' title="bbox 110 3082 848 3124">
    <p class='ocr_par' dir='ltr' id='par_1_36' title="bbox 110 3082 848 3124">
     <span class='ocr_line' id='line_1_85' title="bbox 110 3082 848 3124; baseline 0.008 -13"><span class='ocrx_word' id='word_1_554' title='bbox 110 3104 117 3110; x_wconf 88' lang='lat'><strong>.</strong></span> <span class='ocrx_word' id='word_1_555' title='bbox 155 3089 236 3112; x_wconf 87' lang='lat' dir='ltr'>tuum</span> <span class='ocrx_word' id='word_1_556' title='bbox 253 3083 348 3123; x_wconf 79' lang='lat' dir='ltr'>Regni</span> <span class='ocrx_word' id='word_1_557' title='bbox 363 3082 469 3121; x_wconf 76' lang='lat' dir='ltr'>nostri,</span> <span class='ocrx_word' id='word_1_558' title='bbox 487 3084 520 3114; x_wconf 86' lang='lat' dir='ltr'>ad</span> <span class='ocrx_word' id='word_1_559' title='bbox 534 3095 618 3124; x_wconf 80' lang='lat' dir='ltr'>quos,</span> <span class='ocrx_word' id='word_1_560' title='bbox 638 3086 699 3115; x_wconf 85' lang='lat' dir='ltr'>&amp;c.</span> <span class='ocrx_word' id='word_1_561' title='bbox 715 3086 848 3117; x_wconf 81' lang='lat' dir='ltr'>Salutem.</span> 
     </span>
    </p>
   </div>
   <div class='ocr_carea' id='block_1_29' title="bbox 153 3120 1222 3315">
    <p class='ocr_par' dir='ltr' id='par_1_37' title="bbox 153 3120 1222 3315">
     <span class='ocr_line' id='line_1_86' title="bbox 191 3120 1221 3165; baseline 0.007 -15"><span class='ocrx_word' id='word_1_562' title='bbox 191 3120 292 3159; x_wconf 80' lang='lat' dir='ltr'>Cum,</span> <span class='ocrx_word' id='word_1_563' title='bbox 311 3120 482 3152; x_wconf 79' lang='lat' dir='ltr'>Venerabilis</span> <span class='ocrx_word' id='word_1_564' title='bbox 507 3121 589 3154; x_wconf 79' lang='lat' dir='ltr'>Pater</span> <span class='ocrx_word' id='word_1_565' title='bbox 602 3147 612 3162; x_wconf 91' lang='lat'>,</span> <span class='ocrx_word' id='word_1_566' title='bbox 631 3124 675 3153; x_wconf 84' lang='lat' dir='ltr'>W</span> <span class='ocrx_word' id='word_1_567' title='bbox 678 3148 684 3153; x_wconf 85' lang='lat'>.</span> <span class='ocrx_word' id='word_1_568' title='bbox 711 3125 945 3165; x_wconf 82' lang='lat' dir='ltr'>Archiepiscopus</span> <span class='ocrx_word' id='word_1_569' title='bbox 966 3126 1130 3157; x_wconf 74' lang='lat' dir='ltr'>Viennensis</span> <span class='ocrx_word' id='word_1_570' title='bbox 1146 3150 1155 3165; x_wconf 90' lang='lat'>,</span> <span class='ocrx_word' id='word_1_571' title='bbox 1187 3128 1221 3158; x_wconf 88' lang='lat'>&amp;</span> 
     </span>
     <span class='ocr_line' id='line_1_87' title="bbox 190 3164 1222 3204; baseline 0.004 -12"><span class='ocrx_word' id='word_1_572' title='bbox 190 3198 195 3203; x_wconf 89' lang='lat'><strong>.</strong></span> <span class='ocrx_word' id='word_1_573' title='bbox 260 3199 265 3204; x_wconf 38' lang='lat'><strong>.</strong></span> <span class='ocrx_word' id='word_1_574' title='bbox 401 3199 409 3204; x_wconf 52' lang='lat'>&lt;</span> <span class='ocrx_word' id='word_1_575' title='bbox 803 3164 1027 3195; x_wconf 82' lang='lat' dir='ltr'>Archidiaconus</span> <span class='ocrx_word' id='word_1_576' title='bbox 1048 3165 1222 3204; x_wconf 83' lang='lat' dir='ltr'>Notyngha-</span> 
     </span>
     <span class='ocr_line' id='line_1_88' title="bbox 153 3199 1222 3242; baseline 0.006 -15"><span class='ocrx_word' id='word_1_577' title='bbox 153 3207 238 3237; x_wconf 80' lang='lat' dir='ltr'>miae,</span> <span class='ocrx_word' id='word_1_578' title='bbox 258 3209 287 3228; x_wconf 89' lang='lat' dir='ltr'>in</span> <span class='ocrx_word' id='word_1_579' title='bbox 329 3199 429 3229; x_wconf 71' lang='lat' dir='ltr'>cclelici</span> <span class='ocrx_word' id='word_1_580' title='bbox 443 3199 592 3238; x_wconf 81' lang='lat' dir='ltr'>Eborum,</span> <span class='ocrx_word' id='word_1_581' title='bbox 611 3200 742 3240; x_wconf 87' lang='lat' dir='ltr'>Nuncii,</span> <span class='ocrx_word' id='word_1_582' title='bbox 759 3202 930 3232; x_wconf 64' lang='lat' dir='ltr'>Sanftissimi</span> <span class='ocrx_word' id='word_1_583' title='bbox 944 3205 972 3232; x_wconf 91' lang='lat' dir='ltr'>in</span> <span class='ocrx_word' id='word_1_584' title='bbox 989 3202 1107 3232; x_wconf 85' lang='lat' dir='ltr'>Christo</span> <span class='ocrx_word' id='word_1_585' title='bbox 1122 3203 1222 3242; x_wconf 87' lang='lat' dir='ltr'>Patris,</span> 
     </span>
     <span class='ocr_line' id='line_1_89' title="bbox 154 3235 1221 3280; baseline 0.005 -14"><span class='ocrx_word' id='word_1_586' title='bbox 154 3235 279 3267; x_wconf 90' lang='lat' dir='ltr'>Domini</span> <span class='ocrx_word' id='word_1_587' title='bbox 347 3276 352 3280; x_wconf 30' lang='grc' dir='ltr'>Ι</span> <span class='ocrx_word' id='word_1_588' title='bbox 403 3237 516 3268; x_wconf 86' lang='lat' dir='ltr'>Summi</span> <span class='ocrx_word' id='word_1_589' title='bbox 536 3238 683 3269; x_wconf 78' lang='lat' dir='ltr'>Pontificis</span> <span class='ocrx_word' id='word_1_590' title='bbox 698 3263 708 3278; x_wconf 94' lang='lat'>,</span> <span class='ocrx_word' id='word_1_591' title='bbox 732 3251 785 3278; x_wconf 87' lang='lat' dir='ltr'>pro</span> <span class='ocrx_word' id='word_1_592' title='bbox 813 3241 977 3279; x_wconf 82' lang='lat' dir='ltr'>quibusdam</span> <span class='ocrx_word' id='word_1_593' title='bbox 1007 3241 1142 3279; x_wconf 78' lang='lat' dir='ltr'>Negotiis</span> <span class='ocrx_word' id='word_1_594' title='bbox 1155 3264 1164 3279; x_wconf 84' lang='lat'>,</span> <span class='ocrx_word' id='word_1_595' title='bbox 1183 3244 1221 3271; x_wconf 90' lang='lat' dir='ltr'>eis</span> 
     </span>
     <span class='ocr_line' id='line_1_90' title="bbox 153 3275 877 3315; baseline 0.003 -9"><span class='ocrx_word' id='word_1_596' title='bbox 153 3275 328 3314; x_wconf 59' lang='lat' dir='ltr'>commissu,</span> <span class='ocrx_word' id='word_1_597' title='bbox 345 3285 374 3305; x_wconf 91' lang='lat' dir='ltr'>in</span> <span class='ocrx_word' id='word_1_598' title='bbox 391 3275 527 3315; x_wconf 83' lang='lat' dir='ltr'>Regnum</span> <span class='ocrx_word' id='word_1_599' title='bbox 543 3278 674 3308; x_wconf 90' lang='lat' dir='ltr'>nostrum</span> <span class='ocrx_word' id='word_1_600' title='bbox 690 3279 741 3308; x_wconf 81' lang='lat' dir='ltr'>sint</span> <span class='ocrx_word' id='word_1_601' title='bbox 754 3280 877 3308; x_wconf 87' lang='lat' dir='ltr'>venturi:</span> 
     </span>
    </p>
   </div>
   <div class='ocr_carea' id='block_1_30' title="bbox 298 3253 384 3259">
    <p class='ocr_par' dir='ltr' id='par_1_38' title="bbox 298 3253 384 3259">
     <span class='ocr_line' id='line_1_91' title="bbox 298 3253 384 3259; baseline 0 0"><span class='ocrx_word' id='word_1_602' title='bbox 298 3253 384 3259; x_wconf 95' lang='lat' dir='ltr'> </span> 
     </span>
    </p>
   </div>
   <div class='ocr_carea' id='block_1_31' title="bbox 140 3313 1221 3355">
    <p class='ocr_par' dir='ltr' id='par_1_39' title="bbox 140 3313 1221 3355">
     <span class='ocr_line' id='line_1_92' title="bbox 140 3313 1221 3355; baseline 0.005 -12"><span class='ocrx_word' id='word_1_603' title='bbox 140 3322 142 3324; x_wconf 76' lang='grc'>’</span> <span class='ocrx_word' id='word_1_604' title='bbox 192 3313 284 3344; x_wconf 82' lang='lat' dir='ltr'>Vobis</span> <span class='ocrx_word' id='word_1_605' title='bbox 299 3314 434 3344; x_wconf 85' lang='lat' dir='ltr'>omnibus</span> <span class='ocrx_word' id='word_1_606' title='bbox 448 3315 481 3345; x_wconf 64' lang='grc' dir='ltr'>ὃς</span> <span class='ocrx_word' id='word_1_607' title='bbox 499 3316 607 3354; x_wconf 84' lang='lat' dir='ltr'>singulis</span> <span class='ocrx_word' id='word_1_608' title='bbox 622 3316 931 3355; x_wconf 83' lang='lat' dir='ltr'>mandamus,firmitei·</span> <span class='ocrx_word' id='word_1_609' title='bbox 944 3318 1221 3355; x_wconf 62' lang='lat' dir='ltr'>injungentes,qu‹“2d</span> 
     </span>
    </p>
   </div>
   <div class='ocr_carea' id='block_1_32' title="bbox 150 3352 1222 3394">
    <p class='ocr_par' dir='ltr' id='par_1_40' title="bbox 150 3352 1222 3394">
     <span class='ocr_line' id='line_1_93' title="bbox 150 3352 1222 3394; baseline 0.005 -13"><span class='ocrx_word' id='word_1_610' title='bbox 150 3352 287 3390; x_wconf 66' lang='lat' dir='ltr'>praefatis,</span> <span class='ocrx_word' id='word_1_611' title='bbox 306 3352 532 3391; x_wconf 79' lang='lat' dir='ltr'>Arcbiepiscopo</span> <span class='ocrx_word' id='word_1_612' title='bbox 548 3356 581 3385; x_wconf 66' lang='grc' dir='ltr'>ὃς</span> <span class='ocrx_word' id='word_1_613' title='bbox 599 3355 826 3394; x_wconf 84' lang='lat' dir='ltr'>ArchidiaconO,</span> <span class='ocrx_word' id='word_1_614' title='bbox 844 3364 890 3385; x_wconf 90' lang='lat' dir='ltr'>aut</span> <span class='ocrx_word' id='word_1_615' title='bbox 903 3365 1001 3386; x_wconf 88' lang='lat' dir='ltr'>eorum</span> <span class='ocrx_word' id='word_1_616' title='bbox 1018 3356 1162 3387; x_wconf 86' lang='lat' dir='ltr'>Gentibus</span> <span class='ocrx_word' id='word_1_617' title='bbox 1171 3356 1222 3386; x_wconf 74' lang='lat' dir='ltr'>Fri-</span> 
     </span>
    </p>
   </div>
   <div class='ocr_carea' id='block_1_33' title="bbox 138 3390 1221 3432">
    <p class='ocr_par' dir='ltr' id='par_1_41' title="bbox 138 3390 1221 3432">
     <span class='ocr_line' id='line_1_94' title="bbox 138 3390 1221 3432; baseline 0.004 -12"><span class='ocrx_word' id='word_1_618' title='bbox 138 3391 304 3422; x_wconf 83' lang='lat' dir='ltr'>&#39;miliaribus</span> <span class='ocrx_word' id='word_1_619' title='bbox 319 3414 328 3430; x_wconf 87' lang='lat'>,</span> <span class='ocrx_word' id='word_1_620' title='bbox 348 3393 377 3422; x_wconf 87' lang='lat' dir='ltr'>in</span> <span class='ocrx_word' id='word_1_621' title='bbox 398 3390 544 3430; x_wconf 83' lang='lat' dir='ltr'>Personis,</span> <span class='ocrx_word' id='word_1_622' title='bbox 564 3393 650 3431; x_wconf 83' lang='lat' dir='ltr'>Equis</span> <span class='ocrx_word' id='word_1_623' title='bbox 662 3416 672 3431; x_wconf 94' lang='lat'>,</span> <span class='ocrx_word' id='word_1_624' title='bbox 691 3392 836 3431; x_wconf 87' lang='lat' dir='ltr'>Pecunia,</span> <span class='ocrx_word' id='word_1_625' title='bbox 854 3393 881 3423; x_wconf 84' lang='lat' dir='ltr'>V</span> <span class='ocrx_word' id='word_1_626' title='bbox 885 3395 1082 3432; x_wconf 75' lang='lat' dir='ltr'>assalamentis,</span> <span class='ocrx_word' id='word_1_627' title='bbox 1098 3403 1145 3424; x_wconf 84' lang='lat' dir='ltr'>aut</span> <span class='ocrx_word' id='word_1_628' title='bbox 1164 3395 1221 3424; x_wconf 86' lang='lat' dir='ltr'>allis</span> 
     </span>
    </p>
   </div>
   <div class='ocr_carea' id='block_1_34' title="bbox 145 3426 1220 3850">
    <p class='ocr_par' dir='ltr' id='par_1_42' title="bbox 148 3426 1220 3770">
     <span class='ocr_line' id='line_1_95' title="bbox 149 3426 1218 3471; baseline 0.004 -13"><span class='ocrx_word' id='word_1_629' title='bbox 149 3426 252 3459; x_wconf 85' lang='lat' dir='ltr'>Rebus</span> <span class='ocrx_word' id='word_1_630' title='bbox 271 3430 324 3460; x_wconf 92' lang='lat' dir='ltr'>suis</span> <span class='ocrx_word' id='word_1_631' title='bbox 337 3453 347 3469; x_wconf 87' lang='lat'>‚</span> <span class='ocrx_word' id='word_1_632' title='bbox 366 3431 396 3460; x_wconf 89' lang='lat' dir='ltr'>in</span> <span class='ocrx_word' id='word_1_633' title='bbox 416 3431 560 3461; x_wconf 87' lang='lat' dir='ltr'>veniendo</span> <span class='ocrx_word' id='word_1_634' title='bbox 576 3432 604 3461; x_wconf 92' lang='lat' dir='ltr'>in</span> <span class='ocrx_word' id='word_1_635' title='bbox 626 3432 738 3462; x_wconf 68' lang='lat' dir='ltr'>di&amp;um</span> <span class='ocrx_word' id='word_1_636' title='bbox 753 3432 890 3471; x_wconf 82' lang='lat' dir='ltr'>Regnum</span> <span class='ocrx_word' id='word_1_637' title='bbox 910 3432 1056 3471; x_wconf 84' lang='lat' dir='ltr'>nostrum,</span> <span class='ocrx_word' id='word_1_638' title='bbox 1075 3441 1123 3471; x_wconf 89' lang='lat' dir='ltr'>per</span> <span class='ocrx_word' id='word_1_639' title='bbox 1141 3433 1218 3462; x_wconf 91' lang='lat' dir='ltr'>idem</span> 
     </span>
     <span class='ocr_line' id='line_1_96' title="bbox 150 3466 1220 3510; baseline 0.005 -14"><span class='ocrx_word' id='word_1_640' title='bbox 150 3466 178 3510; x_wconf 77' lang='lat' dir='ltr'>se</span> <span class='ocrx_word' id='word_1_641' title='bbox 201 3469 392 3499; x_wconf 84' lang='lat' dir='ltr'>transferendo</span> <span class='ocrx_word' id='word_1_642' title='bbox 405 3490 414 3505; x_wconf 80' lang='lat'>,</span> <span class='ocrx_word' id='word_1_643' title='bbox 434 3469 480 3498; x_wconf 89' lang='lat' dir='ltr'>vel</span> <span class='ocrx_word' id='word_1_644' title='bbox 500 3471 527 3499; x_wconf 92' lang='lat' dir='ltr'>in</span> <span class='ocrx_word' id='word_1_645' title='bbox 548 3470 649 3500; x_wconf 88' lang='lat' dir='ltr'>eodem</span> <span class='ocrx_word' id='word_1_646' title='bbox 668 3471 825 3509; x_wconf 82' lang='lat' dir='ltr'>morando,</span> <span class='ocrx_word' id='word_1_647' title='bbox 843 3479 890 3501; x_wconf 88' lang='lat' dir='ltr'>aut</span> <span class='ocrx_word' id='word_1_648' title='bbox 903 3470 1040 3510; x_wconf 85' lang='lat' dir='ltr'>Regnum</span> <span class='ocrx_word' id='word_1_649' title='bbox 1055 3471 1122 3501; x_wconf 92' lang='lat' dir='ltr'>illud</span> <span class='ocrx_word' id='word_1_650' title='bbox 1143 3480 1220 3510; x_wconf 81' lang='lat' dir='ltr'>egre-</span> 
     </span>
     <span class='ocr_line' id='line_1_97' title="bbox 149 3504 1219 3550; baseline 0.005 -16"><span class='ocrx_word' id='word_1_651' title='bbox 149 3504 272 3550; x_wconf 76' lang='lat' dir='ltr'>diendo,</span> <span class='ocrx_word' id='word_1_652' title='bbox 292 3517 350 3537; x_wconf 89' lang='lat' dir='ltr'>non</span> <span class='ocrx_word' id='word_1_653' title='bbox 364 3507 503 3546; x_wconf 83' lang='lat' dir='ltr'>inferatis,</span> <span class='ocrx_word' id='word_1_654' title='bbox 519 3508 563 3538; x_wconf 88' lang='lat' dir='ltr'>seu</span> <span class='ocrx_word' id='word_1_655' title='bbox 580 3517 714 3546; x_wconf 84' lang='lat' dir='ltr'>quantum</span> <span class='ocrx_word' id='word_1_656' title='bbox 730 3510 760 3539; x_wconf 93' lang='lat' dir='ltr'>in</span> <span class='ocrx_word' id='word_1_657' title='bbox 777 3510 858 3539; x_wconf 86' lang='lat' dir='ltr'>vobis</span> <span class='ocrx_word' id='word_1_658' title='bbox 873 3509 915 3539; x_wconf 90' lang='lat' dir='ltr'>est</span> <span class='ocrx_word' id='word_1_659' title='bbox 929 3511 964 3539; x_wconf 89' lang='lat' dir='ltr'>ab</span> <span class='ocrx_word' id='word_1_660' title='bbox 979 3510 1036 3540; x_wconf 85' lang='lat' dir='ltr'>aliis</span> <span class='ocrx_word' id='word_1_661' title='bbox 1051 3510 1144 3539; x_wconf 88' lang='lat' dir='ltr'>inferri</span> <span class='ocrx_word' id='word_1_662' title='bbox 1157 3520 1219 3548; x_wconf 85' lang='lat' dir='ltr'>per-</span> 
     </span>
     <span class='ocr_line' id='line_1_98' title="bbox 152 3546 1216 3585; baseline 0.006 -13"><span class='ocrx_word' id='word_1_663' title='bbox 152 3552 267 3575; x_wconf 86' lang='lat' dir='ltr'>mittatis</span> <span class='ocrx_word' id='word_1_664' title='bbox 287 3546 415 3583; x_wconf 84' lang='lat' dir='ltr'>injuriam</span> <span class='ocrx_word' id='word_1_665' title='bbox 431 3569 440 3584; x_wconf 91' lang='lat'>,</span> <span class='ocrx_word' id='word_1_666' title='bbox 460 3547 635 3585; x_wconf 89' lang='lat' dir='ltr'>molestiam,</span> <span class='ocrx_word' id='word_1_667' title='bbox 654 3547 811 3585; x_wconf 88' lang='lat' dir='ltr'>dampnum</span> <span class='ocrx_word' id='word_1_668' title='bbox 826 3570 835 3585; x_wconf 88' lang='lat'>,</span> <span class='ocrx_word' id='word_1_669' title='bbox 854 3548 1090 3585; x_wconf 81' lang='lat' dir='ltr'>impedimentum</span> <span class='ocrx_word' id='word_1_670' title='bbox 1105 3548 1216 3585; x_wconf 82' lang='lat' dir='ltr'>aliquod</span> 
     </span>
     <span class='ocr_line' id='line_1_99' title="bbox 149 3582 1220 3625; baseline 0.004 -13"><span class='ocrx_word' id='word_1_671' title='bbox 149 3582 196 3625; x_wconf 76' lang='lat' dir='ltr'>seu</span> <span class='ocrx_word' id='word_1_672' title='bbox 210 3592 382 3621; x_wconf 65' lang='lat' dir='ltr'>gravamen,</span> <span class='ocrx_word' id='word_1_673' title='bbox 396 3583 433 3614; x_wconf 89' lang='lat' dir='ltr'>set</span> <span class='ocrx_word' id='word_1_674' title='bbox 450 3585 488 3614; x_wconf 87' lang='lat' dir='ltr'>eis</span> <span class='ocrx_word' id='word_1_675' title='bbox 500 3587 609 3624; x_wconf 79' lang='lat' dir='ltr'>potius,</span> <span class='ocrx_word' id='word_1_676' title='bbox 627 3587 661 3617; x_wconf 92' lang='lat'>&amp;</span> <span class='ocrx_word' id='word_1_677' title='bbox 679 3595 778 3616; x_wconf 90' lang='lat' dir='ltr'>eorum</span> <span class='ocrx_word' id='word_1_678' title='bbox 793 3585 924 3624; x_wconf 83' lang='lat' dir='ltr'>cuilibet,</span> <span class='ocrx_word' id='word_1_679' title='bbox 944 3597 997 3625; x_wconf 87' lang='lat' dir='ltr'>pro</span> <span class='ocrx_word' id='word_1_680' title='bbox 1012 3587 1038 3616; x_wconf 90' lang='lat' dir='ltr'>se</span> <span class='ocrx_word' id='word_1_681' title='bbox 1053 3610 1062 3624; x_wconf 90' lang='lat'>,</span> <span class='ocrx_word' id='word_1_682' title='bbox 1080 3587 1113 3616; x_wconf 90' lang='lat'>&amp;</span> <span class='ocrx_word' id='word_1_683' title='bbox 1134 3586 1220 3616; x_wconf 92' lang='lat' dir='ltr'>Gen-</span> 
     </span>
     <span class='ocr_line' id='line_1_100' title="bbox 150 3620 1215 3663; baseline 0.006 -14"><span class='ocrx_word' id='word_1_684' title='bbox 150 3620 225 3651; x_wconf 85' lang='lat' dir='ltr'>tibus</span> <span class='ocrx_word' id='word_1_685' title='bbox 237 3631 271 3651; x_wconf 86' lang='lat' dir='ltr'>ac</span> <span class='ocrx_word' id='word_1_686' title='bbox 285 3620 385 3653; x_wconf 84' lang='lat' dir='ltr'>Rebus</span> <span class='ocrx_word' id='word_1_687' title='bbox 397 3623 449 3652; x_wconf 90' lang='lat' dir='ltr'>suis</span> <span class='ocrx_word' id='word_1_688' title='bbox 460 3623 602 3660; x_wconf 69' lang='lat' dir='ltr'>praedidl‘is</span> <span class='ocrx_word' id='word_1_689' title='bbox 613 3647 622 3663; x_wconf 88' lang='lat'>,</span> <span class='ocrx_word' id='word_1_690' title='bbox 641 3624 746 3655; x_wconf 81' lang='lat' dir='ltr'>salvum</span> <span class='ocrx_word' id='word_1_691' title='bbox 761 3626 795 3656; x_wconf 74' lang='grc' dir='ltr'>δε</span> <span class='ocrx_word' id='word_1_692' title='bbox 813 3625 940 3654; x_wconf 87' lang='lat' dir='ltr'>securum</span> <span class='ocrx_word' id='word_1_693' title='bbox 964 3624 1154 3654; x_wconf 70' lang='lat' dir='ltr'>Condutstum</span> <span class='ocrx_word' id='word_1_694' title='bbox 1169 3624 1215 3655; x_wconf 77' lang='lat' dir='ltr'>ha-</span> 
     </span>
     <span class='ocr_line' id='line_1_101' title="bbox 150 3657 1216 3703; baseline 0.007 -17"><span class='ocrx_word' id='word_1_695' title='bbox 150 3657 218 3703; x_wconf 77' lang='lat' dir='ltr'>bere</span> <span class='ocrx_word' id='word_1_696' title='bbox 236 3660 338 3690; x_wconf 79' lang='lat' dir='ltr'>faciatis</span> <span class='ocrx_word' id='word_1_697' title='bbox 352 3684 361 3698; x_wconf 91' lang='lat'>,</span> <span class='ocrx_word' id='word_1_698' title='bbox 380 3671 448 3691; x_wconf 89' lang='lat' dir='ltr'>cum</span> <span class='ocrx_word' id='word_1_699' title='bbox 470 3671 503 3691; x_wconf 78' lang='lat' dir='ltr'>ex</span> <span class='ocrx_word' id='word_1_700' title='bbox 525 3672 600 3700; x_wconf 83' lang='lat' dir='ltr'>parte</span> <span class='ocrx_word' id='word_1_701' title='bbox 618 3662 779 3702; x_wconf 61' lang='lat' dir='ltr'>diciorum,</span> <span class='ocrx_word' id='word_1_702' title='bbox 796 3663 1006 3700; x_wconf 78' lang='lat' dir='ltr'>Archiepiscopi</span> <span class='ocrx_word' id='word_1_703' title='bbox 1021 3663 1053 3693; x_wconf 91' lang='lat'>&amp;</span> <span class='ocrx_word' id='word_1_704' title='bbox 1068 3663 1216 3693; x_wconf 86' lang='lat' dir='ltr'>Archidia-</span> 
     </span>
     <span class='ocr_line' id='line_1_102' title="bbox 149 3699 1217 3762; baseline 0.006 -36"><span class='ocrx_word' id='word_1_705' title='bbox 149 3705 217 3762; x_wconf 69' lang='lat' dir='ltr'>copsi</span> <span class='ocrx_word' id='word_1_706' title='bbox 232 3719 242 3741; x_wconf 74' lang='lat'>,</span> <span class='ocrx_word' id='word_1_707' title='bbox 260 3699 305 3728; x_wconf 88' lang='lat' dir='ltr'>vel</span> <span class='ocrx_word' id='word_1_708' title='bbox 325 3699 435 3729; x_wconf 88' lang='lat' dir='ltr'>alterius</span> <span class='ocrx_word' id='word_1_709' title='bbox 456 3710 556 3731; x_wconf 89' lang='lat' dir='ltr'>eorum</span> <span class='ocrx_word' id='word_1_710' title='bbox 571 3724 581 3740; x_wconf 88' lang='lat'>,</span> <span class='ocrx_word' id='word_1_711' title='bbox 600 3702 678 3740; x_wconf 86' lang='lat' dir='ltr'>super</span> <span class='ocrx_word' id='word_1_712' title='bbox 698 3701 757 3733; x_wconf 90' lang='lat' dir='ltr'>hoc</span> <span class='ocrx_word' id='word_1_713' title='bbox 773 3712 807 3732; x_wconf 86' lang='lat' dir='ltr'>ex</span> <span class='ocrx_word' id='word_1_714' title='bbox 822 3710 899 3740; x_wconf 88' lang='lat' dir='ltr'>parte</span> <span class='ocrx_word' id='word_1_715' title='bbox 918 3701 1032 3740; x_wconf 74' lang='lat' dir='ltr'>nostra,</span> <span class='ocrx_word' id='word_1_716' title='bbox 1051 3702 1154 3732; x_wconf 87' lang='lat' dir='ltr'>fueritis</span> <span class='ocrx_word' id='word_1_717' title='bbox 1172 3712 1217 3732; x_wconf 91' lang='lat' dir='ltr'>re-</span> 
     </span>
     <span class='ocr_line' id='line_1_103' title="bbox 148 3742 248 3770; baseline 0.02 -9"><span class='ocrx_word' id='word_1_718' title='bbox 148 3742 198 3770; x_wconf 86' lang='lat' dir='ltr'>qui</span> <span class='ocrx_word' id='word_1_719' title='bbox 210 3743 248 3765; x_wconf 90' lang='lat' dir='ltr'>iti.</span> 
     </span>
    </p>

    <p class='ocr_par' dir='ltr' id='par_1_43' title="bbox 145 3770 1215 3850">
     <span class='ocr_line' id='line_1_104' title="bbox 145 3770 1215 3816; baseline 0.007 -14"><span class='ocrx_word' id='word_1_720' title='bbox 145 3775 174 3816; x_wconf 41' lang='lat' dir='ltr'>a·</span> <span class='ocrx_word' id='word_1_721' title='bbox 186 3770 220 3815; x_wconf 77' lang='lat' dir='ltr'>In</span> <span class='ocrx_word' id='word_1_722' title='bbox 235 3774 328 3816; x_wconf 80' lang='lat' dir='ltr'>cujus,</span> <span class='ocrx_word' id='word_1_723' title='bbox 344 3775 404 3805; x_wconf 70' lang='lat' dir='ltr'>&amp;e</span> <span class='ocrx_word' id='word_1_724' title='bbox 418 3775 502 3815; x_wconf 86' lang='lat' dir='ltr'>usque</span> <span class='ocrx_word' id='word_1_725' title='bbox 523 3777 556 3808; x_wconf 90' lang='lat' dir='ltr'>ad</span> <span class='ocrx_word' id='word_1_726' title='bbox 574 3777 688 3809; x_wconf 88' lang='lat' dir='ltr'>Festum</span> <span class='ocrx_word' id='word_1_727' title='bbox 703 3777 910 3810; x_wconf 85' lang='lat' dir='ltr'>Purificationis</span> <span class='ocrx_word' id='word_1_728' title='bbox 924 3778 1016 3810; x_wconf 85' lang='lat' dir='ltr'>Beatae</span> <span class='ocrx_word' id='word_1_729' title='bbox 1030 3778 1133 3811; x_wconf 79' lang='lat' dir='ltr'>Mariae</span> <span class='ocrx_word' id='word_1_730' title='bbox 1149 3778 1215 3811; x_wconf 86' lang='lat' dir='ltr'>Vit-</span> 
     </span>
     <span class='ocr_line' id='line_1_105' title="bbox 145 3814 665 3850; baseline 0.015 -11"><span class='ocrx_word' id='word_1_731' title='bbox 145 3818 218 3850; x_wconf 83' lang='lat' dir='ltr'>ginis</span> <span class='ocrx_word' id='word_1_732' title='bbox 233 3815 364 3846; x_wconf 78' lang='lat' dir='ltr'>proximo</span> <span class='ocrx_word' id='word_1_733' title='bbox 377 3814 503 3844; x_wconf 87' lang='lat' dir='ltr'>futurum</span> <span class='ocrx_word' id='word_1_734' title='bbox 516 3815 665 3847; x_wconf 84' lang='lat' dir='ltr'>duraturas.</span> 
     </span>
    </p>
   </div>
   <div class='ocr_carea' id='block_1_35' title="bbox 184 3846 1045 3964">
    <p class='ocr_par' dir='ltr' id='par_1_44' title="bbox 184 3846 1045 3964">
     <span class='ocr_line' id='line_1_106' title="bbox 184 3846 1045 3896; baseline 0.009 -19"><span class='ocrx_word' id='word_1_735' title='bbox 184 3846 272 3879; x_wconf 90' lang='lat' dir='ltr'>Teste</span> <span class='ocrx_word' id='word_1_736' title='bbox 286 3848 368 3890; x_wconf 81' lang='lat' dir='ltr'>Rege</span> <span class='ocrx_word' id='word_1_737' title='bbox 381 3852 453 3891; x_wconf 73' lang='lat' dir='ltr'>apud</span> <span class='ocrx_word' id='word_1_738' title='bbox 470 3853 604 3896; x_wconf 87' lang='lat' dir='ltr'>Ledbury</span> <span class='ocrx_word' id='word_1_739' title='bbox 614 3877 623 3894; x_wconf 83' lang='lat'>‚</span> <span class='ocrx_word' id='word_1_740' title='bbox 638 3855 780 3887; x_wconf 79' lang='lat' dir='ltr'>tricesimo</span> <span class='ocrx_word' id='word_1_741' title='bbox 795 3856 840 3887; x_wconf 90' lang='lat' dir='ltr'>die</span> <span class='ocrx_word' id='word_1_742' title='bbox 856 3855 1045 3889; x_wconf 77' lang='lat' dir='ltr'>Novembris</span> 
     </span>
     <span class='ocr_line' id='line_1_107' title="bbox 309 3925 402 3964; baseline 0.011 -11"><span class='ocrx_word' id='word_1_743' title='bbox 309 3925 402 3964; x_wconf 73' lang='lat' dir='ltr'>Duppl.</span> 
     </span>
    </p>
   </div>
   <div class='ocr_carea' id='block_1_36' title="bbox 665 66 1897 120">
    <p class='ocr_par' dir='ltr' id='par_1_45' title="bbox 665 66 1897 120">
     <span class='ocr_line' id='line_1_108' title="bbox 665 66 1897 120; baseline -0.01 0"><span class='ocrx_word' id='word_1_744' title='bbox 665 67 1459 120; x_wconf 72' lang='lat' dir='ltr'>CONVENTIONE8,</span> <span class='ocrx_word' id='word_1_745' title='bbox 1507 66 1897 115; x_wconf 83' lang='lat' dir='ltr'>LITERAE,</span> 
     </span>
    </p>
   </div>
   <div class='ocr_carea' id='block_1_37' title="bbox 1307 193 1848 202">
    <p class='ocr_par' dir='ltr' id='par_1_46' title="bbox 1307 193 1848 202">
     <span class='ocr_line' id='line_1_109' title="bbox 1307 193 1848 202; baseline 0 0"><span class='ocrx_word' id='word_1_746' title='bbox 1307 193 1848 202; x_wconf 95' lang='lat' dir='ltr'> </span> 
     </span>
    </p>
   </div>
   <div class='ocr_carea' id='block_1_38' title="bbox 1339 234 2261 336">
    <p class='ocr_par' dir='ltr' id='par_1_47' title="bbox 1339 234 2261 336">
     <span class='ocr_line' id='line_1_110' title="bbox 1339 234 2261 288; baseline -0.009 -11"><span class='ocrx_word' id='word_1_747' title='bbox 1339 246 1398 277; x_wconf 83' lang='lat' dir='ltr'>Pro</span> <span class='ocrx_word' id='word_1_748' title='bbox 1418 245 1534 276; x_wconf 86' lang='lat' dir='ltr'>Nautis</span> <span class='ocrx_word' id='word_1_749' title='bbox 1555 244 1668 275; x_wconf 68' lang='lat' dir='ltr'>Baiana</span> <span class='ocrx_word' id='word_1_750' title='bbox 1685 267 1695 283; x_wconf 89' lang='lat'>‚</span> <span class='ocrx_word' id='word_1_751' title='bbox 1717 240 1808 288; x_wconf 69' lang='lat' dir='ltr'>fitper</span> <span class='ocrx_word' id='word_1_752' title='bbox 1823 242 1954 273; x_wconf 79' lang='lat' dir='ltr'>Servitia</span> <span class='ocrx_word' id='word_1_753' title='bbox 1970 265 1980 280; x_wconf 87' lang='lat'>‚</span> <span class='ocrx_word' id='word_1_754' title='bbox 2004 234 2133 283; x_wconf 73' lang='lat' dir='ltr'>Ifhbelle</span> <span class='ocrx_word' id='word_1_755' title='bbox 2148 240 2261 284; x_wconf 73' lang='lat' dir='ltr'>Regina</span> 
     </span>
     <span class='ocr_line' id='line_1_111' title="bbox 1599 286 2004 336; baseline -0.005 -14"><span class='ocrx_word' id='word_1_756' title='bbox 1599 291 1743 336; x_wconf 77' lang='lat' dir='ltr'>impenfh‚</span> <span class='ocrx_word' id='word_1_757' title='bbox 1767 286 2004 322; x_wconf 86' lang='lat' dir='ltr'>remunerandis.</span> 
     </span>
    </p>
   </div>
   <div class='ocr_carea' id='block_1_39' title="bbox 1267 370 2478 434">
    <p class='ocr_par' dir='ltr' id='par_1_48' title="bbox 1267 370 2478 434">
     <span class='ocr_line' id='line_1_112' title="bbox 1267 370 2478 434; baseline -0.004 -25"><span class='ocrx_word' id='word_1_758' title='bbox 1267 377 1354 434; x_wconf 82' lang='lat' dir='ltr'>RE</span> <span class='ocrx_word' id='word_1_759' title='bbox 1364 377 1396 408; x_wconf 82' lang='lat' dir='ltr'>X</span> <span class='ocrx_word' id='word_1_760' title='bbox 1415 377 1543 408; x_wconf 88' lang='lat' dir='ltr'>Tenenti</span> <span class='ocrx_word' id='word_1_761' title='bbox 1559 377 1673 408; x_wconf 90' lang='lat' dir='ltr'>Locum</span> <span class='ocrx_word' id='word_1_762' title='bbox 1689 375 1865 406; x_wconf 85' lang='lat' dir='ltr'>Thesaurarii</span> <span class='ocrx_word' id='word_1_763' title='bbox 1880 375 1913 406; x_wconf 64' lang='grc' dir='ltr'>ὃς</span> <span class='ocrx_word' id='word_1_764' title='bbox 1927 372 2095 404; x_wconf 84' lang='lat' dir='ltr'>Camerariis</span> <span class='ocrx_word' id='word_1_765' title='bbox 2109 371 2178 410; x_wconf 84' lang='lat' dir='ltr'>suis,</span> <span class='ocrx_word' id='word_1_766' title='bbox 2196 371 2330 403; x_wconf 87' lang='lat' dir='ltr'>Salutem.</span> <span class='ocrx_word' id='word_1_767' title='bbox 2345 370 2425 403; x_wconf 90' lang='lat' dir='ltr'>Ann.</span> <span class='ocrx_word' id='word_1_768' title='bbox 2434 373 2478 406; x_wconf 91' lang='lat' dir='ltr'>D.</span> 
     </span>
    </p>
   </div>
   <div class='ocr_carea' id='block_1_40' title="bbox 1360 409 2462 488">
    <p class='ocr_par' dir='ltr' id='par_1_49' title="bbox 1360 409 2462 488">
     <span class='ocr_line' id='line_1_113' title="bbox 1360 409 2459 455; baseline -0.005 -8"><span class='ocrx_word' id='word_1_769' title='bbox 1360 416 1532 446; x_wconf 87' lang='lat' dir='ltr'>Mandamus</span> <span class='ocrx_word' id='word_1_770' title='bbox 1546 416 1644 454; x_wconf 78' lang='lat' dir='ltr'>vobis,</span> <span class='ocrx_word' id='word_1_771' title='bbox 1662 415 1758 453; x_wconf 78' lang='lat' dir='ltr'>quod,</span> <span class='ocrx_word' id='word_1_772' title='bbox 1770 413 1880 444; x_wconf 65' lang='lat' dir='ltr'>dileetis</span> <span class='ocrx_word' id='word_1_773' title='bbox 1893 410 1992 450; x_wconf 82' lang='lat' dir='ltr'>nobis,</span> <span class='ocrx_word' id='word_1_774' title='bbox 2010 411 2058 442; x_wconf 91' lang='lat' dir='ltr'>Re</span> <span class='ocrx_word' id='word_1_775' title='bbox 2077 410 2186 455; x_wconf 84' lang='lat' dir='ltr'>mundo</span> <span class='ocrx_word' id='word_1_776' title='bbox 2197 410 2234 455; x_wconf 68' lang='lat' dir='ltr'>de</span> <span class='ocrx_word' id='word_1_777' title='bbox 2248 409 2330 455; x_wconf 78' lang='lat' dir='ltr'>May,</span> <span class='ocrx_word' id='word_1_778' title='bbox 2373 413 2459 451; x_wconf 88' lang='lat'>1326.</span> 
     </span>
     <span class='ocr_line' id='line_1_114' title="bbox 2066 449 2462 488; baseline -0.005 -8"><span class='ocrx_word' id='word_1_779' title='bbox 2066 449 2141 480; x_wconf 90' lang='lat' dir='ltr'>ribus</span> <span class='ocrx_word' id='word_1_780' title='bbox 2154 449 2246 480; x_wconf 80' lang='lat' dir='ltr'>Sociis</span> <span class='ocrx_word' id='word_1_781' title='bbox 2261 449 2328 488; x_wconf 88' lang='lat' dir='ltr'>suis,</span> <span class='ocrx_word' id='word_1_782' title='bbox 2345 454 2396 479; x_wconf 84' lang='lat' dir='ltr'>An.</span> <span class='ocrx_word' id='word_1_783' title='bbox 2415 462 2462 479; x_wconf 86' lang='lat'>20.</span> 
     </span>
    </p>
   </div>
   <div class='ocr_carea' id='block_1_41' title="bbox 1268 452 2404 517">
    <p class='ocr_par' dir='ltr' id='par_1_50' title="bbox 1268 452 2404 517">
     <span class='ocr_line' id='line_1_115' title="bbox 1268 452 2404 517; baseline -0.007 -32"><span class='ocrx_word' id='word_1_784' title='bbox 1268 452 1302 482; x_wconf 89' lang='lat'>&amp;</span> <span class='ocrx_word' id='word_1_785' title='bbox 1324 454 1465 485; x_wconf 86' lang='lat' dir='ltr'>Beriiardo</span> <span class='ocrx_word' id='word_1_786' title='bbox 1487 454 1609 484; x_wconf 86' lang='lat' dir='ltr'>Darrans</span> <span class='ocrx_word' id='word_1_787' title='bbox 1622 477 1632 493; x_wconf 90' lang='lat'>,</span> <span class='ocrx_word' id='word_1_788' title='bbox 1649 464 1703 491; x_wconf 89' lang='lat' dir='ltr'>pro</span> <span class='ocrx_word' id='word_1_789' title='bbox 1721 453 1747 483; x_wconf 90' lang='lat' dir='ltr'>se</span> <span class='ocrx_word' id='word_1_790' title='bbox 1759 475 1768 490; x_wconf 84' lang='lat'>‚</span> <span class='ocrx_word' id='word_1_791' title='bbox 1789 452 1823 483; x_wconf 87' lang='lat'>&amp;</span> <span class='ocrx_word' id='word_1_792' title='bbox 1843 452 1972 490; x_wconf 82' lang='lat' dir='ltr'>Triginta</span> <span class='ocrx_word' id='word_1_793' title='bbox 2343 492 2363 516; x_wconf 73' lang='grc' dir='ltr'><strong><em>Ε</em></strong></span> <span class='ocrx_word' id='word_1_794' title='bbox 2390 500 2404 517; x_wconf 67' lang='lat'><em>2</em></span> 
     </span>
    </p>
   </div>
   <div class='ocr_carea' id='block_1_42' title="bbox 1265 488 2479 918">
    <p class='ocr_par' dir='ltr' id='par_1_51' title="bbox 1265 488 2479 648">
     <span class='ocr_line' id='line_1_116' title="bbox 1265 488 2376 533; baseline -0.006 -10"><span class='ocrx_word' id='word_1_795' title='bbox 1265 490 1370 523; x_wconf 81' lang='lat' dir='ltr'>Nautis</span> <span class='ocrx_word' id='word_1_796' title='bbox 1382 493 1418 523; x_wconf 90' lang='lat' dir='ltr'>de</span> <span class='ocrx_word' id='word_1_797' title='bbox 1431 493 1552 532; x_wconf 71' lang='lat' dir='ltr'>Baiona,</span> <span class='ocrx_word' id='word_1_798' title='bbox 1569 493 1681 523; x_wconf 90' lang='lat' dir='ltr'>Decem</span> <span class='ocrx_word' id='word_1_799' title='bbox 1696 492 1811 529; x_wconf 78' lang='lat' dir='ltr'>Libras,</span> <span class='ocrx_word' id='word_1_800' title='bbox 1828 490 1863 520; x_wconf 93' lang='lat' dir='ltr'>de</span> <span class='ocrx_word' id='word_1_801' title='bbox 1875 489 1953 520; x_wconf 92' lang='lat' dir='ltr'>dono</span> <span class='ocrx_word' id='word_1_802' title='bbox 1967 488 2082 528; x_wconf 85' lang='lat' dir='ltr'>nostro,</span> <span class='ocrx_word' id='word_1_803' title='bbox 2160 527 2166 533; x_wconf 44' lang='grc'><em>.</em></span> <span class='ocrx_word' id='word_1_804' title='bbox 2182 526 2188 532; x_wconf 40' lang='lat'>¹</span> <span class='ocrx_word' id='word_1_805' title='bbox 2371 529 2376 533; x_wconf 94' lang='lat'>.</span> 
     </span>
     <span class='ocr_line' id='line_1_117' title="bbox 1303 525 2460 568; baseline -0.003 -7"><span class='ocrx_word' id='word_1_806' title='bbox 1303 530 1336 561; x_wconf 93' lang='lat' dir='ltr'>In</span> <span class='ocrx_word' id='word_1_807' title='bbox 1351 531 1577 562; x_wconf 86' lang='lat' dir='ltr'>Subventionem</span> <span class='ocrx_word' id='word_1_808' title='bbox 1589 530 1768 568; x_wconf 83' lang='lat' dir='ltr'>expensarum</span> <span class='ocrx_word' id='word_1_809' title='bbox 1783 529 1907 566; x_wconf 85' lang='lat' dir='ltr'>suarum,</span> <span class='ocrx_word' id='word_1_810' title='bbox 1926 537 1978 567; x_wconf 89' lang='lat' dir='ltr'>pro</span> <span class='ocrx_word' id='word_1_811' title='bbox 1991 537 2071 567; x_wconf 85' lang='lat' dir='ltr'>grato</span> <span class='ocrx_word' id='word_1_812' title='bbox 2087 526 2210 557; x_wconf 80' lang='lat' dir='ltr'>SerVitio</span> <span class='ocrx_word' id='word_1_813' title='bbox 2224 549 2234 565; x_wconf 93' lang='lat'>,</span> <span class='ocrx_word' id='word_1_814' title='bbox 2251 525 2330 564; x_wconf 92' lang='lat' dir='ltr'>quod</span> <span class='ocrx_word' id='word_1_815' title='bbox 2345 528 2460 558; x_wconf 73' lang='lat' dir='ltr'>Liberat.</span> 
     </span>
     <span class='ocr_line' id='line_1_118' title="bbox 1267 565 2479 609; baseline -0.002 -10"><span class='ocrx_word' id='word_1_816' title='bbox 1267 577 1355 608; x_wconf 87' lang='lat' dir='ltr'>nuper</span> <span class='ocrx_word' id='word_1_817' title='bbox 1374 570 1569 609; x_wconf 88' lang='lat' dir='ltr'>impenderunt</span> <span class='ocrx_word' id='word_1_818' title='bbox 1588 569 1708 600; x_wconf 86' lang='lat' dir='ltr'>Isabellae</span> <span class='ocrx_word' id='word_1_819' title='bbox 1727 568 1848 607; x_wconf 63' lang='lat' dir='ltr'>Reginae</span> <span class='ocrx_word' id='word_1_820' title='bbox 1871 567 1998 606; x_wconf 82' lang='lat' dir='ltr'>Angliae,</span> <span class='ocrx_word' id='word_1_821' title='bbox 2015 565 2153 596; x_wconf 89' lang='lat' dir='ltr'>Consorti</span> <span class='ocrx_word' id='word_1_822' title='bbox 2165 565 2270 595; x_wconf 83' lang='lat' dir='ltr'>nostrae</span> <span class='ocrx_word' id='word_1_823' title='bbox 2283 575 2330 596; x_wconf 91' lang='lat' dir='ltr'>ca·</span> <span class='ocrx_word' id='word_1_824' title='bbox 2348 575 2393 594; x_wconf 26' lang='lat'>20*</span> <span class='ocrx_word' id='word_1_825' title='bbox 2411 572 2479 596; x_wconf 50' lang='grc' dir='ltr'>ΕΑ..</span> 
     </span>
     <span class='ocr_line' id='line_1_119' title="bbox 1267 603 2424 648; baseline -0.005 -10"><span class='ocrx_word' id='word_1_826' title='bbox 1267 608 1397 647; x_wconf 85' lang='lat' dir='ltr'>riffimae,</span> <span class='ocrx_word' id='word_1_827' title='bbox 1434 608 1528 638; x_wconf 87' lang='lat' dir='ltr'>nando</span> <span class='ocrx_word' id='word_1_828' title='bbox 1547 608 1601 646; x_wconf 86' lang='lat' dir='ltr'>ipsa</span> <span class='ocrx_word' id='word_1_829' title='bbox 1617 608 1752 648; x_wconf 88' lang='lat' dir='ltr'>applicuit</span> <span class='ocrx_word' id='word_1_830' title='bbox 1774 609 1802 637; x_wconf 89' lang='lat' dir='ltr'>in</span> <span class='ocrx_word' id='word_1_831' title='bbox 1815 606 1951 646; x_wconf 83' lang='lat' dir='ltr'>Regnum</span> <span class='ocrx_word' id='word_1_832' title='bbox 1970 604 2115 643; x_wconf 85' lang='lat' dir='ltr'>nostrum,</span> <span class='ocrx_word' id='word_1_833' title='bbox 2133 603 2278 636; x_wconf 88' lang='lat' dir='ltr'>veniendo</span> <span class='ocrx_word' id='word_1_834' title='bbox 2296 603 2333 634; x_wconf 86' lang='lat' dir='ltr'>de</span> <span class='ocrx_word' id='word_1_835' title='bbox 2347 614 2384 635; x_wconf 88' lang='lat' dir='ltr'>m.</span> <span class='ocrx_word' id='word_1_836' title='bbox 2402 615 2424 633; x_wconf 89' lang='lat'>1.</span> 
     </span>
    </p>

    <p class='ocr_par' dir='ltr' id='par_1_52' title="bbox 1268 646 1619 684">
     <span class='ocr_line' id='line_1_120' title="bbox 1268 646 1619 684; baseline 0 -8"><span class='ocrx_word' id='word_1_837' title='bbox 1268 648 1387 684; x_wconf 87' lang='lat' dir='ltr'>partibus</span> <span class='ocrx_word' id='word_1_838' title='bbox 1433 646 1619 684; x_wconf 85' lang='lat' dir='ltr'>ransmarinis,</span> 
     </span>
    </p>

    <p class='ocr_par' dir='ltr' id='par_1_53' title="bbox 1306 685 1777 723">
     <span class='ocr_line' id='line_1_121' title="bbox 1306 685 1777 723; baseline 0.002 -8"><span class='ocrx_word' id='word_1_839' title='bbox 1306 685 1356 715; x_wconf 91' lang='lat' dir='ltr'>De</span> <span class='ocrx_word' id='word_1_840' title='bbox 1368 685 1513 715; x_wconf 82' lang='lat' dir='ltr'>Thesauro</span> <span class='ocrx_word' id='word_1_841' title='bbox 1526 685 1626 715; x_wconf 88' lang='lat' dir='ltr'>nostro</span> <span class='ocrx_word' id='word_1_842' title='bbox 1640 685 1777 723; x_wconf 83' lang='lat' dir='ltr'>liberetis,</span> 
     </span>
    </p>

    <p class='ocr_par' dir='ltr' id='par_1_54' title="bbox 1268 719 2445 841">
     <span class='ocr_line' id='line_1_122' title="bbox 1300 719 2334 762; baseline -0.004 -8"><span class='ocrx_word' id='word_1_843' title='bbox 1300 724 1384 762; x_wconf 83' lang='lat' dir='ltr'>Juxta</span> <span class='ocrx_word' id='word_1_844' title='bbox 1397 732 1527 754; x_wconf 90' lang='lat' dir='ltr'>tenorem</span> <span class='ocrx_word' id='word_1_845' title='bbox 1550 723 1660 762; x_wconf 87' lang='lat' dir='ltr'>Brevis,</span> <span class='ocrx_word' id='word_1_846' title='bbox 1677 724 1727 754; x_wconf 89' lang='lat' dir='ltr'>sub</span> <span class='ocrx_word' id='word_1_847' title='bbox 1748 724 1850 762; x_wconf 85' lang='lat' dir='ltr'>Sigillo</span> <span class='ocrx_word' id='word_1_848' title='bbox 1863 723 1977 754; x_wconf 85' lang='lat' dir='ltr'>Privato</span> <span class='ocrx_word' id='word_1_849' title='bbox 1993 721 2125 754; x_wconf 88' lang='lat' dir='ltr'>Edwardi</span> <span class='ocrx_word' id='word_1_850' title='bbox 2142 746 2152 762; x_wconf 90' lang='lat'>,</span> <span class='ocrx_word' id='word_1_851' title='bbox 2167 719 2230 751; x_wconf 85' lang='lat' dir='ltr'>Filii</span> <span class='ocrx_word' id='word_1_852' title='bbox 2245 719 2334 751; x_wconf 88' lang='lat' dir='ltr'>nostri</span> 
     </span>
     <span class='ocr_line' id='line_1_123' title="bbox 1269 759 2445 802; baseline 0 -10"><span class='ocrx_word' id='word_1_853' title='bbox 1269 762 1400 793; x_wconf 86' lang='lat' dir='ltr'>cariffimi</span> <span class='ocrx_word' id='word_1_854' title='bbox 1415 784 1424 800; x_wconf 91' lang='lat'>,</span> <span class='ocrx_word' id='word_1_855' title='bbox 1443 771 1532 802; x_wconf 89' lang='lat' dir='ltr'>nuper</span> <span class='ocrx_word' id='word_1_856' title='bbox 1554 760 1689 792; x_wconf 84' lang='lat' dir='ltr'>Custodis</span> <span class='ocrx_word' id='word_1_857' title='bbox 1710 762 1804 802; x_wconf 84' lang='lat' dir='ltr'>Regni</span> <span class='ocrx_word' id='word_1_858' title='bbox 1818 762 1907 793; x_wconf 86' lang='lat' dir='ltr'>nostri</span> <span class='ocrx_word' id='word_1_859' title='bbox 1919 763 2019 798; x_wconf 88' lang='lat' dir='ltr'>(nobis</span> <span class='ocrx_word' id='word_1_860' title='bbox 2037 762 2056 781; x_wconf 69' lang='lat'>²*</span> <span class='ocrx_word' id='word_1_861' title='bbox 2073 769 2148 793; x_wconf 84' lang='lat' dir='ltr'>extra</span> <span class='ocrx_word' id='word_1_862' title='bbox 2161 759 2236 790; x_wconf 87' lang='lat' dir='ltr'>idem</span> <span class='ocrx_word' id='word_1_863' title='bbox 2249 759 2330 800; x_wconf 88' lang='lat' dir='ltr'>Reg-</span> <span class='ocrx_word' id='word_1_864' title='bbox 2345 763 2364 783; x_wconf 52' lang='grc' dir='ltr'>ὃ*</span> <span class='ocrx_word' id='word_1_865' title='bbox 2383 763 2445 800; x_wconf 68' lang='lat' dir='ltr'>IV.{</span> 
     </span>
     <span class='ocr_line' id='line_1_124' title="bbox 1268 797 2426 841; baseline 0 -10"><span class='ocrx_word' id='word_1_866' title='bbox 1268 811 1339 831; x_wconf 90' lang='lat' dir='ltr'>num</span> <span class='ocrx_word' id='word_1_867' title='bbox 1355 809 1424 831; x_wconf 92' lang='lat' dir='ltr'>tunc</span> <span class='ocrx_word' id='word_1_868' title='bbox 1439 797 1600 840; x_wconf 86' lang='lat' dir='ltr'>agentibus)</span> <span class='ocrx_word' id='word_1_869' title='bbox 1618 800 1773 841; x_wconf 81' lang='lat' dir='ltr'>consignati</span> <span class='ocrx_word' id='word_1_870' title='bbox 1786 802 1822 832; x_wconf 92' lang='lat' dir='ltr'>de</span> <span class='ocrx_word' id='word_1_871' title='bbox 1834 802 1984 840; x_wconf 88' lang='lat' dir='ltr'>Liberate,</span> <span class='ocrx_word' id='word_1_872' title='bbox 2361 811 2426 840; x_wconf 87' lang='lat'>²40·</span> 
     </span>
    </p>

    <p class='ocr_par' dir='ltr' id='par_1_55' title="bbox 1304 839 2088 878">
     <span class='ocr_line' id='line_1_125' title="bbox 1304 839 2088 878; baseline 0.001 -8"><span class='ocrx_word' id='word_1_873' title='bbox 1304 840 1396 878; x_wconf 77' lang='lat' dir='ltr'>Quod</span> <span class='ocrx_word' id='word_1_874' title='bbox 1413 849 1496 877; x_wconf 89' lang='lat' dir='ltr'>penes</span> <span class='ocrx_word' id='word_1_875' title='bbox 1509 850 1561 871; x_wconf 92' lang='lat' dir='ltr'>vos</span> <span class='ocrx_word' id='word_1_876' title='bbox 1575 839 1689 877; x_wconf 87' lang='lat' dir='ltr'>residet,</span> <span class='ocrx_word' id='word_1_877' title='bbox 1704 840 1739 870; x_wconf 90' lang='lat' dir='ltr'>ad</span> <span class='ocrx_word' id='word_1_878' title='bbox 1754 839 1935 871; x_wconf 89' lang='lat' dir='ltr'>Scaccarium</span> <span class='ocrx_word' id='word_1_879' title='bbox 1948 839 2088 871; x_wconf 71' lang='lat' dir='ltr'>nostrum.</span> 
     </span>
    </p>

    <p class='ocr_par' dir='ltr' id='par_1_56' title="bbox 1302 877 2109 918">
     <span class='ocr_line' id='line_1_126' title="bbox 1302 877 2109 918; baseline -0.001 -10"><span class='ocrx_word' id='word_1_880' title='bbox 1302 877 1390 908; x_wconf 88' lang='lat' dir='ltr'>Teste</span> <span class='ocrx_word' id='word_1_881' title='bbox 1404 878 1486 917; x_wconf 88' lang='lat' dir='ltr'>Rege</span> <span class='ocrx_word' id='word_1_882' title='bbox 1499 878 1573 918; x_wconf 89' lang='lat' dir='ltr'>apud</span> <span class='ocrx_word' id='word_1_883' title='bbox 1589 878 1758 918; x_wconf 89' lang='lat' dir='ltr'>Ledebury,</span> <span class='ocrx_word' id='word_1_884' title='bbox 1775 879 1859 909; x_wconf 91' lang='lat' dir='ltr'>tertio</span> <span class='ocrx_word' id='word_1_885' title='bbox 1872 878 1917 909; x_wconf 89' lang='lat' dir='ltr'>die</span> <span class='ocrx_word' id='word_1_886' title='bbox 1931 878 2109 910; x_wconf 86' lang='lat' dir='ltr'>Decembris.</span> 
     </span>
    </p>
   </div>
   <div class='ocr_carea' id='block_1_43' title="bbox 1305 999 2298 1046">
    <p class='ocr_par' dir='ltr' id='par_1_57' title="bbox 1305 999 2298 1046">
     <span class='ocr_line' id='line_1_127' title="bbox 1305 999 2298 1046; baseline -0.003 -11"><span class='ocrx_word' id='word_1_887' title='bbox 1305 1003 1355 1035; x_wconf 86' lang='lat' dir='ltr'>De</span> <span class='ocrx_word' id='word_1_888' title='bbox 1369 1002 1484 1034; x_wconf 78' lang='lat' dir='ltr'>Darnis</span> <span class='ocrx_word' id='word_1_889' title='bbox 1498 1001 1594 1035; x_wconf 86' lang='lat' dir='ltr'>Saliri</span> <span class='ocrx_word' id='word_1_890' title='bbox 1601 1000 1771 1046; x_wconf 84' lang='lat' dir='ltr'>faciendis,</span> <span class='ocrx_word' id='word_1_891' title='bbox 1796 1011 1899 1034; x_wconf 86' lang='lat' dir='ltr'>contra</span> <span class='ocrx_word' id='word_1_892' title='bbox 1919 999 2027 1044; x_wconf 82' lang='lat' dir='ltr'>instans</span> <span class='ocrx_word' id='word_1_893' title='bbox 2044 1001 2298 1035; x_wconf 80' lang='lat' dir='ltr'>Parliamentum.</span> 
     </span>
    </p>
   </div>
   <div class='ocr_carea' id='block_1_44' title="bbox 1264 1084 2485 1436">
    <p class='ocr_par' dir='ltr' id='par_1_58' title="bbox 1270 1084 2483 1164">
     <span class='ocr_line' id='line_1_128' title="bbox 1270 1084 2483 1142; baseline 0 -25"><span class='ocrx_word' id='word_1_894' title='bbox 1270 1088 1326 1142; x_wconf 78' lang='lat' dir='ltr'>R</span> <span class='ocrx_word' id='word_1_895' title='bbox 1336 1086 1361 1117; x_wconf 89' lang='lat' dir='ltr'>E</span> <span class='ocrx_word' id='word_1_896' title='bbox 1371 1086 1400 1117; x_wconf 89' lang='lat' dir='ltr'>X</span> <span class='ocrx_word' id='word_1_897' title='bbox 1409 1110 1419 1126; x_wconf 90' lang='lat'>,</span> <span class='ocrx_word' id='word_1_898' title='bbox 1437 1087 1544 1118; x_wconf 71' lang='grc' dir='ltr'><strong>(111εᾶ0</strong></span> <span class='ocrx_word' id='word_1_899' title='bbox 1558 1087 1591 1119; x_wconf 87' lang='lat'>&amp;</span> <span class='ocrx_word' id='word_1_900' title='bbox 1606 1087 1680 1118; x_wconf 84' lang='lat' dir='ltr'>fideli</span> <span class='ocrx_word' id='word_1_901' title='bbox 1693 1087 1743 1118; x_wconf 91' lang='lat' dir='ltr'>suo</span> <span class='ocrx_word' id='word_1_902' title='bbox 1751 1110 1760 1125; x_wconf 90' lang='lat'>,</span> <span class='ocrx_word' id='word_1_903' title='bbox 1771 1085 1988 1117; x_wconf 78' lang='lat' dir='ltr'>Bartholomaeo</span> <span class='ocrx_word' id='word_1_904' title='bbox 2000 1085 2037 1117; x_wconf 90' lang='lat' dir='ltr'>de</span> <span class='ocrx_word' id='word_1_905' title='bbox 2047 1085 2220 1125; x_wconf 82' lang='lat' dir='ltr'>Burghersssi</span> <span class='ocrx_word' id='word_1_906' title='bbox 2228 1085 2331 1125; x_wconf 80' lang='lat' dir='ltr'>,Con-</span> <span class='ocrx_word' id='word_1_907' title='bbox 2346 1084 2424 1116; x_wconf 87' lang='lat' dir='ltr'>Ann.</span> <span class='ocrx_word' id='word_1_908' title='bbox 2440 1084 2483 1117; x_wconf 91' lang='lat' dir='ltr'>D.</span> 
     </span>
     <span class='ocr_line' id='line_1_129' title="bbox 1349 1124 2454 1164; baseline -0.002 -9"><span class='ocrx_word' id='word_1_909' title='bbox 1349 1126 1501 1157; x_wconf 89' lang='lat' dir='ltr'>stabulario</span> <span class='ocrx_word' id='word_1_910' title='bbox 1513 1126 1607 1157; x_wconf 87' lang='lat' dir='ltr'>Castri</span> <span class='ocrx_word' id='word_1_911' title='bbox 1619 1126 1659 1157; x_wconf 91' lang='lat' dir='ltr'>sui</span> <span class='ocrx_word' id='word_1_912' title='bbox 1674 1126 1845 1164; x_wconf 86' lang='lat' dir='ltr'>Dovorriae,</span> <span class='ocrx_word' id='word_1_913' title='bbox 1864 1125 1996 1155; x_wconf 87' lang='lat' dir='ltr'>Salutem.</span> <span class='ocrx_word' id='word_1_914' title='bbox 2369 1124 2454 1163; x_wconf 88' lang='lat'>1326.</span> 
     </span>
    </p>

    <p class='ocr_par' dir='ltr' id='par_1_59' title="bbox 1303 1162 2461 1203">
     <span class='ocr_line' id='line_1_130' title="bbox 1303 1162 2461 1203; baseline 0.001 -10"><span class='ocrx_word' id='word_1_915' title='bbox 1303 1162 1474 1195; x_wconf 87' lang='lat' dir='ltr'>Mandamus</span> <span class='ocrx_word' id='word_1_916' title='bbox 1487 1166 1569 1196; x_wconf 89' lang='lat' dir='ltr'>vobis</span> <span class='ocrx_word' id='word_1_917' title='bbox 1603 1165 1683 1203; x_wconf 83' lang='lat' dir='ltr'>quod</span> <span class='ocrx_word' id='word_1_918' title='bbox 1696 1166 1725 1195; x_wconf 89' lang='lat' dir='ltr'>in</span> <span class='ocrx_word' id='word_1_919' title='bbox 1741 1164 1834 1195; x_wconf 89' lang='lat' dir='ltr'>Pareo</span> <span class='ocrx_word' id='word_1_920' title='bbox 1850 1163 1977 1194; x_wconf 84' lang='lat' dir='ltr'>Manerii</span> <span class='ocrx_word' id='word_1_921' title='bbox 1990 1163 2026 1194; x_wconf 90' lang='lat' dir='ltr'>de</span> <span class='ocrx_word' id='word_1_922' title='bbox 2038 1163 2184 1202; x_wconf 85' lang='lat' dir='ltr'>Braburn,</span> <span class='ocrx_word' id='word_1_923' title='bbox 2200 1164 2231 1195; x_wconf 86' lang='lat' dir='ltr'>in</span> <span class='ocrx_word' id='word_1_924' title='bbox 2242 1174 2329 1195; x_wconf 90' lang='lat' dir='ltr'>manu</span> <span class='ocrx_word' id='word_1_925' title='bbox 2344 1167 2387 1191; x_wconf 83' lang='lat' dir='ltr'>An</span> <span class='ocrx_word' id='word_1_926' title='bbox 2413 1173 2461 1192; x_wconf 87' lang='lat'>20.</span> 
     </span>
    </p>

    <p class='ocr_par' dir='ltr' id='par_1_60' title="bbox 1264 1188 2425 1246">
     <span class='ocr_line' id='line_1_131' title="bbox 1264 1188 2425 1246; baseline 0.002 -16"><span class='ocrx_word' id='word_1_927' title='bbox 1264 1201 1362 1233; x_wconf 75' lang='lat' dir='ltr'>nostra</span> <span class='ocrx_word' id='word_1_928' title='bbox 1383 1203 1524 1234; x_wconf 80' lang='lat' dir='ltr'>existentis</span> <span class='ocrx_word' id='word_1_929' title='bbox 1537 1227 1547 1242; x_wconf 91' lang='lat'>,</span> <span class='ocrx_word' id='word_1_930' title='bbox 1565 1188 1711 1243; x_wconf 73' lang='lat' dir='ltr'>Sexaginta</span> <span class='ocrx_word' id='word_1_931' title='bbox 1731 1202 1838 1233; x_wconf 85' lang='lat' dir='ltr'>Damas</span> <span class='ocrx_word' id='word_1_932' title='bbox 1863 1203 1927 1246; x_wconf 72' lang='lat' dir='ltr'>capi</span> <span class='ocrx_word' id='word_1_933' title='bbox 1939 1224 1949 1241; x_wconf 88' lang='lat'>,</span> <span class='ocrx_word' id='word_1_934' title='bbox 1964 1203 1996 1233; x_wconf 90' lang='lat'>&amp;</span> <span class='ocrx_word' id='word_1_935' title='bbox 2015 1202 2096 1233; x_wconf 88' lang='lat' dir='ltr'>Saliri</span> <span class='ocrx_word' id='word_1_936' title='bbox 2109 1226 2120 1240; x_wconf 82' lang='lat'>,</span> <span class='ocrx_word' id='word_1_937' title='bbox 2137 1203 2171 1234; x_wconf 90' lang='lat'>&amp;</span> <span class='ocrx_word' id='word_1_938' title='bbox 2184 1212 2228 1234; x_wconf 86' lang='lat' dir='ltr'>eas</span> <span class='ocrx_word' id='word_1_939' title='bbox 2243 1203 2329 1243; x_wconf 89' lang='lat' dir='ltr'>usque</span> <span class='ocrx_word' id='word_1_940' title='bbox 2349 1207 2379 1229; x_wconf 81' lang='grc' dir='ltr'>Ε.</span> <span class='ocrx_word' id='word_1_941' title='bbox 2400 1212 2425 1230; x_wconf 92' lang='lat'>2.</span> 
     </span>
    </p>

    <p class='ocr_par' dir='ltr' id='par_1_61' title="bbox 1264 1240 2485 1282">
     <span class='ocr_line' id='line_1_132' title="bbox 1264 1240 2485 1282; baseline -0.002 -14"><span class='ocrx_word' id='word_1_942' title='bbox 1264 1240 1555 1272; x_wconf 56' lang='lat' dir='ltr'>&amp;Vestmonasterium</span> <span class='ocrx_word' id='word_1_943' title='bbox 1571 1266 1581 1282; x_wconf 90' lang='lat'>,</span> <span class='ocrx_word' id='word_1_944' title='bbox 1600 1252 1700 1273; x_wconf 89' lang='lat' dir='ltr'>contra</span> <span class='ocrx_word' id='word_1_945' title='bbox 1720 1241 1824 1272; x_wconf 89' lang='lat' dir='ltr'>instans</span> <span class='ocrx_word' id='word_1_946' title='bbox 1844 1240 2085 1280; x_wconf 82' lang='lat' dir='ltr'>Parliamentum,</span> <span class='ocrx_word' id='word_1_947' title='bbox 2099 1242 2196 1273; x_wconf 83' lang='lat' dir='ltr'>venire</span> <span class='ocrx_word' id='word_1_948' title='bbox 2208 1241 2331 1280; x_wconf 82' lang='lat' dir='ltr'>faciatis,</span> <span class='ocrx_word' id='word_1_949' title='bbox 2346 1240 2485 1277; x_wconf 76' lang='lat' dir='ltr'>Clauszo.</span> 
     </span>
    </p>

    <p class='ocr_par' dir='ltr' id='par_1_62' title="bbox 1268 1277 2426 1320">
     <span class='ocr_line' id='line_1_133' title="bbox 1268 1277 2426 1320; baseline -0.001 -12"><span class='ocrx_word' id='word_1_950' title='bbox 1268 1277 1426 1320; x_wconf 85' lang='lat' dir='ltr'>Receptori</span> <span class='ocrx_word' id='word_1_951' title='bbox 1442 1279 1560 1311; x_wconf 82' lang='lat' dir='ltr'>Instauri</span> <span class='ocrx_word' id='word_1_952' title='bbox 1574 1281 1661 1312; x_wconf 88' lang='lat' dir='ltr'>nostri</span> <span class='ocrx_word' id='word_1_953' title='bbox 1675 1282 1782 1311; x_wconf 90' lang='lat' dir='ltr'>ibidem</span> <span class='ocrx_word' id='word_1_954' title='bbox 1797 1279 1966 1310; x_wconf 84' lang='lat' dir='ltr'>liberandas:</span> <span class='ocrx_word' id='word_1_955' title='bbox 2352 1284 2383 1306; x_wconf 80' lang='grc' dir='ltr'>Ε.</span> <span class='ocrx_word' id='word_1_956' title='bbox 2401 1288 2426 1307; x_wconf 90' lang='lat'>2.</span> 
     </span>
    </p>

    <p class='ocr_par' dir='ltr' id='par_1_63' title="bbox 1284 1316 2426 1363">
     <span class='ocr_line' id='line_1_134' title="bbox 1284 1316 2426 1363; baseline -0.002 -15"><span class='ocrx_word' id='word_1_957' title='bbox 1284 1356 1288 1361; x_wconf 44' lang='grc'>,</span> <span class='ocrx_word' id='word_1_958' title='bbox 1305 1317 1342 1348; x_wconf 90' lang='lat' dir='ltr'>Et</span> <span class='ocrx_word' id='word_1_959' title='bbox 1356 1318 1462 1363; x_wconf 22' lang='lat' dir='ltr'>Cuqstus</span> <span class='ocrx_word' id='word_1_960' title='bbox 1473 1342 1483 1358; x_wconf 94' lang='lat'>,</span> <span class='ocrx_word' id='word_1_961' title='bbox 1498 1329 1569 1358; x_wconf 81' lang='lat' dir='ltr'>quos</span> <span class='ocrx_word' id='word_1_962' title='bbox 1590 1321 1618 1350; x_wconf 89' lang='lat' dir='ltr'>iri</span> <span class='ocrx_word' id='word_1_963' title='bbox 1633 1320 1716 1350; x_wconf 68' lang='lat' dir='ltr'>dictis</span> <span class='ocrx_word' id='word_1_964' title='bbox 1730 1319 1833 1350; x_wconf 88' lang='lat' dir='ltr'>Damis</span> <span class='ocrx_word' id='word_1_965' title='bbox 1848 1318 1983 1349; x_wconf 82' lang='lat' dir='ltr'>Saliendis</span> <span class='ocrx_word' id='word_1_966' title='bbox 1996 1318 2031 1349; x_wconf 65' lang='grc' dir='ltr'>ὃ(</span> <span class='ocrx_word' id='word_1_967' title='bbox 2052 1316 2197 1349; x_wconf 79' lang='lat' dir='ltr'>Cariandis</span> <span class='ocrx_word' id='word_1_968' title='bbox 2210 1318 2334 1356; x_wconf 83' lang='lat' dir='ltr'>posueri-</span> <span class='ocrx_word' id='word_1_969' title='bbox 2353 1327 2389 1346; x_wconf 86' lang='lat' dir='ltr'>m.</span> <span class='ocrx_word' id='word_1_970' title='bbox 2400 1327 2426 1346; x_wconf 89' lang='lat'>2.</span> 
     </span>
    </p>

    <p class='ocr_par' dir='ltr' id='par_1_64' title="bbox 1269 1357 2298 1436">
     <span class='ocr_line' id='line_1_135' title="bbox 1269 1357 2298 1436; baseline -0.001 -10"><span class='ocrx_word' id='word_1_971' title='bbox 1269 1358 1400 1427; x_wconf 52' lang='grc' dir='ltr'>ῃςῗέίῗξ</span> <span class='ocrx_word' id='word_1_972' title='bbox 1402 1357 1505 1436; x_wconf 51' lang='grc' dir='ltr'>1ᾗῖςὲ</span> <span class='ocrx_word' id='word_1_973' title='bbox 1499 1359 1787 1436; x_wconf 53' lang='grc' dir='ltr'>ἕρᾞὲῗὲἒῖπίῗνῑὲτὼ,</span> <span class='ocrx_word' id='word_1_974' title='bbox 1804 1395 1921 1428; x_wconf 86' lang='lat' dir='ltr'>decimo</span> <span class='ocrx_word' id='word_1_975' title='bbox 1937 1404 2038 1436; x_wconf 86' lang='lat' dir='ltr'>quarto</span> <span class='ocrx_word' id='word_1_976' title='bbox 2049 1395 2102 1431; x_wconf 69' lang='lat' dir='ltr'>{die</span> <span class='ocrx_word' id='word_1_977' title='bbox 2116 1395 2298 1427; x_wconf 82' lang='lat' dir='ltr'>Decembris.</span> 
     </span>
    </p>
   </div>
   <div class='ocr_carea' id='block_1_45' title="bbox 1278 1471 1344 1482">
    <p class='ocr_par' dir='ltr' id='par_1_65' title="bbox 1278 1471 1344 1482">
     <span class='ocr_line' id='line_1_136' title="bbox 1278 1471 1344 1482; baseline -0.015 0"><span class='ocrx_word' id='word_1_978' title='bbox 1278 1471 1344 1482; x_wconf 63' lang='lat' dir='ltr'>unu-</span> 
     </span>
    </p>
   </div>
   <div class='ocr_carea' id='block_1_46' title="bbox 1313 1528 2287 1579">
    <p class='ocr_par' dir='ltr' id='par_1_66' title="bbox 1313 1528 2287 1579">
     <span class='ocr_line' id='line_1_137' title="bbox 1313 1528 2287 1579; baseline -0.001 -16"><span class='ocrx_word' id='word_1_979' title='bbox 1313 1530 1372 1564; x_wconf 77' lang='lat' dir='ltr'>Ad</span> <span class='ocrx_word' id='word_1_980' title='bbox 1387 1534 1523 1578; x_wconf 81' lang='lat' dir='ltr'>Papam,</span> <span class='ocrx_word' id='word_1_981' title='bbox 1543 1532 1634 1578; x_wconf 70' lang='lat' dir='ltr'>snper</span> <span class='ocrx_word' id='word_1_982' title='bbox 1654 1532 1804 1565; x_wconf 66' lang='lat' dir='ltr'>Echione</span> <span class='ocrx_word' id='word_1_983' title='bbox 1822 1528 1939 1577; x_wconf 79' lang='lat' dir='ltr'>Jacobi</span> <span class='ocrx_word' id='word_1_984' title='bbox 1959 1528 1996 1563; x_wconf 89' lang='lat' dir='ltr'>de</span> <span class='ocrx_word' id='word_1_985' title='bbox 2020 1528 2139 1579; x_wconf 68' lang='lat' dir='ltr'>Berkley</span> <span class='ocrx_word' id='word_1_986' title='bbox 2163 1533 2194 1562; x_wconf 87' lang='lat' dir='ltr'>in</span> <span class='ocrx_word' id='word_1_987' title='bbox 2212 1532 2287 1577; x_wconf 82' lang='lat' dir='ltr'>Epi-</span> 
     </span>
    </p>
   </div>
   <div class='ocr_carea' id='block_1_47' title="bbox 1655 1581 1933 1627">
    <p class='ocr_par' dir='ltr' id='par_1_67' title="bbox 1655 1581 1933 1627">
     <span class='ocr_line' id='line_1_138' title="bbox 1655 1581 1933 1627; baseline 0 -14"><span class='ocrx_word' id='word_1_988' title='bbox 1655 1581 1778 1627; x_wconf 81' lang='lat' dir='ltr'>fiopum</span> <span class='ocrx_word' id='word_1_989' title='bbox 1800 1583 1933 1614; x_wconf 80' lang='lat' dir='ltr'>Exom&#39;ae.</span> 
     </span>
    </p>
   </div>
   <div class='ocr_carea' id='block_1_48' title="bbox 2288 1482 2340 1489">
    <p class='ocr_par' dir='ltr' id='par_1_68' title="bbox 2288 1482 2340 1489">
     <span class='ocr_line' id='line_1_139' title="bbox 2288 1482 2340 1489; baseline 0 0"><span class='ocrx_word' id='word_1_990' title='bbox 2288 1482 2340 1489; x_wconf 68' lang='lat'><strong>-—-·</strong></span> 
     </span>
    </p>
   </div>
   <div class='ocr_carea' id='block_1_49' title="bbox 1263 1658 2490 2865">
    <p class='ocr_par' dir='ltr' id='par_1_69' title="bbox 1263 1658 2490 2865">
     <span class='ocr_line' id='line_1_140' title="bbox 1266 1658 2485 1726; baseline -0.002 -29"><span class='ocrx_word' id='word_1_991' title='bbox 1266 1664 1314 1726; x_wconf 85' lang='lat' dir='ltr'>P</span> <span class='ocrx_word' id='word_1_992' title='bbox 1324 1666 1349 1697; x_wconf 88' lang='grc' dir='ltr'>Α</span> <span class='ocrx_word' id='word_1_993' title='bbox 1357 1665 1426 1697; x_wconf 91' lang='lat' dir='ltr'>PAE</span> <span class='ocrx_word' id='word_1_994' title='bbox 1446 1667 1513 1698; x_wconf 79' lang='lat' dir='ltr'>Rex</span> <span class='ocrx_word' id='word_1_995' title='bbox 1524 1667 1627 1698; x_wconf 83' lang='lat' dir='ltr'>devota</span> <span class='ocrx_word' id='word_1_996' title='bbox 1644 1667 1750 1705; x_wconf 88' lang='lat' dir='ltr'>pedum</span> <span class='ocrx_word' id='word_1_997' title='bbox 1762 1665 1857 1698; x_wconf 88' lang='lat' dir='ltr'>oscula</span> <span class='ocrx_word' id='word_1_998' title='bbox 1870 1667 2030 1698; x_wconf 66' lang='lat' dir='ltr'>beatorum.</span> <span class='ocrx_word' id='word_1_999' title='bbox 2353 1658 2432 1689; x_wconf 74' lang='lat' dir='ltr'>Arm-</span> <span class='ocrx_word' id='word_1_1000' title='bbox 2442 1658 2485 1689; x_wconf 92' lang='lat' dir='ltr'>D-</span> 
     </span>
     <span class='ocr_line' id='line_1_141' title="bbox 1370 1697 2462 1744; baseline -0.003 -9"><span class='ocrx_word' id='word_1_1001' title='bbox 1370 1705 1427 1744; x_wconf 80' lang='lat' dir='ltr'>Ea,</span> <span class='ocrx_word' id='word_1_1002' title='bbox 1444 1705 1527 1736; x_wconf 85' lang='lat' dir='ltr'>Pater</span> <span class='ocrx_word' id='word_1_1003' title='bbox 1540 1706 1733 1744; x_wconf 59' lang='lat' dir='ltr'>Sanctiffirne,</span> <span class='ocrx_word' id='word_1_1004' title='bbox 1747 1705 1849 1736; x_wconf 88' lang='lat' dir='ltr'>vestrae</span> <span class='ocrx_word' id='word_1_1005' title='bbox 1861 1705 2027 1736; x_wconf 80' lang='lat' dir='ltr'>Beatitudini</span> <span class='ocrx_word' id='word_1_1006' title='bbox 2047 1701 2226 1735; x_wconf 82' lang='lat' dir='ltr'>confidenter</span> <span class='ocrx_word' id='word_1_1007' title='bbox 2238 1702 2336 1742; x_wconf 84' lang='lat' dir='ltr'>sugge·</span> <span class='ocrx_word' id='word_1_1008' title='bbox 2374 1697 2462 1737; x_wconf 83' lang='lat'>1326·</span> 
     </span>
     <span class='ocr_line' id='line_1_142' title="bbox 1266 1739 2472 1782; baseline -0.003 -8"><span class='ocrx_word' id='word_1_1009' title='bbox 1266 1745 1371 1780; x_wconf 89' lang='lat' dir='ltr'>rimus,</span> <span class='ocrx_word' id='word_1_1010' title='bbox 1390 1745 1423 1775; x_wconf 70' lang='grc' dir='ltr'>ὅ(</span> <span class='ocrx_word' id='word_1_1011' title='bbox 1438 1744 1473 1775; x_wconf 90' lang='lat' dir='ltr'>ad</span> <span class='ocrx_word' id='word_1_1012' title='bbox 1487 1755 1516 1775; x_wconf 84' lang='lat' dir='ltr'>ea</span> <span class='ocrx_word' id='word_1_1013' title='bbox 1525 1754 1668 1782; x_wconf 85' lang='lat' dir='ltr'>paternam</span> <span class='ocrx_word' id='word_1_1014' title='bbox 1681 1744 1896 1775; x_wconf 88' lang='lat' dir='ltr'>sollicitudinem</span> <span class='ocrx_word' id='word_1_1015' title='bbox 1910 1744 2018 1774; x_wconf 91' lang='lat' dir='ltr'>Sedulis</span> <span class='ocrx_word' id='word_1_1016' title='bbox 2031 1743 2159 1780; x_wconf 83' lang='lat' dir='ltr'>precibus</span> <span class='ocrx_word' id='word_1_1017' title='bbox 2173 1742 2336 1780; x_wconf 83' lang='lat' dir='ltr'>excitamus,</span> <span class='ocrx_word' id='word_1_1018' title='bbox 2350 1739 2403 1763; x_wconf 78' lang='lat' dir='ltr'>Aa.</span> <span class='ocrx_word' id='word_1_1019' title='bbox 2423 1745 2472 1766; x_wconf 87' lang='lat'>20-</span> 
     </span>
     <span class='ocr_line' id='line_1_143' title="bbox 1265 1778 2490 1822; baseline -0.002 -10"><span class='ocrx_word' id='word_1_1020' title='bbox 1265 1793 1330 1822; x_wconf 84' lang='lat' dir='ltr'>quae</span> <span class='ocrx_word' id='word_1_1021' title='bbox 1345 1782 1441 1822; x_wconf 89' lang='lat' dir='ltr'>Regni</span> <span class='ocrx_word' id='word_1_1022' title='bbox 1456 1782 1539 1821; x_wconf 74' lang='lat' dir='ltr'>nostri</span> <span class='ocrx_word' id='word_1_1023' title='bbox 1552 1785 1678 1822; x_wconf 87' lang='lat' dir='ltr'>quietem</span> <span class='ocrx_word' id='word_1_1024' title='bbox 1692 1784 1841 1820; x_wconf 90' lang='lat' dir='ltr'>muniunt,</span> <span class='ocrx_word' id='word_1_1025' title='bbox 1857 1790 1958 1821; x_wconf 85' lang='lat' dir='ltr'>augent</span> <span class='ocrx_word' id='word_1_1026' title='bbox 1972 1783 2114 1812; x_wconf 90' lang='lat' dir='ltr'>honorem</span> <span class='ocrx_word' id='word_1_1027' title='bbox 2129 1780 2283 1819; x_wconf 67' lang='lat' dir='ltr'>Ecclesiae,</span> <span class='ocrx_word' id='word_1_1028' title='bbox 2299 1780 2333 1811; x_wconf 72' lang='grc' dir='ltr'>ὃς</span> <span class='ocrx_word' id='word_1_1029' title='bbox 2351 1778 2383 1801; x_wconf 79' lang='lat'>13.</span> <span class='ocrx_word' id='word_1_1030' title='bbox 2398 1785 2425 1802; x_wconf 90' lang='lat'>2·</span> <span class='ocrx_word' id='word_1_1031' title='bbox 2485 1816 2490 1821; x_wconf 24' lang='grc' dir='ltr'><strong>Ἴ</strong></span> 
     </span>
     <span class='ocr_line' id='line_1_144' title="bbox 1265 1817 2489 1859; baseline -0.002 -8"><span class='ocrx_word' id='word_1_1032' title='bbox 1265 1821 1419 1859; x_wconf 82' lang='lat' dir='ltr'>periculosa</span> <span class='ocrx_word' id='word_1_1033' title='bbox 1433 1822 1556 1852; x_wconf 89' lang='lat' dir='ltr'>evellunt</span> <span class='ocrx_word' id='word_1_1034' title='bbox 1572 1821 1708 1852; x_wconf 88' lang='lat' dir='ltr'>Plantaria</span> <span class='ocrx_word' id='word_1_1035' title='bbox 1723 1820 1936 1852; x_wconf 86' lang='lat' dir='ltr'>Scandalorum.</span> <span class='ocrx_word' id='word_1_1036' title='bbox 2350 1817 2421 1841; x_wconf 86' lang='lat' dir='ltr'>Rom.</span> <span class='ocrx_word' id='word_1_1037' title='bbox 2442 1823 2489 1842; x_wconf 86' lang='lat'>20·</span> 
     </span>
     <span class='ocr_line' id='line_1_145' title="bbox 1306 1855 2434 1899; baseline -0.004 -9"><span class='ocrx_word' id='word_1_1038' title='bbox 1306 1859 1381 1890; x_wconf 81' lang='lat' dir='ltr'>Sane</span> <span class='ocrx_word' id='word_1_1039' title='bbox 1396 1869 1487 1899; x_wconf 89' lang='lat' dir='ltr'>nuper</span> <span class='ocrx_word' id='word_1_1040' title='bbox 1500 1883 1510 1897; x_wconf 89' lang='lat'>,</span> <span class='ocrx_word' id='word_1_1041' title='bbox 1528 1859 1680 1890; x_wconf 78' lang='lat' dir='ltr'>Exoniensi</span> <span class='ocrx_word' id='word_1_1042' title='bbox 1700 1859 1829 1890; x_wconf 67' lang='lat' dir='ltr'>Ecclesia</span> <span class='ocrx_word' id='word_1_1043' title='bbox 1848 1859 1897 1895; x_wconf 87' lang='lat' dir='ltr'>suo</span> <span class='ocrx_word' id='word_1_1044' title='bbox 1920 1857 2033 1890; x_wconf 71' lang='lat' dir='ltr'>viduat3⁴</span> <span class='ocrx_word' id='word_1_1045' title='bbox 2054 1856 2170 1888; x_wconf 87' lang='lat' dir='ltr'>Pastore</span> <span class='ocrx_word' id='word_1_1046' title='bbox 2191 1855 2337 1888; x_wconf 87' lang='lat' dir='ltr'>Canonici</span> <span class='ocrx_word' id='word_1_1047' title='bbox 2355 1855 2386 1878; x_wconf 79' lang='grc' dir='ltr'>Ε·</span> <span class='ocrx_word' id='word_1_1048' title='bbox 2407 1861 2434 1878; x_wconf 87' lang='lat'>2·</span> 
     </span>
     <span class='ocr_line' id='line_1_146' title="bbox 1267 1895 2442 1944; baseline -0.003 -16"><span class='ocrx_word' id='word_1_1049' title='bbox 1267 1898 1390 1935; x_wconf 85' lang='lat' dir='ltr'>ejusdem</span> <span class='ocrx_word' id='word_1_1050' title='bbox 1407 1897 1549 1939; x_wconf 64' lang='lat' dir='ltr'>Ecclefiae,</span> <span class='ocrx_word' id='word_1_1051' title='bbox 1567 1898 1653 1936; x_wconf 69' lang='lat' dir='ltr'>petita</span> <span class='ocrx_word' id='word_1_1052' title='bbox 1667 1909 1682 1929; x_wconf 91' lang='lat' dir='ltr'>a</span> <span class='ocrx_word' id='word_1_1053' title='bbox 1696 1899 1780 1929; x_wconf 89' lang='lat' dir='ltr'>nobis</span> <span class='ocrx_word' id='word_1_1054' title='bbox 1797 1897 1920 1944; x_wconf 84' lang='lat' dir='ltr'>eligendi</span> <span class='ocrx_word' id='word_1_1055' title='bbox 1934 1896 2068 1935; x_wconf 72' lang='lat' dir='ltr'>licentia,</span> <span class='ocrx_word' id='word_1_1056' title='bbox 2088 1897 2122 1927; x_wconf 91' lang='lat'>&amp;</span> <span class='ocrx_word' id='word_1_1057' title='bbox 2142 1895 2261 1934; x_wconf 72' lang='lat' dir='ltr'>optenta</span> <span class='ocrx_word' id='word_1_1058' title='bbox 2279 1918 2290 1934; x_wconf 92' lang='lat'>,</span> <span class='ocrx_word' id='word_1_1059' title='bbox 2307 1903 2339 1926; x_wconf 89' lang='lat' dir='ltr'>ut</span> <span class='ocrx_word' id='word_1_1060' title='bbox 2356 1899 2393 1918; x_wconf 76' lang='lat' dir='ltr'>m·</span> <span class='ocrx_word' id='word_1_1061' title='bbox 2417 1899 2442 1926; x_wconf 68' lang='lat'>¹2</span> 
     </span>
     <span class='ocr_line' id='line_1_147' title="bbox 1268 1933 2339 1976; baseline -0.003 -9"><span class='ocrx_word' id='word_1_1062' title='bbox 1268 1937 1310 1967; x_wconf 89' lang='lat' dir='ltr'>est</span> <span class='ocrx_word' id='word_1_1063' title='bbox 1325 1938 1426 1976; x_wconf 90' lang='lat' dir='ltr'>moris,</span> <span class='ocrx_word' id='word_1_1064' title='bbox 1441 1937 1505 1975; x_wconf 91' lang='lat' dir='ltr'>die,</span> <span class='ocrx_word' id='word_1_1065' title='bbox 1524 1937 1557 1968; x_wconf 87' lang='lat' dir='ltr'>ad</span> <span class='ocrx_word' id='word_1_1066' title='bbox 1575 1937 1754 1968; x_wconf 70' lang='lat' dir='ltr'>Electionem</span> <span class='ocrx_word' id='word_1_1067' title='bbox 1770 1938 1801 1967; x_wconf 91' lang='lat' dir='ltr'>in</span> <span class='ocrx_word' id='word_1_1068' title='bbox 1815 1936 1916 1967; x_wconf 80' lang='lat' dir='ltr'>eadem</span> <span class='ocrx_word' id='word_1_1069' title='bbox 1929 1935 2056 1967; x_wconf 70' lang='lat' dir='ltr'>Ecclesia</span> <span class='ocrx_word' id='word_1_1070' title='bbox 2069 1935 2105 1965; x_wconf 88' lang='lat' dir='ltr'>de</span> <span class='ocrx_word' id='word_1_1071' title='bbox 2118 1935 2216 1965; x_wconf 83' lang='lat' dir='ltr'>futuro</span> <span class='ocrx_word' id='word_1_1072' title='bbox 2235 1933 2339 1965; x_wconf 82' lang='lat' dir='ltr'>Ponti-</span> 
     </span>
     <span class='ocr_line' id='line_1_148' title="bbox 1269 1972 2340 2015; baseline -0.005 -9"><span class='ocrx_word' id='word_1_1073' title='bbox 1269 1975 1325 2006; x_wconf 91' lang='lat' dir='ltr'>fice</span> <span class='ocrx_word' id='word_1_1074' title='bbox 1337 1975 1535 2007; x_wconf 87' lang='lat' dir='ltr'>celebrandam</span> <span class='ocrx_word' id='word_1_1075' title='bbox 1548 1975 1724 2014; x_wconf 90' lang='lat' dir='ltr'>constituto,</span> <span class='ocrx_word' id='word_1_1076' title='bbox 1740 1976 1944 2006; x_wconf 86' lang='lat' dir='ltr'>convenientes</span> <span class='ocrx_word' id='word_1_1077' title='bbox 1959 1978 1988 2004; x_wconf 88' lang='lat' dir='ltr'>in</span> <span class='ocrx_word' id='word_1_1078' title='bbox 2000 1982 2108 2011; x_wconf 86' lang='lat' dir='ltr'>unum,</span> <span class='ocrx_word' id='word_1_1079' title='bbox 2132 1973 2162 2002; x_wconf 89' lang='lat' dir='ltr'>in</span> <span class='ocrx_word' id='word_1_1080' title='bbox 2178 1972 2340 2015; x_wconf 75' lang='lat' dir='ltr'>personam,</span> 
     </span>
     <span class='ocr_line' id='line_1_149' title="bbox 1269 2010 2339 2054; baseline -0.003 -9"><span class='ocrx_word' id='word_1_1081' title='bbox 1269 2014 1383 2045; x_wconf 89' lang='lat' dir='ltr'>discreti</span> <span class='ocrx_word' id='word_1_1082' title='bbox 1398 2015 1466 2052; x_wconf 86' lang='lat' dir='ltr'>viri,</span> <span class='ocrx_word' id='word_1_1083' title='bbox 1487 2013 1620 2054; x_wconf 87' lang='lat' dir='ltr'>Magistri</span> <span class='ocrx_word' id='word_1_1084' title='bbox 1629 2013 1733 2053; x_wconf 79' lang='lat' dir='ltr'>jacobi</span> <span class='ocrx_word' id='word_1_1085' title='bbox 1746 2014 1782 2044; x_wconf 91' lang='lat' dir='ltr'>de</span> <span class='ocrx_word' id='word_1_1086' title='bbox 1795 2013 1942 2052; x_wconf 85' lang='lat' dir='ltr'>Bercleye,</span> <span class='ocrx_word' id='word_1_1087' title='bbox 1969 2011 2113 2054; x_wconf 79' lang='lat' dir='ltr'>Canonici</span> <span class='ocrx_word' id='word_1_1088' title='bbox 2135 2011 2259 2054; x_wconf 75' lang='lat' dir='ltr'>ejusdem</span> <span class='ocrx_word' id='word_1_1089' title='bbox 2279 2010 2339 2042; x_wconf 88' lang='lat' dir='ltr'>Ec-</span> 
     </span>
     <span class='ocr_line' id='line_1_150' title="bbox 1268 2049 2340 2091; baseline -0.003 -8"><span class='ocrx_word' id='word_1_1090' title='bbox 1268 2053 1358 2084; x_wconf 84' lang='lat' dir='ltr'>cleliae</span> <span class='ocrx_word' id='word_1_1091' title='bbox 1367 2076 1377 2091; x_wconf 84' lang='lat'>,</span> <span class='ocrx_word' id='word_1_1092' title='bbox 1395 2052 1488 2084; x_wconf 86' lang='lat' dir='ltr'>Sacrae</span> <span class='ocrx_word' id='word_1_1093' title='bbox 1502 2052 1674 2091; x_wconf 81' lang='lat' dir='ltr'>Theologiae</span> <span class='ocrx_word' id='word_1_1094' title='bbox 1687 2052 1827 2083; x_wconf 59' lang='lat' dir='ltr'>Doctoris</span> <span class='ocrx_word' id='word_1_1095' title='bbox 1836 2075 1846 2090; x_wconf 86' lang='lat'>,</span> <span class='ocrx_word' id='word_1_1096' title='bbox 1860 2052 2020 2082; x_wconf 88' lang='lat' dir='ltr'>direxerunt</span> <span class='ocrx_word' id='word_1_1097' title='bbox 2027 2058 2193 2081; x_wconf 87' lang='lat' dir='ltr'>unanimiter</span> <span class='ocrx_word' id='word_1_1098' title='bbox 2208 2057 2277 2079; x_wconf 89' lang='lat' dir='ltr'>vota</span> <span class='ocrx_word' id='word_1_1099' title='bbox 2283 2049 2340 2089; x_wconf 81' lang='lat' dir='ltr'>sua,</span> 
     </span>
     <span class='ocr_line' id='line_1_151' title="bbox 1266 2086 2340 2132; baseline -0.003 -11"><span class='ocrx_word' id='word_1_1100' title='bbox 1266 2091 1409 2132; x_wconf 70' lang='lat' dir='ltr'>ipsumque</span> <span class='ocrx_word' id='word_1_1101' title='bbox 1425 2092 1572 2128; x_wconf 82' lang='lat' dir='ltr'>elegerunt</span> <span class='ocrx_word' id='word_1_1102' title='bbox 1598 2091 1780 2123; x_wconf 89' lang='lat' dir='ltr'>concorditer</span> <span class='ocrx_word' id='word_1_1103' title='bbox 1803 2092 1832 2120; x_wconf 92' lang='lat' dir='ltr'>in</span> <span class='ocrx_word' id='word_1_1104' title='bbox 1844 2090 1926 2120; x_wconf 91' lang='lat' dir='ltr'>suum</span> <span class='ocrx_word' id='word_1_1105' title='bbox 1940 2088 2115 2128; x_wconf 90' lang='lat' dir='ltr'>Episcopum</span> <span class='ocrx_word' id='word_1_1106' title='bbox 2130 2087 2164 2118; x_wconf 90' lang='lat'>&amp;</span> <span class='ocrx_word' id='word_1_1107' title='bbox 2180 2086 2340 2132; x_wconf 81' lang='lat' dir='ltr'>Pastorem;</span> 
     </span>
     <span class='ocr_line' id='line_1_152' title="bbox 1267 2125 2340 2170; baseline -0.003 -9"><span class='ocrx_word' id='word_1_1108' title='bbox 1267 2132 1314 2161; x_wconf 89' lang='lat' dir='ltr'>cui</span> <span class='ocrx_word' id='word_1_1109' title='bbox 1328 2131 1445 2169; x_wconf 88' lang='lat' dir='ltr'>quidem</span> <span class='ocrx_word' id='word_1_1110' title='bbox 1459 2130 1604 2162; x_wconf 63' lang='lat' dir='ltr'>Electioni</span> <span class='ocrx_word' id='word_1_1111' title='bbox 1618 2139 1671 2161; x_wconf 89' lang='lat' dir='ltr'>nos</span> <span class='ocrx_word' id='word_1_1112' title='bbox 1685 2129 1881 2170; x_wconf 85' lang='lat' dir='ltr'>subsequenter</span> <span class='ocrx_word' id='word_1_1113' title='bbox 1894 2128 2027 2166; x_wconf 86' lang='lat' dir='ltr'>Regium</span> <span class='ocrx_word' id='word_1_1114' title='bbox 2050 2126 2186 2158; x_wconf 80' lang='lat' dir='ltr'>assensum</span> <span class='ocrx_word' id='word_1_1115' title='bbox 2207 2125 2340 2158; x_wconf 82' lang='lat' dir='ltr'>adhibui-</span> 
     </span>
     <span class='ocr_line' id='line_1_153' title="bbox 1266 2170 1526 2201; baseline 0 -1"><span class='ocrx_word' id='word_1_1116' title='bbox 1266 2179 1329 2200; x_wconf 89' lang='lat' dir='ltr'>mus</span> <span class='ocrx_word' id='word_1_1117' title='bbox 1342 2171 1375 2201; x_wconf 88' lang='lat'>&amp;</span> <span class='ocrx_word' id='word_1_1118' title='bbox 1387 2170 1526 2200; x_wconf 87' lang='lat' dir='ltr'>favorem.</span> 
     </span>
     <span class='ocr_line' id='line_1_154' title="bbox 1303 2202 2340 2249; baseline -0.005 -10"><span class='ocrx_word' id='word_1_1119' title='bbox 1303 2209 1371 2239; x_wconf 87' lang='lat' dir='ltr'>Nos</span> <span class='ocrx_word' id='word_1_1120' title='bbox 1386 2210 1485 2249; x_wconf 85' lang='lat' dir='ltr'>igitur,</span> <span class='ocrx_word' id='word_1_1121' title='bbox 1505 2209 1643 2240; x_wconf 85' lang='lat' dir='ltr'>virtutum</span> <span class='ocrx_word' id='word_1_1122' title='bbox 1661 2210 1747 2238; x_wconf 82' lang='lat' dir='ltr'>varia</span> <span class='ocrx_word' id='word_1_1123' title='bbox 1762 2207 1894 2245; x_wconf 87' lang='lat' dir='ltr'>donaria,</span> <span class='ocrx_word' id='word_1_1124' title='bbox 1908 2215 1973 2246; x_wconf 86' lang='lat' dir='ltr'>quae</span> <span class='ocrx_word' id='word_1_1125' title='bbox 1987 2206 2017 2236; x_wconf 90' lang='lat' dir='ltr'>in</span> <span class='ocrx_word' id='word_1_1126' title='bbox 2030 2205 2090 2246; x_wconf 87' lang='lat' dir='ltr'>ipso</span> <span class='ocrx_word' id='word_1_1127' title='bbox 2102 2203 2209 2249; x_wconf 84' lang='lat' dir='ltr'>pollent</span> <span class='ocrx_word' id='word_1_1128' title='bbox 2222 2202 2340 2249; x_wconf 61' lang='lat' dir='ltr'>Electo,</span> 
     </span>
     <span class='ocr_line' id='line_1_155' title="bbox 1265 2247 2341 2287; baseline -0.005 -9"><span class='ocrx_word' id='word_1_1129' title='bbox 1265 2248 1384 2278; x_wconf 79' lang='lat' dir='ltr'>internae</span> <span class='ocrx_word' id='word_1_1130' title='bbox 1399 2248 1500 2278; x_wconf 89' lang='lat' dir='ltr'>mentis</span> <span class='ocrx_word' id='word_1_1131' title='bbox 1515 2247 1632 2278; x_wconf 86' lang='lat' dir='ltr'>obtuitu</span> <span class='ocrx_word' id='word_1_1132' title='bbox 1646 2247 1872 2286; x_wconf 63' lang='lat' dir='ltr'>contemplantes</span> <span class='ocrx_word' id='word_1_1133' title='bbox 1894 2248 2011 2283; x_wconf 84' lang='lat' dir='ltr'>(utpote</span> <span class='ocrx_word' id='word_1_1134' title='bbox 2032 2253 2121 2282; x_wconf 85' lang='lat' dir='ltr'>quem</span> <span class='ocrx_word' id='word_1_1135' title='bbox 2140 2253 2241 2287; x_wconf 41' lang='lat' dir='ltr'>Virum·</span> <span class='ocrx_word' id='word_1_1136' title='bbox 2254 2252 2341 2274; x_wconf 71' lang='lat' dir='ltr'>now-</span> 
     </span>
     <span class='ocr_line' id='line_1_156' title="bbox 1267 2281 2338 2323; baseline -0.005 -7"><span class='ocrx_word' id='word_1_1137' title='bbox 1267 2295 1330 2317; x_wconf 86' lang='lat' dir='ltr'>mus</span> <span class='ocrx_word' id='word_1_1138' title='bbox 1343 2287 1505 2317; x_wconf 82' lang='lat' dir='ltr'>aeminentis</span> <span class='ocrx_word' id='word_1_1139' title='bbox 1517 2286 1663 2323; x_wconf 80' lang='lat' dir='ltr'>Scientiae,</span> <span class='ocrx_word' id='word_1_1140' title='bbox 1682 2294 1716 2315; x_wconf 80' lang='lat' dir='ltr'>ex</span> <span class='ocrx_word' id='word_1_1141' title='bbox 1730 2285 1836 2315; x_wconf 87' lang='lat' dir='ltr'>Nobili</span> <span class='ocrx_word' id='word_1_1142' title='bbox 1851 2283 1987 2322; x_wconf 73' lang='lat' dir='ltr'>prosapia</span> <span class='ocrx_word' id='word_1_1143' title='bbox 1999 2284 2138 2323; x_wconf 90' lang='lat' dir='ltr'>genitum,</span> <span class='ocrx_word' id='word_1_1144' title='bbox 2158 2281 2338 2312; x_wconf 88' lang='lat' dir='ltr'>Moribus&amp;</span> 
     </span>
     <span class='ocr_line' id='line_1_157' title="bbox 1269 2320 2338 2363; baseline -0.006 -8"><span class='ocrx_word' id='word_1_1145' title='bbox 1269 2324 1297 2354; x_wconf 88' lang='lat' dir='ltr'>V</span> <span class='ocrx_word' id='word_1_1146' title='bbox 1299 2325 1336 2355; x_wconf 73' lang='lat' dir='ltr'>ita</span> <span class='ocrx_word' id='word_1_1147' title='bbox 1350 2325 1508 2363; x_wconf 84' lang='lat' dir='ltr'>decorum,</span> <span class='ocrx_word' id='word_1_1148' title='bbox 1527 2325 1596 2355; x_wconf 89' lang='lat' dir='ltr'>&amp;in</span> <span class='ocrx_word' id='word_1_1149' title='bbox 1610 2323 1736 2363; x_wconf 83' lang='lat' dir='ltr'>Agendis</span> <span class='ocrx_word' id='word_1_1150' title='bbox 1776 2322 1926 2354; x_wconf 89' lang='lat' dir='ltr'>uibussibet</span> <span class='ocrx_word' id='word_1_1151' title='bbox 1949 2321 2210 2360; x_wconf 61' lang='lat' dir='ltr'>circumspectum)</span> <span class='ocrx_word' id='word_1_1152' title='bbox 2229 2320 2338 2358; x_wconf 86' lang='lat' dir='ltr'>speran-</span> 
     </span>
     <span class='ocr_line' id='line_1_158' title="bbox 1265 2359 2336 2404; baseline -0.007 -10"><span class='ocrx_word' id='word_1_1153' title='bbox 1265 2362 1358 2402; x_wconf 68' lang='lat' dir='ltr'>tesque</span> <span class='ocrx_word' id='word_1_1154' title='bbox 1374 2363 1455 2404; x_wconf 72' lang='lat' dir='ltr'>ipsius</span> <span class='ocrx_word' id='word_1_1155' title='bbox 1468 2362 1691 2393; x_wconf 89' lang='lat' dir='ltr'>Promotionem</span> <span class='ocrx_word' id='word_1_1156' title='bbox 1703 2361 1739 2392; x_wconf 90' lang='lat' dir='ltr'>ad</span> <span class='ocrx_word' id='word_1_1157' title='bbox 1786 2363 1899 2401; x_wconf 84' lang='lat' dir='ltr'>egimen</span> <span class='ocrx_word' id='word_1_1158' title='bbox 1920 2360 2057 2392; x_wconf 79' lang='lat' dir='ltr'>Ecclesiae</span> <span class='ocrx_word' id='word_1_1159' title='bbox 2079 2359 2261 2398; x_wconf 57' lang='lat' dir='ltr'>supradictae,</span> <span class='ocrx_word' id='word_1_1160' title='bbox 2274 2367 2336 2388; x_wconf 89' lang='lat' dir='ltr'>non</span> 
     </span>
     <span class='ocr_line' id='line_1_159' title="bbox 1268 2394 2337 2439; baseline -0.006 -7"><span class='ocrx_word' id='word_1_1161' title='bbox 1268 2402 1359 2432; x_wconf 91' lang='lat' dir='ltr'>solum</span> <span class='ocrx_word' id='word_1_1162' title='bbox 1374 2402 1423 2439; x_wconf 84' lang='lat' dir='ltr'>ipsi</span> <span class='ocrx_word' id='word_1_1163' title='bbox 1438 2401 1592 2439; x_wconf 80' lang='lat' dir='ltr'>Ecclesiae,</span> <span class='ocrx_word' id='word_1_1164' title='bbox 1616 2401 1654 2431; x_wconf 89' lang='lat' dir='ltr'>set</span> <span class='ocrx_word' id='word_1_1165' title='bbox 1676 2402 1729 2431; x_wconf 90' lang='lat' dir='ltr'>toti</span> <span class='ocrx_word' id='word_1_1166' title='bbox 1749 2400 1778 2431; x_wconf 91' lang='lat' dir='ltr'>R</span> <span class='ocrx_word' id='word_1_1167' title='bbox 1818 2410 1858 2430; x_wconf 90' lang='lat' dir='ltr'>no</span> <span class='ocrx_word' id='word_1_1168' title='bbox 1878 2399 1978 2430; x_wconf 92' lang='lat' dir='ltr'>nostro</span> <span class='ocrx_word' id='word_1_1169' title='bbox 2000 2399 2165 2437; x_wconf 86' lang='lat' dir='ltr'>multiplicia</span> <span class='ocrx_word' id='word_1_1170' title='bbox 2178 2419 2188 2436; x_wconf 92' lang='lat'>,</span> <span class='ocrx_word' id='word_1_1171' title='bbox 2204 2394 2337 2435; x_wconf 85' lang='lat' dir='ltr'>proceffu</span> 
     </span>
     <span class='ocr_line' id='line_1_160' title="bbox 1267 2410 2199 2481; baseline -0.003 -11"><span class='ocrx_word' id='word_1_1172' title='bbox 1267 2442 1420 2481; x_wconf 87' lang='lat' dir='ltr'>temporis,</span> <span class='ocrx_word' id='word_1_1173' title='bbox 1437 2440 1612 2477; x_wconf 91' lang='lat' dir='ltr'>commoda,</span> <span class='ocrx_word' id='word_1_1174' title='bbox 1630 2447 1770 2470; x_wconf 86' lang='lat' dir='ltr'>annuente</span> <span class='ocrx_word' id='word_1_1175' title='bbox 1781 2410 1941 2477; x_wconf 38' lang='lat' dir='ltr'>Domino,</span> <span class='ocrx_word' id='word_1_1176' title='bbox 1957 2437 2116 2481; x_wconf 67' lang='lat' dir='ltr'>allaturam,</span> <span class='ocrx_word' id='word_1_1177' title='bbox 2131 2474 2139 2481; x_wconf 80' lang='lat'>.</span> <span class='ocrx_word' id='word_1_1178' title='bbox 2193 2473 2199 2479; x_wconf 46' lang='grc'>·</span> 
     </span>
     <span class='ocr_line' id='line_1_161' title="bbox 1303 2472 2336 2519; baseline -0.005 -10"><span class='ocrx_word' id='word_1_1179' title='bbox 1303 2479 1447 2510; x_wconf 66' lang='lat' dir='ltr'>Sanctitati</span> <span class='ocrx_word' id='word_1_1180' title='bbox 1460 2479 1559 2510; x_wconf 76' lang='lat' dir='ltr'>vestrae</span> <span class='ocrx_word' id='word_1_1181' title='bbox 1574 2479 1639 2509; x_wconf 87' lang='lat' dir='ltr'>totis</span> <span class='ocrx_word' id='word_1_1182' title='bbox 1652 2477 1800 2509; x_wconf 60' lang='lat' dir='ltr'>affectibus</span> <span class='ocrx_word' id='word_1_1183' title='bbox 1811 2478 2008 2517; x_wconf 83' lang='lat' dir='ltr'>supplicamus,</span> <span class='ocrx_word' id='word_1_1184' title='bbox 2026 2484 2156 2512; x_wconf 81' lang='lat' dir='ltr'>quatinus</span> <span class='ocrx_word' id='word_1_1185' title='bbox 2162 2496 2173 2512; x_wconf 93' lang='lat'>,</span> <span class='ocrx_word' id='word_1_1186' title='bbox 2191 2473 2283 2519; x_wconf 66' lang='lat' dir='ltr'>ipsum</span> <span class='ocrx_word' id='word_1_1187' title='bbox 2295 2472 2336 2504; x_wconf 90' lang='lat' dir='ltr'>E—</span> 
     </span>
     <span class='ocr_line' id='line_1_162' title="bbox 1265 2512 2339 2556; baseline -0.006 -8"><span class='ocrx_word' id='word_1_1188' title='bbox 1265 2518 1371 2548; x_wconf 67' lang='lat' dir='ltr'>lectum</span> <span class='ocrx_word' id='word_1_1189' title='bbox 1386 2518 1538 2556; x_wconf 89' lang='lat' dir='ltr'>habentes,</span> <span class='ocrx_word' id='word_1_1190' title='bbox 1560 2518 1578 2547; x_wconf 82' lang='lat' dir='ltr'>si</span> <span class='ocrx_word' id='word_1_1191' title='bbox 1594 2516 1686 2554; x_wconf 88' lang='lat' dir='ltr'>placet</span> <span class='ocrx_word' id='word_1_1192' title='bbox 1702 2540 1712 2555; x_wconf 90' lang='lat'>,</span> <span class='ocrx_word' id='word_1_1193' title='bbox 1736 2515 1826 2546; x_wconf 88' lang='lat' dir='ltr'>nostri</span> <span class='ocrx_word' id='word_1_1194' title='bbox 1843 2514 2087 2552; x_wconf 86' lang='lat' dir='ltr'>contemplatione</span> <span class='ocrx_word' id='word_1_1195' title='bbox 2102 2536 2111 2551; x_wconf 85' lang='lat'>,</span> <span class='ocrx_word' id='word_1_1196' title='bbox 2134 2512 2276 2551; x_wconf 85' lang='lat' dir='ltr'>specialius</span> <span class='ocrx_word' id='word_1_1197' title='bbox 2294 2521 2339 2542; x_wconf 87' lang='lat' dir='ltr'>re-</span> 
     </span>
     <span class='ocr_line' id='line_1_163' title="bbox 1265 2550 2337 2594; baseline -0.007 -7"><span class='ocrx_word' id='word_1_1198' title='bbox 1265 2557 1502 2588; x_wconf 89' lang='lat' dir='ltr'>commendatum</span> <span class='ocrx_word' id='word_1_1199' title='bbox 1523 2579 1533 2594; x_wconf 90' lang='lat'>,</span> <span class='ocrx_word' id='word_1_1200' title='bbox 1554 2555 1724 2585; x_wconf 82' lang='lat' dir='ltr'>dissimulato</span> <span class='ocrx_word' id='word_1_1201' title='bbox 1744 2553 1953 2584; x_wconf 86' lang='lat' dir='ltr'>Reservationis</span> <span class='ocrx_word' id='word_1_1202' title='bbox 1974 2553 2067 2591; x_wconf 84' lang='lat' dir='ltr'>rigore</span> <span class='ocrx_word' id='word_1_1203' title='bbox 2092 2551 2135 2586; x_wconf 89' lang='lat' dir='ltr'>(si</span> <span class='ocrx_word' id='word_1_1204' title='bbox 2158 2561 2223 2588; x_wconf 83' lang='lat' dir='ltr'>quae</span> <span class='ocrx_word' id='word_1_1205' title='bbox 2243 2550 2337 2581; x_wconf 86' lang='lat' dir='ltr'>forsan</span> 
     </span>
     <span class='ocr_line' id='line_1_164' title="bbox 1264 2589 2335 2635; baseline -0.005 -12"><span class='ocrx_word' id='word_1_1206' title='bbox 1264 2595 1452 2633; x_wconf 57' lang='lat' dir='ltr'>praecesserit)</span> <span class='ocrx_word' id='word_1_1207' title='bbox 1469 2604 1518 2635; x_wconf 89' lang='lat' dir='ltr'>per</span> <span class='ocrx_word' id='word_1_1208' title='bbox 1537 2602 1621 2632; x_wconf 89' lang='lat' dir='ltr'>quam</span> <span class='ocrx_word' id='word_1_1209' title='bbox 1642 2593 1723 2631; x_wconf 86' lang='lat' dir='ltr'>ipsius</span> <span class='ocrx_word' id='word_1_1210' title='bbox 1747 2592 1835 2622; x_wconf 71' lang='lat' dir='ltr'>Eleeti</span> <span class='ocrx_word' id='word_1_1211' title='bbox 1857 2591 2010 2622; x_wconf 90' lang='lat' dir='ltr'>Promotio</span> <span class='ocrx_word' id='word_1_1212' title='bbox 2029 2589 2063 2620; x_wconf 92' lang='lat' dir='ltr'>ad</span> <span class='ocrx_word' id='word_1_1213' title='bbox 2085 2589 2240 2633; x_wconf 79' lang='lat' dir='ltr'>Ecclesiam</span> <span class='ocrx_word' id='word_1_1214' title='bbox 2259 2598 2335 2633; x_wconf 45' lang='lat' dir='ltr'>prae-</span> 
     </span>
     <span class='ocr_line' id='line_1_165' title="bbox 1263 2627 2336 2671; baseline -0.007 -7"><span class='ocrx_word' id='word_1_1215' title='bbox 1263 2634 1372 2665; x_wconf 69' lang='lat' dir='ltr'>dietam</span> <span class='ocrx_word' id='word_1_1216' title='bbox 1393 2631 1477 2671; x_wconf 79' lang='lat' dir='ltr'>possit</span> <span class='ocrx_word' id='word_1_1217' title='bbox 1499 2631 1595 2670; x_wconf 90' lang='lat' dir='ltr'>(quod</span> <span class='ocrx_word' id='word_1_1218' title='bbox 1617 2630 1705 2665; x_wconf 82' lang='lat' dir='ltr'>absit)</span> <span class='ocrx_word' id='word_1_1219' title='bbox 1724 2630 1873 2670; x_wconf 89' lang='lat' dir='ltr'>impediri,</span> <span class='ocrx_word' id='word_1_1220' title='bbox 1891 2629 2086 2668; x_wconf 87' lang='lat' dir='ltr'>aequanimiter</span> <span class='ocrx_word' id='word_1_1221' title='bbox 2100 2636 2157 2666; x_wconf 86' lang='lat' dir='ltr'>pati</span> <span class='ocrx_word' id='word_1_1222' title='bbox 2177 2627 2336 2666; x_wconf 85' lang='lat' dir='ltr'>dignemini</span> 
     </span>
     <span class='ocr_line' id='line_1_166' title="bbox 1265 2667 2336 2710; baseline -0.007 -8"><span class='ocrx_word' id='word_1_1223' title='bbox 1265 2681 1295 2703; x_wconf 89' lang='lat' dir='ltr'>ut</span> <span class='ocrx_word' id='word_1_1224' title='bbox 1310 2671 1386 2702; x_wconf 68' lang='lat' dir='ltr'>dieta</span> <span class='ocrx_word' id='word_1_1225' title='bbox 1402 2671 1513 2701; x_wconf 67' lang='lat' dir='ltr'>Eleffio</span> <span class='ocrx_word' id='word_1_1226' title='bbox 1526 2693 1536 2708; x_wconf 87' lang='lat'>,</span> <span class='ocrx_word' id='word_1_1227' title='bbox 1558 2670 1599 2699; x_wconf 93' lang='lat' dir='ltr'>ob</span> <span class='ocrx_word' id='word_1_1228' title='bbox 1618 2669 1700 2706; x_wconf 83' lang='lat' dir='ltr'>ipsius</span> <span class='ocrx_word' id='word_1_1229' title='bbox 1715 2667 1810 2700; x_wconf 64' lang='lat' dir='ltr'>Electi</span> <span class='ocrx_word' id='word_1_1230' title='bbox 1822 2668 2250 2710; x_wconf 71' lang='lat' dir='ltr'>praerogativammeritorum,</span> <span class='ocrx_word' id='word_1_1231' title='bbox 2267 2674 2336 2696; x_wconf 90' lang='lat' dir='ltr'>nec-</span> 
     </span>
     <span class='ocr_line' id='line_1_167' title="bbox 1265 2704 2275 2747; baseline -0.009 -5"><span class='ocrx_word' id='word_1_1232' title='bbox 1265 2720 1325 2742; x_wconf 89' lang='lat' dir='ltr'>non</span> <span class='ocrx_word' id='word_1_1233' title='bbox 1340 2711 1424 2739; x_wconf 89' lang='lat' dir='ltr'>totius</span> <span class='ocrx_word' id='word_1_1234' title='bbox 1439 2708 1540 2747; x_wconf 88' lang='lat' dir='ltr'>Regni</span> <span class='ocrx_word' id='word_1_1235' title='bbox 1553 2707 1643 2738; x_wconf 90' lang='lat' dir='ltr'>nostri</span> <span class='ocrx_word' id='word_1_1236' title='bbox 1655 2706 1822 2744; x_wconf 85' lang='lat' dir='ltr'>utilitatem,</span> <span class='ocrx_word' id='word_1_1237' title='bbox 1840 2715 1972 2745; x_wconf 83' lang='lat' dir='ltr'>optatum</span> <span class='ocrx_word' id='word_1_1238' title='bbox 1986 2705 2114 2736; x_wconf 89' lang='lat' dir='ltr'>sortiatur</span> <span class='ocrx_word' id='word_1_1239' title='bbox 2127 2704 2275 2735; x_wconf 62' lang='lat' dir='ltr'>effedimm.</span> 
     </span>
     <span class='ocr_line' id='line_1_168' title="bbox 1302 2741 2336 2784; baseline -0.006 -5"><span class='ocrx_word' id='word_1_1240' title='bbox 1302 2748 1460 2779; x_wconf 85' lang='lat' dir='ltr'>Conservet</span> <span class='ocrx_word' id='word_1_1241' title='bbox 1479 2758 1533 2778; x_wconf 88' lang='lat' dir='ltr'>vos</span> <span class='ocrx_word' id='word_1_1242' title='bbox 1556 2745 1713 2777; x_wconf 87' lang='lat' dir='ltr'>Altiffimus</span> <span class='ocrx_word' id='word_1_1243' title='bbox 1728 2769 1738 2784; x_wconf 94' lang='lat'>,</span> <span class='ocrx_word' id='word_1_1244' title='bbox 1755 2746 1790 2776; x_wconf 91' lang='lat' dir='ltr'>ad</span> <span class='ocrx_word' id='word_1_1245' title='bbox 1810 2746 1960 2784; x_wconf 89' lang='lat' dir='ltr'>Regimen</span> <span class='ocrx_word' id='word_1_1246' title='bbox 1979 2743 2116 2775; x_wconf 80' lang='lat' dir='ltr'>Eccleiiae</span> <span class='ocrx_word' id='word_1_1247' title='bbox 2135 2744 2191 2774; x_wconf 77' lang='lat' dir='ltr'>suae</span> <span class='ocrx_word' id='word_1_1248' title='bbox 2205 2741 2336 2780; x_wconf 70' lang='lat' dir='ltr'>Sanetae,</span> 
     </span>
     <span class='ocr_line' id='line_1_169' title="bbox 1265 2785 2170 2826; baseline -0.004 -9"><span class='ocrx_word' id='word_1_1249' title='bbox 1265 2797 1314 2825; x_wconf 83' lang='lat' dir='ltr'>per</span> <span class='ocrx_word' id='word_1_1250' title='bbox 1328 2796 1457 2825; x_wconf 83' lang='lat' dir='ltr'>tempora</span> <span class='ocrx_word' id='word_1_1251' title='bbox 1471 2786 1600 2825; x_wconf 84' lang='lat' dir='ltr'>prospera</span> <span class='ocrx_word' id='word_1_1252' title='bbox 1614 2785 1647 2816; x_wconf 73' lang='grc' dir='ltr'>δε</span> <span class='ocrx_word' id='word_1_1253' title='bbox 1659 2785 1798 2824; x_wconf 84' lang='lat' dir='ltr'>longaeva.</span> <span class='ocrx_word' id='word_1_1254' title='bbox 2164 2819 2170 2826; x_wconf 37' lang='grc' dir='ltr'><strong><em>ο</em></strong></span> 
     </span>
     <span class='ocr_line' id='line_1_170' title="bbox 1303 2820 2192 2865; baseline -0.007 -9"><span class='ocrx_word' id='word_1_1255' title='bbox 1303 2825 1372 2856; x_wconf 89' lang='lat' dir='ltr'>Dat.</span> <span class='ocrx_word' id='word_1_1256' title='bbox 1391 2825 1465 2865; x_wconf 89' lang='lat' dir='ltr'>apud</span> <span class='ocrx_word' id='word_1_1257' title='bbox 1481 2824 1680 2863; x_wconf 85' lang='lat' dir='ltr'>Kenilworth,</span> <span class='ocrx_word' id='word_1_1258' title='bbox 1698 2824 1816 2854; x_wconf 88' lang='lat' dir='ltr'>decimo</span> <span class='ocrx_word' id='word_1_1259' title='bbox 1830 2822 1935 2854; x_wconf 54' lang='lat' dir='ltr'>ottavo</span> <span class='ocrx_word' id='word_1_1260' title='bbox 1950 2821 1996 2853; x_wconf 88' lang='lat' dir='ltr'>die</span> <span class='ocrx_word' id='word_1_1261' title='bbox 2011 2820 2192 2853; x_wconf 85' lang='lat' dir='ltr'>Decembris.</span> 
     </span>
    </p>
   </div>
   <div class='ocr_carea' id='block_1_50' title="bbox 1433 2959 2168 3012">
    <p class='ocr_par' dir='ltr' id='par_1_70' title="bbox 1433 2959 2168 3012">
     <span class='ocr_line' id='line_1_171' title="bbox 1433 2959 2168 3012; baseline -0.008 -13"><span class='ocrx_word' id='word_1_1262' title='bbox 1433 2964 1493 2999; x_wconf 86' lang='lat' dir='ltr'>Ad</span> <span class='ocrx_word' id='word_1_1263' title='bbox 1511 2963 1706 3009; x_wconf 81' lang='lat' dir='ltr'>Cardinalcs‚</span> <span class='ocrx_word' id='word_1_1264' title='bbox 1726 2964 1819 3012; x_wconf 66' lang='lat' dir='ltr'>fizper</span> <span class='ocrx_word' id='word_1_1265' title='bbox 1838 2964 1988 2998; x_wconf 66' lang='lat' dir='ltr'>Elefbione</span> <span class='ocrx_word' id='word_1_1266' title='bbox 2001 2959 2168 3011; x_wconf 65' lang='lat' dir='ltr'>prelibata.</span> 
     </span>
    </p>
   </div>
   <div class='ocr_carea' id='block_1_51' title="bbox 1257 3039 2484 3975">
    <p class='ocr_par' dir='ltr' id='par_1_71' title="bbox 1257 3039 2484 3975">
     <span class='ocr_line' id='line_1_172' title="bbox 1335 3039 2482 3084; baseline -0.008 -2"><span class='ocrx_word' id='word_1_1267' title='bbox 1335 3051 1479 3082; x_wconf 87' lang='lat' dir='ltr'>Enerabili</span> <span class='ocrx_word' id='word_1_1268' title='bbox 1507 3052 1537 3082; x_wconf 89' lang='lat' dir='ltr'>in</span> <span class='ocrx_word' id='word_1_1269' title='bbox 1559 3050 1677 3082; x_wconf 86' lang='lat' dir='ltr'>Christo</span> <span class='ocrx_word' id='word_1_1270' title='bbox 1696 3051 1773 3082; x_wconf 88' lang='lat' dir='ltr'>Patri</span> <span class='ocrx_word' id='word_1_1271' title='bbox 1792 3051 1927 3082; x_wconf 89' lang='lat' dir='ltr'>Domino</span> <span class='ocrx_word' id='word_1_1272' title='bbox 1945 3048 1980 3078; x_wconf 91' lang='lat' dir='ltr'>L.</span> <span class='ocrx_word' id='word_1_1273' title='bbox 2006 3047 2066 3077; x_wconf 88' lang='lat' dir='ltr'>Dei</span> <span class='ocrx_word' id='word_1_1274' title='bbox 2106 3045 2171 3077; x_wconf 72' lang='lat' dir='ltr'>tatia</span> <span class='ocrx_word' id='word_1_1275' title='bbox 2185 3068 2195 3084; x_wconf 84' lang='lat'>,</span> <span class='ocrx_word' id='word_1_1276' title='bbox 2220 3043 2332 3076; x_wconf 70' lang='lat' dir='ltr'>SantStae</span> <span class='ocrx_word' id='word_1_1277' title='bbox 2353 3039 2427 3072; x_wconf 89' lang='lat' dir='ltr'>Ann.</span> <span class='ocrx_word' id='word_1_1278' title='bbox 2439 3041 2482 3073; x_wconf 90' lang='lat' dir='ltr'>D.</span> 
     </span>
     <span class='ocr_line' id='line_1_173' title="bbox 1345 3080 2465 3132; baseline -0.006 -12"><span class='ocrx_word' id='word_1_1279' title='bbox 1345 3089 1448 3121; x_wconf 73' lang='lat' dir='ltr'>Mariae</span> <span class='ocrx_word' id='word_1_1280' title='bbox 1471 3091 1500 3120; x_wconf 89' lang='lat' dir='ltr'>in</span> <span class='ocrx_word' id='word_1_1281' title='bbox 1520 3090 1575 3121; x_wconf 76' lang='lat' dir='ltr'>Via</span> <span class='ocrx_word' id='word_1_1282' title='bbox 1590 3090 1645 3122; x_wconf 66' lang='lat' dir='ltr'>lata</span> <span class='ocrx_word' id='word_1_1283' title='bbox 1658 3090 1795 3122; x_wconf 89' lang='lat' dir='ltr'>Diacono</span> <span class='ocrx_word' id='word_1_1284' title='bbox 1816 3087 1958 3120; x_wconf 88' lang='lat' dir='ltr'>Cardinali</span> <span class='ocrx_word' id='word_1_1285' title='bbox 1973 3109 1983 3125; x_wconf 86' lang='lat'>‚</span> <span class='ocrx_word' id='word_1_1286' title='bbox 2001 3086 2063 3117; x_wconf 87' lang='lat' dir='ltr'>&amp;c.</span> <span class='ocrx_word' id='word_1_1287' title='bbox 2108 3083 2252 3122; x_wconf 85' lang='lat' dir='ltr'>dwardus‚</span> <span class='ocrx_word' id='word_1_1288' title='bbox 2270 3083 2330 3114; x_wconf 91' lang='lat' dir='ltr'>&amp;c.</span> <span class='ocrx_word' id='word_1_1289' title='bbox 2371 3080 2465 3132; x_wconf 52' lang='lat'>13263</span> 
     </span>
     <span class='ocr_line' id='line_1_174' title="bbox 1262 3122 2465 3168; baseline -0.005 -10"><span class='ocrx_word' id='word_1_1290' title='bbox 1262 3128 1403 3167; x_wconf 81' lang='lat' dir='ltr'>Salutem,</span> <span class='ocrx_word' id='word_1_1291' title='bbox 1422 3130 1455 3160; x_wconf 90' lang='lat'>&amp;</span> <span class='ocrx_word' id='word_1_1292' title='bbox 1469 3129 1582 3160; x_wconf 76' lang='lat' dir='ltr'>sincerae</span> <span class='ocrx_word' id='word_1_1293' title='bbox 1594 3129 1753 3160; x_wconf 74' lang='lat' dir='ltr'>diletstionis</span> <span class='ocrx_word' id='word_1_1294' title='bbox 1765 3127 1911 3157; x_wconf 68' lang='lat' dir='ltr'>affectum.</span> <span class='ocrx_word' id='word_1_1295' title='bbox 2130 3163 2135 3168; x_wconf 45' lang='lat'>·</span> <span class='ocrx_word' id='word_1_1296' title='bbox 2347 3122 2399 3147; x_wconf 82' lang='lat' dir='ltr'>An.</span> <span class='ocrx_word' id='word_1_1297' title='bbox 2417 3128 2465 3156; x_wconf 52' lang='lat'>202</span> 
     </span>
     <span class='ocr_line' id='line_1_175' title="bbox 1299 3160 2484 3205; baseline -0.004 -10"><span class='ocrx_word' id='word_1_1298' title='bbox 1299 3166 1322 3195; x_wconf 84' lang='lat' dir='ltr'>F</span> <span class='ocrx_word' id='word_1_1299' title='bbox 1324 3168 1424 3196; x_wconf 83' lang='lat' dir='ltr'>irmam</span> <span class='ocrx_word' id='word_1_1300' title='bbox 1445 3167 1545 3205; x_wconf 88' lang='lat' dir='ltr'>habet,</span> <span class='ocrx_word' id='word_1_1301' title='bbox 1562 3167 1599 3197; x_wconf 90' lang='lat' dir='ltr'>de</span> <span class='ocrx_word' id='word_1_1302' title='bbox 1620 3166 1720 3197; x_wconf 83' lang='lat' dir='ltr'>vestrae</span> <span class='ocrx_word' id='word_1_1303' title='bbox 1732 3165 1878 3196; x_wconf 69' lang='lat' dir='ltr'>Amicitiae</span> <span class='ocrx_word' id='word_1_1304' title='bbox 1897 3164 2033 3203; x_wconf 88' lang='lat' dir='ltr'>puritate,</span> <span class='ocrx_word' id='word_1_1305' title='bbox 2051 3162 2186 3194; x_wconf 86' lang='lat' dir='ltr'>fiduciam</span> <span class='ocrx_word' id='word_1_1306' title='bbox 2201 3160 2331 3192; x_wconf 84' lang='lat' dir='ltr'>confide-</span> <span class='ocrx_word' id='word_1_1307' title='bbox 2347 3162 2378 3185; x_wconf 79' lang='lat' dir='ltr'>E·</span> <span class='ocrx_word' id='word_1_1308' title='bbox 2400 3167 2426 3185; x_wconf 88' lang='lat'>2·</span> <span class='ocrx_word' id='word_1_1309' title='bbox 2479 3198 2484 3204; x_wconf 61' lang='lat'>‚</span> 
     </span>
     <span class='ocr_line' id='line_1_176' title="bbox 1263 3199 2482 3244; baseline -0.004 -10"><span class='ocrx_word' id='word_1_1310' title='bbox 1263 3206 1332 3234; x_wconf 83' lang='lat' dir='ltr'>ratio</span> <span class='ocrx_word' id='word_1_1311' title='bbox 1346 3205 1451 3235; x_wconf 82' lang='lat' dir='ltr'>nostrae</span> <span class='ocrx_word' id='word_1_1312' title='bbox 1463 3206 1566 3235; x_wconf 86' lang='lat' dir='ltr'>mentis</span> <span class='ocrx_word' id='word_1_1313' title='bbox 1577 3204 1659 3244; x_wconf 85' lang='lat' dir='ltr'>quod</span> <span class='ocrx_word' id='word_1_1314' title='bbox 1672 3205 1702 3234; x_wconf 89' lang='lat' dir='ltr'>in</span> <span class='ocrx_word' id='word_1_1315' title='bbox 1715 3204 1769 3234; x_wconf 90' lang='lat' dir='ltr'>hiis</span> <span class='ocrx_word' id='word_1_1316' title='bbox 1784 3226 1794 3242; x_wconf 89' lang='lat'>,</span> <span class='ocrx_word' id='word_1_1317' title='bbox 1811 3212 1876 3241; x_wconf 87' lang='lat' dir='ltr'>quae</span> <span class='ocrx_word' id='word_1_1318' title='bbox 1892 3202 1926 3232; x_wconf 86' lang='lat' dir='ltr'>ad</span> <span class='ocrx_word' id='word_1_1319' title='bbox 1941 3203 2084 3232; x_wconf 88' lang='lat' dir='ltr'>honorem</span> <span class='ocrx_word' id='word_1_1320' title='bbox 2105 3200 2216 3231; x_wconf 62' lang='lat' dir='ltr'>Sanffle</span> <span class='ocrx_word' id='word_1_1321' title='bbox 2229 3199 2332 3231; x_wconf 91' lang='lat' dir='ltr'>Eccle-</span> <span class='ocrx_word' id='word_1_1322' title='bbox 2345 3200 2416 3223; x_wconf 83' lang='lat' dir='ltr'>Rom.</span> <span class='ocrx_word' id='word_1_1323' title='bbox 2436 3204 2482 3224; x_wconf 88' lang='lat'>20·</span> 
     </span>
     <span class='ocr_line' id='line_1_177' title="bbox 1263 3238 2426 3281; baseline -0.003 -9"><span class='ocrx_word' id='word_1_1324' title='bbox 1263 3243 1325 3281; x_wconf 78' lang='lat' dir='ltr'>siae,</span> <span class='ocrx_word' id='word_1_1325' title='bbox 1344 3244 1378 3272; x_wconf 89' lang='lat'>&amp;</span> <span class='ocrx_word' id='word_1_1326' title='bbox 1394 3243 1489 3281; x_wconf 86' lang='lat' dir='ltr'>Regni</span> <span class='ocrx_word' id='word_1_1327' title='bbox 1503 3241 1593 3272; x_wconf 90' lang='lat' dir='ltr'>nostri</span> <span class='ocrx_word' id='word_1_1328' title='bbox 1606 3242 1771 3279; x_wconf 82' lang='lat' dir='ltr'>utilitatem,</span> <span class='ocrx_word' id='word_1_1329' title='bbox 1789 3242 1926 3279; x_wconf 86' lang='lat' dir='ltr'>pertinere</span> <span class='ocrx_word' id='word_1_1330' title='bbox 1939 3240 2113 3278; x_wconf 86' lang='lat' dir='ltr'>noscuntur,</span> <span class='ocrx_word' id='word_1_1331' title='bbox 2131 3239 2270 3270; x_wconf 84' lang='lat' dir='ltr'>Precibus</span> <span class='ocrx_word' id='word_1_1332' title='bbox 2278 3248 2332 3269; x_wconf 90' lang='lat' dir='ltr'>no-</span> <span class='ocrx_word' id='word_1_1333' title='bbox 2347 3238 2378 3261; x_wconf 78' lang='lat' dir='ltr'>E.</span> <span class='ocrx_word' id='word_1_1334' title='bbox 2399 3244 2426 3263; x_wconf 90' lang='lat'>2·</span> 
     </span>
     <span class='ocr_line' id='line_1_178' title="bbox 1262 3279 2434 3318; baseline -0.002 -9"><span class='ocrx_word' id='word_1_1335' title='bbox 1262 3280 1322 3310; x_wconf 83' lang='lat' dir='ltr'>stris</span> <span class='ocrx_word' id='word_1_1336' title='bbox 1335 3281 1455 3310; x_wconf 85' lang='lat' dir='ltr'>libenter</span> <span class='ocrx_word' id='word_1_1337' title='bbox 1475 3281 1613 3317; x_wconf 86' lang='lat' dir='ltr'>annuetis,</span> <span class='ocrx_word' id='word_1_1338' title='bbox 1631 3281 1680 3318; x_wconf 68' lang='grc' dir='ltr'>ὃς,</span> <span class='ocrx_word' id='word_1_1339' title='bbox 1698 3289 1729 3310; x_wconf 86' lang='lat' dir='ltr'>ut</span> <span class='ocrx_word' id='word_1_1340' title='bbox 1750 3279 1845 3310; x_wconf 87' lang='lat' dir='ltr'>nostra</span> <span class='ocrx_word' id='word_1_1341' title='bbox 1859 3279 1990 3310; x_wconf 86' lang='lat' dir='ltr'>desideria</span> <span class='ocrx_word' id='word_1_1342' title='bbox 2004 3279 2188 3317; x_wconf 70' lang='lat' dir='ltr'>impleantur,</span> <span class='ocrx_word' id='word_1_1343' title='bbox 2205 3286 2332 3316; x_wconf 85' lang='lat' dir='ltr'>appone·</span> <span class='ocrx_word' id='word_1_1344' title='bbox 2349 3281 2386 3300; x_wconf 77' lang='lat'>⁷⁷¹-</span> <span class='ocrx_word' id='word_1_1345' title='bbox 2411 3281 2434 3307; x_wconf 61' lang='lat' dir='ltr'>&#39;ff</span> 
     </span>
     <span class='ocr_line' id='line_1_179' title="bbox 1263 3317 1752 3356; baseline -0.002 -8"><span class='ocrx_word' id='word_1_1346' title='bbox 1263 3320 1297 3348; x_wconf 90' lang='lat' dir='ltr'>tis</span> <span class='ocrx_word' id='word_1_1347' title='bbox 1311 3328 1378 3348; x_wconf 87' lang='lat' dir='ltr'>cum</span> <span class='ocrx_word' id='word_1_1348' title='bbox 1392 3318 1521 3349; x_wconf 70' lang='lat' dir='ltr'>efficacia</span> <span class='ocrx_word' id='word_1_1349' title='bbox 1537 3327 1625 3356; x_wconf 84' lang='lat' dir='ltr'>partes</span> <span class='ocrx_word' id='word_1_1350' title='bbox 1639 3317 1752 3348; x_wconf 85' lang='lat' dir='ltr'>vestras.</span> 
     </span>
     <span class='ocr_line' id='line_1_180' title="bbox 1299 3353 2332 3396; baseline -0.003 -10"><span class='ocrx_word' id='word_1_1351' title='bbox 1299 3356 1372 3387; x_wconf 77' lang='lat' dir='ltr'>Sane</span> <span class='ocrx_word' id='word_1_1352' title='bbox 1392 3366 1480 3396; x_wconf 90' lang='lat' dir='ltr'>nuper</span> <span class='ocrx_word' id='word_1_1353' title='bbox 1492 3380 1502 3395; x_wconf 86' lang='lat'>,</span> <span class='ocrx_word' id='word_1_1354' title='bbox 1520 3356 1673 3387; x_wconf 85' lang='lat' dir='ltr'>Exonienfi</span> <span class='ocrx_word' id='word_1_1355' title='bbox 1694 3355 1822 3387; x_wconf 62' lang='lat' dir='ltr'>Ecclesia</span> <span class='ocrx_word' id='word_1_1356' title='bbox 1849 3355 1898 3387; x_wconf 89' lang='lat' dir='ltr'>suo</span> <span class='ocrx_word' id='word_1_1357' title='bbox 1913 3356 2024 3387; x_wconf 75' lang='lat' dir='ltr'>viduata</span> <span class='ocrx_word' id='word_1_1358' title='bbox 2038 3355 2170 3393; x_wconf 88' lang='lat' dir='ltr'>Pastore,</span> <span class='ocrx_word' id='word_1_1359' title='bbox 2189 3353 2332 3385; x_wconf 86' lang='lat' dir='ltr'>Canonici</span> 
     </span>
     <span class='ocr_line' id='line_1_181' title="bbox 1262 3391 2329 3463; baseline -0.006 -37"><span class='ocrx_word' id='word_1_1360' title='bbox 1262 3395 1385 3462; x_wconf 57' lang='lat' dir='ltr'>ejusdep‘i</span> <span class='ocrx_word' id='word_1_1361' title='bbox 1405 3395 1539 3463; x_wconf 63' lang='lat' dir='ltr'>Eccllesiae</span> <span class='ocrx_word' id='word_1_1362' title='bbox 1560 3395 1645 3433; x_wconf 72' lang='lat' dir='ltr'>petita</span> <span class='ocrx_word' id='word_1_1363' title='bbox 1662 3405 1677 3426; x_wconf 87' lang='lat' dir='ltr'>a</span> <span class='ocrx_word' id='word_1_1364' title='bbox 1700 3396 1783 3426; x_wconf 91' lang='lat' dir='ltr'>nobis</span> <span class='ocrx_word' id='word_1_1365' title='bbox 1798 3394 1920 3435; x_wconf 88' lang='lat' dir='ltr'>eligendi</span> <span class='ocrx_word' id='word_1_1366' title='bbox 1935 3395 2067 3434; x_wconf 77' lang='lat' dir='ltr'>licentia,</span> <span class='ocrx_word' id='word_1_1367' title='bbox 2085 3394 2146 3430; x_wconf 60' lang='lat' dir='ltr'>&amp;a</span> <span class='ocrx_word' id='word_1_1368' title='bbox 2154 3399 2236 3432; x_wconf 84' lang='lat' dir='ltr'>prout</span> <span class='ocrx_word' id='word_1_1369' title='bbox 2241 3391 2329 3431; x_wconf 82' lang='lat' dir='ltr'>supra</span> 
     </span>
     <span class='ocr_line' id='line_1_182' title="bbox 1261 3444 1611 3464; baseline 0.006 -2"><span class='ocrx_word' id='word_1_1370' title='bbox 1261 3445 1277 3462; x_wconf 75' lang='lat' dir='ltr'><em>u</em></span> <span class='ocrx_word' id='word_1_1371' title='bbox 1309 3445 1340 3462; x_wconf 66' lang='lat' dir='ltr'>u?</span> <span class='ocrx_word' id='word_1_1372' title='bbox 1361 3444 1410 3462; x_wconf 75' lang='lat' dir='ltr'>Jaec</span> <span class='ocrx_word' id='word_1_1373' title='bbox 1424 3445 1475 3463; x_wconf 68' lang='lat' dir='ltr'>Uer</span> <span class='ocrx_word' id='word_1_1374' title='bbox 1495 3444 1528 3462; x_wconf 73' lang='grc' dir='ltr'>α’</span> <span class='ocrx_word' id='word_1_1375' title='bbox 1549 3445 1611 3464; x_wconf 69' lang='lat' dir='ltr'>viz.</span> 
     </span>
     <span class='ocr_line' id='line_1_183' title="bbox 1271 3433 2434 3513; baseline -0.005 -10"><span class='ocrx_word' id='word_1_1376' title='bbox 1271 3433 1319 3489; x_wconf 42' lang='grc' dir='ltr'>[θ’</span> <span class='ocrx_word' id='word_1_1377' title='bbox 1339 3471 1474 3502; x_wconf 90' lang='lat' dir='ltr'>Domino</span> <span class='ocrx_word' id='word_1_1378' title='bbox 1494 3457 1619 3503; x_wconf 66' lang='lat' dir='ltr'>Summo</span> <span class='ocrx_word' id='word_1_1379' title='bbox 1639 3472 1774 3503; x_wconf 86' lang='lat' dir='ltr'>Pontifici</span> <span class='ocrx_word' id='word_1_1380' title='bbox 1791 3496 1800 3511; x_wconf 83' lang='lat'>,</span> <span class='ocrx_word' id='word_1_1381' title='bbox 1818 3483 1867 3513; x_wconf 85' lang='lat' dir='ltr'>per</span> <span class='ocrx_word' id='word_1_1382' title='bbox 1886 3473 1949 3503; x_wconf 87' lang='lat' dir='ltr'>alias</span> <span class='ocrx_word' id='word_1_1383' title='bbox 1970 3472 2079 3503; x_wconf 86' lang='lat' dir='ltr'>nostras</span> <span class='ocrx_word' id='word_1_1384' title='bbox 2097 3471 2229 3513; x_wconf 69' lang='lat' dir='ltr'>LitteraS‚</span> <span class='ocrx_word' id='word_1_1385' title='bbox 2246 3467 2327 3498; x_wconf 84' lang='lat' dir='ltr'>duxi·</span> <span class='ocrx_word' id='word_1_1386' title='bbox 2343 3475 2361 3493; x_wconf 62' lang='grc' dir='ltr'>-κ</span> <span class='ocrx_word' id='word_1_1387' title='bbox 2381 3479 2434 3506; x_wconf 53' lang='lat' dir='ltr'>IV·</span> 
     </span>
     <span class='ocr_line' id='line_1_184' title="bbox 1260 3506 2411 3553; baseline -0.003 -13"><span class='ocrx_word' id='word_1_1388' title='bbox 1260 3519 1323 3541; x_wconf 89' lang='lat' dir='ltr'>mus</span> <span class='ocrx_word' id='word_1_1389' title='bbox 1345 3511 1393 3548; x_wconf 88' lang='lat' dir='ltr'>sup</span> <span class='ocrx_word' id='word_1_1390' title='bbox 1413 3511 1557 3542; x_wconf 90' lang='lat' dir='ltr'>licandum</span> <span class='ocrx_word' id='word_1_1391' title='bbox 1571 3535 1580 3549; x_wconf 93' lang='lat'>‚</span> <span class='ocrx_word' id='word_1_1392' title='bbox 1605 3513 1734 3551; x_wconf 76' lang='lat' dir='ltr'>quatinus</span> <span class='ocrx_word' id='word_1_1393' title='bbox 1746 3535 1755 3549; x_wconf 93' lang='lat'>,</span> <span class='ocrx_word' id='word_1_1394' title='bbox 1774 3512 1947 3542; x_wconf 81' lang='lat' dir='ltr'>dissimulato</span> <span class='ocrx_word' id='word_1_1395' title='bbox 1960 3506 2326 3551; x_wconf 70' lang='lat' dir='ltr'>Resezrvatiomsrigore(s1</span> <span class='ocrx_word' id='word_1_1396' title='bbox 2345 3523 2411 3553; x_wconf 83' lang='lat'>24¹·</span> 
     </span>
     <span class='ocr_line' id='line_1_185' title="bbox 1258 3522 2326 3589; baseline -0.006 -10"><span class='ocrx_word' id='word_1_1397' title='bbox 1258 3559 1322 3588; x_wconf 82' lang='lat' dir='ltr'>quae</span> <span class='ocrx_word' id='word_1_1398' title='bbox 1343 3522 1432 3580; x_wconf 56' lang='lat' dir='ltr'>foriiin</span> <span class='ocrx_word' id='word_1_1399' title='bbox 1453 3551 1639 3587; x_wconf 60' lang='lat' dir='ltr'>praecesserit)</span> <span class='ocrx_word' id='word_1_1400' title='bbox 1658 3560 1708 3588; x_wconf 87' lang='lat' dir='ltr'>per</span> <span class='ocrx_word' id='word_1_1401' title='bbox 1729 3560 1815 3589; x_wconf 91' lang='lat' dir='ltr'>quam</span> <span class='ocrx_word' id='word_1_1402' title='bbox 1837 3551 1918 3589; x_wconf 85' lang='lat' dir='ltr'>ipsius</span> <span class='ocrx_word' id='word_1_1403' title='bbox 1938 3549 2032 3580; x_wconf 68' lang='lat' dir='ltr'>Eieeti</span> <span class='ocrx_word' id='word_1_1404' title='bbox 2054 3544 2253 3589; x_wconf 63' lang='lat' dir='ltr'>Promotioad</span> <span class='ocrx_word' id='word_1_1405' title='bbox 2268 3543 2326 3589; x_wconf 45' lang='lat' dir='ltr'>Ee·-</span> 
     </span>
     <span class='ocr_line' id='line_1_186' title="bbox 1258 3587 2327 3628; baseline -0.006 -11"><span class='ocrx_word' id='word_1_1406' title='bbox 1258 3588 1368 3618; x_wconf 82' lang='lat' dir='ltr'>cleiiam</span> <span class='ocrx_word' id='word_1_1407' title='bbox 1388 3589 1553 3628; x_wconf 65' lang='lat' dir='ltr'>praedictam</span> <span class='ocrx_word' id='word_1_1408' title='bbox 1574 3588 1657 3628; x_wconf 85' lang='lat' dir='ltr'>possit</span> <span class='ocrx_word' id='word_1_1409' title='bbox 1676 3588 1771 3628; x_wconf 67' lang='lat' dir='ltr'>(quod</span> <span class='ocrx_word' id='word_1_1410' title='bbox 1797 3589 1883 3624; x_wconf 86' lang='lat' dir='ltr'>absit)</span> <span class='ocrx_word' id='word_1_1411' title='bbox 1902 3587 2045 3625; x_wconf 87' lang='lat' dir='ltr'>impediri,</span> <span class='ocrx_word' id='word_1_1412' title='bbox 2063 3590 2255 3627; x_wconf 76' lang='lat' dir='ltr'>:equanimiter</span> <span class='ocrx_word' id='word_1_1413' title='bbox 2269 3591 2327 3627; x_wconf 75' lang='lat' dir='ltr'>pau</span> 
     </span>
     <span class='ocr_line' id='line_1_187' title="bbox 1259 3620 2327 3665; baseline -0.006 -9"><span class='ocrx_word' id='word_1_1414' title='bbox 1259 3626 1388 3665; x_wconf 89' lang='lat' dir='ltr'>dignetur</span> <span class='ocrx_word' id='word_1_1415' title='bbox 1409 3627 1488 3665; x_wconf 90' lang='lat' dir='ltr'>quod</span> <span class='ocrx_word' id='word_1_1416' title='bbox 1502 3627 1578 3658; x_wconf 56' lang='lat' dir='ltr'>dista</span> <span class='ocrx_word' id='word_1_1417' title='bbox 1592 3625 1721 3665; x_wconf 66' lang='lat' dir='ltr'>Eleetio,</span> <span class='ocrx_word' id='word_1_1418' title='bbox 1740 3628 1781 3657; x_wconf 92' lang='lat' dir='ltr'>ob</span> <span class='ocrx_word' id='word_1_1419' title='bbox 1798 3627 1881 3665; x_wconf 88' lang='lat' dir='ltr'>ipsius</span> <span class='ocrx_word' id='word_1_1420' title='bbox 1895 3626 1988 3657; x_wconf 70' lang='lat' dir='ltr'>Eleeti</span> <span class='ocrx_word' id='word_1_1421' title='bbox 2002 3629 2216 3665; x_wconf 78' lang='lat' dir='ltr'>praerogativam</span> <span class='ocrx_word' id='word_1_1422' title='bbox 2232 3620 2327 3651; x_wconf 91' lang='lat' dir='ltr'>Meri-</span> 
     </span>
     <span class='ocr_line' id='line_1_188' title="bbox 1258 3658 2326 3733; baseline -0.007 -38"><span class='ocrx_word' id='word_1_1423' title='bbox 1258 3674 1354 3733; x_wconf 53' lang='lat' dir='ltr'>[dirum</span> <span class='ocrx_word' id='word_1_1424' title='bbox 1368 3688 1377 3704; x_wconf 86' lang='lat'>,</span> <span class='ocrx_word' id='word_1_1425' title='bbox 1394 3675 1427 3696; x_wconf 89' lang='lat' dir='ltr'>ac</span> <span class='ocrx_word' id='word_1_1426' title='bbox 1449 3666 1534 3696; x_wconf 86' lang='lat' dir='ltr'>totius</span> <span class='ocrx_word' id='word_1_1427' title='bbox 1553 3665 1650 3705; x_wconf 85' lang='lat' dir='ltr'>Regni</span> <span class='ocrx_word' id='word_1_1428' title='bbox 1668 3665 1757 3695; x_wconf 92' lang='lat' dir='ltr'>nostri</span> <span class='ocrx_word' id='word_1_1429' title='bbox 1780 3666 1928 3697; x_wconf 87' lang='lat' dir='ltr'>utilitatem</span> <span class='ocrx_word' id='word_1_1430' title='bbox 1943 3687 1954 3703; x_wconf 90' lang='lat'>,</span> <span class='ocrx_word' id='word_1_1431' title='bbox 1971 3670 2100 3699; x_wconf 84' lang='lat' dir='ltr'>optatum</span> <span class='ocrx_word' id='word_1_1432' title='bbox 2114 3660 2241 3690; x_wconf 83' lang='lat' dir='ltr'>sortiatur</span> <span class='ocrx_word' id='word_1_1433' title='bbox 2257 3658 2326 3690; x_wconf 83' lang='lat' dir='ltr'>effe-</span> 
     </span>
     <span class='ocr_line' id='line_1_189' title="bbox 1291 3713 1355 3733; baseline 0.016 -1"><span class='ocrx_word' id='word_1_1434' title='bbox 1291 3713 1355 3733; x_wconf 86' lang='lat' dir='ltr'>um·</span> 
     </span>
     <span class='ocr_line' id='line_1_190' title="bbox 1294 3727 2326 3782; baseline -0.006 -10"><span class='ocrx_word' id='word_1_1435' title='bbox 1294 3727 1494 3773; x_wconf 64' lang='lat' dir='ltr'>paternitatem</span> <span class='ocrx_word' id='word_1_1436' title='bbox 1514 3741 1638 3772; x_wconf 87' lang='lat' dir='ltr'>vestram</span> <span class='ocrx_word' id='word_1_1437' title='bbox 1658 3750 1789 3782; x_wconf 82' lang='lat' dir='ltr'>rogamus</span> <span class='ocrx_word' id='word_1_1438' title='bbox 1809 3743 1844 3773; x_wconf 89' lang='lat'>&amp;</span> <span class='ocrx_word' id='word_1_1439' title='bbox 1864 3739 2032 3778; x_wconf 86' lang='lat' dir='ltr'>requirimus</span> <span class='ocrx_word' id='word_1_1440' title='bbox 2045 3746 2080 3768; x_wconf 89' lang='lat' dir='ltr'>ex</span> <span class='ocrx_word' id='word_1_1441' title='bbox 2093 3735 2217 3774; x_wconf 70' lang='lat' dir='ltr'>effeetu‚</span> <span class='ocrx_word' id='word_1_1442' title='bbox 2231 3737 2326 3779; x_wconf 73' lang='lat' dir='ltr'>quati-</span> 
     </span>
     <span class='ocr_line' id='line_1_191' title="bbox 1258 3776 2324 3819; baseline -0.005 -10"><span class='ocrx_word' id='word_1_1443' title='bbox 1258 3780 1312 3810; x_wconf 69' lang='lat' dir='ltr'>nus</span> <span class='ocrx_word' id='word_1_1444' title='bbox 1334 3790 1417 3817; x_wconf 87' lang='lat' dir='ltr'>penes</span> <span class='ocrx_word' id='word_1_1445' title='bbox 1437 3781 1547 3811; x_wconf 58' lang='lat' dir='ltr'>dietum</span> <span class='ocrx_word' id='word_1_1446' title='bbox 1569 3780 1734 3812; x_wconf 89' lang='lat' dir='ltr'>Dominum</span> <span class='ocrx_word' id='word_1_1447' title='bbox 1752 3781 1906 3811; x_wconf 90' lang='lat' dir='ltr'>Summum</span> <span class='ocrx_word' id='word_1_1448' title='bbox 1923 3776 2116 3813; x_wconf 82' lang='lat' dir='ltr'>Pontificem,</span> <span class='ocrx_word' id='word_1_1449' title='bbox 2133 3783 2165 3819; x_wconf 68' lang='lat' dir='ltr'>ut</span> <span class='ocrx_word' id='word_1_1450' title='bbox 2177 3783 2251 3805; x_wconf 87' lang='lat' dir='ltr'>votis</span> <span class='ocrx_word' id='word_1_1451' title='bbox 2268 3785 2324 3806; x_wconf 90' lang='lat' dir='ltr'>no-</span> 
     </span>
     <span class='ocr_line' id='line_1_192' title="bbox 1258 3811 2325 3859; baseline -0.003 -11"><span class='ocrx_word' id='word_1_1452' title='bbox 1258 3817 1319 3848; x_wconf 81' lang='lat' dir='ltr'>stris</span> <span class='ocrx_word' id='word_1_1453' title='bbox 1335 3827 1437 3849; x_wconf 85' lang='lat' dir='ltr'>annuat</span> <span class='ocrx_word' id='word_1_1454' title='bbox 1450 3820 1479 3849; x_wconf 87' lang='lat' dir='ltr'>in</span> <span class='ocrx_word' id='word_1_1455' title='bbox 1496 3819 1548 3849; x_wconf 87' lang='lat' dir='ltr'>hac</span> <span class='ocrx_word' id='word_1_1456' title='bbox 1563 3827 1655 3859; x_wconf 83' lang='lat' dir='ltr'>parte,</span> <span class='ocrx_word' id='word_1_1457' title='bbox 1673 3820 1779 3856; x_wconf 89' lang='lat' dir='ltr'>velitis,</span> <span class='ocrx_word' id='word_1_1458' title='bbox 1794 3818 1815 3848; x_wconf 89' lang='lat' dir='ltr'>fi</span> <span class='ocrx_word' id='word_1_1459' title='bbox 1827 3817 1938 3858; x_wconf 83' lang='lat' dir='ltr'>placet,</span> <span class='ocrx_word' id='word_1_1460' title='bbox 1956 3824 2054 3846; x_wconf 90' lang='lat' dir='ltr'>amore</span> <span class='ocrx_word' id='word_1_1461' title='bbox 2068 3811 2159 3857; x_wconf 84' lang='lat' dir='ltr'>nostri</span> <span class='ocrx_word' id='word_1_1462' title='bbox 2174 3836 2184 3851; x_wconf 90' lang='lat'>,</span> <span class='ocrx_word' id='word_1_1463' title='bbox 2201 3823 2254 3852; x_wconf 86' lang='lat' dir='ltr'>pro</span> <span class='ocrx_word' id='word_1_1464' title='bbox 2270 3813 2325 3845; x_wconf 88' lang='lat' dir='ltr'>Pa-</span> 
     </span>
     <span class='ocr_line' id='line_1_193' title="bbox 1257 3851 2322 3924; baseline 0.007 -38"><span class='ocrx_word' id='word_1_1465' title='bbox 1257 3865 1292 3886; x_wconf 92' lang='lat' dir='ltr'>ce</span> <span class='ocrx_word' id='word_1_1466' title='bbox 1312 3857 1345 3887; x_wconf 90' lang='lat'>&amp;</span> <span class='ocrx_word' id='word_1_1467' title='bbox 1362 3857 1571 3924; x_wconf 43' lang='lat' dir='ltr'>Tranquilitate</span> <span class='ocrx_word' id='word_1_1468' title='bbox 1594 3858 1691 3899; x_wconf 87' lang='lat' dir='ltr'>Regni</span> <span class='ocrx_word' id='word_1_1469' title='bbox 1712 3856 1801 3888; x_wconf 89' lang='lat' dir='ltr'>nostri</span> <span class='ocrx_word' id='word_1_1470' title='bbox 1812 3878 1823 3896; x_wconf 83' lang='lat'><em>‚</em></span> <span class='ocrx_word' id='word_1_1471' title='bbox 1837 3864 1928 3894; x_wconf 84' lang='lat' dir='ltr'>opem</span> <span class='ocrx_word' id='word_1_1472' title='bbox 1948 3854 1983 3885; x_wconf 88' lang='lat'>&amp;</span> <span class='ocrx_word' id='word_1_1473' title='bbox 1997 3851 2148 3884; x_wconf 83' lang='lat' dir='ltr'>confilium</span> <span class='ocrx_word' id='word_1_1474' title='bbox 2161 3861 2322 3892; x_wconf 77' lang='lat' dir='ltr'>apponere,</span> 
     </span>
     <span class='ocr_line' id='line_1_194' title="bbox 1277 3904 1460 3927; baseline 0.011 -3"><span class='ocrx_word' id='word_1_1475' title='bbox 1277 3905 1320 3924; x_wconf 86' lang='lat' dir='ltr'>uae</span> <span class='ocrx_word' id='word_1_1476' title='bbox 1354 3904 1403 3925; x_wconf 90' lang='lat' dir='ltr'>ote</span> <span class='ocrx_word' id='word_1_1477' title='bbox 1430 3907 1460 3927; x_wconf 79' lang='lat' dir='ltr'>is.</span> 
     </span>
     <span class='ocr_line' id='line_1_195' title="bbox 1257 3904 2176 3975; baseline -0.007 -11"><span class='ocrx_word' id='word_1_1478' title='bbox 1257 3904 1275 3934; x_wconf 73' lang='lat' dir='ltr'>q</span> <span class='ocrx_word' id='word_1_1479' title='bbox 1294 3904 1361 3964; x_wconf 58' lang='lat' dir='ltr'>Dali.</span> <span class='ocrx_word' id='word_1_1480' title='bbox 1376 3934 1450 3972; x_wconf 85' lang='lat' dir='ltr'>apud</span> <span class='ocrx_word' id='word_1_1481' title='bbox 1465 3934 1651 3968; x_wconf 89' lang='lat' dir='ltr'>Kenilworth</span> <span class='ocrx_word' id='word_1_1482' title='bbox 1662 3958 1672 3975; x_wconf 85' lang='lat'>,</span> <span class='ocrx_word' id='word_1_1483' title='bbox 1690 3934 1806 3967; x_wconf 89' lang='lat' dir='ltr'>decimo</span> <span class='ocrx_word' id='word_1_1484' title='bbox 1819 3932 1926 3965; x_wconf 66' lang='lat' dir='ltr'>ostavo</span> <span class='ocrx_word' id='word_1_1485' title='bbox 1936 3930 1983 3962; x_wconf 89' lang='lat' dir='ltr'>die</span> <span class='ocrx_word' id='word_1_1486' title='bbox 1994 3927 2176 3960; x_wconf 86' lang='lat' dir='ltr'>Decembris.</span> 
     </span>
    </p>
   </div>
   <div class='ocr_carea' id='block_1_52' title="bbox 2249 3991 2332 4045">
    <p class='ocr_par' dir='ltr' id='par_1_72' title="bbox 2249 3991 2332 4045">
     <span class='ocr_line' id='line_1_196' title="bbox 2249 3991 2332 4045; baseline -0.024 -7"><span class='ocrx_word' id='word_1_1487' title='bbox 2249 3991 2332 4045; x_wconf 68' lang='lat' dir='ltr'>Coa-j</span> 
     </span>
    </p>
   </div>
  </div>
 </body>
</html>
