2562 4279
794 188 906 230 ET
989 181 1259 228 ACTA

28 270 157 305 Arm-D·
172 274 346 315 Episcopum
366 287 457 308 unum
475 277 531 308 esse
547 271 697 311 volumus)
718 274 829 315 plenam
850 273 1023 305 Potestatem
1044 273 1078 304 ad
1095 272 1236 315 praemissa

46 316 131 349 '¹324-
174 315 273 344 omnia
283 316 316 346 ὃς
332 317 433 355 lingula
447 315 608 347 faciendum
623 316 656 345 &
672 314 879 344 excercendum
894 313 925 343 in
939 311 1033 342 forma
1047 310 1218 350 supradieia3

26 351 95 377 Edv.
112 358 138 376 2.

216 352 324 384 Ratum
345 355 467 386 habituri
485 356 518 385 δε
535 353 652 384 firmum
672 351 828 391 quicquid,
847 361 896 389 per
915 351 1001 393 ipsoS,
1019 360 1140 386 omnm,
1155 349 1238 387 quin-

176 401 257 430 que,
286 401 425 432 quatuor,
458 393 503 423 vel
527 401 581 422 tres
599 401 701 421 eorum
726 392 866 428 (quorum
890 393 1040 427 praelatum
1062 387 1239 425 Episcopum

178 440 269 460 unum
289 432 346 462 esse
365 430 516 467 volumus)
538 430 685 462 traetaturn
699 452 710 467 ,
735 427 961 464 concordatum,
980 427 1128 463 vallatum,
1147 425 1241 469 firma-

178 478 241 499 tum
264 470 297 500 &
313 471 479 501 roboratum
493 469 594 507 fuerit,
610 467 710 498 nostro
723 468 859 505 nomine,
879 467 912 497 &
924 464 1055 496 Ducatfis
1069 464 1158 495 nostri
1170 474 1242 505 prae-

175 507 245 538 dieii
252 533 261 548 ,
280 509 310 552 iri
326 508 478 547 praemiffis.

215 545 250 576 In
264 557 358 585 cujus,
377 549 438 578 &c.
791 581 797 586 ²
877 580 892 587 .-

251 584 321 616 Dat.
336 585 411 625 apud
425 583 631 623 Porcestriam,
648 583 755 614 οᾶἰεεινο
769 580 814 612 die
824 579 902 619 Julu.

820 659 874 687 Per
887 656 969 696 ipfiaem
982 660 1086 696 Regem.

249 738 400 770 Onfimiles
424 738 546 774 Literae,
561 735 598 766 de
612 735 703 765 verbo
718 733 752 764 ad
764 733 902 773 verbum,
917 734 1005 772 fiunt,
1019 734 1069 765 sub
1082 733 1246 764 nominibus

257 777 424 808 eorumdem
435 775 602 815 ,Johannis,
617 773 739 803 Henrici
747 796 755 808 ‚
766 772 918 810 Joliaiinis,
928 773 963 804 &
972 772 1109 812 Ricardi3
1123 772 1246 811 exceptis

181 739 241 800 C

178 817 229 847 illis
242 816 349 854 verbis,
362 814 447 855 fizlvd
460 811 686 844 exhaeredationis
702 810 797 849 nollrae
813 811 926 850 injuria.

34 1149 110 1181 Arm.
126 1147 168 1179 D.

35 1197 152 1257 Ara.

35 1271 68 1295 E.
89 1277 115 1294 2.

35 1303 149 1334 Pat.18.

35 1348 67 1372 Ε.
87 1354 113 1374 2.

34 1389 60 1421 p.
82 1392 105 1410 ι.

35 1431 71 1448 m.
91 1429 136 1458 37.

42 2128 182 2159 *1V.662

48 2216 127 2250 Anti.
141 2214 182 2247 D.

46 2263 161 2321 Αῗῗῖἓ·

46 2337 75 2360 Ξ.
92 2316 124 2359 ἰ.
157 2315 164 2321 .

44 2374 104 2398 Pat.
124 2369 168 2399 18.

47 2413 78 2437 E.

41 2452 72 2485 p.

44 2494 85 2515 m.
101 2494 145 2524 37.

95 2418 122 2435 2.

94 2456 120 2476 Ι.

217 854 251 885 In
267 864 364 893 cujus,
382 855 442 884 &c.

256 892 326 924 Dat.
341 902 372 923 ut
385 891 470 931 supra.

180 1022 275 1066 Super
297 1014 384 1049 distis
407 1010 649 1060 Diffenstmibm5
672 1012 710 1106 οἱ
735 1012 924 1095 {uramenta
949 1016 981 1047 in
1005 1017 1144 1047 animam
1160 1015 1249 1061 Regis

624 1073 682 1109 prae
707 1073 747 1095 an
770 1076 795 1095 o.

186 1147 317 1206 REX
338 1148 485 1187 universis,
502 1149 563 1180 &c.
581 1148 716 1180 Salutem.

299 1188 380 1219 Cum
401 1198 470 1225 nos,
488 1187 652 1218 affectantes
672 1197 792 1218 omnem
817 1188 893 1225 pacis
912 1188 946 1219 &
965 1189 1065 1228 quietis
1078 1187 1252 1226 tranquilita-

184 1236 241 1259 tem
257 1250 267 1266 ,
292 1227 363 1257 inter
383 1227 557 1258 carissimum
578 1227 703 1257 Fratrem
722 1226 850 1257 nostrum
866 1249 874 1263 ,
903 1226 1068 1257 Dominum
1094 1225 1233 1257 Karolum

186 1266 244 1297 Dei
263 1266 367 1305 gratia,
385 1266 502 1303 Regem
522 1265 649 1296 Franciae
666 1265 699 1295 &
717 1264 858 1295 Navarrae
871 1264 1027 1303 Illustrem,
1045 1266 1079 1296 δε
1094 1275 1146 1298 nos
1160 1265 1227 1304 ipsiu
1241 1282 1254 1288 -

206 1314 242 1336 ue
262 1305 398 1336 Subditos
412 1305 445 1335 δε
460 1303 588 1342 nostros,
605 1302 740 1342 perpetua
756 1302 886 1335 firmitate
900 1304 1059 1341 subsistere,
1077 1313 1254 1341 omnemque

220 1343 372 1374 issensionis
384 1344 545 1380 materiam,
563 1351 698 1382 quantum
712 1343 743 1371 in
757 1342 841 1372 nobis
854 1341 911 1381 est,
925 1343 1091 1382 propulfiiri,
1103 1341 1162 1377 &n
1173 1348 1255 1380 prout

178 1382 263 1424 fitpra
279 1382 358 1422 ufiyue
371 1381 428 1411 haec
441 1380 546 1419 verba,
564 1384 625 1410 viz.

224 1422 272 1454 Ad
291 1420 478 1458 firmandum,
498 1429 548 1457 per
566 1419 782 1458 juramentum,
802 1420 831 1448 in
845 1420 969 1449 animam
983 1419 1109 1449 nostram
1123 1418 1256 1458 praestan-

187 1461 276 1500 dum,
294 1470 342 1498 ea,
359 1469 423 1498 quae
437 1460 465 1488 in
482 1458 627 1496 praemiffis
641 1459 677 1488 sic
691 1458 808 1488 trac'tata
826 1458 928 1488 fuerint
942 1458 974 1488 &
989 1458 1258 1496 coiicoi·data,prae=

186 1501 269 1538 fatis,
284 1498 409 1537 johanni
426 1497 462 1527 de
480 1497 603 1527 Stonore
618 1498 651 1527 &
663 1496 789 1535 Johanni
800 1496 836 1526 de
849 1496 1008 1535 Shordicli,
1027 1498 1059 1527 &
1077 1506 1176 1529 eorum
1191 1496 1258 1526 alte-

187 1540 229 1577 ri,
248 1538 376 1576 plenam,
394 1545 493 1566 tenore
507 1536 706 1575 praesentium,
724 1536 935 1565 committimus
949 1536 981 1567 &
999 1535 1185 1567 concedimus
1199 1533 1258 1565 Po-

185 1578 334 1613 testatem,
353 1584 442 1606 ratum
458 1574 579 1605 habituri
593 1575 625 1606 ὅ(
642 1573 759 1604 firmum
772 1573 907 1614 quicquid
922 1584 972 1611 per
987 1574 1057 1611 ipios
1067 1597 1076 1611 ,
1091 1572 1258 1611 Johannem

186 1616 222 1648 &
237 1614 422 1655 johannem,
439 1613 485 1644 vel
505 1623 606 1643 eorum
631 1613 768 1652 alterurn,
786 1611 885 1646 nostro
898 1613 1035 1651 nomine,
1055 1612 1164 1643 factum
1176 1611 1259 1642 fuerit

187 1656 216 1685 in
252 1651 388 1684 raemiffis.

237 1703 257 1723 n
273 1693 366 1730 cujus,
383 1691 444 1722 ὅτε.

259 1729 329 1761 Dat.
348 1729 422 1771 apud
441 1727 630 1761 Porcestriam
642 1750 653 1767 ,
672 1727 780 1758 oetavo
800 1726 846 1757 die
861 1727 939 1765 Julii.

819 1806 874 1834 Per
888 1803 972 1845 ipsitm
990 1807 1099 1843 Regum.

192 1882 415 1945 COnfimiles
434 1881 538 1913 Literae
558 1882 629 1913 fiunt
648 1905 657 1921 ,
687 1882 723 1912 de
741 1882 830 1912 verbo
848 1881 883 1913 ad
900 1884 1021 1914 verbum
1051 1882 1190 1921 (exceptis
1211 1882 1262 1913 illis

271 1923 360 1952 verbis
370 1921 461 1961 sdlvd
476 1921 703 1952 exhaeredationis
717 1921 840 1959 injuriti)
861 1922 911 1952 sub
925 1921 1091 1952 nominibus
1105 1921 1262 1960 dictorum,

187 1960 324 2030 Joharffiiis
341 1961 375 1991 de
392 1960 513 2031 Sstonore
527 1961 561 1991 &
571 1960 710 1999 Johannis
725 1960 761 1990 de
775 1960 937 1999 Shordich,
954 1961 987 1992 &
1002 1971 1102 1992 eorum
1118 1961 1234 1990 alterius.

302 2009 337 2031 at.
357 2009 386 2031 ut
414 2010 490 2038 upra.

385 2121 412 2148 ’ᾖ
424 2126 471 2158 De
491 2123 629 2168 Custodia
649 2123 745 2168 Castri
764 2123 801 2157 de.
819 2127 930 2159 Monte
947 2124 1067 2171 Peffizto.

198 2207 509 2264 REX³.⁰mnib}²³³
526 2209 559 2240 ad
574 2220 659 2254 unS,
678 2210 739 2241 &c.
756 2210 890 2254 Salutem.
953 2250 957 2255 ⁵
1008 2250 1013 2255 ¹

221 2283 226 2288 η
306 2247 403 2277 Sciatis
419 2249 498 2286 quod
515 2249 712 2293 commisimus
719 2272 731 2293 ,³
749 2249 855 2280 dilecto
871 2250 905 2280 &
926 2249 1014 2280 Fideli
1028 2248 1142 2293 nostro,
1153 2248 1265 2288 Johan-

198 2284 613 2364 ηέἓῗᾶῃὸἶῑῗιὲἔὲῃξῖυίὶοὼεω
632 2287 726 2318 Castu
740 2287 775 2318 de
790 2287 898 2319 Monte
912 2288 1022 2319 Pelsato
1032 2311 1041 2328 ‚
1062 2288 1132 2319 infra
1145 2289 1267 2324 Terram

199 2333 217 2353 n
234 2362 405 2394 Habendam
427 2349 625 2402 &'regendam
638 2375 687 2403 per
700 2364 744 2403 se,
760 2363 805 2395 vel
820 2374 868 2408 per
883 2365 971 2396 alium
981 2388 990 2404 ,
1009 2374 1097 2409 quem
1112 2375 1161 2409 per
1174 2364 1268 2397 Litte-

199 2401 1043 2480 {itisssissulssasfiffi{Zraffoff‘ffiessiffiieiilfflffiffffi‚qumdm
1057 2405 1140 2435 ¹¹⁰¹³¹⁵
1154 2404 1269 2443 ‘flam'

234 2476 654 2558 Ιηῦᾙῗιὸαἶὶιῗὶᾍοτεείὶῐὶαω,
671 2519 776 2550 οέὶανο
791 2519 836 2550 die
846 2519 925 2559 Julii.

802 2598 857 2627 Per
871 2596 954 2637 ipfiaem
968 2599 1075 2635 Regem.

288 2671 434 2709 Andatum
449 2673 489 2705 est
505 2673 664 2705 Edmundo
677 2674 714 2705 de
725 2673 895 2705 Wodestok
926 2670 1039 2705 Comiti
1055 2674 1189 2713 Kantiae,
1204 2673 1273 2704 Fra·-

297 2712 331 2755 tri
353 2711 402 2742 suo
421 2713 562 2743 carissimo
577 2736 587 2751 ,
614 2714 643 2743 in
665 2713 785 2753 partibus
804 2713 874 2744 dieti
897 2698 1046 2755 bimatus,
1082 2724 1115 2744 ro
1136 2712 1274 2755 Negotiis

201 2749 291 2791 Regis
313 2750 420 2787 ibidem
439 2751 617 2790 expediendis
632 2775 642 2790 ‚
666 2751 794 2782 existenti
807 2775 817 2791 ‚
842 2752 920 2791 quod
942 2753 1038 2783 eidem
1071 2753 1178 2783 ohanni
1194 2775 1204 2790 ,
1228 2751 1274 2783 vel

202 2787 352 2826 Deputato
363 2789 398 2820 ab
412 2799 464 2827 eo,
480 2789 616 2820 Castrum
632 2791 819 2831 praediC'tum‚
835 2801 904 2822 cum
918 2789 1115 2832 Pertinentiis²
1136 2791 1190 2821 un⁸a
1203 2800 1274 2821 cum

203 2826 377 2866 Armaturis,
396 2827 591 2866 Victualibus,
609 2828 642 2858 &
662 2829 794 2860 omnibus
815 2829 870 2860 aliis
892 2829 991 2861 Rebus
1005 2830 1108 2870 Regis,
1126 2830 1155 2861 in
1169 2829 1272 2860 eodem

203 2863 307 2894 Castro
327 2865 524 2906 existentibus,
542 2867 651 2897 liberari
671 2867 754 2898 faciat
773 2867 995 2900 custodiendum
1018 2870 1051 2900 &
1071 2868 1226 2910 regendum
1242 2869 1273 2899 in

203 2903 297 2932 forma
311 2904 453 2942 praedicta.

239 2940 312 2972 Dat.
330 2950 360 2972 ut
373 2941 459 2980 supra.

320 3018 420 3060 Duppl.

208 3094 373 3156 Eodem
401 3095 492 3130 modo
511 3096 673 3141 mandatum
696 3090 738 3127 est
761 3097 920 3143 Senescallo
943 3100 992 3148 suo
1013 3095 1163 3146 Vaseoniae
1180 3125 1190 3141 ‚
1224 3103 1274 3147 qui

283 3144 361 3165 nunc
379 3135 436 3175 est,
453 3135 498 3167 vel
517 3145 567 3176 qui
590 3146 641 3173 pro
657 3145 787 3173 tempore
807 3138 888 3167 fuerit
923 3139 1002 3176 quod
1025 3139 1119 3171 eidem
1131 3141 1257 3179 Johanni

208 3173 253 3206 vel
269 3172 308 3203 sic
325 3172 472 3212 Deputato
488 3174 524 3205 ab
537 3174 657 3213 eodem,
674 3173 808 3206 Casti-um
822 3161 908 3216 praedi
1264 3164 1274 3180 ³

244 3210 317 3242 Dat.
333 3219 364 3243 ut
376 3213 463 3254 supra.

206 3288 303 3349 ET
319 3287 484 3320 mandatum
503 3289 545 3321 est
564 3288 786 3324 Constabulario
805 3292 898 3324 Castri
919 3292 954 3324 de
971 3293 1078 3326 Monte
1095 3294 1224 3335 Ferrato,
1240 3305 1274 3327 ac

286 3329 437 3366 omnibus,
455 3329 488 3359 ὃς
503 3329 613 3369 singulis
623 3354 632 3368 ,
650 3330 680 3360 in
695 3330 799 3360 eodem
812 3331 1008 3371 existentibus,
1023 3334 1103 3373 quod
1117 3335 1211 3365 eidem
1221 3334 1276 3372 Jo-

206 3366 310 3405 hanni,
325 3366 370 3397 seu
390 3366 536 3406 Deputato
551 3368 587 3398 ab
607 3378 659 3405 eo,
677 3367 810 3399 Castrum
831 3371 1020 3409 praediorum,
1035 3383 1103 3403 cum
1126 3373 1276 3404 Pertinen-

208 3407 268 3445 tiis,
285 3405 340 3437 una
360 3415 428 3436 cum
451 3404 620 3445 (armaturis,
637 3408 698 3437 ἃς.
712 3408 741 3437 in
757 3407 860 3438 eodem
874 3408 977 3440 Castro
988 3410 1184 3449 existentibus,
1204 3409 1275 3442 libe-

207 3454 271 3476 rent
288 3442 506 3475 custodiendum
521 3445 550 3475 in
563 3444 657 3475 forma
670 3445 822 3483 praedieta,
839 3447 872 3477 ὃ(
884 3448 976 3478 eidem
988 3449 1131 3488 johanni,
1150 3451 1194 3481 seu
1210 3450 1275 3481 De-

209 3491 308 3521 putato
323 3481 499 3521 hujusmodi,
516 3483 545 3512 in
566 3482 634 3521 hiis,
654 3493 718 3522 quae
739 3485 777 3513 eis
799 3484 832 3513 Sc
854 3495 956 3516 eorum
974 3488 1085 3519 cuilicet
1099 3490 1225 3529 injunget
1240 3500 1274 3521 ex

209 3531 289 3559 parte
310 3520 398 3561 Regis
411 3545 420 3560 ,
445 3520 495 3551 sint
518 3520 709 3560 intendentes,
727 3522 918 3562 consulentes,
943 3524 977 3555 &
995 3527 1167 3566 auxiliantes,
1190 3537 1274 3568 prout

209 3570 260 3597 per
277 3561 369 3598 ipsum
385 3559 546 3603 Johannem
556 3582 565 3597 ,
582 3559 629 3603 scu
641 3559 754 3591 dietum
767 3560 964 3602 Deputatum,
984 3563 1061 3604 super
1072 3565 1146 3606 hoc,
1165 3576 1200 3597 ex
1210 3577 1274 3606 par-

211 3606 240 3629 te
253 3598 361 3637 Regis,
378 3600 481 3631 fuerint
494 3598 625 3637 requisiti.

245 3635 281 3667 In
297 3639 392 3676 cujus,
408 3639 468 3668 δῖε.

281 3675 351 3707 Dat.
364 3685 395 3707 ut
406 3676 493 3716 supra,

912 3177 1012 3216 ctum,
1029 3179 1090 3210 &c-
1114 3188 1146 3211 ut
1168 3179 1255 3221 supra.

847 3716 902 3747 Per
914 3716 997 3757 ipsiam
1009 3721 1114 3757 Regem.

540 3847 633 3890 Super
658 3841 795 3887 Custodia
805 3843 943 3889 praefata.

212 3925 345 3979 REX
364 3931 526 3969 commisit,
547 3930 656 3962 dileeto
675 3930 749 3960 fideli
770 3929 835 3966 suo,
852 3928 976 3966 Johanni
997 3929 1032 3959 de
1050 3928 1189 3966 Stonore,
1207 3928 1272 3960 Cu-

288 3965 406 3997 stodiam
420 3966 514 3999 Castri
530 3968 566 3999 de
582 3969 689 4000 Monte
703 3968 830 4005 Pessato,
848 3968 919 3997 inira
931 3967 1051 3998 Terram
1071 3967 1159 4006 Regis
1175 3967 1271 4007 Agen-

209 4007 257 4042 ni·‚
273 4003 430 4048 habendam
452 4008 587 4045 quamdiu
607 4007 687 4047 Regi
706 4007 859 4047 placuerit,
872 4013 957 4046 prout
975 4006 1002 4037 ei
1022 4014 1072 4046 per
1084 4004 1198 4046 Regem
1210 4007 1272 4047 ple-

207 4045 269 4076 nius
282 4042 324 4072 est
337 4043 508 4080 injunctum.

245 4082 280 4114 In
292 4083 386 4120 cujuS,
405 4081 465 4113 &c.

1343 182 1374 221 P
1412 184 1457 223 U
1496 187 1528 226 Β
1567 187 1602 227 L
1641 187 1661 228 I
1698 189 1736 229 C
1776 187 1824 228 A.
2266 196 2341 242 ¹03

1353 266 1444 298 Teste
1466 269 1550 307 Rege
1568 272 1643 309 apud
1656 272 1843 306 Porcestriam
1852 297 1863 315 ,
1878 273 1986 307 odi-avo
1998 270 2045 307 die
2054 275 2132 315 Julii.
2355 266 2490 348 A1⁰3⁰i49⁴

1912 354 1965 384 Per
1978 352 2060 393 ipficm
2075 356 2178 391 Regem.
2357 349 2427 377 Edv-
2445 356 2472 375 2.

1304 433 1307 434 ⁷
1339 418 1370 450 T
1389 422 1552 453 mandatum
1572 423 1613 454 est
1630 424 1753 463 Johanni
1774 427 1808 458 de
1827 428 1968 470 Stonore,
1985 431 2065 475 quod
2089 430 2201 469 Corpus
2218 428 2346 470 praediffl

1346 459 1450 503 Castri,
1470 462 1539 492 infra
1559 461 1682 494 Terram
1703 465 1793 503 Regis
1815 467 1923 505 Ageiiiii
1944 469 2040 508 (cujus
2055 470 2225 500 Custodiam
2239 470 2262 500 ei
2282 468 2346 499 Rex

1286 499 1449 541 commisit,
1476 500 1633 531 habendam
1655 503 1688 532 ad
1708 505 1882 535 voluntatem
1905 505 2007 547 Regis)
2027 508 2184 548 Magnifico
2206 507 2347 547 principi,

1287 533 1421 580 Domino
1437 537 1563 577 Karolo,
1583 540 1710 571 Franciae
1726 543 1758 572 ὃς
1775 543 1913 574 Navarrae
1926 545 2012 586 Regis
2026 544 2142 586 niustri,
2160 547 2245 577 Fratri
2261 546 2350 586 Regis

1288 574 1445 620 cariffimo,
1464 578 1508 606 vel
1525 577 1685 615 deputando
1699 591 1747 617 per
1759 581 1866 620 ipsum,
1885 585 1933 614 suo
1945 587 2061 616 nomine
2075 587 2189 624 liberet,

1325 612 1415 644 Prout
1433 623 1520 653 inter,
1533 616 1654 659 *dilectos
1669 619 1702 649 &
1723 619 1814 649 fideles
1830 620 1931 660 Regis,
1950 623 2142 655 Venerabilem
2157 624 2268 655 Patrem
2298 622 2352 662 Jo-

1288 650 1412 682 hannem
1432 653 1650 699 Norwicensem
1672 656 1696 686 E
1718 658 1846 696 iscopurn
1864 669 1870 688 ι
1907 660 2067 692 Henricum
2084 664 2119 693 de
2132 664 2255 694 Sulliaco
2272 647 2353 692 finili-

1288 698 1348 719 tem
1367 700 1373 719 z
1412 691 1579 732 Magistros,
1589 693 1687 737 Ricar
1710 705 1758 725 um
1772 697 1808 726 de
1824 696 1930 736 Eryum
1945 698 2126 732 Canonicum
2139 702 2268 733 Eborum
2279 724 2288 740 ‚
2299 701 2353 740 Jo-

1290 728 1413 776 hannem
1437 731 1471 760 de
1491 730 1633 774 §hordich
1655 733 1767 773 Legum
1789 735 1970 775 Doeiorem,
1990 738 2022 768 ὃς
2039 739 2195 771 Ricardum
2210 741 2246 771 de
2259 740 2354 771 Giou-

1290 767 1389 812 cestria
1402 791 1411 807 ,
1434 769 1467 799 &
1490 769 1578 813 ipsum
1595 794 1605 809 ,
1622 773 1748 810 quinque
1763 796 1772 811 ,
1792 783 1910 811 quatuor
1925 799 1935 814 ,
1958 777 2002 806 vel
2026 786 2078 808 tres
2099 789 2132 809 ex
2153 781 2192 810 eis
2228 789 2298 818 quos
2317 777 2353 809 ad

1290 805 1403 874 {lictum
1423 805 1586 839 Dominum
1607 809 1725 848 Regem
1737 821 1825 851 nuper
1839 811 1903 843 Rex
1919 813 2082 851 destinavit)
2101 817 2182 848 fuerit
2198 819 2355 849 concorda-

1306 855 1363 874 um.

1329 883 1397 914 Vult
1418 885 1495 915 enim
1519 884 1584 917 Rex
1607 887 1697 927 ipsum
1708 886 1868 926 Johannem
1883 890 1919 920 de
1932 890 2068 929 Stonore,
2087 893 2150 930 post
2163 894 2357 925 liberationem

1292 922 1476 998 praIeIdicctlargi,
1490 923 1530 993 gig:
1542 925 1665 965 faecam,
1684 935 1748 965 erga
1762 926 1876 966 Regem
1889 929 1953 960 inde
1967 931 2085 961 totaliter
2100 934 2250 963 exonerari.

1397 972 1413 990 u
1425 972 1441 992 u
1461 985 1471 1001 ,
1525 973 1550 993 c.

1367 998 1458 1031 Teste
1479 1009 1509 1031 ut
1524 1001 1611 1040 supra.

1931 1047 1986 1075 Per
1996 1044 2077 1084 ipſsem
2090 1048 2195 1084 Regem.

1345 1178 1374 1207 ἵ(
1385 1185 1435 1216 De
1454 1194 1570 1231 corpore
1596 1184 1694 1230 castri
1719 1187 1888 1272 debMonZ
1901 1190 2009 1236 Peffizto
2026 1195 2100 1239 Regi
2116 1196 2246 1227 Franciae
2262 1196 2319 1228 Li-

1779 1250 1851 1271 eran
1892 1263 1900 1272 ι

1304 1316 1361 1371 R
1372 1316 1438 1348 EX
1450 1341 1460 1356 ‚
1478 1317 1598 1351 Diieeio
1619 1315 1658 1352 δί’
1674 1320 1750 1353 fideli
1769 1323 1819 1354 suo
1834 1348 1844 1362 ,
1861 1323 1988 1363 Johanni
2004 1325 2040 1356 de
2061 1326 2200 1365 Stonore,
2226 1328 2271 1359 vel
2291 1330 2365 1360 alteri
2385 1330 2460 1360 Arm.
2474 1329 2516 1361 D„

1382 1356 1505 1388 Custodi
1527 1358 1563 1388 de
1585 1358 1693 1390 Monte
1714 1360 1844 1401 Pessato,
1863 1365 1932 1395 infra
1952 1363 2074 1396 Terram
2096 1365 2221 1396 nostram
2237 1367 2368 1407 Agenni,
2405 1378 2489 1408 1324.

1301 1391 1337 1421 ab
1349 1395 1451 1426 eodem
1465 1395 1598 1434 johanne
1611 1397 1775 1438 Deputato‚
1795 1401 1930 1433 Salutem.

2382 1198 2514 1233 ⁶1v.67.

2386 1412 2434 1435 An.
2454 1408 2497 1435 18.

1340 1432 1514 1478 Mandamus
1536 1436 1618 1467 vobis
1634 1439 1714 1477 quod
1733 1449 1837 1477 corpus
1859 1440 1951 1473 Castri
1970 1442 2056 1481 illius,
2075 1444 2104 1473 in
2123 1442 2265 1474 Custodia
2281 1444 2371 1475 vestra
2389 1451 2416 1473 Ε.
2438 1456 2463 1475 2.

1304 1470 1460 1515 existentis,
1473 1473 1510 1518 ad
1523 1475 1705 1520 ‘voluntatem
1724 1478 1862 1517 vestram,
1880 1491 1914 1510 ex
1938 1479 2151 1512 Commiffione
2173 1482 2285 1521 nostra,
2305 1483 2372 1513 Ma-
2390 1489 2435 1512 Pat
2459 1483 2500 1512 ι8ο

1303 1509 1411 1577 ῗῃιῇςο
1431 1511 1575 1557 Principi,
1594 1514 1729 1548 Domino
1751 1518 1877 1557 Karolo,
1897 1520 2023 1550 Franci-ae
2045 1521 2077 1551 &
2093 1520 2233 1552 Navarrae
2248 1521 2326 1561 Regi
2341 1523 2373 1552 il·
2390 1528 2420 1551 E.
2438 1533 2464 1550 2.

1315 1547 1399 1592 uitri,
1418 1549 1504 1594 Fratri
1524 1553 1626 1595 'nostro
1646 1554 1817 1595 Carissimo,
1840 1559 1884 1589 vel
1901 1558 2073 1598 Deputando
2089 1569 2138 1597 per
2154 1561 2244 1598 ipsum
2257 1561 2306 1591 suo
2320 1571 2372 1591 no-
2388 1570 2412 1598 ρ.
2433 1572 2457 1592 1.

1305 1596 1384 1617 mine
1396 1611 1404 1624 ,
1422 1588 1558 1635 liberetis,
1576 1593 1621 1622 vel
1636 1593 1742 1624 liberari
1758 1597 1870 1627 faciatis.
2391 1610 2427 1629 m·
2444 1608 2485 1638 37<

1344 1624 1486 1673 Volumus
1506 1639 1585 1676 enim
1606 1641 1677 1674 yos,
1704 1642 1753 1671 per
1772 1635 1968 1667 liberationem
1990 1636 2177 1677 praediCtam,
2195 1637 2234 1669 sic
2250 1637 2375 1677 factam,

1307 1674 1336 1694 er
1356 1675 1371 1694 a
1386 1676 1440 1696 nos
1454 1667 1522 1698 inde
1536 1670 1656 1700 totaliter
1670 1674 1822 1704 exonerari.

1359 1713 1379 1732 n
1391 1706 1486 1744 cujus,
1502 1708 1562 1738 &c.

1384 1742 1455 1775 Dat.
1469 1746 1543 1785 apud
1558 1746 1765 1789 Porceffiiam,
1783 1750 1889 1783 octavo
1905 1749 1949 1782 die
1959 1750 2038 1790 Julii.

1949 1831 2004 1859 Per
2018 1829 2100 1869 ipfiem
2113 1831 2220 1867 Regemi

1309 1956 1357 1988 De
1386 1957 1562 2003 requirendo
1577 1986 1589 2003 ,
1621 1962 1658 1998 (ῤ’
1684 1960 1847 2007 recipiendo
1865 1989 1875 2004 ‚
1900 1973 1922 1995 a
1947 1965 2024 2010 Rege
2053 1965 2183 1996 Franciae
2199 1989 2210 2006 ,
2238 1962 2378 2007 Castrum

1743 2009 1941 2045 antedic‘lnm.

1313 2088 1463 2159 REQXs,
1481 2090 1596 2161 dileetoS
1607 2090 1641 2161 ‹lssc
1661 2092 1736 2125 fideli
1751 2094 1818 2134 suo,
1837 2095 1965 2131 Ricardo
1985 2097 2021 2128 de
2038 2096 2135 2138 Grey,
2154 2097 2312 2129 Senescallo
2326 2096 2377 2129 suo
2395 2095 2472 2126 Ann.
2486 2093 2529 2126 D4

1387 2168 1395 2175 x
1421 2140 1435 2159 a
1447 2140 1558 2169 coniae,
1574 2171 1579 2176 ι
1597 2142 1610 2161 a
1624 2140 1710 2175 utem.
2419 2144 2430 2165 1
2455 2143 2502 2173 24.

1350 2168 1446 2210 Cum,
1461 2179 1510 2209 per
1533 2169 1609 2201 Alias
1624 2171 1712 2202 literas
1724 2172 1846 2212 nostras,
1864 2173 2090 2213 assignaverimus
2104 2185 2173 2213 vos,
2191 2175 2241 2214 &,
2260 2175 2379 2206 dilettos
2397 2144 2450 2202 Aa}
2469 2174 2511 2201 18·

1312 2208 1347 2239 &
1368 2207 1462 2238 fideles
1475 2207 1592 2251 'nostros
1624 2209 1790 2248 Johannem
1809 2213 1846 2242 de
1869 2213 2007 2252 Stonore,
2026 2216 2059 2245 &
2075 2214 2236 2244 Robertum
2254 2214 2289 2244 de
2304 2214 2382 2245 Shir-
2398 2218 2428 2240 E.
2448 2222 2473 2240 2.

1311 2246 1398 2291 lond,
1417 2245 1563 2285 Maiorem
1586 2231 1716 2280 Civitatis
1734 2250 1839 2280 nostrae
1852 2251 2048 2291 Burdegalliae,
2065 2253 2099 2283 ad
2115 2253 2330 2291 requirendum,
2348 2254 2381 2284 ὃ(-
2399 2255 2457 2279 Pat.
2471 2249 2511 2279 13·

1312 2285 1507 2325 recipiendum
1523 2309 1532 2323 ,
1559 2289 1678 2318 nomine
1701 2289 1801 2320 nostro
1816 2313 1825 2327 ‚
1849 2301 1864 2320 a
1886 2290 2051 2328 Magnifico
2070 2290 2202 2332 Principe
2216 2312 2226 2331 9
2250 2290 2384 2322 Domino
2400 2294 2431 2318 E·
2449 2300 2476 2318 2-

1316 2324 1444 2361 Karolo,
1463 2323 1546 2364 Rege
1567 2326 1697 2357 Franciae
1714 2328 1748 2359 &
1767 2328 1907 2359 Navarrae
1926 2329 2025 2359 illustri
2057 2331 2139 2360 fratre
2153 2330 2252 2361 nostro
2265 2329 2380 2361 Cariffi-
2398 2336 2423 2367 p.
2447 2339 2469 2357 ι.

1316 2372 1386 2401 mo,
1406 2363 1452 2393 vel
1475 2366 1608 2409 gentibus
1629 2366 1679 2395 suis
1702 2365 1837 2397 Castrum
1859 2367 1894 2398 de
1910 2367 2017 2399 Monte
2029 2353 2158 2407 Ῐῧείῖὲιο,
2176 2370 2246 2398 infra
2260 2370 2381 2399 Terram
2399 2378 2436 2396 m·
2454 2375 2497 2403 37·

1315 2402 1442 2446 nostram
1464 2401 1579 2441 Agenm
1601 2404 1750 2443 situatum,
1767 2414 1852 2443 prout
1869 2407 1898 2436 iri
1913 2407 1994 2438 literis
2010 2407 2112 2437 nostris
2124 2407 2263 2447 praedietis
2277 2408 2386 2446 plenius

1316 2448 1479 2471 continetur
1496 2450 1502 2469 :

1353 2478 1446 2510 Vobis
1456 2478 1635 2527 Mandamus
1649 2481 1728 2525 quod
1737 2505 1746 2520 ,
1766 2483 1834 2513 cum
1849 2482 1984 2515 Castrum
1998 2484 2065 2515 illud
2076 2485 2254 2523 receperitis,
2264 2484 2300 2515 de
2315 2484 2388 2516 salva

1318 2519 1352 2550 &
1374 2518 1468 2564 secura
1487 2517 1627 2564 Custodia
1647 2520 1769 2557 eiusdem
1784 2545 1794 2560 ,
1814 2521 1849 2552 ad
1874 2533 1946 2560 opus
1966 2522 2112 2562 nostrum,
2131 2524 2282 2562 ordinetis,
2305 2532 2387 2564 prout

1320 2557 1420 2588 melius
1436 2557 1469 2587 &
1490 2556 1609 2601 securius
1627 2559 1688 2589 fore
1708 2560 1831 2590 videritis
1845 2562 2016 2592 faciendum.
2057 2561 2196 2593 Volumus
2210 2564 2287 2592 enim
2307 2562 2384 2601 quod

1319 2605 1387 2626 cum
1410 2594 1545 2640 Castrum
1565 2600 1602 2627 iic
1624 2600 1798 2638 receperim,
1818 2601 1947 2639 praefatus
1962 2601 2108 2639 johannes
2127 2601 2162 2631 de
2175 2601 2301 2631 custodia
2319 2601 2387 2638 ejus-

1319 2634 1387 2665 dem
1409 2635 1530 2678 totaliter
1551 2644 1735 2676 exoneretur,
1754 2639 1787 2669 ὃς
1804 2639 1882 2677 quod
1901 2640 1934 2670 ad
1950 2650 2003 2669 nos
2017 2649 2068 2680 pro
2085 2640 2141 2670 aliis
2156 2640 2273 2678 negotiis
2287 2640 2387 2670 nostris

1320 2683 1389 2704 cum
1403 2672 1581 2704 festinatione
1597 2675 1706 2715 redeat,
1722 2685 1806 2716 prout
1820 2678 1870 2708 fibi
1883 2688 1933 2716 per
1946 2689 1998 2708 nos
2014 2677 2120 2719 plenius
2134 2678 2175 2709 est
2188 2677 2356 2717 injunctum.

1359 2710 1430 2742 Dat.
1443 2712 1517 2753 apud
1527 2712 1717 2747 porcestriam
1726 2738 1737 2754 ,
1755 2716 1861 2747 octavo
1874 2718 1921 2747 die
1930 2717 2007 2756 Julii.

1927 2796 1981 2824 Per
1995 2793 2078 2834 ipfiaem
2091 2796 2195 2832 Regem.

1377 2927 1426 2960 De
1445 2928 1620 2976 requirendo
1636 2942 1657 2963 a
1677 2934 1753 2979 Rege
1770 2934 1904 2965 Franciae
1921 2930 2059 2975 Castrum
2078 2931 2114 2965 de
2136 2934 2244 2965 Monte
2259 2929 2326 2977 Pes:

1623 2980 1694 3025 fhto
1707 3007 1717 3023 ,
1741 2983 1778 3019 «ῥ’
1801 2979 1837 3014 de
1858 2978 1995 3024 Custodia
2010 2982 2086 3027 ejus.

1395 3065 1461 3097 EX
1476 3090 1485 3104 ,
1505 3067 1616 3098 dilectis
1636 3067 1669 3098 ὃ(
1689 3066 1815 3098 fidelibus
1829 3067 1898 3105 suis,
1917 3064 2048 3097 Ricardo
2068 3066 2103 3097 de
2114 3065 2213 3105 Grey‚
2230 3064 2385 3096 Senescallo
2401 3067 2478 3101 Αῃῃ,
2492 3066 2534 3100 D;

1407 3106 1455 3136 suo
1479 3105 1646 3146 Vasconiae,
1665 3105 1792 3144 Johanni
1813 3106 1848 3136 de
1871 3106 1994 3136 Stonore
2008 3128 2018 3144 ,
2050 3106 2084 3136 &
2100 3105 2232 3135 Roberto
2254 3103 2290 3134 de
2308 3103 2385 3134 Shir-
2424 3118 2508 3149 1324,

1322 3145 1409 3184 lond,
1428 3145 1535 3184 Maiori
1559 3145 1691 3176 Civitatis
1713 3145 1819 3176 nostrae
1835 3144 2021 3184 Burdegaliae‚
2041 3143 2173 3174 Salutem.
2258 3181 2263 3187 ¹
2398 3150 2450 3175 Aa.
2474 3147 2516 3176 18.

1359 3184 1441 3217 Cum
1463 3187 1689 3217 commiserimus
1711 3185 1793 3216 vobis
1807 3208 1816 3222 ,
1834 3183 1946 3222 praefate
1963 3182 2121 3220 Johannes,
2141 3180 2311 3212 Custodiam
2328 3180 2386 3212 Ca·
2404 3190 2430 3214 Ε,
2452 3198 2478 3214 2.

1322 3224 1372 3254 stri
1386 3224 1422 3254 de
1437 3225 1543 3257 Monte
1557 3225 1666 3256 Pessato
1696 3224 1769 3255 infra
1783 3224 1905 3254 Terram
1922 3221 2045 3251 nostram
2061 3219 2177 3263 Agenni
2187 3244 2196 3259 ,
2212 3220 2387 3259 habendum,
2403 3228 2459 3253 Pac.
2472 3224 2534 3259 18.)

1322 3265 1356 3295 &
1374 3264 1533 3302 regendum
1553 3274 1602 3305 per
1615 3249 1684 3303 vos:
1703 3263 1817 3303 praefate
1833 3261 1994 3300 Johannes,
2014 3260 2057 3304 seu
2074 3260 2159 3290 aliurn
2174 3269 2189 3290 a
2201 3260 2282 3290 vobis
2295 3260 2384 3297 depu—
2403 3267 2432 3291 Ε.
2453 3273 2480 3291 2.

1320 3303 1455 3341 tandum,
1475 3304 1610 3343 quamdiu
1628 3304 1732 3334 nostrae
1749 3301 1881 3342 placuerit
1897 3299 2047 3342 voluntati:
2400 3308 2425 3338 p,
2449 3311 2471 3329 ς,

1360 3342 1521 3381 Vobisque,
1559 3343 1655 3373 raefate
1668 3342 1829 3382 JohanneS,
1850 3337 2082 3380 Mandavetimus
2097 3336 2178 3376 qubd
2194 3336 2307 3378 Corpus
2327 3333 2384 3365 Ca·
2401 3350 2437 3368 m.
2452 3350 2497 3377 37„

1322 3381 1372 3412 stri
1391 3382 1520 3420 praedisti
1580 3380 1703 3418 significo
1725 3379 1850 3417 Principi
1865 3400 1874 3415 ,
1900 3376 2034 3406 Domino
2055 3375 2165 3406 Karolo
2208 3375 2333 3418 Francia:
2352 3373 2385 3404 &

1322 3420 1464 3452 Navarrae
1484 3420 1560 3460 Regi
1581 3420 1676 3451 illustri
1690 3443 1700 3459 ‚
1719 3419 1796 3449 fratri
1819 3415 1916 3446 nostro
1930 3415 2085 3458 cariffimo,
2103 3414 2147 3443 vel
2162 3398 2385 3456 Geiitibusfuis,

1321 3459 1355 3490 ad
1377 3459 1436 3490 hoc
1453 3458 1621 3491 sufficienter
1640 3457 1788 3496 Deputatis
1802 3479 1811 3495 ‚
1830 3456 1879 3485 sub
1901 3462 1983 3484 certis
2003 3453 2095 3483 modis
2107 3453 2140 3482 &
2157 3451 2386 3488 conditionibus,

1317 3498 1395 3537 juxta
1407 3499 1531 3529 formam
1544 3497 1697 3529 Tractatsis
1710 3498 1781 3526 inter
1796 3494 1908 3525 dictum
1924 3491 2053 3536 Regem,
2065 3491 2099 3521 &
2113 3490 2189 3527 sum,
2208 3498 2241 3518 ac
2257 3488 2368 3533 nostros

1321 3538 1354 3567 ad
1378 3537 1436 3567 hoc
1457 3536 1616 3576 Deputatos
1631 3559 1640 3574 ,
1658 3534 1820 3565 habendum
1844 3533 1873 3576 in
1894 3540 1978 3560 manu
1999 3534 2059 3573 lua,
2079 3538 2127 3567 pei*
2140 3536 2249 3571 tenipus
2267 3512 2385 3565 aliquod

1321 3575 1504 3606 retinendum
1517 3599 1527 3613 ‚
1551 3576 1584 3606 δε
1606 3575 1688 3605 nobis
1709 3574 1755 3603 vel
1776 3572 1919 3602 Gentibus
1933 3567 2030 3599 nostris
2045 3575 2150 3609 extunc¹
2162 3566 2363 3610 restituendum
2373 3588 2383 3604 ‚

1319 3615 1483 3645 liberaretis:
1504 3613 1549 3645 Ad
1563 3612 1767 3653 repetendum,
1785 3606 2001 3652 requirendum,
2020 3605 2053 3635 &
2066 3603 2257 3648 recipiendum
2271 3604 2384 3634 dictum

1319 3653 1471 3692 Castrum,
1489 3653 1525 3683 de
1537 3653 1666 3683 manibus
1680 3649 1787 3689 praefati
1800 3647 1891 3684 Regis
1905 3646 1990 3688 fratris
2002 3642 2108 3680 nostri,
2127 3642 2164 3673 ab
2178 3643 2254 3681 ipso,
2272 3643 2305 3673 &
2321 3642 2384 3673 De-

1319 3693 1418 3731 putatis
1437 3693 1473 3722 ab
1493 3701 1529 3722 eo
1548 3693 1578 3722 in
1599 3691 1652 3721 hac
1665 3697 1759 3726 parte,
1776 3685 1875 3716 nostro
1896 3692 2031 3726 nomine,
2047 3681 2080 3712 δε
2100 3681 2132 3710 ad
2146 3691 2218 3725 opus
2234 3680 2380 3712 nostrum:

1319 3731 1357 3762 Et
1371 3731 1405 3762 ad
1421 3730 1613 3761 ordinandum
1625 3736 1728 3759 extunc
1744 3726 1780 3754 dc
1795 3722 1936 3753 Custodia
1949 3721 2068 3758 elusdem
2083 3718 2204 3762 CastriQ

1357 3769 1467 3807 Vobis,
1485 3770 1518 3799 &
1532 3768 1649 3798 cuilibet
1662 3762 1807 3800 vestrum,
1824 3761 1951 3801 plenam,
1970 3768 2068 3790 tenore
2081 3759 2274 3797 praesentium,
2293 3767 2382 3790 com.

1319 3810 1457 3841 mittimus
1470 3805 1654 3847 potestatem,
1704 3841 1709 3847 .
1724 3841 1729 3847 ι
1871 3835 1883 3845 Α
2026 3836 2031 3842 ¹
2359 3835 2365 3840 .

1357 3847 1466 3878 Dantes
1486 3844 1570 3875 vobis
1583 3866 1593 3881 ,
1611 3844 1644 3874 &
1665 3841 1780 3872 cuilibet
1792 3837 1919 3870 vestrum
1935 3860 1945 3875 ,
1959 3835 2076 3875 speciale
2097 3833 2269 3867 Mandatum
2282 3834 2380 3879 substi-

1316 3886 1430 3922 tuendi,
1449 3885 1516 3914 loco
1530 3882 1631 3919 vestri,
1650 3879 1795 3916 velillius,
1810 3877 1858 3915 qui
1870 3875 1904 3906 ad
1917 3875 1975 3906 hoc
1990 3884 2088 3905 vacare
2103 3885 2161 3905 non
2174 3873 2276 3914 possit,
2292 3874 2382 3911 Alios,

1317 3926 1363 3956 vel
1385 3924 1483 3956 Alium
1495 3943 1505 3960 ‚
1527 3920 1563 3952 ad
1584 3917 1722 3960 praemissa
1735 3915 1914 3960 faciendum,
1932 3922 2017 3953 prout
2032 3923 2085 3954 pro
2104 3913 2213 3944 honore
2228 3912 2328 3943 nostro
2346 3913 2382 3943 &

1317 3961 1479 3996 commodo
1495 3959 1594 3991 melius
1605 3957 1730 3989 videritis
1742 3955 1880 3994 expedire.
2019 3991 2026 3997 ¹
2242 3991 2247 3997 ·
2299 3990 2305 3996 ·

1354 4002 1390 4032 Et
1413 4002 1472 4035 hoc
1488 3998 1621 4029 omnibus
1635 4019 1645 4036 ,
1665 4004 1789 4036 quorum
1801 3990 1917 4025 interest
1930 4013 1943 4031 2
1960 3989 2007 4025 vel
2017 3989 2146 4024 mteresse
2158 3998 2280 4030 poterit,
2297 3998 2382 4020 innoc

1317 4041 1449 4074 tescimus
1464 4047 1513 4078 per
1528 4035 1684 4077 praesentes,

1355 4077 1391 4111 In
1404 4078 1502 4117 cujus,
1515 4077 1577 4108 &c.
2306 4099 2378 4133 Dat.
