2562 4279
686 161 793 202 ET
878 159 1143 199 ACTA

0 243 247 285 lnn.D.s10nari,
270 246 305 277 ad
323 246 437 278 &etam
458 246 582 277 nostram
596 269 606 285 ,
634 246 680 277 seu
700 247 818 276 aliorum
839 243 944 283 poffint
957 267 966 283 ,
984 245 1014 273 in
1030 244 1174 287 futurum,

2 293 85 324 1332·
124 285 272 322 providere
293 285 420 316 volentes
435 310 444 323 ,
467 294 498 316 ut
520 295 648 316 tenemur
661 309 670 322 ,
688 284 840 322 praesertim
852 293 920 313 curn
935 281 1098 312 interfeetio
1115 283 1176 319 illa,

0 325 47 352 aiv.
67 331 94 358 3-
124 330 223 360 ptaeter
237 323 317 360 ipsius
331 324 481 354 Willielmi
494 325 527 354 δε
542 324 661 354 aliorum
682 321 819 352 Fidelium
840 321 1003 351 nostrorum
1025 320 1177 358 praedicto-

123 371 191 430 ἔυᾶιζι
207 363 400 430 xfsoluntatem,
419 364 492 394 &in
507 361 673 400 exequendo
690 361 853 391 mandatum
868 359 1017 396 nostrum,
1038 358 1178 389 casualiter

135 410 150 429 a
182 410 196 430 a
223 409 263 430 uit

165 437 215 468 De
228 423 333 469 assensu
348 437 532 469 Praelatorum
543 461 552 477 ,
567 436 738 475 Comitum,
758 434 953 472 Baronum,&
968 434 1085 464 aliorum
1095 433 1180 473 Mag-

127 485 245 516 natum,
259 477 296 508 de
314 477 422 514 Regno
438 477 536 507 nostro
549 499 559 515 ,
586 477 614 506 in
630 475 760 514 praesenti
773 473 963 504 Parliamento
976 472 1092 516 nostro,
1105 473 1180 516 apud

126 514 416 546 Westmonasterium
440 524 602 545 convocato
616 537 625 553 ,
646 512 840 549 existentium,
857 511 1073 550 pardonavimus
1087 513 1180 541 eidem

128 555 314 592 willielmo-¹,
335 555 369 586 &
391 553 524 583 omnibus
543 553 615 591 aliis,
633 561 702 582 tunc
719 552 748 580 in
763 549 912 580 Comitiva
926 549 971 579 sua
985 548 1181 587 existentibus,

127 594 244 624 Se&am
266 592 345 623 Pacis
364 591 467 622 nostrae
482 613 491 629 ,
515 592 549 622 ὃς
571 589 706 629 quicquid
727 587 759 618 ad
783 597 834 617 nos
855 588 1000 631 pertinet',
1017 597 1068 624 pro
1089 597 1182 618 morte

131 631 337 670 praedicstorum
351 654 361 668 ,
387 630 520 668 Hugonis
541 630 575 660 &
595 627 710 658 Ricardi
724 650 734 664 ,
753 626 786 656 δε
801 626 936 655 omnibus
951 626 1008 656 aliis
1020 625 1182 657 Exceffibus

131 672 166 701 δε
181 668 452 708 Transgreffionibus
467 668 498 706 (fi
516 668 563 705 qui
577 676 625 704 per
637 665 707 703 ipsos
728 666 758 694 in
775 663 950 694 Arestatione
972 664 1106 701 praedie'tzi
1121 665 1184 694 fue-

132 710 187 739 rint
201 706 358 747 perpetrati)
374 707 408 737 ὃ(
424 706 535 737 firmam
548 704 653 736 Pacem
672 701 796 733 nostram
815 703 869 740 eis,
887 704 920 733 ὅς
936 702 1052 733 cuilibet
1064 713 1182 741 eorum,

96 774 99 776 .
130 748 196 778 inde
210 745 411 783 concedimus3
700 779 705 784 .
749 779 754 785 ι
775 759 777 763 .

169 785 314 816 Nolentes
325 783 406 822 quod
416 781 482 820 ipsi,
500 781 545 812 vel
559 789 658 810 eorum
672 779 785 817 allquls,
804 778 837 809 ad
851 779 964 810 Se&am
980 779 1106 810 nostram
1116 803 1125 818 ,
1140 778 1184 809 seu

133 824 241 855 alterius
256 846 266 860 .,
291 831 340 859 per
354 821 505 859 Appellum
521 842 531 858 ,
557 819 602 848 vel
624 817 677 847 alio
691 817 782 847 modo
799 828 1001 856 quocumque,
1018 818 1054 848 cle
1068 818 1186 856 Morte,

134 861 297 893 Exceffibus
312 883 321 898 ,
345 859 389 890 seu
408 856 678 896 Transgreffionibus
699 855 856 895 supradietis
873 881 883 895 ,
910 857 928 877 ἦ*
948 856 1184 895 occationentur‚

136 899 321 932 molestentur
335 898 364 927 in
378 896 487 935 aliquo,
505 895 551 926 seu
564 903 722 935 graventur.

0 846 5 860 ³
20 844 73 870 lv.

174 976 208 1007 In
220 976 314 1014 cujus,
330 974 390 1004 &c.

173 1028 263 1082 Teste
276 1049 359 1087 Rege
373 1047 446 1087 apud
459 1046 750 1079 westmonasterium
759 1071 769 1087 ,
786 1047 901 1080 decimo
915 1047 960 1079 die
968 1048 1097 1091 Januarii.

620 1127 674 1155 Per
690 1120 832 1156 Caruilium
846 1129 875 1156 in
892 1124 1085 1156 parliamento.

138 1256 186 1288 De
207 1255 442 1286 Summonitione
469 1264 570 1285 corum
586 1279 596 1295 ,
629 1254 681 1299 qni
700 1244 809 1285 Terras
827 1250 935 1285 habent
961 1256 991 1284 in
1017 1250 1189 1293 Hibernia,

184 1301 228 1334 ad
241 1301 481 1347 profici-fiendum
500 1313 568 1333 cum
588 1304 664 1381 Rege
680 1327 690 1343 ‚
716 1312 770 1346 pro
801 1301 1020 1346 Reformatione
1039 1303 1144 1332 Status
1163 1312 1194 1332 e-

175 1351 317 1397 jusdem,
341 1353 377 1388 (ῤ’
397 1349 561 1396 Repttffione
577 1352 625 1382 Hi
645 1353 823 1382 ernicorum.

0 1424 66 1455 ⁵inn.
79 1423 120 1454 D.

0 1472 96 1502 „1332-
211 1435 236 1466 E
246 1435 294 1473 X,
312 1434 417 1465 dileeto
435 1433 588 1466 Avunculo
603 1436 636 1466 &
653 1434 741 1465 Fideli
757 1433 820 1473 suo,
835 1434 965 1466 Thomae
978 1432 1196 1465 ComitiNorf-

0 1508 30 1528 dn
58 1505 85 1529 6.

221 1475 334 1511 folciae,
352 1475 385 1505 ὃς
402 1473 569 1503 Marescallo
585 1474 712 1512 Angliae,
729 1473 863 1504 Salutem.

179 1513 310 1552 Qaliter
328 1513 356 1542 in
379 1513 481 1543 ultimo
502 1511 709 1550 Parliamento,
727 1512 803 1550 quod
817 1511 890 1549 apud
907 1512 950 1542 W
953 1510 1196 1542 estmonasterium

142 1554 281 1582 tenuimus
295 1574 305 1590 ,
329 1561 378 1590 per
400 1550 534 1581 Praelatos
550 1575 560 1588 ,
584 1549 732 1587 Magnates
747 1575 756 1588 ,
776 1551 809 1581 &
827 1551 981 1589 Proceres,
999 1550 1092 1588 Regni
1107 1548 1195 1578 nostri

139 1592 228 1621 extitit
248 1589 456 1620 concordatum
471 1612 481 1627 ,
505 1598 535 1619 ut
572 1599 624 1626 pro
640 1589 858 1619 Reformatione
870 1589 962 1619 Status
975 1589 1076 1619 Terrae
1093 1586 1196 1616 nostrae

140 1628 306 1667 Hiberniae,
326 1628 359 1659 &
373 1627 527 1665 repulsione
540 1612 766 1658 l-libernicorum
781 1627 943 1657 nostrorum
958 1626 1121 1657 Rebellium
1131 1649 1140 1662 ,

181 1667 243 1706 Qi
264 1666 367 1697 vestras
383 1689 392 1705 ,
418 1667 451 1696 δε
472 1666 591 1696 aliorum
607 1665 744 1705 Fidelium
760 1665 944 1703 nostrorum,
963 1663 1147 1695 Poffeffiones
1163 1663 1197 1694 &

141 1705 220 1737 Bona
240 1715 288 1743 per
307 1705 485 1743 Repentinos
508 1703 659 1743 Aggresius
682 1703 859 1741 occuparunt
875 1727 884 1742 ,
909 1705 942 1735 ὃς
962 1704 1087 1733 detinent
1108 1711 1199 1732 occu-

161 1753 203 1774 ata

140 1755 160 1782 p
177 1769 224 1813 AZi
237 1791 324 1820 partes
335 1780 391 1812 illas
405 1780 554 1811 debeamus
568 1780 745 1818 personaliter
758 1789 811 1811 nos
831 1780 977 1811 transferre
991 1803 1000 1819 ,
1018 1780 1100 1811 vobis
1120 1780 1201 1809 inco-

138 1822 250 1861 gnitum
265 1831 325 1852 non
338 1819 437 1850 existit.

179 1859 217 1890 Et
232 1861 295 1897 quia
309 1858 468 1897 Paffagium
485 1856 631 1894 nostrum,
648 1855 683 1886 ad
697 1856 786 1888 dietas
805 1866 894 1895 partes
910 1881 920 1896 ,
945 1867 978 1887 ex
999 1857 1084 1887 causis
1099 1855 1201 1894 praedi—

141 1898 214 1936 etis,
227 1899 287 1936 jam
302 1896 510 1934 ordinavimus,
528 1894 677 1933 videlicet,
696 1897 724 1925 in
740 1895 824 1926 Festo
845 1896 940 1926 Sanc‘ti
957 1895 1031 1926 Petri
1050 1896 1085 1925 ad
1099 1896 1201 1926 vincu-

142 1936 168 1967 la
203 1937 334 1973 proximo
354 1935 450 1965 futuro
465 1958 475 1972 ,
498 1933 533 1964 ad
548 1933 691 1965 didiorum
707 1934 870 1965 Rebellium
884 1934 1040 1973 Malitiam,
1059 1943 1127 1964 cum
1142 1933 1202 1963 Dei

145 1958 300 2013 adjutorio,
318 1973 546 2011 reprimendum,

182 2012 229 2043 Ad
252 2012 330 2050 quod
352 2011 515 2042 faciendum
533 2035 543 2048 ,
568 2012 674 2041 ratione
687 2010 861 2051 Terrarum,
875 2022 940 2051 quas
955 2013 983 2042 in
998 2011 1095 2042 eadem
1109 2010 1203 2041 Terra

145 2051 269 2088 habetis,
285 2060 383 2080 manus
399 2059 540 2088 apponere
554 2050 693 2079 tenemini
706 2049 852 2087 adjutrices
861 2073 870 2089 ,

182 2089 272 2121 Vobis
292 2088 456 2118 mandamus
469 2110 479 2125 ,
502 2089 531 2117 in
552 2087 621 2117 Fide
635 2088 668 2118 &
685 2087 851 2127 Homagio,
869 2089 972 2127 quibus
985 2089 1068 2119 nobis
1083 2089 1204 2119 tenemi-

147 2129 197 2165 ni,
215 2126 329 2156 firmiter
349 2127 522 2164 injungentes
535 2148 544 2163 ,
568 2126 646 2163 quod
661 2149 671 2165 ,
692 2128 774 2156 omni
785 2128 962 2158 excusatione
974 2127 1130 2158 voluntaria
1145 2137 1206 2157 ces-

150 2166 241 2202 sante,
260 2164 314 2194 fitis
334 2164 368 2194 ad
390 2174 442 2193 nos
459 2187 469 2202 ,
489 2163 569 2194 disto
591 2163 638 2194 die
655 2187 665 2203 ,
688 2165 717 2194 in
735 2165 818 2204 loco,
837 2167 885 2196 ubi
900 2166 1059 2205 Paffagium
1074 2166 1205 2197 nostrum

148 2203 319 2243 praedi&uiii
333 2203 480 2240 contigerit
494 2202 635 2240 ordinari,
653 2211 760 2240 quanto
774 2206 915 2242 potentius
939 2206 971 2236 ὃς
992 2205 1136 2235 decentius
1153 2215 1206 2243 po-

147 2243 252 2280 teritis,
266 2243 392 2279 prompti
406 2242 439 2271 &
454 2242 539 2278 parati
551 2241 585 2271 ad
601 2241 836 2279 proficiscendum
856 2243 1021 2281 nobiscum,
1040 2244 1073 2274 &
1086 2244 1143 2274 aliis
1159 2244 1208 2274 Fi-

149 2280 257 2310 delibus
278 2280 378 2310 nostris
392 2302 402 2317 ,
425 2279 459 2309 ad
480 2288 568 2316 partes
580 2279 725 2317 praedietas
738 2290 771 2311 ex
785 2281 870 2312 causis
886 2282 1064 2320 supradiffis3
1083 2284 1116 2314 ὃς
1132 2283 1208 2321 hoc,

149 2319 220 2349 sicut
241 2329 293 2348 nos
307 2341 317 2357 ,
342 2319 375 2349 &
396 2317 551 2347 Honorem
574 2317 705 2348 nostrum
721 2342 731 2357 ,
757 2321 790 2350 ὃς
812 2320 937 2350 vestrum
953 2344 962 2358 ,
979 2331 1012 2351 ac
1027 2321 1209 2353 salvationem

149 2357 307 2388 Terrarum
319 2356 474 2387 vestrarum
489 2355 705 2395 praedic‘tarum,
723 2358 852 2398 diligitis,
870 2359 1025 2390 nullatenus
1039 2361 1182 2391 omittatis.

0 1551 105 1616 {lagkss

0 1623 19 1646 3.
34 1627 59 1654 3·
74 1627 112 1645 m.

189 2431 279 2476 Teste
303 2432 386 2472 Rege
405 2431 478 2470 apud
492 2431 783 2464 Westmonasterium
799 2458 809 2473 ,
834 2435 972 2467 vicesimo
985 2436 1092 2468 offitavo
1104 2436 1150 2467 die
1162 2437 1212 2476 Ja-

152 2481 250 2502 nuaru.

843 2552 897 2580 Per
909 2549 990 2590 ipfitm
1003 2554 1108 2589 Regem.

284 2623 450 2655 Confimilia
462 2623 560 2656 Brevia
573 2624 729 2665 diriguntur
745 2626 918 2668 subscriptis,
934 2627 1083 2667 videlicet,

194 2700 336 2740 Radulpho
348 2704 447 2730 Comiti
459 2703 490 2732 de
504 2704 558 2732 Eu.

194 2741 323 2780 Johanni
339 2744 445 2779 Comyn.

192 2778 335 2808 Almarico
348 2778 379 2807 de
393 2779 492 2807 Sanaezo
506 2779 645 2810 Amantio.

194 2817 302 2847 Thomae
319 2816 350 2845 de
362 2815 511 2845 Furnivall
523 2817 631 2853 juniori.

197 2853 395 2883 Bartholomaea
411 2854 442 2883 de
457 2853 616 2893 Burgherfh.

198 2894 242 2922 W
241 2891 348 2921 illielmo
362 2892 385 2921 le
399 2892 511 2922 Blount.

198 2933 314 2961 Henrico
327 2931 358 2959 de
373 2934 514 2960 Ferrariis.

198 2969 325 3008 Johanni
340 2969 371 2997 de
388 2968 464 2997 Bello
479 2972 577 3007 Campo
590 2969 620 2998 de
634 2969 785 3009 Somerfi’te.

200 3007 328 3046 Johanm‘
342 3008 373 3036 de
385 3006 483 3037 Bohun
495 3008 527 3037 de
541 3007 643 3047 Suffix.

200 3048 307 3082 Hugoni
321 3046 353 3074 de
366 3048 519 3075 Mortimer.

201 3084 312 3114 Haeredi
325 3083 468 3122 Johanuis
482 3083 513 3113 de
531 3085 637 3115 Mohun
645 3108 656 3124 ,

202 3122 316 3152 Haeredi
328 3123 359 3151 de
371 3121 520 3162 Hastynges
528 3145 538 3160 ,
662 3094 690 3192 }

203 3160 315 3190 Haeredi
330 3160 458 3190 Nicholai
471 3162 503 3190 de
517 3165 622 3200 Carru,

206 3196 352 3228 Willielmo
366 3197 395 3227 Ia
408 3199 535 3238 Zochhe.

204 3239 313 3274 Hugoni
325 3235 466 3265 d’Audele.

205 3273 353 3305 Willielmo
367 3273 396 3303 la
411 3275 528 3314 Zoufihe
544 3277 576 3306 de
589 3278 804 3319 Haryngworth.

204 3313 334 3352 Johanni
348 3313 380 3341 de
394 3312 492 3352 Erlay,

207 3354 305 3381 Comiti
319 3350 430 3380 Atholl.

206 3389 320 3420 Ricardo
334 3388 441 3418 Taelbot.

211 3431 253 3458 W
254 3426 360 3457 illielmo
367 3427 398 3456 de
410 3428 595 3467 Grandiffimo.

210 3466 338 3504 Johanni
352 3466 384 3494 de
398 3465 520 3495 Multon.

207 3504 323 3535 Roherto
336 3505 367 3534 de
383 3503 503 3543 Clffird.

699 3106 769 3136 infra
781 3113 875 3136 aetates
889 3106 922 3137 ὃς
935 3107 965 3136 in
978 3105 1118 3139 Custodia
1132 3108 1222 3148 Regis

700 3145 888 3176 existentibus.

365 3651 416 3683 De
436 3649 652 3697 Apostatarum
669 3653 822 3698 infilentia
838 3654 1037 3701 reprimenda.

32 3743 164 3777 Arm-D,
182 3733 310 3789 REX
336 3734 561 3768 vicecomitibus
577 3759 587 3775 ,
615 3737 648 3767 ὃς
668 3737 802 3768 omnibus
828 3739 885 3770 aliis
910 3739 1018 3772 Ballivis
1039 3741 1074 3772 &
1093 3740 1234 3772 Fidelibus

52 3783 137 3824 1338.
167 3793 172 3796 >
221 3809 250 3840 V
251 3773 330 3841 31ng
345 3774 379 3818 ad
394 3784 482 3843 qsups,
494 3775 714 3844 ,ὅςεᾊὸαἱιίἑεηι

32 3824 132 3897 5136
223 3821 820 3888 Qieirxilegiffiegdeirtiffimaniffirsrtssrffirgfim
829 3875 838 3890 ,
855 3854 889 3884 ὃς
903 3848 1021 3885 Ordinis
1036 3855 1162 3886 Fratrum
1175 3855 1238 3886 Mi-

33 3902 92 3928 Pat.
109 3899 136 3926 6,
183 3895 288 3916 norum
303 3887 470 3920 Scanddum
484 3913 494 3928 ,
515 3891 616 3921 relieto
631 3891 738 3921 Habitu
758 3891 898 3929 religionis
918 3893 973 3923 suae
985 3918 995 3932 ,
1015 3894 1048 3924 &
1062 3894 1152 3932 spreta
1166 3894 1239 3924 Pro-

35 3941 67 3965 E.
83 3946 108 3973 3,
121 3942 145 3972 p,
185 3923 461 3995 ξῗῐῖιῖἒῖῐὲἓέζὲἧὲῗᾶα
475 3929 612 3969 Regnum
627 3928 756 3960 nostrum
772 3938 923 3968 vagantur,
937 3931 983 3962 seu
995 3933 1026 3962 in
1039 3932 1165 3963 futurum
1178 3933 1240 3963 fue-

41 3983 66 4002 1‘
78 3983 113 4003 m’
125 3983 170 4010 η’
210 3986 391 4067 ,ῙέΕΡῗὶιῐιει-ιτ
405 3990 428 4041 ,’
437 4005 471 4035 &
483 4005 622 4038 honestati
637 4006 794 4045 Religionis
812 4006 958 4045 praedicstae
975 4007 1127 4047 specialiter
1141 4009 1240 4042 subve-

185 4048 297 4108 ῗππῖη.
319 4079 362 4108 Π.
381 4080 415 4110 Ρ.
433 4082 492 4112 111.
593 4064 599 4068 ⁴

1226 158 1691 215 PUBLICA.
2220 171 2270 214 73

1256 242 1349 286 Vobis
1368 243 1495 275 districte
1515 247 1709 284 praecipimus,
1728 246 1846 277 firmiter
1864 245 2039 286 injungentes
2051 267 2061 282 ‚
2079 243 2158 283 quod
2170 253 2273 274 omnes
2291 242 2420 274 Ann.D.

1218 281 1378 324 hujusmodi
1400 282 1562 321 Apostatas,
1582 286 1728 322 quotiens,
1747 286 1780 315 δε
1798 285 2038 323 quandocumque
2053 282 2185 313 Minister
2202 282 2272 312 Pro·
2318 291 2404 321 1332.

1219 319 1345 349 vmcralis
1360 341 1369 356 ,
1392 319 1437 350 seu
1457 320 1579 359 Custos,
1597 322 1643 352 vel
1658 322 1814 354 Gardianus
1828 323 1943 353 Ordinis
1956 322 2099 361 praedicti,
2118 331 2166 359 per
2182 321 2274 351 Litte-
2292 322 2356 348 Edv-
2378 329 2404 358 30

1220 367 1260 386 ras
1273 357 1329 386 suas
1343 356 1488 396 Patentes,
1508 360 1588 389 vobis
1602 361 1782 398 intimaverit,
1801 361 1871 392 infra
1883 361 1959 392 idern
1979 361 2115 400 Regnum
2130 360 2273 398 vagabun-

1221 395 1272 425 dos
1288 394 1424 438 arestetis,
1443 397 1476 426 &
1492 397 1562 433 ipsos
1581 397 1703 436 eisdem,
1721 399 1876 437 Ministro,
1894 399 2032 437 Custodi,
2053 399 2097 428 seu
2112 397 2274 435 Gardiano,

1222 433 1267 462 vel
1283 433 1421 476 Fratribus
1439 434 1554 464 Ordinis
1573 436 1592 455 ³*
1610 436 1678 466 illius
1693 459 1703 473 ,
1721 437 1878 474 hujusmodi
1892 438 2009 469 Litteras
2020 437 2223 474 deferentibus,
2241 436 2274 466 li-
2295 443 2310 460 *
2333 443 2387 469 IV.

1223 472 1311 501 berari
1325 471 1446 510 sacratis,
1460 473 1536 510 juxra
1552 473 1668 504 Ordinis
1682 475 1720 504 sui
1732 474 1875 512 Regulam
1891 475 2080 515 castigandos;
2294 480 2362 517 508.

1261 509 1366 539 Talem
1378 510 1412 539 δε
1424 519 1530 541 tantam
1541 511 1712 550 diligentiam
1727 514 1951 581 circRIpraemissa
1966 522 2139 552 apponentes
2146 536 2162 557 ,³
2181 511 2257 551 quod
2267 535 2277 551 ,

1224 558 1277 585 pro
1292 547 1406 614 defgdtu
1421 548 1523 588 vestri,
1541 552 1717 588 querimonia
1731 550 1766 581 ad
1818 562 1849 582 os
1870 552 1937 582 inde
1957 563 2017 583 non
2037 559 2181 591 pervemat
2203 561 2279 590 quo-

1224 595 1334 624 quomo
1355 595 1384 615 o.

1263 661 1297 692 In
1313 663 1408 701 cujus,
1427 663 1487 694 &c.

1263 737 1352 769 Teste
1366 737 1448 778 Rege
1458 738 1532 777 apud
1548 738 1695 770 Waltham
1704 763 1714 779 ,
1729 742 1814 772 tertio
1828 741 1874 772 die
1888 741 2040 773 Februarii.

1725 819 1780 846 Per
1795 820 1888 848 Breve
1904 819 1935 848 de
1950 820 2068 848 Privato
2082 817 2180 856 Sigillo-

1343 939 1392 971 De
1411 936 1511 981 Castro
1528 940 1710 982 Xanfbmiae,
1735 951 1825 987 nuper
1845 943 1958 974 Diruta
1970 967 1978 983 ‚
2005 942 2178 987 reparanda.

1235 1025 1291 1078 R
1302 1022 1327 1052 E
1340 1021 1388 1061 X,
1406 1021 1625 1055 Constabulario
1646 1024 1696 1055 suo
1715 1024 1889 1063 Burdegaliae
1904 1050 1914 1065 ,
1938 1027 1988 1064 qui
2007 1036 2085 1057 nunc
2106 1026 2165 1065 est,
2182 1027 2226 1058 vel
2241 1029 2289 1065 qui
2309 1015 2384 1046 Ann·
2398 1013 2440 1045 D·

1312 1071 1365 1098 pro
1378 1070 1506 1099 ternpore
1517 1063 1615 1101 fuerit,
1634 1063 1682 1093 vel
1693 1065 1750 1102 ejus
1762 1064 1878 1094 Locum
1892 1066 2015 1102 tenenti,
2034 1064 2168 1095 Salutem.
2332 1062 2415 1093 1332·

1271 1098 1443 1130 Mandamus
1456 1101 1556 1139 vobis,
1575 1101 1691 1132 firmiter
1712 1103 1901 1141 injungentes,
1920 1103 1998 1141 quod
2013 1103 2146 1134 Castrum
2160 1102 2290 1133 nostrum
2312 1098 2363 1120 An.
2378 1095 2406 1119 ⁶·

1235 1134 1426 1181 Xandioniae,
1444 1149 1533 1177 nuper
1547 1139 1684 1170 Dirutum
1700 1162 1709 1178 ,
1728 1141 1761 1170 &
1775 1151 1828 1178 pro
1842 1150 1917 1179 parte
1933 1142 2118 1180 demolitum,
2135 1143 2165 1172 in
2181 1141 2290 1180 Muris,
2309 1137 2336 1178 E:
2358 1141 2384 1167 3·

1235 1174 1376 1206 Turribus
1393 1199 1403 1215 ,
1422 1176 1577 1216 Pontibus,
1596 1178 1629 1209 δε
1652 1178 1798 1208 Domibus
1812 1203 1822 1216 ,
1837 1190 1879 1211 ,ac
1901 1180 1958 1210 aliis
1980 1180 2173 1211 Defensalibus
2186 1179 2285 1211 &Ex-
2313 1172 2378 1207 Ws‘·
2398 1171 2426 1197 ⁶·

1234 1215 1447 1254 pugnabilibus,
1466 1216 1501 1246 de
1514 1216 1639 1247 Exitibus
1654 1216 1768 1247 Ballivae
1782 1216 1883 1248 vestrae
1894 1242 1903 1256 ,
1927 1219 1960 1249 δε
1973 1218 2099 1249 Pecunia
2112 1243 2122 1257 ,
2141 1229 2225 1256 quam
2247 1219 2296 1249 ali·
2315 1212 2344 1235 Ε·
2357 1218 2425 1245 3·'⁷'⁰

1237 1252 1319 1296 unde·
1335 1255 1452 1284 nomine
1475 1255 1575 1285 nostro
1595 1255 1699 1285 habere
1720 1257 1846 1293 poteritis
1861 1280 1870 1294 ,
1896 1256 1954 1287 sine
1976 1257 2110 1287 dilatione
2130 1257 2294 1294 reparari&
2320 1255 2364 1275 ¹2⁰

1236 1290 1396 1322 reaedificari
1416 1292 1542 1331 faciatis,
1568 1293 1601 1323 &
1621 1293 1726 1323 Custus
1740 1317 1749 1332 ,
1774 1304 1845 1332 quos
1864 1296 1894 1324 in
1910 1294 2056 1332 praemiffis
2070 1295 2207 1334 feceritis,
2225 1305 2294 1325 cum

1236 1329 1298 1359 illos
1321 1329 1481 1363 sciverimus
1494 1356 1505 1370 ,
1531 1332 1615 1363 vobis
1637 1333 1666 1362 in
1689 1330 1841 1371 Compoto
1858 1332 1954 1365 vestro
1976 1333 2072 1364 debite
2087 1333 2198 1364 allocari
2211 1332 2294 1364 facie-

1237 1377 1310 1398 muS.
1676 1390 1679 1392 v

1275 1444 1364 1477 Teste
1379 1445 1465 1485 Rege
1477 1446 1551 1487 apud
1565 1447 1731 1486 Waltham,
1748 1448 1867 1486 septimo
1879 1449 1924 1480 die
1940 1449 2091 1480 Februarii.

1977 1529 2031 1556 Per
2043 1525 2195 1557 Concilium.

1241 1649 1290 1680 De
1308 1644 1454 1679 audiendo
1481 1647 1632 1694 Qerelas
1643 1648 1734 1693 sitper
1749 1649 1850 1681 Terris
1876 1652 2022 1695 occupatis
2047 1661 2148 1682 contra
2161 1646 2301 1695 formam

1591 1699 1706 1729 Pavum
1723 1708 1791 1729 cum
1807 1699 1952 1732 Francia.

1304 1780 1329 1810 E
1347 1780 1408 1811 Roi
1425 1790 1441 1810 a
1456 1803 1466 1818 ‚
1490 1789 1550 1812 noz
1572 1780 1667 1812 Amez
1686 1782 1719 1812 &
1740 1781 1837 1812 Foialx
1853 1804 1862 1819 ,
1874 1781 1970 1820 Johan
1985 1782 2110 1815 Travers
2147 1781 2303 1820 Chanoign
2326 1772 2453 1813 Ann.D.'

1242 1781 1296 1864 L
1315 1820 1352 1850 de
1365 1819 1476 1863 l'Eglise
1488 1820 1524 1850 de
1538 1819 1702 1863 Licliefeld,
1720 1821 1753 1851 &
1771 1820 1890 1851 Meistre
1901 1820 1996 1860 Johan
2009 1821 2046 1852 de
2061 1807 2202 1861 Hildesse,
2226 1820 2303 1852 Cha·
2346 1828 2432 1860 1332.

1244 1857 1385 1926 no'.g¹¹hde
1399 1857 1506 1897 l’Eglise
1521 1858 1556 1888 de
1572 1856 1731 1897 Circestre,
1748 1858 1852 1890 Salutz.
2323 1864 2375 1888 An.
2394 1861 2421 1885 6-

1278 1898 1387 1965 &Cagnffi
1394 1906 1491 1972 {gg-'e’
1509 1936 1586 1966 bone
1601 1935 1756 1980 memoire,
1774 1934 1890 1967 Charles
1909 1936 2058 1977 n'adgaires
2074 1937 2134 1967 Roi
2148 1937 2185 1967 de
2200 1936 2306 1968 Fraun-
2322 1904 2430 1968 {ibijem
2444 1938 2445 1941 ’

1245 1984 1297 2018 ce,
1317 1975 1350 2004 ὅτ.
1371 1973 1495 2018 Edward
1516 1974 1663 2018 n’adgaires
1682 1974 1744 2004 Roi
1768 1974 1804 2004 de
1825 1974 1989 2019 Engleterre
2003 1998 2012 2013 ,
2033 1976 2133 2020 ‚nostre
2154 1975 2306 2009 Treschier

1246 2012 1330 2042 Piere
1352 2013 1392 2050 (qi
1406 2012 1509 2080 ADieucilt
1528 2012 1648 2081 Assgsille)
1667 2006 1711 2043 sur
1731 2012 1848 2044 Debatz
1863 2036 1872 2052 ,
1898 2024 1946 2052 qui
1969 2013 2088 2044 estOient
2108 2023 2206 2045 meutz
2228 2022 2308 2045 entre

1246 2060 1320 2120 eulxifft
1334 2062 1394 2128 33ss
1407 2052 1654 2127 enctssgflesenoble
1676 2089 1781 2121 Prince
1795 2113 1817 2134 ³.
1832 2089 1983 2122 Monfieur
1999 2090 2099 2129 Phelip
2107 2114 2118 2130 ,
2135 2101 2188 2122 ore
2201 2091 2262 2121 Roi
2273 2090 2309 2121 de

1248 2127 1377 2197 {gnesen}
1389 2128 1862 2198 gleinzkrlrsienltueesteffigrridtgnsfigfflst'
1879 2139 1966 2160 come
1981 2139 2018 2160 en
2031 2130 2159 2160 meismes
2172 2130 2210 2161 les
2218 2130 2310 2161 Acor-

1285 2177 1335 2236 Etp
1343 2177 1466 2236 auclines
1487 2204 1621 2242 Surprises
1634 2228 1643 2243 ,
1664 2192 1809 2244 Purprises²
1818 2229 1828 2244 ,
1854 2206 1888 2236 &
1909 2206 2126 2246 Occupacions,
2145 2214 2232 2239 avont
2245 2206 2305 2238 este

1248 2243 1343 2281 faites,
1361 2244 1445 2274 d'une
1457 2252 1520 2287 part
1533 2244 1566 2274 &
1579 2244 1700 2282 d'aurre,
1719 2253 1820 2275 contre
1834 2244 1872 2274 les
1884 2244 1955 2275 dites
1968 2246 2119 2284 Acordez,

1291 2283 1396 2320 Nous,
1414 2282 1549 2313 voillantz
1564 2292 1619 2320 que
1626 2282 1713 2313 Droit
1727 2283 1780 2314 soit
1791 2283 1840 2314 fait
1854 2293 1889 2313 en
1903 2292 1990 2321 quant
2004 2294 2060 2322 que
2075 2294 2091 2314 a
2108 2294 2180 2315 nous
2195 2285 2311 2322 attient,

1250 2331 1321 2352 vous
1334 2344 1343 2359 ,
1367 2321 1400 2351 δε
1420 2321 1542 2351 chescun
1563 2321 1598 2351 de
1619 2332 1691 2352 vous
1703 2344 1712 2359 ,
1738 2321 1881 2370 Provoms
1895 2346 1904 2359 ,
1923 2322 2063 2361 Elisoms,
2081 2323 2114 2353 ὃς
2132 2323 2314 2361 Deputoms‚

1252 2370 1301 2429 fit?
1316 2359 1565 2428 ffiegepffieg
1577 2384 1587 2397 ³
1605 2369 1663 2429 ¹33²
1671 2359 1810 2436 ssfftterZ’s
1821 2359 1963 2429 352¹}ssssAE
1965 2361 2110 2430 νῗῖἒῖἓὲῗ
2111 2361 2207 2430 {Q
2209 2361 2316 2430 {1323}

1252 2437 1407 2480 appartient
1454 2436 1492 2466 les
1514 2421 1635 2480 Pleilites
1657 2437 1692 2466 de
1713 2445 1784 2467 touz
1796 2447 1884 2481 ceux,
1899 2438 1927 2480 qi
1941 2421 2066 2475 pleindre
2078 2437 2104 2467 se
2119 2438 2263 2482 voudront
2278 2436 2316 2468 de

1253 2475 1405 2512 Surprises,
1421 2461 1582 2513 Ῥυτρῑιίεε,
1599 2475 1632 2505 &
1656 2474 1878 2513 Occupacrons,
1894 2475 1970 2505 faites
1995 2485 2097 2506 contre
2119 2476 2158 2506 les
2179 2476 2250 2506 dites
2272 2475 2316 2505 Α-

1254 2513 1371 2551 cordes,
1389 2514 1422 2544 δε
1434 2525 1449 2544 a
1463 2514 1528 2544 faire
1543 2513 1744 2552 Restitucion,
1763 2514 1796 2544 &
1812 2513 2040 2552 compliffement
2057 2514 2094 2544 de
2115 2514 2254 2552 droiture,
2272 2513 2317 2545 sur

1257 2553 1374 2583 meisme
1386 2553 1424 2582 les
1437 2552 1544 2582 choses.

1295 2629 1339 2659 En
1361 2629 1590 2669 Tesmoignance
1611 2628 1647 2660 de
1673 2639 1748 2668 queu
1767 2627 1853 2660 chose
1874 2639 1946 2660 nous
1966 2639 2067 2662 avoms
2086 2629 2135 2661 fait
2150 2629 2218 2661 faire
2230 2627 2321 2661 cestes
2348 2620 2350 2623 ¹

1258 2678 1318 2698 noz
1334 2668 1442 2699 Lettres
1457 2668 1588 2700 Overtes.

1298 2744 1382 2784 Don,
1399 2755 1414 2775 a
1429 2744 1576 2776 Waltharn
1588 2769 1598 2784 ,
1616 2743 1642 2775 le
1655 2745 1701 2784 viij
1713 2745 1779 2784 jour
1794 2743 1831 2775 de
1846 2744 1870 2775 F
1871 2755 1947 2777 ever.

1261 2880 1310 2912 De
1330 2881 1485 2925 Conventis
1502 2879 1595 2925 fhper
1617 2876 1805 2924 Sponfizlibus
1824 2882 1901 2911 inter
1921 2880 2069 2912 Comitem
2092 2878 2196 2912 Gelriae
2213 2881 2249 2917 ὠ-
2269 2874 2320 2912 A·

1584 2927 1734 2968 lianoram
1754 2929 1841 2974 Regis
1858 2929 2005 2961 Sororem.

1262 3012 1350 3071 RE
1361 3011 1391 3043 X
1411 3012 1578 3051 Universis,
1595 3011 1631 3042 ad
1645 3022 1716 3051 quos
1728 3012 1876 3051 praesentes
1892 3012 2007 3044 Litterae
2026 3014 2224 3052 pervenerint,
2241 3011 2320 3043 Salu-
2340 3013 2416 3045 Ann.
2429 3011 2472 3043 D.

1335 3060 1404 3082 tem.
2362 3062 2395 3092 13
2402 3061 2448 3091 32.

1301 3089 1449 3120 Noverint
1461 3089 1596 3120 Univerfi
1612 3089 1707 3128 quod,
2341 3096 2395 3120 An.
2409 3094 2437 3118 6.

1302 3127 1400 3166 Ctim,
1418 3128 1599 3158 Venerabiles
1611 3127 1723 3167 Patres,
1736 3128 1764 3166 J.
1782 3128 1827 3159 W
1846 3128 1996 3159 ntoniensis
2008 3127 2179 3166 Episcopus,
2196 3123 2318 3157 Cancel-
2337 3135 2366 3158 Ε.
2390 3140 2415 3166 3.

1262 3165 1342 3196 larius
1357 3165 1469 3204 noster,
1487 3167 1521 3196 ὃς
1534 3166 1588 3196 W.
1603 3166 1798 3197 Norwicenfis
1837 3167 1982 3205 piscopus,
1999 3167 2195 3197 Thesaurarius
2211 3164 2318 3203 noster,
2340 3167 2437 3197 Pat.6.

1264 3214 1297 3234 ac
1313 3228 1322 3243 ,
1345 3204 1442 3234 dilecti
1461 3205 1494 3235 &
1516 3201 1611 3235 fideles
1630 3204 1742 3244 nostri,
1769 3205 1914 3236 Galfridus
1933 3205 1959 3236 le
1972 3205 2078 3244 Scrop,
2096 3205 2129 3235 &
2143 3203 2318 3235 Willielmus
2339 3212 2368 3236 Ε.
2381 3212 2428 3243 3.p
2450 3210 2475 3239 ις

1266 3243 1372 3282 Herle,
1391 3253 1440 3280 per
1453 3253 1506 3273 nos
1519 3243 1672 3282 specialiter
1685 3243 1822 3282 deputati,
2345 3256 2382 3274 m.
2395 3254 2442 3280 24·

1305 3281 1456 3320 Necnon,
1480 3282 1589 3313 discreti
1611 3282 1697 3321 Viri,
1723 3282 1799 3313 Otto
1819 3282 1964 3313 Dominus
1984 3280 2020 3311 de
2044 3280 2151 3320 Kuye,
2181 3280 2323 3311 Ricoldus

1267 3319 1437 3358 Praepofitus
1459 3320 1492 3351 &
1514 3320 1737 3352 Archidiaconus
1757 3320 1890 3351 Ecclesiae
1910 3320 2005 3350 Sancti
2028 3318 2106 3351 Petri
2118 3319 2321 3358 Trajediaensis,

1268 3359 1301 3389 δε
1311 3359 1437 3396 jacobus
1452 3359 1488 3389 de
1504 3359 1646 3397 Myerlaer
1661 3358 1764 3397 Miles,

1307 3397 1517 3428 Ambaffatores
1532 3398 1565 3428 ὃς
1587 3397 1787 3428 Procuratores
1801 3420 1811 3435 ,
1828 3396 1945 3427 Nobilis
1960 3397 2038 3433 Viri,
2056 3396 2182 3427 Domini
2196 3394 2323 3434 Reynal-

1269 3435 1314 3473 di,
1333 3435 1459 3466 Comitis
1477 3436 1653 3473 Ghelrensis,
1672 3437 1706 3468 &
1721 3435 1934 3473 Zutphaniensis
1950 3459 1959 3473 ,
1977 3435 2057 3472 super
2076 3436 2095 3454 ²*
2115 3434 2323 3472 Matrimonio,
2343 3436 2359 3454 ⁸*
2377 3437 2430 3464 IV.

1271 3474 1464 3504 contrahendo
1485 3475 1555 3504 inter
1579 3475 1726 3512 praefatum
1748 3474 1898 3504 Comitem
1919 3483 1953 3503 ex
1972 3481 2049 3511 parte
2069 3471 2143 3510 una,
2161 3473 2194 3503 &
2207 3471 2325 3503 Aliano-
2345 3483 2412 3512 509.

1270 3523 1331 3543 ram
1347 3513 1483 3543 Sororem
1500 3512 1625 3543 nostram
1638 3512 1806 3543 carissimam
1818 3521 1852 3542 ex
1865 3511 1965 3549 altera²

1310 3550 1384 3581 Inter
1406 3551 1432 3581 se
1451 3552 1511 3581 tam
1534 3561 1568 3581 ex
1588 3560 1666 3589 parte
1687 3550 1783 3582 nostra
1797 3573 1806 3589 ,
1825 3550 1910 3589 quam
1926 3558 1960 3579 ex
1975 3557 2051 3588 parte
2062 3548 2169 3587 praefati
2182 3548 2327 3587 Comitis,

1272 3589 1423 3620 Tractatus
1437 3590 1573 3627 plurimos
1587 3589 1761 3628 habuissent,

1312 3628 1454 3665 Diuique
1468 3627 1684 3665 Procuratores,
1703 3627 1808 3665 praefati
1823 3625 1965 3663 Comitis,
1985 3625 2076 3656 eidem
2093 3625 2192 3655 Sorori
2206 3624 2327 3663 nostrae,

1273 3667 1393 3734 nomine
1406 3666 1576 3696 Donationis
1585 3689 1594 3705 ,
1612 3675 1727 3704 propter
1742 3665 1865 3702 Nuptias
1878 3688 1888 3702 ,
1906 3663 2020 3694 Dotem
2033 3663 2080 3694 seu
2094 3663 2232 3694 Duariam
2245 3662 2328 3703 affig-

1273 3704 1322 3735 nai
1336 3713 1400 3743 ent,

1312 3742 1351 3773 Et
1367 3743 1402 3773 de
1424 3742 1587 3780 recipiendo
1601 3765 1612 3781 ,
1635 3742 1752 3772 nornine
1774 3740 1860 3771 Dotis
1875 3763 1885 3778 ,
1911 3750 1926 3770 a
1939 3740 2022 3771 nobis
2035 3740 2072 3770 de
2083 3739 2159 3771 certa
2173 3741 2325 3779 quantitate

1275 3780 1409 3811 Pecuniae
1424 3782 1493 3810 inter
1505 3782 1549 3818 se,

1315 3819 1352 3850 Et
1367 3820 1401 3849 de
1415 3818 1616 3848 Haeredatione
1632 3818 1768 3848 Filiorum
1782 3817 1815 3848 &
1828 3816 1978 3855 Filiarum,
1999 3826 2071 3855 quos
2085 3816 2161 3848 idem
2176 3816 2286 3848 Comes
2299 3825 2335 3848 ex

1278 3857 1355 3888 dieta
1369 3858 1474 3888 Sorore
1486 3855 1596 3893 nostrfi,
1616 3856 1708 3886 Dono
1722 3856 1796 3894 Dei,
1814 3865 1963 3892 procreare
1976 3855 2147 3894 contigerit,

1315 3896 1359 3925 Ac
1374 3896 1410 3926 de
1425 3894 1615 3934 praesentando
1629 3895 1662 3924 ὃ(
1676 3893 1839 3932 recipiendo
1853 3893 1971 3923 eandem
1987 3893 2150 3924 Alianoram
2165 3917 2175 3933 ,
2191 3895 2273 3926 certis
2285 3893 2336 3925 fiab

1281 3933 1374 3965 modis
1395 3933 1428 3963 &
1451 3932 1550 3962 formis
1564 3957 1573 3970 ,
1597 3932 1794 3963 convenissent
1843 3940 1927 3969 prout
1946 3932 2010 3962 haec
2024 3957 2035 3971 ,
2050 3933 2162 3971 &alia,
2178 3934 2208 3963 in
2223 3933 2337 3964 Litteris

1282 3972 1428 4003 dstfitorum
1449 3970 1661 4009 Episcoporum
1674 3994 1684 4008 ,
1710 3971 1743 4001 &
1764 3956 1904 4001 Fidelium
1925 3970 2113 4010 nostrorum,
2139 3981 2172 4003 ac
2190 3972 2338 4002 di&orum

1282 4010 1503 4040 Procuratorum
1517 4033 1527 4046 ,
1550 4009 1657 4046 praefati
1678 4007 1803 4040 Comitis
1816 4032 1826 4047 ,
1852 4009 1953 4048 pariter
1968 4008 2073 4049 sigillis
2086 4019 2190 4042 eorum
2205 4010 2341 4050 sigillatis,

1281 4049 1361 4080 latius
1374 4048 1555 4096 continentur
1563 4070 1573 4085 ,
1792 4083 1824 4115 K
2275 4082 2345 4114 Noe
