2562 4279
572 157 699 200 ET
787 154 1106 198 ACTA

0 273 70 307 Ann.
83 269 124 303 D.
145 285 285 290 ——ssff
459 280 1069 287 W-

0 321 67 379 Εῇᾗι
75 320 103 377 32
198 332 255 366 Ad
275 332 382 375 Regem
399 329 579 374 Normegiae,
603 326 639 359 de
664 325 744 359 bonis
769 325 923 369 austasii,
947 329 984 364 ὠ·
1003 323 1135 371 subditis

0 391 48 417 An.
64 390 92 414 6.
578 378 779 407 incarceratis.

0 431 81 500 {iat}-
96 464 124 490 6.
189 461 412 496 Xcellentiffimo
433 444 573 497 Principi,
595 459 728 489 Domino
748 456 897 497 Haquino,
920 457 979 489 Dei
994 457 1096 496 grati-i,
1112 455 1191 494 Regi

0 506 28 575 ξ.
35 511 68 568 ,²1¹⁵
86 510 124 529 m.
205 502 370 538 Norwagiae
382 498 604 536 illustri,Arnico
618 498 665 527 suo
678 495 1111 535 kariffirno,EdwarduS,eadem
1129 506 1190 534 gra-

141 541 197 579 tia,
207 542 266 572 &c.
284 539 395 570 salutem
426 546 494 567 cum
510 535 660 566 dileetione
675 534 786 565 sincera.

181 579 306 609 Gravem
317 559 453 614 quereiam
465 573 561 604 dilecti
586 573 755 603 Mercatoris
773 572 877 611 nostri,
896 572 1033 603 Richardi
1053 572 1191 610 Hopman

142 618 179 649 de
195 617 290 653 Lenn,
301 614 472 652 recepimus,
484 613 674 642 continentem
690 610 768 650 quod
783 633 793 649 ,
815 621 881 641 cum
899 610 954 649 ipse
977 611 1114 652 quandam
1129 610 1193 640 Na-

145 665 211 687 vem
222 654 294 684 suam
301 674 312 689 ,
323 661 407 689 quarn
421 650 494 688 apud
509 650 588 679 Lenn
600 650 628 678 in
643 648 749 685 Regno
761 648 855 679 nostro
869 649 979 689 Angliae
991 649 1100 679 diversis
1112 649 1193 678 bonis

144 695 178 726 &
193 690 384 723 mercimoniis
397 687 501 726 suis,ad
515 687 663 717 valentiam
675 687 855 717 ducentarum
872 689 905 719 ὃς
919 687 1099 726 quadraginta
1110 687 1194 716 libra-

144 740 223 767 rum,
235 728 340 758 onerari
352 726 468 763 fecerat,
483 725 565 762 usque
576 725 674 765 Wyk,
695 725 766 755 infra
789 725 926 763 Regnum
947 725 1068 755 vestrum
1081 749 1091 762 ,
1114 724 1195 755 causa

144 766 301 807 negotiandi
317 765 423 796 ibidem
443 763 478 794 de
498 763 602 794 eisdem
615 786 625 801 ,
645 772 695 802 per
717 762 847 801 quosdam
860 763 988 794 homines
1003 764 1035 794 ὃς
1050 764 1195 794 servientes

140 807 199 838 suos
208 804 308 835 adduci
320 802 440 834 feciffet:

180 842 307 882 Qiidam
321 840 460 872 Ballivi&
480 838 608 870 Ministri
622 838 723 878 vestri,
744 839 780 870 de
800 840 935 878 praedieta
951 838 1024 871 Villa
1044 840 1080 870 de
1097 838 1195 879 Wyk,

140 881 257 913 Navem
279 880 369 918 illam,
385 879 425 909 sio
437 886 595 916 oneratam,
619 878 648 908 iri
670 886 749 915 portu
773 879 893 915 ejusdem
913 879 996 910 Villae
1011 901 1021 916 ,
1046 878 1194 916 postquam

141 920 251 951 ibidem
265 929 299 957 ap
318 917 447 956 licuerat,
458 916 621 947 arestarunt·
635 916 734 954 aliique
748 917 830 947 vestri
850 917 946 948 Ballivi
959 917 994 947 de
1006 915 1194 953 Northbergh

141 957 273 997 quaedam
311 957 335 986 ia
346 955 423 986 Bona
436 956 469 986 &
485 954 588 985 Catalla
601 940 645 985 iiia
658 977 669 993 ,
697 954 730 985 ad
754 955 901 985 valentiam
921 955 1100 996 quadraginta
1111 955 1194 984 libra-

141 1006 222 1035 rum,
241 994 344 1025 ibidem
365 995 495 1031 inventa,
509 993 631 1023 similiter
651 1003 783 1031 ceperunt
796 994 828 1024 δε
844 993 1066 1032 asportaverunt,
1081 1002 1194 1023 necnon

140 1035 271 1066 homines
281 1031 437 1070 suos,apud
452 1031 597 1070 praedietas
610 1030 695 1062 Villas
707 1031 743 1062 de
758 1032 841 1072 Wyk
857 1034 890 1063 &
905 1032 1085 1071 Northbergh
1097 1032 1195 1062 inven-

140 1081 199 1110 tOS,
216 1078 347 1110 ceperunt
373 1071 406 1102 δε
417 1080 463 1101 eos
476 1069 574 1099 strieto
588 1071 690 1100 carceri
704 1071 915 1109 manciparunt,
930 1072 958 1101 in
972 1080 1029 1108 quo
1043 1070 1132 1100 adhuc
1146 1068 1195 1098 de-

139 1108 276 1149 tinentur,
287 1120 320 1140 ac
333 1092 450 1139 §avem
465 1108 557 1146 illam,
571 1108 627 1138 una
644 1118 712 1138 cum
728 1108 828 1146 Bonis,
844 1107 970 1146 Catallis,
981 1109 1014 1139 &
1034 1108 1196 1138 Mercimo-

141 1149 195 1180 niis
212 1148 365 1186 praedietis,
382 1146 475 1178 eidem
499 1146 664 1185 Richardo,
692 1146 740 1177 sub
758 1147 847 1177 aresto
868 1146 1024 1184 hujusmodi
1039 1169 1050 1185 ,
1073 1146 1196 1176 detinent

140 1188 236 1218 minus
249 1185 341 1224 juste,
359 1187 389 1216 in
406 1185 486 1223 ipsius
505 1184 640 1215 Richardi
657 1184 831 1222 dispendium
848 1195 906 1215 non
924 1184 1128 1222 modicum,&
1144 1183 1198 1214 sta-

140 1224 187 1255 tfis
203 1225 258 1263 sui,
275 1233 306 1255 ut
321 1234 390 1255 acce
411 1225 483 1253 imus
517 1221 718 1260 depreffionem
735 1222 925 1253 manifestam:

180 1263 233 1302 Et,
248 1264 312 1302 quia
326 1272 383 1301 prae
395 1269 440 1292 ato
458 1245 613 1291 Mercatori
630 1260 742 1298 nostro,
759 1261 830 1291 sicut
844 1263 950 1292 caeteris
969 1260 1005 1292 de
1023 1261 1129 1301 Regno
1145 1271 1199 1291 no-

141 1301 216 1340 stro,
233 1301 362 1333 volumus
378 1300 454 1341 super
471 1298 616 1337 praemiffis
633 1298 759 1329 remedio
774 1322 783 1337 ,
808 1309 864 1337 quo
888 1300 922 1330 de
944 1300 1006 1338 jure
1033 1300 1200 1338 poterimus,

141 1340 303 1378 subvenire,
324 1340 476 1370 amicitiam
497 1336 618 1368 vestram
644 1336 794 1368 affeetuose
819 1339 982 1376 requirimus
999 1340 1032 1369 ὃς
1049 1348 1200 1376 rogamus,

142 1379 268 1416 quatinus
280 1377 396 1408 Navem
408 1376 576 1414 illam,cum
588 1375 671 1406 Bonis
686 1377 719 1406 &
733 1375 935 1406 Mercimoniis
949 1399 959 1415 ,
983 1387 1045 1415 quae
1068 1378 1097 1407 in
1119 1384 1200 1414 portu

143 1416 231 1447 dietae
249 1416 332 1447 Villae
345 1415 381 1445 de
394 1413 493 1453 Wyk3
511 1423 544 1444 ac
562 1415 647 1444 etiam
665 1414 742 1445 Bona
759 1415 792 1445 &
809 1413 914 1445 Catalla
946 1426 1008 1452 quae
1022 1417 1051 1445 in
1067 1414 1202 1454 praediista

142 1454 219 1485 Villa
235 1453 270 1485 de
288 1452 557 1521 Norfflbergfflger
579 1452 706 1490 praefatos
729 1452 846 1483 Ballivos
863 1453 896 1484 &
954 1453 1061 1484 inistros
1077 1453 1201 1492 vestros,

142 1502 173 1524 ut
190 1493 381 1531 praemittitur,
400 1498 479 1529 capta
544 1490 657 1521 arestata
673 1490 807 1529 existunt,
824 1491 983 1530 dearestari,
1001 1502 1035 1523 ac
1057 1502 1088 1523 ea
1102 1491 1202 1529 praefa-

144 1540 176 1563 to
192 1531 348 1561 Mercatori
361 1529 456 1560 nostro
466 1551 475 1567 ,
489 1529 534 1559 seu
550 1529 606 1566 ejus
623 1529 770 1560 Attornato
792 1530 821 1559 in
845 1530 897 1560 hac
912 1538 1006 1573 parte,
1021 1530 1055 1561 ad
1071 1539 1204 1560 commo-

144 1570 216 1601 dum
235 1569 315 1607 ipfius
327 1567 492 1599 Mercatoris
511 1567 578 1597 inde
601 1566 762 1598 faciendum
775 1590 785 1606 ,
808 1568 915 1605 integre
940 1568 1042 1599 restitui
1058 1581 1068 1607 3
1089 1574 1203 1598 necno‘ti

144 1607 274 1648 praefatos
288 1607 416 1638 homines
432 1605 491 1636 suos
506 1616 521 1636 a
536 1605 644 1644 prisona
652 1629 662 1644 ,
678 1616 729 1644 qua
744 1606 782 1636 fic
795 1605 967 1645 detinentur,
979 1606 1122 1637 deliberari
1148 1607 1204 1636 sine

145 1644 409 1684 dilationemostris‘
418 1644 546 1682 precibus
559 1643 661 1674 faciatis
670 1644 763 1687 ,nficut
776 1644 879 1674 velletis
896 1645 974 1683 quod
991 1655 1041 1675 nos
1056 1655 1108 1683 pro
1123 1629 1204 1675 Mer-

146 1685 287 1715 catoribus
299 1707 309 1722 ,
324 1684 358 1714 &
372 1683 428 1713 aliis
443 1682 553 1712 subditis
565 1681 754 1719 vestris,1nfra
769 1682 908 1720 Regnum
929 1682 1055 1714 nostrum
1070 1684 1204 1715 venienti-

147 1723 217 1761 bus,
230 1724 260 1752 in
276 1721 338 1752 casu
352 1720 491 1752 consimili
505 1719 659 1750 faceremus
672 1731 678 1749 z

185 1760 237 1798 Et,
254 1759 320 1799 quid
337 1758 423 1797 inde,
438 1758 472 1788 ad
487 1756 573 1788 nostri
588 1767 719 1796 rogatum
729 1782 738 1797 ,
751 1760 841 1791 facere
856 1759 1047 1798 decreveritis,
1061 1761 1143 1791 nobis
1156 1771 1208 1791 ve-

144 1799 182 1868 llit
196 1799 353 1830 litteratorie
368 1819 379 1837 ‚
403 1806 452 1836 per
472 1795 586 1827 latorem
599 1796 773 1835 praesenti'um
788 1821 798 1838 ,
826 1798 914 1831 vestra
939 1799 1076 1830 Serenitas
1097 1809 1208 1830 reman-

168 1848 219 1869 are„

187 1913 255 1945 Dat,
270 1912 343 1952 apud
358 1909 657 1964 Westmonasterium,
675 1912 809 1945 vicesimo
823 1914 928 1946 odravo
944 1914 989 1945 die
1005 1914 1112 1946 Martii.

20 2046 43 2073 ἲ
64 2048 119 2080 111.
153 2042 182 2070 *Ξ
215 2042 273 2076 Ad
287 2047 401 2090 Papam
419 2041 672 2077 commendatoria
688 2053 741 2087 pro
757 2040 901 2087 Johanne
917 2046 953 2081 (ῤ’
975 2041 1092 2076 Thomu
1104 2069 1114 2085 ‚
1136 2041 1214 2086 filiis-

44 2091 109 2128 39⁶·
550 2090 625 2125 Adae
658 2090 815 2125 Gurdonn.

9 2193 76 2226 Am
99 2190 140 2222 D„
155 2173 193 2232 P
203 2174 260 2208 ΑΡ
269 2175 310 2207 AE
339 2175 404 2206 Rex
423 2175 524 2219 deyota
539 2175 650 2205 Pedum
664 2175 755 2218 oscula
767 2176 919 2219 beatorum.

39 2239 124 2297 ¹³2³·
158 2266 221 2287 rum
231 2214 429 2283 &siffis
441 2212 938 2289 ffifflossssbiifflffiffuffi
953 2211 1216 2282 isissfizaeaffffss:

9 2276 62 2301 ‘⁸⁷⁷'
100 2289 106 2296 ’
159 2291 240 2324 modi
254 2292 475 2326 incrementum,
488 2289 599 2319 eosdem
609 2310 618 2324 ,
628 2288 788 2326 Johannem
801 2290 834 2318 &
848 2289 1015 2326 Thomam,
1031 2289 1131 2320 vestrae
1146 2289 1214 2319 Cle-

9 2315 41 2339 Ξ·
61 2318 87 2335 ²·
121 2342 130 2355 r
158 2331 287 2367 mentiae,
302 2337 364 2366 quae
377 2326 509 2358 virtuosos
523 2326 632 2364 diligit,
646 2326 679 2357 &
695 2327 732 2356 eis
745 2325 772 2356 se
790 2327 904 2357 exhibet
919 2327 1086 2365 gratiosam,
1107 2328 1217 2358 sinceris

11 2353 89 2415 {vim}
109 2353 142 2409 (ἕ
157 2368 302 2401 affectibus
311 2364 558 2409 commendamus,
583 2403 588 2409 ⁸
713 2402 719 2408 ἡ
736 2403 740 2408 Ι
1147 2404 1152 2409 1

33 2397 53 2413 r.
94 2405 99 2411 '
115 2422 132 2448 6
195 2407 299 2437 Votive
315 2403 496 2442 supplicantes
517 2411 642 2441 quatinus
665 2411 810 2440 petitiones
829 2403 1013 2442 eorumdem,
1033 2403 1167 2442 Johannis
1184 2404 1217 2434 &

14 2433 86 2490 jrm'
101 2431 110 2449 Ι
140 2443 282 2478 ’Τὴοηιπ
299 2441 479 2481 (Beatitudini
499 2441 613 2484 vestrae)
637 2451 686 2477 per
714 2440 889 2484 praesentium
911 2442 1052 2480 bajulum,
1075 2442 1095 2472 si
1118 2442 1217 2480 libeat,

34 2471 44 2489 ⁰
62 2481 68 2488 ‘
162 2480 355 2524 porrigendae)
373 2480 497 2517 benigne
511 2479 622 2516 audire,
635 2480 668 2510 &
688 2478 765 2517 super
787 2479 855 2518 hiis,
876 2481 906 2510 in
927 2481 1025 2518 quibus
1046 2479 1220 2518 Apostolicae

163 2521 318 2554 Sanffitatis
330 2519 418 2556 gratia
431 2517 556 2555 indigere
569 2517 735 2555 noscuntur,
749 2517 786 2547 sic
807 2528 857 2547 vos
872 2519 913 2556 ei,
934 2519 953 2549 fi
970 2519 1077 2556 placet,
1090 2518 1220 2549 exhibere

162 2560 319 2598 dignemini
329 2560 359 2589 in
373 2557 546 2588 exhibitione
560 2555 661 2586 favoris
675 2556 709 2586 &
725 2556 820 2592 gratiae
833 2555 974 2594 liberales,
988 2557 1065 2594 quod
1080 2557 1145 2595 ipsi,
1166 2567 1221 2587 no-

165 2599 230 2630 strae
244 2595 440 2628 intercessionis
452 2596 568 2625 obtentu
578 2617 587 2632 ,
602 2594 765 2624 efficaciam
779 2593 889 2624 suorum
905 2594 1102 2625 desideriorum
1110 2619 1119 2632 ,
1128 2604 1157 2625 111
1171 2596 1221 2626 de-

165 2637 308 2668 fideranter
319 2635 488 2673 appetimus,
501 2632 607 2664 facilius
623 2631 754 2672 consequi
765 2632 868 2671 pOffint
879 2632 956 2671 super
969 2635 1105 2665 contentis
1126 2634 1156 2664 in
1171 2644 1223 2672 pe-

168 2673 312 2708 titionibus
327 2672 483 2711 praelibatis.

204 2712 373 2750 Conservet,
389 2712 450 2743 &c.

205 2775 272 2807 Dat.
285 2773 357 2813 apud
368 2768 578 2815 Wyndesoram
588 2796 597 2812 ,
613 2774 707 2811 primo
720 2773 767 2805 die
782 2773 892 2813 Aprilis.

175 2903 223 2939 De
237 2906 337 2938 Terris
347 2904 466 2938 illorum
483 2907 536 2951 qus*
549 2931 558 2947 ,
575 2911 677 2937 contra
694 2901 897 2938 inhibitionem
916 2907 1002 2952 Regis
1012 2903 1229 2949 ,burdearunt‚

479 2957 510 2985 in
530 2964 654 2986 manum
675 2956 758 3000 Regis
772 2953 927 2999 capiendis³

252 3037 278 3070 E
287 3033 317 3068 X
346 3034 521 3068 Vicecomiti
535 3036 608 3067 Berk
616 3059 626 3074 ,
638 3036 761 3069 salutem.

33 3071 108 3103 Arm·
123 3067 165 3098 D·
180 3045 245 3108 R
283 3076 364 3107 Cum
382 3085 468 3113 nuper
488 3075 539 3105 tibi
552 3077 762 3118 praeceperimus
778 3077 852 3114 quod
864 3078 892 3108 in
909 3077 1020 3115 singulis
1032 3077 1117 3117 locis,
1130 3079 1160 3108 in
1175 3078 1237 3109 Bal-

54 3117 138 3149 1313.
182 3114 237 3145 livii
259 3115 324 3152 tuti,
339 3115 389 3145 ubi
402 3112 530 3151 expedire
543 3113 650 3143 Videres
659 3136 668 3151 ,
682 3114 793 3152 publice
828 3116 1031 3154 roclamari,&
1045 3126 1078 3147 ex
1093 3125 1170 3153 parte
1182 3127 1238 3146 no-

36 3152 88 3177 An.
103 3150 131 3174 ⁶·
184 3152 238 3183 stra
249 3151 360 3183 firmiter
373 3152 491 3182 inhiberi
509 3151 629 3190 faceres,
643 3161 678 3181 ne
700 3153 778 3190 quis,
819 3153 922 3192 Ἰ011165,
944 3154 1014 3184 Baro
1029 3177 1038 3192 ,
1058 3155 1145 3185 Miles
1156 3177 1166 3192 ,
1192 3155 1237 3185 seu

36 3191 68 3231 13
86 3195 113 3213 2·
183 3191 249 3222 alius
267 3191 436 3229 quicumque
456 3190 546 3220 homo
561 3189 594 3220 ad
612 3200 702 3229 arma,
717 3190 916 3229 cujuscumque
937 3191 1019 3222 statiis
1034 3201 1079 3223 aut
1094 3192 1237 3229 dignitatis

40 3229 94 3253 Ἑνὶ·
114 3223 141 3250 ⁶·
184 3228 327 3267 existeret,
347 3229 418 3258 infra
442 3228 575 3259 Ballivam
599 3236 673 3259 tuam
685 3252 696 3267 ,
713 3229 758 3258 seu
777 3230 843 3259 alibi
858 3230 928 3260 infra
945 3230 1081 3268 Regnum
1096 3231 1240 3270 nostrum,

39 3266 70 3292 Ε·
88 3272 114 3290 ²·
132 3270 168 3289 m·
185 3276 324 3305 torneare,
341 3266 489 3305 burdeare,
498 3266 580 3305 justas
590 3266 699 3305 facere,
711 3276 851 3299 aventuras
866 3279 987 3306 quaerere
1002 3292 1011 3307 ,
1029 3268 1073 3299 seu
1097 3268 1146 3300 alia
1166 3268 1240 3300 fadia

41 3308 71 3334 5·
186 3314 328 3338 armorum
342 3313 466 3335 exercere
478 3304 670 3343 praesumeret,
683 3306 738 3336 sine
752 3306 864 3337 licentia
875 3306 968 3337 nostrii
983 3307 1109 3344 speciali:

226 3343 262 3374 Et
280 3342 372 3381 quod,
393 3343 412 3372 si
427 3353 514 3384 quos,
532 3343 595 3380 post
612 3343 811 3374 inhibitionem
828 3367 837 3382 ,
856 3344 899 3375 seu
920 3345 1169 3382 proclamationem
1189 3346 1240 3376 hu-

185 3382 328 3422 jusmodi,
339 3381 485 3411 invenisses
502 3383 531 3411 in
548 3381 649 3412 Balliva
666 3382 713 3412 tua
734 3383 844 3420 aliquod
864 3383 970 3414 facitum
993 3394 1132 3414 armorum
1147 3394 1242 3414 excer-

190 3428 375 3457 centeS,tunc
391 3428 457 3456 eOS,
469 3428 535 3449 cum
550 3421 641 3458 equis,
659 3421 693 3451 &
710 3420 836 3451 hernesiis
854 3421 920 3459 suis,
940 3421 1122 3460 arestares,&
1142 3424 1172 3452 in
1188 3423 1242 3460 pri-

190 3458 258 3490 sona
270 3456 452 3525 nostrfidsalvo
468 3457 598 3488 custodiri
612 3458 713 3489 faceres
723 3482 733 3498 ,
748 3459 841 3490 donec
854 3459 927 3490 aliud
942 3460 1007 3490 inde
1018 3471 1034 3491 a
1055 3461 1138 3491 nobis
1158 3461 1243 3499 habe7

192 3508 234 3529 res
248 3499 277 3527 in
292 3506 357 3527 man
377 3504 439 3525 atis:

229 3535 266 3566 Et
285 3534 376 3573 quod,
392 3533 427 3563 de
445 3533 603 3565 nominibus
618 3532 743 3574 illorum,
758 3537 858 3575 nobis,
871 3536 921 3567 sub
932 3535 1022 3574 sigillo
1037 3545 1104 3576 tuo,
1115 3537 1247 3568 distinffle

194 3574 228 3606 &
241 3575 332 3613 aperte
347 3571 472 3602 constare
486 3571 601 3611 faceres,
832 3603 833 3606 Ἰ

234 3611 278 3642 Ac
291 3610 501 3641 intellexerimus
518 3610 591 3647 quod
605 3610 715 3648 quidam
725 3611 801 3650 ,post
818 3613 1016 3643 inhibitionem
1035 3612 1157 3644 nostram
1179 3624 1250 3651 prae-

196 3649 304 3680 dietam
319 3672 329 3687 ,
352 3648 424 3686 apud
444 3647 592 3687 Redynges
610 3658 695 3687 nuper
709 3650 841 3682 burdeare
860 3650 1099 3690 praesumpserunt,
1118 3653 1148 3681 in
1165 3651 1252 3682 nostri

197 3695 393 3725 contemptum
410 3686 604 3717 manifestum:

234 3726 323 3764 Nos,
352 3725 474 3755 nolentes
499 3733 694 3764 contemptum
717 3726 877 3764 hujusmodi
892 3727 1044 3766 relinquere
1061 3728 1231 3765 impunitum
1244 3752 1254 3766 ,

194 3764 253 3794 'tibi
267 3764 463 3802 praecipimus,
481 3762 593 3793 firmiter
609 3763 795 3804 injungentes,
813 3766 888 3804 quod
905 3776 1005 3796 omnes
1021 3766 1123 3796 Terras
1140 3766 1174 3796 &
1192 3767 1254 3797 Te-

200 3810 350 3840 nementa,
363 3801 438 3832 Bona
453 3803 486 3832 &
505 3799 624 3839 Catalla,
635 3802 663 3830 in
680 3801 783 3833 Balliva
795 3808 857 3842 tua,
869 3804 981 3834 illorum
997 3805 1062 3842 qui,
1076 3804 1138 3841 post
1154 3805 1255 3835 inhibi-

202 3841 312 3871 tionem
326 3840 508 3879 prae'dietam,
523 3840 595 3877 apud
611 3839 716 3870 dietam
732 3839 836 3871 Villam
849 3842 884 3872 de
904 3841 1058 3880 Redynges
1071 3843 1108 3872 lic
1124 3843 1256 3873 burdeare

205 3877 451 3916 praesumpserunt,
464 3878 522 3908 sine
533 3879 663 3908 dilatione
673 3901 682 3916 ,
693 3879 782 3915 capias
796 3879 826 3908 in
842 3889 958 3911 manum
973 3879 1152 3919 nostram,&
1165 3891 1196 3912 ea
1209 3881 1257 3912 sal-

208 3918 251 3947 vo
269 3915 421 3954 custodias,
434 3916 526 3946 donec
540 3917 612 3946 aliud
624 3917 689 3946 inde
706 3918 912 3954 perceperimus.

245 3952 281 3983 Et
293 3953 487 3991 nihilominus,
505 3955 639 3985 omnibus
656 3955 714 3985 aliis
736 3955 916 3992 praetermissis
969 3956 1001 3987 sis
1018 3966 1115 3987 coram
1136 3956 1261 3988 Consilio

212 3990 325 4028 nostr0,
339 3992 369 4021 in
384 3991 560 4023 Cancellaria
580 3992 673 4023 nostra
695 3994 723 4022 in
748 3992 856 4031 propria
872 3979 985 4063 {gisona
1002 3995 1066 4033 tua,
1081 3996 1110 4024 in
1125 3995 1264 4033 quindena

214 4025 326 4096 Pagqlri'ae
338 4031 473 4098 ἶὶοξῐῃιὸ
491 4030 598 4070 futura,
611 4032 770 4071 ubicunque
787 4039 854 4064 tunc
907 4032 976 4072 erit,
999 4033 1035 4065 ad
1055 4033 1266 4067 certificandum

1196 151 1780 195 PUBLICA.

2245 170 2291 211 33

1236 235 1346 266 dietum
1362 235 1516 266 Consilium
1528 237 1652 269 nostrum
1674 238 1798 278 ibidem,
1811 239 1888 276 supa·
1902 238 1978 270 fastu
1997 246 2064 278 tuo,
2087 238 2117 269 in
2150 240 2289 280 raemiffis,
2307 236 2380 267 Arm·
2396 234 2437 268 D»

1238 274 1320 317 &de
1334 275 1495 304 nominibus
1510 275 1622 306 illorum
1636 279 1683 315 qui
1697 277 1878 317 burdearunt,
1892 285 1923 309 ut
1936 277 1977 309 est
1991 277 2117 309 diCtum:
2161 286 2173 309 t
2189 279 2288 310 habeas
2329 284 2413 314 1313·

1244 313 1286 341 ibi
1304 312 1360 341 hoc
1378 311 1475 342 Breve.
2306 318 2373 341 Ede.
2393 323 2419 339 ι,

1270 386 1356 417 Teste
1377 387 1458 424 Rege
1473 388 1546 425 apud
1563 388 1862 431 Westmonasteriurn,
1878 393 1971 431 primo
1984 392 2031 423 die
2045 393 2155 431 Aprilis.

1236 461 1390 522 EOdem
1410 463 1499 494 modo
1519 464 1679 509 mandatum
1707 467 1746 497 est
1770 468 1942 514 Vieecomiti
1963 467 2107 514 Suffolciae
2142 469 2178 500 de
2192 468 2290 500 Terris

1311 501 1344 544 ξς
1360 501 1560 545 Το110111011113,
1578 502 1660 547 Bonis
1678 505 1710 535 &
1728 506 1837 537 Catallis
1853 509 2033 546 illorum,qui
2051 492 2125 546 apud
2141 507 2288 552 Sudbury,

1235 539 1298 577 post
1315 539 1511 569 inhibitionem
1529 540 1632 579 Regis,
1650 543 1828 582 burdearunt,
1846 547 1986 583 capiendis
2001 548 2032 576 in
2050 556 2165 577 manum
2180 546 2288 584 Reg1s;

1238 578 1271 608 &
1289 577 1322 607 ad
1341 576 1548 620 certificandum
1567 579 1724 622 Consilium
1743 581 1846 621 Regis,
1862 584 1940 622 super
1957 584 2035 616 facito
2051 585 2156 623 suo,&
2173 584 2210 615 de
2229 584 2290 614 illo⁴

1237 625 1301 646 rum
1319 616 1498 654 nominibus,
1516 616 1575 651 &c.
1594 625 1624 646 ut
1635 619 1730 656 supra.

1275 690 1364 722 Teste
1381 700 1410 722 ut
1425 692 1509 730 supra.

1240 814 1267 841 *ἓ
1293 815 1349 852 Ad
1371 820 1485 864 Papam
1508 829 1564 865 pro
1589 817 1722 852 Gnidone
1736 818 1772 852 de
1786 820 1818 853 la
1842 821 1936 864 Vale,
1962 821 2174 871 Confinguineo
2191 827 2286 871 Regis.
2326 829 2342 846 ⁴
2359 827 2414 858 ΙΙΙ.

2347 878 2391 902 97-

1239 900 1383 961 PAPAE
1398 900 1463 932 Rex
1476 902 1578 934 devota
1591 904 1697 942 pedum
1711 904 1802 936 oscula
1817 905 1973 936 beatorum.
2311 878 2385 936 Aznn-
2398 904 2440 935 D·

1325 938 1456 984 P'aternae*
1465 940 1646 981 Benignitatis
1659 943 1775 974 affluens
1790 944 1898 974 bonitas
1915 946 1991 982 (quse
2005 954 2056 975 nos
2068 945 2100 976 &
2115 947 2224 978 nostros
2246 950 2290 979 in·
2331 952 2416 983 1313·

1239 987 1364 1008 numeris
1386 988 1537 1014 gratiarum
1556 981 1748 1018 largitionibus
1766 982 1899 1013 haetenus
1920 983 2109 1020 multipliciter
2130 985 2291 1024 honoravit)
2309 986 2360 1009 An.
2376 985 2402 1009 ⁶·

1239 1015 1317 1060 spem
1330 1017 1412 1047 nobis
1425 1017 1568 1048 indubiam
1582 1021 1753 1057 repromittit
1767 1021 1795 1049 in
1807 1020 1873 1059 hiis,
1892 1031 1956 1059 quae
1972 1020 2029 1051 fieri
2043 1022 2223 1053 desideranter
2244 1035 2292 1062 ap-
2309 1025 2338 1047 Ε-
2355 1029 2380 1046 2-

1240 1062 1378 1093 petimuS,
1403 1055 1526 1086 vestram
1546 1057 1737 1089 Clementiam
1759 1058 1944 1090 confidentius
1968 1060 2142 1098 requirendi,
2159 1061 2292 1098 sperantes
2310 1063 2379 1088 Rom.
2396 1056 2431 1090 ό·

1241 1102 1276 1123 eo
1290 1093 1393 1123 facilius
1406 1095 1489 1124 annui
1502 1097 1576 1125 votis
1586 1096 1702 1134 nostris,
1721 1106 1796 1134 qun,
1815 1097 1894 1134 quod
1909 1107 1942 1128 ex
1965 1099 2094 1136 ulrlmus,
2113 1101 2212 1129 rationi
2226 1110 2296 1130 con-
2312 1099 2357 1124 Fr·
2371 1097 2397 1123 ⁶·
2409 1096 2444 1122 Β»

1242 1133 1331 1174 gruit,
1349 1131 1383 1162 &
1396 1133 1537 1163 conceffae
1551 1136 1678 1178 primitus
1689 1136 1726 1165 ab
1739 1134 1905 1173 Apostolica

1243 1178 1402 1200 cimenturn
1422 1181 1578 1202 concernit.

1280 1207 1352 1238 Sane
1365 1219 1453 1247 nuper
1467 1210 1558 1240 vestra
1572 1210 1788 1250 Benevolentia,
1806 1212 1952 1243 cariffimae
1967 1212 2112 1243 Consortis
2126 1212 2230 1245 nostrae
2244 1213 2298 1245 Isa-

1242 1246 1469 1290 bellaeReginae
1489 1248 1599 1288 Angliae
1619 1251 1761 1280 honorare
1779 1253 1944 1290 personam,
1969 1252 2019 1289 &,
2038 1262 2084 1289 per
2107 1253 2248 1283 honorem
2272 1254 2300 1284 ei

1243 1285 1418 1324 exhibitum,
1437 1286 1493 1316 aliis
1515 1287 1681 1327 providere,
1720 1289 1837 1319 uosdam
1857 1298 2019 1320 executores
2043 1290 2076 1319 ad
2092 1291 2298 1327 providendum

1244 1325 1292 1353 uni
1305 1324 1430 1368 personae
1443 1325 1569 1363 idoneae,
1586 1337 1635 1364 per
1647 1299 1767 1357 eandem
1781 1326 1954 1358 Consortem
1969 1327 2093 1358 nostram
2108 1328 2300 1367 nominandae,

1244 1361 1281 1391 de
1299 1361 1440 1405 beneficio
1462 1363 1660 1396 Ecclesiastico
1674 1389 1684 1404 ,
1708 1367 1866 1403 pertinente
1884 1366 1917 1397 ad
1937 1366 2118 1397 collationem
2139 1368 2302 1397 venerabilis

1245 1399 1332 1430 Patris
1346 1417 1360 1423 -
1377 1419 1391 1424 -
1411 1401 1624 1443 Archiepiscopi
1637 1403 1857 1443 Cantuariensis,
1874 1415 1944 1435 cum
1955 1405 1989 1435 ad
2004 1404 2033 1435 id
2048 1404 2074 1435 se
2094 1405 2207 1436 facultas
2228 1405 2302 1436 offe-

1246 1446 1305 1476 ret,
1324 1448 1373 1476 per
1387 1440 1551 1478 rescriptum
1567 1441 1767 1480 Apostolicum
1781 1443 1940 1481 deputavit:

1284 1476 1423 1515 Dietique
1443 1478 1612 1510 Executores
1633 1480 1819 1518 postmodum
1833 1507 1842 1521 ‚
1873 1482 1907 1512 ad
1929 1482 2159 1513 nominationem
2181 1481 2303 1520 ejusdem

1247 1514 1394 1559 Consortis
1414 1517 1536 1556 nostrae,
1561 1518 1664 1549 dilecto
1686 1518 1821 1558 Clerico,
1847 1518 1940 1550 Consa
1983 1521 2067 1551 uineo
2088 1520 2187 1551 nostro
2201 1543 2210 1559 ,
2235 1520 2303 1550 Ma-

1247 1553 1482 1598 gistroGuidoni
1493 1555 1530 1586 de
1542 1556 1567 1586 la
1583 1556 1669 1596 Vale,
1687 1556 1723 1587 de
1744 1557 1871 1589 Ecclesia
1883 1558 1918 1588 de
1973 1558 2139 1598 aydenstan,
2158 1569 2221 1596 quae
2236 1566 2304 1589 tunc

1247 1601 1372 1637 vacavit,
1390 1594 1424 1624 &
1445 1593 1481 1624 de
1500 1594 1652 1626 collatione
1673 1596 1824 1626 dinoscitur
1845 1597 1960 1627 existere
1983 1597 2197 1635 Archiepiscopi
2216 1597 2307 1635 supra-

1247 1630 1334 1669 dieti,
1348 1639 1425 1669 juxta
1439 1631 1562 1663 formam
1578 1634 1700 1664 mandati
1714 1631 1874 1673 Apostolici
1891 1635 2091 1674 providerunt,
2109 1637 2117 1666 i
2139 1635 2255 1674 sumque
2276 1636 2308 1666 in

1248 1670 1427 1707 corporalem
1439 1671 1640 1708 poffeffionem
1655 1672 1777 1710 ejusdem
1791 1673 1926 1704 Ecclesiae
1939 1673 2066 1704 fecerunt
2079 1676 2107 1704 in
2129 1675 2188 1704 uci:

1287 1707 1395 1739 Verum
1409 1710 1538 1748 praefatus
1552 1710 1802 1751 Archiepiscopus,
1822 1712 1887 1742 licet
1902 1712 1952 1742 sibi
1965 1712 2001 1743 de
2014 1712 2091 1743 faeto
2104 1713 2230 1750 ipsorum
2244 1721 2309 1742 exe-

1250 1754 1387 1791 cutorurn
1405 1748 1435 1777 in
1455 1748 1507 1778 hac
1528 1757 1604 1786 parte
1625 1750 1783 1788 constaret,
1802 1761 1860 1781 non
1882 1750 1938 1780 fine
1951 1759 2120 1789 contemptu
2134 1750 2212 1781 Sedis
2228 1750 2310 1788 Apo-

1251 1785 1360 1816 stolicae
1368 1808 1378 1824 ,
1397 1787 1431 1817 ὃς
1443 1785 1582 1818 dedecore
1595 1788 1717 1826 praefatae
1733 1788 1880 1820 Consortis
1891 1788 2137 1827 nostrae,eandem
2153 1788 2311 1820 Ecclesiam

1252 1824 1365 1855 cuidam
1381 1824 1521 1864 Magistro
1534 1826 1677 1866 Stephano
1693 1826 1728 1856 de
1741 1826 1926 1867 Hallyngfeld
1941 1828 2077 1866 contulit,
2112 1838 2145 1858 ro
2160 1828 2215 1857 suae
2228 1827 2309 1857 libito

1252 1863 1418 1893 voluntatis:
1439 1865 1472 1894 ὃς
1487 1865 1633 1901 praefatum
1649 1865 1837 1905 Guidouem,
1853 1876 1911 1896 non
1923 1866 2053 1897 obstante
2067 1868 2095 1896 in
2119 1867 2234 1896 ibitione
2248 1875 2313 1895 exe⁴

1254 1910 1387 1945 cutorum
1401 1902 1621 1942 praeditfiorum,
1638 1913 1654 1933 a
1667 1904 1837 1941 posseffione
1851 1904 1972 1942 ejusdem
1985 1904 2118 1935 Ecclesiae
2140 1904 2222 1943 fecit,
2240 1914 2312 1934 con-

1254 1947 1296 1970 tra
1303 1940 1453 1979 justitiam,
1470 1943 1616 1980 amoveri,
1635 1943 1798 1981 ipsumque,
1817 1944 1850 1973 &
1872 1943 1922 1973 sibi
1942 1943 2112 1974 adhaerentes
2132 1953 2179 1980 per
2201 1952 2314 1981 proces-

1254 1978 1297 2008 sus
1313 1980 1420 2016 varios,
1438 1988 1484 2010 aut
1499 1982 1830 2012 excommunicationum
1847 1981 1879 2012 &
1900 1981 2042 2012 interdieti
2064 1981 2224 2020 sententias,
2243 1991 2314 2019 prae-

1255 2017 1382 2054 sumpsit,
1402 2019 1436 2048 &
1450 2018 1541 2049 adhuc
1558 2019 1699 2056 praesumit
1713 2019 1904 2057 multipliciter
1920 2019 2078 2050 molestare.

1294 2055 1363 2085 Nos
1375 2056 1473 2094 igitur,
1491 2056 1639 2087 utilitatem
1656 2058 1690 2087 &
1704 2059 1828 2094 quietem
1841 2057 1960 2094 ejusdem
1974 2058 2117 2088 Guidonis
2132 2058 2231 2096 (quern
2251 2067 2317 2087 mo-

1257 2103 1323 2122 rum
1338 2094 1371 2123 &
1385 2094 1602 2124 conversationis
1616 2094 1764 2133 honestas,
1781 2095 1933 2125 litterarum
1954 2095 2083 2134 scientia,
2101 2106 2134 2125 ac
2156 2096 2206 2125 alia
2227 2097 2317 2126 virtu-

1257 2139 1318 2161 turn
1331 2130 1446 2161 donaria
1459 2132 1648 2169 multipliciter
1662 2133 1909 2170 recommendant)
1925 2134 2047 2164 corditer
2071 2133 2249 2164 affeetantes:
2268 2134 2317 2163 ad-

1257 2169 1450 2208 vertentesque
1464 2171 1493 2200 in
1504 2169 1611 2209 nostri,
1627 2180 1660 2201 ac
1675 2171 1796 2210 ejusdem
1811 2170 1959 2202 Consortis
1973 2173 2076 2203 nostrae
2092 2173 2213 2203 dedecus
2228 2173 2319 2202 mani-

1257 2208 1355 2276 festilig
1374 2208 1544 2248 redundare,
1562 2209 1582 2239 fi
1605 2209 1683 2241 idem
1704 2209 1805 2241 Guido
1826 2209 1971 2242 frustretur
1990 2211 2079 2242 taliter
2097 2209 2202 2242 effectu
2222 2211 2317 2250 gratiae

1279 2257 1315 2276 rae
1357 2255 1423 2277 atae:

1257 2256 1276 2284 P
1295 2284 1464 2316 Beatitudini
1490 2285 1593 2317 vestrae
1614 2287 1724 2317 sinceris
1751 2286 1901 2317 affefflbus
1923 2286 2107 2325 supplicamus
2122 2310 2132 2325 ‚
2167 2287 2322 2326 quatinus,

1258 2323 1403 2361 praemiffis
1416 2324 1536 2361 provida
1550 2323 1752 2355 deliberatione
1763 2324 1896 2363 pensatis,
1908 2326 2056 2362 petitiones
2067 2325 2189 2364 ejusdem
2204 2324 2320 2355 Guido·

1259 2362 1317 2400 nis,
1335 2361 1433 2399 vobis,
1451 2361 1471 2391 fi
1488 2362 1611 2401 placeat,
1629 2363 1709 2400 super
1723 2360 1867 2400 praemiffis
1889 2363 2084 2402 porrigendas,
2102 2364 2226 2403 benigne
2244 2362 2322 2393 audi-

1260 2409 1309 2438 re,
1327 2399 1435 2438 sibique
1454 2400 1533 2437 super
1555 2403 1696 2432 contentis
1719 2403 1750 2431 in
1773 2401 1894 2438 eisdem,
1913 2411 1999 2439 prout
2015 2402 2131 2440 nostro,
2150 2403 2184 2433 &
2197 2400 2322 2439 praefatae

1262 2437 1409 2469 Consortis
1429 2438 1533 2469 nostrae
1555 2439 1662 2470 honori
1682 2449 1714 2469 ac
1733 2439 1897 2470 commodo
1911 2440 1993 2478 ipsius
2006 2440 2148 2472 Guidonis
2161 2439 2253 2472 vestra
2268 2439 2323 2469 Pa-

1261 2485 1340 2507 terna
1362 2477 1521 2508 sollicitudo
1543 2478 1714 2516 prospexerit
1733 2479 1887 2509 convenire
1900 2500 1910 2516 ,
1929 2479 2006 2516 juxta
2026 2479 2163 2518 speratam
2186 2478 2323 2510 fiduciam

1261 2515 1290 2546 di
1311 2516 1419 2546 nemini
1432 2525 1608 2553 oportunum
1617 2517 1686 2555 juris
1698 2515 1856 2547 remedium
1871 2516 2009 2548 ordinare.

1350 2554 1473 2593 nservet,
1491 2556 1552 2586 &c.

1960 1136 2118 1167 unificentia
2136 1139 2230 1177 gratiae
2244 1138 2297 1168 fui-
2315 1144 2384 1199 ‘zlwzn
2400 1142 2441 1167 170

2332 1182 2343 1199 0
2362 1193 2368 1199 -

1303 2629 1370 2661 Dat.
1390 2630 1462 2669 apud
1473 2631 1699 2672 Wyndesoram,
1716 2633 1813 2671 primo
1826 2632 1873 2664 die
1884 2632 1993 2674 Aprilis.

1510 2754 1568 2788 Ad
1582 2757 1765 2803 Haquinum
1782 2755 1892 2804 Regem
1909 2759 2083 2805 Norwegiae.

1273 2838 1485 2903 MAgnifico
1498 2837 1638 2886 Principi,
1650 2840 1784 2885 Domino
1797 2841 1953 2886 Haquino,
1971 2842 2030 2873 Dei
2043 2842 2145 2882 gratia,
2154 2842 2230 2882 Regi
2244 2841 2332 2872 Nor-
2344 2853 2418 2884 Am,
2433 2849 2479 2883 D,

1368 2890 1466 2920 wegiae
1476 2880 1587 2918 illustri,
1605 2889 1699 2910 amico
1715 2880 1764 2911 suo
1780 2881 1938 2920 carissimo,
1956 2880 2128 2920 Edwardus,
2140 2881 2326 2913 &esalurem
2369 2899 2453 2929 1313„

1273 2929 1343 2951 cum
1357 2918 1509 2950 dileetione
1519 2917 1632 2949 sincera.
2341 2936 2392 2960 Aa,
2400 2930 2427 2956 6·

1313 2957 1371 2988 Pro
1392 2957 1599 2988 Mercatoribus
1621 2956 1721 2987 nostris
1745 2956 1836 2988 Lenn.
1863 2958 1897 2989 &
1919 2960 2040 2996 partium
2060 2959 2217 2990 vicinarum
2240 2959 2330 2997 (quos
2348 2975 2374 2997 E.
2391 2979 2415 2995 2,

1277 2995 1396 3027 Ballivus
1413 2997 1445 3026 &
1459 2995 1599 3026 Officiarii
1613 2995 1713 3034 vestri,
1732 2995 1861 3027 Civitatis
1875 2997 1975 3028 vestrae
1988 2997 2145 3037 Bergensis,
2162 2998 2270 3028 dudum
2286 3006 2332 3027 ce·
2343 3005 2431 3042 claust
2448 3007 2475 3032 6,

1278 3042 1395 3073 petunt,
1411 3035 1444 3064 &
1465 3034 1564 3065 stridio
1583 3033 1699 3064 Carceri
1718 3035 1926 3073 manciparunt,
1952 3046 2077 3074 quorum
2100 3035 2198 3074 multi,
2223 3043 2254 3066 ut
2269 3036 2328 3073 jam
2340 3050 2368 3074 E.
2394 3054 2423 3072 2.
2443 3053 2481 3070 γι,

1280 3073 1485 3111 intelleximus,
1502 3081 1618 3110 propter
1631 3073 1832 3104 alimentorum
1846 3074 2081 3113 subtraeuonem,
2099 3075 2133 3106 ὃ(
2149 3074 2280 3105 duritiem
2299 3082 2332 3103 ac
2350 3095 2376 3121 7·
2394 3084 2420 3112 a,

1280 3112 1451 3151 asperitatem
1472 3110 1615 3149 Carceris,
1634 3112 1785 3148 perierunt)
1807 3119 1838 3141 ut
1858 3112 1982 3149 ipsorum
2002 3114 2036 3144 &
2059 3113 2202 3143 bonorum
2221 3112 2337 3142 suorum

1280 3150 1510 3180 deliberationem
1531 3151 1683 3187 praecipere
1703 3151 1848 3188 curaretis,
1872 3150 1973 3181 vestrae
1996 3151 2142 3182 Serenitati
2163 3150 2263 3190 Regiae
2281 3159 2336 3180 no-

1283 3187 1347 3218 stras
1359 3198 1448 3225 nuper
1461 3188 1656 3218 transmisimus
1670 3188 1771 3218 litteras
1785 3188 1919 3225 speciales.

1320 3226 1368 3256 Set
1387 3236 1455 3263 VOS,
1473 3227 1584 3257 retentis
1608 3226 1698 3256 adhuc
1719 3227 1748 3256 in
1769 3226 1892 3257 Carcere
1905 3226 2007 3258 nostris
2022 3227 2249 3265 Mercatoribus,
2267 3226 2337 3258 ficut

1282 3266 1374 3303 prius,
1392 3265 1474 3295 nobis
1490 3275 1538 3304 per
1550 3265 1648 3295 litteras
1663 3264 1780 3302 vestras,
1798 3275 1864 3302 quas
1877 3266 2033 3296 audivimus
2049 3267 2081 3296 &
2095 3265 2278 3296 intelleximus
2294 3266 2337 3295 di-

1282 3305 1419 3342 ligenter,
1437 3304 1509 3334 inter
1529 3312 1629 3333 caetera
1651 3303 1837 3341 rescripsistis,
1864 3304 1941 3342 quod
1957 3304 2071 3342 quidam
2090 3304 2282 3341 Mercatores,
2302 3302 2339 3333 de

1285 3340 1392 3380 Regno
1408 3341 1519 3381 vestro,
1537 3342 1573 3372 de
1586 3342 1706 3380 injuriis,
1725 3341 1878 3381 violentiis,
1896 3343 1929 3373 &
1949 3342 2175 3381 arestationibus,
2194 3343 2291 3380 quibus
2309 3342 2341 3370 in

1284 3380 1392 3419 Regno
1411 3380 1511 3410 nostro
1531 3380 1582 3410 hiis
1603 3380 1701 3410 diebus
1722 3379 1800 3419 sunt,
1819 3389 1849 3410 ut
1866 3382 2006 3419 afferunt,
2024 3389 2122 3411 contra
2136 3380 2268 3418 justitiam
2290 3388 2342 3415 ag-

1286 3420 1417 3456 gravati,
1441 3418 1630 3457 multipliciter
1652 3428 1881 3458 conqueruntur,
1909 3419 2058 3450 adiciendo
2079 3420 2107 3448 in
2127 3417 2224 3449 vestris
2245 3417 2343 3447 litteris

1288 3458 1464 3495 memoratis,
1482 3457 1558 3495 quod
1580 3456 1708 3495 quidam,
1727 3458 1877 3495 iniquitatis
1897 3458 1961 3496 filii,
1979 3458 2007 3487 in
2030 3456 2103 3487 Villa
2123 3456 2214 3485 Lenn.
2233 3454 2268 3485 ad
2290 3454 2345 3492 pifi-

1288 3495 1412 3527 candum
1449 3504 1479 3526 ut
1490 3495 1636 3534 dicebant,
1654 3495 1749 3526 allecia
1760 3497 1920 3534 venientes,
1938 3494 2079 3533 quendam
2100 3494 2245 3532 Militem,
2261 3492 2346 3537 Balli-

1291 3544 1360 3565 vum
1375 3545 1410 3564 ve
1438 3543 1502 3563 rum
1514 3534 1543 3563 in
1565 3533 1591 3564 V
1613 3535 1674 3571 kia,
1691 3534 1746 3564 rin-12.
1765 3544 1833 3564 cum
1855 3534 1956 3564 decem
1974 3533 2030 3562 aliis
2050 3531 2161 3562 subditis
2181 3531 2298 3570 vestris,
2316 3541 2347 3561 in

1290 3572 1388 3603 vestris
1400 3573 1433 3603 &
1446 3572 1541 3611 Regni
1554 3583 1588 3603 ve
1615 3574 1637 3601 ri
1651 3573 1768 3611 negotiis
1780 3572 1977 3608 existentibus,
1994 3570 2140 3601 crudeliter
2162 3570 2349 3608 occiderunt,

1293 3611 1372 3649 super
1393 3610 1495 3648 quibus
1518 3620 1598 3641 mens
1619 3610 1714 3641 nostra
1727 3619 1853 3649 gravatur
1868 3611 1886 3630 ²*
1901 3608 2141 3647 quamplurimum
2154 3610 2189 3640 &
2206 3610 2346 3639 turbatur:

1293 3649 1445 3688 praesertim
1470 3658 1539 3679 cum
1557 3658 1700 3687 nunquam
1722 3646 1827 3678 nostrae
1844 3648 1927 3677 fuerit
1948 3647 2115 3689 voluntatis,
2132 3647 2210 3685 quod
2222 3647 2348 3686 injuriae,

1293 3687 1453 3726 violentiae,
1470 3687 1516 3718 seu
1530 3687 1706 3718 arestationes
1719 3687 1819 3724 aliquae
1834 3685 2059 3723 Mercatoribus,
2076 3685 2191 3716 velaliis
2210 3685 2248 3715 de
2268 3685 2350 3724 Reg—

1295 3736 1335 3756 no
1351 3725 1461 3763 vestro,
1479 3736 1528 3763 per
1542 3725 1650 3762 aliquos
1666 3724 1702 3753 de
1715 3724 1824 3760 Regno
1839 3723 1872 3753 &
1884 3722 2026 3753 Potestate
2039 3724 2141 3754 nostris
2152 3724 2251 3754 fierent
2272 3724 2353 3753 inde*-

1296 3764 1356 3794 bite
1369 3763 1415 3795 vel
1429 3763 1545 3802 injuste:
1566 3773 1619 3793 nec
1633 3763 1723 3793 adhuc
1737 3760 1893 3798 intelligere
1943 3762 2065 3800 numus,
2082 3762 2161 3800 quod
2182 3762 2355 3792 Mercatori-

1297 3802 1350 3832 bus
1364 3801 1475 3839 vestris,
1493 3812 1542 3838 per
1556 3801 1679 3839 aliquos,
1697 3799 1741 3829 vel
1755 3799 1876 3837 aliquem
1889 3771 1940 3830 (1)εο
1944 3799 2055 3830 subditis
2077 3799 2195 3838 nostris,
2215 3800 2358 3838 hucusque

1299 3840 1378 3871 aliter
1390 3839 1499 3869 fastum
1513 3838 1582 3877 fuiti,
1601 3839 1714 3869 scientes
1735 3847 1786 3875 pro
1804 3846 1884 3868 certo
1905 3839 2002 3876 quod,
2020 3838 2041 3868 fi
2059 3839 2160 3878 nobis,
2176 3849 2226 3877 per
2244 3839 2358 3877 inquisi-

1299 3879 1388 3909 tiones
1401 3878 1558 3914 legitimas,
1576 3876 1705 3906 constare
1717 3876 1821 3915 poterit
1835 3876 1992 3914 hujusmodi
2006 3878 2167 3915 gravamina
2179 3877 2294 3908 subditis
2309 3886 2359 3907 ve-

1303 3915 1380 3954 stris,
1398 3916 1469 3945 infra
1487 3915 1621 3953 Regnum
1642 3914 1788 3952 nostrum,
1807 3914 1878 3945 illata
1899 3914 1998 3953 fuisse,
2016 3925 2069 3945 nos
2082 3915 2250 3946 sufficientes
2260 3924 2359 3945 ernen-

1303 3955 1349 3989 das
1369 3955 1402 3985 ὃς
1421 3952 1616 3984 satisfaetiones
1632 3951 1737 3983 debitas
1759 3952 1839 3991 super
1854 3953 1921 3992 illis,
1939 3953 2089 3992 celerisque
2098 3954 2213 3993 justitioe
2227 3952 2357 3992 comple-

1306 4000 1434 4023 mentum
1448 3990 1508 4021 fieri
1520 3991 1662 4021 faciemus.

1342 4030 1382 4063 Et
1394 4029 1518 4068 insuper,
1536 4029 1556 4060 fi
1571 4029 1770 4062 Malefaetores
1781 4029 1927 4098 Ριέεάἰόὶί,
1943 4031 1992 4070 qui
2004 4030 2153 4070 praefatum
2165 4027 2362 4096 Μῦὶιεῐηῶξξ

2317 4074 2327 4094 1

2377 3634 2396 3653 11
2416 3634 2474 3661 1112v

2401 3670 2463 3709 3982
