2562 4279
751 200 852 246 ET
947 202 1216 244 ACTA

743 294 861 321 Domino
914 290 946 319 de
962 289 1078 319 Sardua.

744 333 859 359 Domino
914 329 946 358 de
964 328 1063 356 Sanc‘lo
1078 328 1213 356 Martino.

745 371 827 397 Petro
841 368 872 396 de
884 367 964 396 Podio
979 365 1061 395 Alto.

745 405 896 445 Reymundo
907 403 1034 434 Arnaldi
1048 403 1080 431 de
1094 405 1172 432 Sant.

746 447 863 474 Domino
872 441 1022 471 *Bruthalin

748 485 862 512 Domino
874 481 905 510 de
917 481 1017 510 Santsso
1031 478 1127 509 Paulo.

748 523 862 550 Domino
877 520 909 548 de
924 518 1056 548 Maubek.

748 557 898 597 Reymundo
910 558 942 586 de
950 559 1040 586 Batz.

748 599 865 626 Domino
879 596 911 625 de
926 596 1046 625 Podeux.

749 637 865 664 Domino
880 634 911 662 de
926 636 1060 674 Benquet.

750 675 867 703 Domino
874 672 905 701 de
920 676 1039 702 Doazit.

751 714 866 741 Domino
881 712 912 740 de
928 711 1014 752 Tilby.

752 753 868 779 Domino
882 750 914 779 de
925 752 1042 779 Fanars.

51 293 126 329 Ann.
136 292 178 323 D.
198 297 280 325 Petro
296 296 374 324 Brun
389 295 420 323 de
436 293 554 323 Boichet.

72 342 157 374 1337.
200 338 347 364 Amaneno
360 333 391 362 de
406 332 546 361 Balhada.

49 375 115 404 Edv.
134 382 162 410 3.
198 372 342 402 Gaillara'o
359 375 475 401 Domino
493 371 524 399 de
538 372 688 398 Bautiran.

196 411 355 441 Bertrando
362 413 477 439 Domino
483 410 514 438 de
523 411 619 437 Monte
627 410 708 436 Lau—

236 461 274 479 ro.

199 487 357 519 Bertrando
370 487 401 516 de
414 489 493 516 Dura
507 487 582 514 Forti
595 487 708 514 Domino

240 529 270 557 de
284 524 428 556 cadilhak.

203 564 359 595 Bertrando
372 563 402 593 de
416 566 512 592 Monte
525 561 670 591 Ferrandi.

203 602 337 634 Arnaldo
363 600 510 631 Guillielmi
532 600 564 629 de
584 602 710 629 Arman-

242 642 308 672 hak.

203 678 333 711 Arnaldo
347 677 484 707 Bernara'i
498 676 530 705 de
543 673 711 705 Armanhak

204 718 333 758 Johanni
348 714 554 746 d'Armanhak.

205 759 322 787 Domino
376 756 408 784 de
421 758 555 792 Caupena.

205 798 323 825 Domino
376 794 408 823 de
421 790 546 831 Puyaler.

206 836 324 864 Domino
379 832 411 861 de
425 829 552 867 Marsan.

206 874 328 902 Domana
382 870 413 899 de
426 867 518 907 Castro
533 866 626 895 Novo.

753 791 868 817 Domino
882 788 913 817 de
926 789 1009 818 Podio
1021 789 1134 817 Artini.

753 825 884 856 Arnaldo
897 828 929 856 de
944 827 1026 857 Pedio
1041 824 1124 855 Alto.

206 948 321 980 Eodem
342 945 433 977 modo
451 943 485 975 &
505 942 555 972 sib
575 940 675 972 eidem
694 941 789 972 forma
803 942 931 973 scribitur
944 941 1104 981 Maioribus
1119 943 1153 975 &
1165 939 1267 980 Juratis

507 980 644 1012 Villarum
659 979 890 1019 subscriptarum,
908 982 979 1013 viz.1

207 1061 317 1100 ‘Majori
336 1058 375 1095 (ἴφ-
385 1058 501 1097 Juratis
516 1060 649 1088 Civitatis
657 1056 718 1096 ficae
756 1056 909 1096 Castellum
930 1057 968 1093 ὠ·
981 1057 1099 1097 Juratis
1121 1059 1154 1089 de
1167 1059 1267 1089 Sanao

243 1097 425 1136 Burdegaliae.
793 1097 950 1128 Machario.

206 1138 333 1177 Majori,
348 1136 465 1175 Juratis
480 1133 518 1171 ό
532 1139 646 1166 Centum
663 1136 720 1164 Pa-
758 1131 876 1173 Juratis
887 1135 918 1165 de
932 1137 1030 1166 Sanc‘lo
1045 1139 1153 1167 Severo.

248 1176 321 1207 ribus
334 1179 469 1206 Civitatis
484 1178 608 1205 Baiana.
757 1172 877 1212 Juratis
891 1175 922 1204 de
936 1177 1017 1204 Bona
1030 1176 1145 1205 Gardia.

63 1226 84 1246 sit
100 1227 152 1254 1v,
206 1215 226 1237 ὅ*
247 1218 354 1254 Masuri
387 1212 426 1250 ῤ’
444 1210 561 1252 Juratis
587 1214 720 1242 Civitatis
758 1210 875 1251 Juratis
889 1214 917 1243 V
918 1212 973 1243 illae
988 1213 1019 1242 de
1032 1215 1143 1244 Sordua.

65 1267 130 1300 ‘'⁶7·
247 1258 360 1294 Aquen.
787 1255 876 1281 uratis
889 1252 921 1281 de
936 1255 986 1281 Ha
1004 1262 1095 1290 ynges.

70 1290 74 1298 ’
210 1293 318 1332 Majorz·
331 1290 369 1326 (ῤ’
385 1291 502 1330 Juratis
517 1291 550 1320 de
564 1293 665 1328 Burgo.
788 1293 876 1320 urat-is
891 1291 922 1320 de
938 1293 975 1319 Pe
987 1291 1047 1321 hou.

211 1333 319 1369 Majori
330 1328 368 1365 ὅ»
411 1333 499 1360 aratis
513 1331 545 1359 de
556 1330 698 1359 Libornia.
760 1327 878 1367 Juratis
891 1328 923 1358 de
935 1332 1036 1359 Aeria.

211 1370 319 1409 Majori
332 1366 372 1403 ὠν
445 1372 501 1398 atis
514 1367 547 1397 de
559 1368 660 1398 Sanei'o
680 1367 723 1396 E·-
760 1366 877 1405 Juratis
893 1367 938 1397 del
949 1371 1032 1397 Mars
1047 1368 1078 1398 de
1091 1371 1190 1408 Agria.

249 1408 363 1439 ruilione.
762 1405 878 1444 Juratis
893 1407 924 1436 de
937 1409 1036 1436 Gema.

214 1447 368 1488 Castellano
381 1447 413 1476 de
426 1444 540 1475 Blaniaj
763 1443 879 1483 Juratis
894 1445 925 1474 de
941 1444 1044 1476 Punbo.

214 1485 316 1525 Bajulo
330 1483 368 1520 ῤ’
382 1483 534 1523 Consulibus
549 1482 580 1513 de
596 1484 699 1513 Penna.
763 1482 879 1522 Juratis
894 1483 925 1514 ak
939 1482 1110 1523 Sarrafront.

216 1524 316 1594 Baffilo
330 1521 382 1592 A&
409 1520 564 1562 Confidibus
590 1521 622 1552 de
643 1521 725 1551 Podio
763 1521 881 1561 Juratis
895 1523 928 1553 de
939 1521 1077 1553 Tolozeta.

288 1573 329 1593 iro
351 1575 368 1592 t.

218 1692 267 1725 De
286 1690 364 1722 Bono
382 1686 491 1732 Gesta,
515 1686 560 1721 ad
582 1690 670 1721 Cives
698 1683 948 1780 dJBWdcgalid
962 1712 972 1729 ‚
996 1689 1032 1724 ὠ·
1049 1686 1120 1718 aliis
1138 1685 1231 1719 Villis
1248 1688 1280 1717 in

684 1736 730 1768 Va
745 1739 841 1768 conia.

70 1822 148 1857 Arm.
159 1822 200 1853 D.
221 1822 370 1880 REX,
389 1822 508 1853 Dilecto
521 1820 590 1859 fibi,
602 1819 729 1859 johanni
745 1817 875 1856 Colom,
894 1819 1029 1850 Salutem.

96 1870 184 1902 1337.
319 1861 444 1892 Gestum
460 1861 574 1891 bonum
587 1860 621 1890 &
634 1859 748 1889 fidelem
756 1881 768 1894 ‚>
785 1867 872 1896 quem
889 1859 965 1889 circa
987 1857 1154 1888 nostrorum
1170 1857 1282 1888 Defen-

67 1905 122 1931 An.
145 1911 155 1929 i
165 1911 187 1928 r.
220 1902 328 1932 sionem
339 1900 453 1939 Jurium
469 1906 609 1936 gratanter
623 1896 786 1935 ostenditis,
812 1897 882 1927 sicut
895 1906 929 1927 ex
950 1897 1138 1928 Testimonio
1154 1897 1282 1927 laudabili

71 1944 102 1968 E.
125 1949 150 1976 3-
220 1939 365 1971 senescalli
382 1937 471 1968 nostri
486 1936 635 1968 Vaseoniae
649 1937 829 1974 accepimus,
849 1944 959 1972 gratum
975 1936 1110 1966 habemus
1126 1935 1282 1973 plurimum

70 1978 176 2008 Ibidem.
220 1980 254 2010 &
265 1986 433 2016 acceptumg
451 1986 579 2015 gerentes
592 1977 622 2005 in
638 1977 711 2013 votis
731 1974 854 2005 vestram
872 1974 1083 2005 Gratitudinem
1098 1976 1187 2005 taliter
1199 1975 1285 2011 respi-

219 2027 300 2054 cere,
319 2015 565 2083 quodTgaudebitis
589 2015 619 2044 in
642 2011 786 2044 Fidelitate
807 2011 905 2044 nostra
918 2012 1035 2045 fideliter
1050 2015 1083 2044 δε
1097 2014 1284 2053 magnanimi-

219 2065 263 2087 ter
296 2054 391 2085 erst'itii
406 2065 431 2083 e.

289 2092 358 2123 elitis
379 2093 461 2131 igitur
475 2116 484 2129 ,
507 2092 584 2130 juxta
605 2090 729 2122 nostram
750 2088 898 2120 Fiduciam
914 2113 924 2128 ,
949 2089 1081 2122 &vestri
1096 2090 1287 2129 Decentiam,

224 2142 325 2163 contra
344 2131 490 2162 dicitorum
509 2130 623 2169 Jurium
643 2129 787 2160 invasores
800 2152 810 2167 ,
837 2130 976 2166 intrepide
996 2141 1047 2161 vos
1067 2138 1232 2168 opponere,
1252 2130 1286 2160 «Sc

223 2181 278 2210 pro
293 2170 399 2201 viribus
413 2168 511 2206 Opem
524 2169 616 2207 ferre,
632 2169 669 2199 de
684 2168 886 2198 Retributione
899 2167 996 2198 nostra
1010 2169 1087 2200 uberi
1104 2167 1290 2208 confidentes,

224 2218 314 2248 quam
329 2208 429 2276 vobtp,
443 2209 519 2245 juxta
532 2207 632 2238 vestrae
644 2206 794 2237 Probitatis
812 2205 936 2245 Merita,
953 2206 1091 2238 munifice
1106 2207 1286 2245 pollicemur.

403 2257 411 2276 1

264 2246 354 2285 Super
366 2258 379 2277 a
392 2246 425 2277 i's
438 2247 527 2285 vero,
544 2240 777 2276 Transcribendis
790 2243 871 2276 dicto
884 2243 1042 2277 Senescallo
1065 2246 1165 2277 nostro
1180 2271 1190 2285 ,
1215 2255 1288 2284 prae-

226 2287 295 2317 bere
309 2295 360 2315 vos
373 2285 506 2315 volumus
521 2284 635 2322 plenam
649 2284 746 2315 fidem.

265 2324 336 2355 Dat.
355 2324 428 2364 apud
442 2323 610 2361 Staunford,
628 2324 765 2356 vicesimo
779 2324 881 2361 quinto
896 2322 941 2354 die
950 2323 1038 2363 junii.

267 2401 383 2431 Eodem
395 2400 488 2431 modo
503 2400 632 2432 scribitur
645 2400 756 2441 singulis
769 2398 899 2431 Personis
913 2400 949 2431 de
972 2399 1141 2438 Burdegaiia
1156 2425 1167 2439 ,
1191 2400 1225 2432 &
1237 2400 1295 2431 aliis

232 2439 314 2472 Villis
322 2463 333 2479 ,
350 2439 400 2470 sub
411 2438 514 2470 eadem
527 2438 600 2470 data.

279 2560 339 2596 Ad
363 2564 472 2608 Regem
496 2560 621 2605 Castellae
642 2589 652 2605 ,
678 2562 917 2655 fhchsZZtiqua
942 2564 1096 2596 Amicitia
1112 2589 1123 2606 ‚
1145 2567 1182 2603 ῤ’
1196 2574 1255 2612 pro

698 2615 744 2646 Su
773 2624 782 2643 1
812 2615 844 2644 '.

87 2705 165 2738 Anu.
178 2702 220 2734 D,
324 2695 458 2740 Agnifico
472 2695 619 2735 Principi,
637 2694 772 2740 Domino
786 2695 924 2734 Affonsb,
942 2694 1005 2726 Dei
1019 2697 1109 2734 gratia
1123 2720 1134 2736 ,
1152 2697 1301 2738 Castellae,

239 2695 316 2757 M
335 2734 361 2764 L
598 2736 603 2741 .
860 2734 874 2750 .,
1087 2737 1092 2741 .
1251 2739 1256 2744 ,

116 2751 201 2782 1337,
364 2744 490 2773 egioniS,
505 2734 622 2773 Toleti,
641 2734 778 2779 GaliCiae,
797 2735 934 2780 Sybiilae,
961 2734 1137 2780 Cordubiae,
1149 2736 1301 2784 AMurcrae,

240 2773 395 2842 gisae
409 2769 1181 2849 &assistas’csssffu‘i‘asdffssuaa
1192 2775 1303 2847 M01¹i³¹¹

89 2825 131 2887 ἐκ
145 2829 204 2886 {iu-
242 2851 304 2882 &c.
323 2833 447 2892 Felicem
464 2848 598 2887 regnandi
611 2849 746 2888 gloriam,
763 2860 832 2880 cum
845 2835 948 2882 S'alute.
1051 2836 1062 2852 ³
1203 2824 1251 2855 gra
1274 2827 1305 2854 δ’,

89 2904 154 2934 ngr„
280 2887 460 2918 Celsitudinis
475 2886 578 2925 Regiae
594 2887 722 2925 Literas‚

278 2926 355 2956 Inter
375 2925 425 2955 alia
436 2948 445 2962 ,
470 2927 648 2956 continentes
669 2935 721 2956 vos
735 2949 745 2964 ,
770 2935 824 2963 pro
839 2927 1018 2966 complendis
1029 2936 1094 2967 quae
1108 2930 1182 2961 inter
1195 2929 1258 2961 Vos
1271 2931 1306 2963 ὅτ,

240 2964 323 3003 Nos,
345 2964 596 2994 intervenientibus
611 2963 756 3002 Nunciis‚
773 2965 835 2994 sunt
850 2966 964 2997 traditam
977 2991 986 3004 ,
1013 2969 1084 2998 citra
1096 2968 1234 2999 Mensem*
1245 2968 1307 3000 Au-

239 3003 332 3071 gust-si,
349 3002 484 3040 proximo
495 3002 622 3033 futurum
631 3025 641 3041 ,
659 3010 753 3033 certos
766 3002 800 3033 N
804 3004 905 3034 uncios
918 3004 953 3035 ad
968 3015 1021 3035 nos
1034 3007 1064 3035 in
1078 3006 1212 3046 Angliam
1220 3016 1309 3039 trans-

276 3052 285 3071 l
331 3050 376 3071 l‘OS

242 3051 459 3117 mRssoepimus
472 3078 536 3123 laeta
544 3077 637 3109 Manu
646 3102 656 3116 ,
666 3079 813 3123 ‘Qorum
828 3079 982 3111 adventum
997 3082 1080 3113 avide
1094 3084 1309 3124 praestolamur3

243 3117 283 3149 set
298 3117 418 3148 moleste
434 3117 551 3148 ferimus
589 3118 648 3148 uod
660 3128 736 3156 jam,
756 3118 871 3156 quando
885 3118 922 3149 de
934 3118 1027 3150 vestra
1042 3121 1218 3158 sperabamus
1234 3122 1310 3154 Affi-

243 3156 344 3187 stentia
357 3156 517 3187 Subsidium
527 3180 537 3195 ‚
555 3167 571 3187 e
598 3157 619 3186 is
633 3157 702 3201 alibi
712 3158 787 3187 circa
802 3155 888 3188 Facta
900 3156 1019 3197 Bellica,
1037 3159 1107 3191 sicut
1128 3160 1214 3192 didiae
1229 3161 1310 3193 Lite-

246 3205 289 3226 rae
300 3203 552 3234 commemorant,
570 3204 714 3233 occupati.

282 3232 361 3271 Qiia
373 3241 483 3271 tamen,
501 3232 644 3273 pensantes
660 3233 863 3265 exuberantem
877 3233 1016 3266 haeftenus
1036 3236 1110 3267 inter
1123 3236 1243 3268 Domos
1256 3245 1311 3269 no-
1336 3228 1339 3229 ⁷

247 3271 313 3302 stras
327 3271 430 3339 Regias
445 3271 615 3303 Amicitiam
628 3272 743 3303 solidam
766 3273 802 3302 ab
823 3274 939 3311 antiquo
957 3297 967 3312 ,
984 3274 1021 3305 de
1036 3276 1138 3315 vobis,
1154 3277 1228 3308 inter
1243 3277 1312 3309 alios

248 3309 360 3341 Mundi
397 3310 420 3339 ri
441 3311 534 3348 cipes.¹
552 3311 652 3341 intime
668 3310 858 3349 confidimus,
876 3320 907 3342 ut
922 3312 1076 3353 debemus,

286 3347 330 3392 Eig
351 3347 408 3378 hac
428 3346 538 3379 firmata
552 3348 659 3380 fiducia
675 3349 815 3388 Regalem
832 3350 1084 3389 Magnificentiam
1103 3354 1207 3384 votivis
1221 3355 1313 3392 preci-

250 3386 304 3417 bus
323 3385 506 3430 imploramus
521 3409 531 3424 ,
554 3396 688 3424 quatenus
709 3388 850 3419 consuetae
871 3389 973 3420 vestrae
987 3390 1159 3422 Dilechzionis
1176 3392 1315 3425 sinceritas

250 3426 289 3457 sic
309 3434 374 3464 erga
394 3434 445 3454 nos
463 3425 619 3455 immobilis
641 3425 799 3463 perseveret
814 3449 825 3463 ,
847 3433 878 3456 ut
898 3427 978 3458 nullis
995 3429 1112 3460 elidatur
1124 3430 1315 3463 AEmulorum

249 3463 415 3495 nostrorum
428 3461 587 3501 Blanditiis,
603 3472 652 3494 aut
665 3464 758 3501 pravis
771 3463 1003 3503 Suggestionibus
1016 3478 1032 3498 a
1046 3469 1134 3499 nobis
1143 3469 1315 3508 aliquatenus

252 3511 398 3535 avertatur.

292 3541 365 3572 Nec
378 3549 433 3571 vos
442 3546 579 3583 moveant
592 3548 704 3579 magnae
718 3538 923 3571 Promiffiones
937 3542 971 3573 &
986 3545 1089 3583 variae,
1107 3546 1136 3575 in
1150 3545 1238 3576 nostri
1252 3546 1317 3578 De-

257 3578 446 3617 pteffionem‚
465 3585 495 3608 ut
511 3576 633 3616 dicitur,
652 3577 744 3609 Vobis
755 3579 857 3617 faeiat,
874 3580 937 3617 quia
953 3580 1014 3618 plus
1058 3584 1124 3614 uam
1139 3584 1237 3622 aliquis
1251 3586 1318 3616 alius

254 3616 348 3652 Vobis
370 3617 463 3648 facere
476 3616 619 3654 voluerit,
641 3616 733 3647 Vobis
744 3616 851 3648 realiter
865 3616 1023 3657 faciemus,
1036 3592 1057 3650 ii
1071 3622 1174 3660 nobis,
1192 3623 1319 3656 adversus

255 3655 455 3687 Prosecutores
469 3653 600 3693 nostrOS,
617 3653 732 3685 Potenti
748 3654 840 3686 Manu
855 3655 998 3688 volueritis
1012 3656 1206 3696 Opemferre.

291 3695 360 3726 Dat.
379 3693 453 3735 apud
465 3692 635 3733 Staunford,
651 3694 788 3725 vicesimo
801 3695 924 3733 septimo
939 3695 986 3726 die
994 3697 1083 3735 Junii.

109 3810 126 3827 ³*
147 3811 201 3838 IV.

112 3848 177 3884 768.

262 3817 291 3846 'X‘
315 3821 365 3853 De
389 3816 535 3853 Navibus
553 3818 665 3851 Baionae
686 3817 834 3864 parandis
848 3846 858 3861 ,
894 3823 930 3858 ῥ’
953 3830 1055 3854 contra
1072 3823 1216 3857 Inimicos
1232 3828 1321 3873 Regis

109 3887 186 3916 Ann.
197 3883 239 3914 D.

708 3866 874 3901 mittendis.

111 3930 228 3992 Alf-32¹·-
263 3951 413 4006 REX,
431 3953 552 3985 Dileffis
571 3954 605 3985 ὃς
624 3952 764 3997 Fidelibiis
778 3953 847 3991 suis,
859 3951 977 3997 juratis,
994 3953 1123 3986 Centum
1137 3955 1271 3998 ParibuS,
1287 3959 1321 3991 &

112 4005 144 4029 Ε,
163 4011 188 4038 3,
341 3998 395 4021 toti
408 3992 620 4024 Communitati
634 3992 761 4022 CiVitatis
778 3991 832 4022 suae
847 3992 978 4032 Baionae,
996 3993 1132 4025 Salutem.
1148 4025 1149 4028 ,

114 4041 182 4076 γαρ,
203 4046 246 4067 Η,
276 4064 281 4070 .
296 4026 393 4067 Qiia,
408 4027 592 4062 deiiderantes
607 4030 714 4061 Pacem
731 4031 833 4061 habere
848 4038 916 4061 cum
932 4030 1017 4069 Rege
1032 4031 1174 4072 Franciae,
1193 4034 1246 4066 sibi
1258 4035 1322 4074 plu-

113 4081 145 4105 E.
166 4085 192 4115 3·
211 4074 315 4107 ,mnes
335 4076 456 4111 omnem
476 4069 694 4101 Humanitatem
715 4070 749 4100 ὃς
773 4069 964 4101 Rationabiles
985 4071 1052 4102 Vias
1072 4071 1168 4112 Pacis,
1186 4083 1325 4113 quantum

120 4124 163 4151 19,
262 4102 372 4144 decmt,
389 4106 560 4147 optulimus,
578 4109 612 4141 ὃς
625 4109 735 4148 semper
749 4106 855 4142 offerre
863 4107 998 4143 volumus
1011 4118 1082 4143 cum
1096 4108 1218 4144 efferate:

1299 199 1330 239 P
1372 200 1414 240 U
1453 200 1485 241 B
1525 200 1557 241 L
1594 201 1613 241 I
1653 200 1691 241 C
1730 201 1780 242 A.
2288 213 2360 257 173

1332 285 1381 315 Set
1399 284 1458 322 Ipse
1473 293 1572 316 contra
1586 285 1673 323 Nos,
1691 288 1721 316 in
1736 286 1854 317 Sensum
1871 286 2026 325 reprobum
2048 296 2124 319 totus
2144 288 2240 325 datus,
2257 297 2290 319 ac
2305 288 2354 319 de-
2370 288 2494 320 Ami).

1294 323 1409 362 dignans
1424 325 1504 353 omni
1521 324 1590 367 Viae.
1604 323 1682 354 Pacis
1704 326 1859 355 rationabili
1881 326 2054 365 consentire,
2073 327 2213 367 Magnam
2228 326 2354 358 Classem
2393 337 2475 368 1337.

1295 361 1447 391 Galearum
1464 362 1496 391 ὃς
1512 361 1642 392 Navium
1658 363 1837 394 Armatarum
1854 366 1940 402 parari
1958 365 2024 395 fecit
2038 390 2047 402 ,
2068 366 2147 404 Quas
2167 375 2235 396 cum
2260 365 2358 397 Piratis
2373 368 2436 396 Eclv.
2454 376 2482 402 3,

1295 400 1335 468 gil
1337 399 1489 476 82:113?th
1487 423 1504 468 ,a
1506 410 1551 468 Υὲη
1574 400 1755 431 multitudine
1769 402 1903 441 copiosa,
1922 404 2042 434 insidiari
2056 404 2122 436 facit
2138 404 2239 435 nostris
2253 404 2276 434 F
2278 405 2356 435 ideli-

1333 476 1395 512 Qui
1416 475 1531 519 quidem
1554 476 1654 507 Piratae
1672 477 1820 509 nonnullas
1838 479 1936 510 Naves
1951 479 2047 519 Regni
2063 481 2151 511 nostri
2170 490 2306 520 ceperunt
2319 483 2353 513 ὃς

1295 513 1493 552 depraedarunt
1533 514 1660 555 Stragem
1674 525 1805 559 magnam
1822 518 1985 549 nostrorum
2002 520 2142 550 Fideliuin
2158 521 2302 559 faciendo,
2320 523 2355 552 &

1297 553 1344 584 Re
1365 561 1435 582 num
1456 563 1495 583 no
1523 563 1586 583 rum
1610 552 1747 584 hostiliter
1766 554 1931 588 invadentes
1946 581 1955 596 ,
1980 558 2085 588 ibidem
2108 558 2357 598 Depraedatioiies,

1297 593 1332 635 ὃς
1361 590 1497 634 ηεεηάῥα,
1512 602 1545 622 ac
1559 592 1610 622 alia
1620 591 1704 636 ‚Mala
1718 594 1938 637 quamplurima,
1959 596 2169 637 perpetrarunt,
2187 598 2280 629 multo
2294 607 2357 638 gra-

1297 639 1378 662 viora
1391 630 1474 660 nobis
1487 631 1520 661 ὃ(
1537 629 1639 664 nostris
1656 631 1772 667 publice
1784 635 2010 672 comminantes;

1335 667 1404 712 Nos
1416 691 1430 711 ,θ
1449 668 1577 699 volentes
1594 669 1675 699 tantis
1696 669 1827 714 Malitiis,
1854 680 1937 708 prout
1958 669 2070 710 eitpedit
2082 696 2092 711 ,
2117 674 2233 706 obviare
2247 698 2256 714 ,
2273 684 2306 706 ac
2319 675 2355 706 de

1298 707 1445 744 probitatis
1457 706 1556 737 vestrae
1570 706 1740 737 Constantia
1759 710 1859 738 intime
1881 709 2071 748 confidentes,
2091 722 2197 750 quanto
2215 714 2275 751 plus
2288 724 2355 752 pos-

1299 746 1409 789 sumus,
1427 754 1488 789 vos¹
1502 754 1631 789 rogamus
1644 767 1657 789 ,
1683 746 1770 790 vobis·
1785 747 1985 778 nichilominus
1999 750 2027 778 in
2043 749 2112 780 Fide
2128 752 2160 782 ὃς
2175 751 2358 790 Dilectione,

1299 784 1404 822 quibus
1418 783 1502 813 nobis
1514 791 1651 814 tenemini
1664 806 1674 822 ‚
1698 782 1815 815 firmiter
1831 787 2028 830 injungentes,
2039 788 2127 831 ‚quod
2142 800 2209 820 cum
2224 792 2360 821 omnibus

1250 840 1252 842 >
1299 818 1452 860 Navibus,
1469 831 1537 860 quas
1552 822 1655 852 habere
1670 824 1812 861 poteritis,
1830 823 2045 861 proficiscamini
2057 827 2181 858 celeriter
2195 828 2272 866 supra
2292 829 2361 860 Ma-

1301 871 1348 899 re,
1367 860 1551 898 adjungentes
1573 870 1626 891 vos
1644 859 1774 899 Navigio
1793 862 1892 892 nostro
1905 885 1914 900 ,
1939 864 2003 893 alibi
2025 865 2052 893 in
2066 865 2144 896 dieto
2162 866 2295 906 Ducatu,
2312 877 2361 905 per

1301 899 1482 929 Nicholaum
1501 898 1656 930 Ususmaris
1668 921 1678 937 ,
1704 899 1976 931 Vice-Admirallum
1997 902 2066 932 dicti
2088 904 2205 943 Navigii
2222 929 2232 944 ,
2250 907 2295 937 vel
2310 916 2360 944 per

1302 938 1371 968 alios
1385 946 1577 977 congregato,
1596 938 1630 968 &
1645 937 1699 975 ἧς,
1719 939 1863 969 venientes
1876 941 1905 969 in
1921 938 2014 970 Classe
2029 941 2094 971 forti
2110 944 2200 972 versus
2223 945 2362 984 Regnum

1303 976 1451 1014 nostrum,
1468 976 1630 1007 scrutemini
1641 975 1743 1007 Portus
1758 978 1791 1008 ὅ(
1806 977 1870 1007 loca
1885 977 2031 1014 Maritima
2047 1003 2055 1016 ,
2081 979 2116 1009 de
2138 980 2280 1013 Potestate
2291 983 2363 1014 dicti

1305 1015 1410 1054 Regis,
1428 1015 1461 1045 &
1479 1024 1580 1045 omnes
1598 1014 1699 1045 Naves
1717 1015 1750 1045 &
1772 1014 1873 1045 Galeas
1887 1039 1896 1054 ,
1920 1026 2022 1048 contra
2043 1028 2093 1047 nos
2117 1028 2236 1057 paratas,
2252 1031 2317 1058 quas
2331 1023 2360 1051 in

1304 1053 1399 1099 Mari,
1417 1054 1492 1084 &in
1505 1053 1588 1084 dietis
1604 1052 1691 1091 locis,
1709 1054 1838 1084 invenire
1851 1057 1993 1094 poteritis,
2012 1056 2166 1095 invadatis,
2183 1060 2309 1098 capiatis,
2329 1061 2363 1091 ὅτ.

1305 1093 1415 1130 penitus
1429 1091 1588 1129 destruatis,

1343 1129 1463 1161 Proviso
1482 1130 1563 1168 quod
1584 1129 1714 1168 Navigio
1728 1129 1920 1170 Alemanniae,
1933 1132 2069 1163 Selandiae
2084 1158 2094 1171 .,
2119 1134 2290 1174 Holand'ice,
2308 1137 2367 1167 Bri-

1306 1171 1426 1206 tanniae,
1446 1169 1600 1206 Ispanniae,
1617 1167 1930 1207 Portugaliae‚Januae,
1949 1172 1982 1201 &
2004 1171 2155 1202 Locorum
2175 1173 2312 1213 aliorum,
2331 1176 2367 1206 de

1307 1207 1444 1277 &micitia
1458 1207 1554 1239 nostra
1566 1207 1764 1246 existentium,
1782 1217 1843 1238 non
1863 1209 1984 1240 inferatis
2001 1209 2171 1248 Dampiium
2186 1213 2299 1250 aliquod
2321 1215 2368 1245 vel

1342 1256 1485 1278 ravamen.

1347 1285 1549 1316 Maiidavimus
1562 1292 1657 1315 autem
1671 1285 1790 1322 praefato
1803 1285 2048 1317 Vice-Admirallo
2061 1287 2140 1325 quod
2157 1311 2166 1326 ,
2190 1289 2228 1319 sic
2247 1289 2370 1323 scrutan-v

1308 1323 1412 1393 findo,
1427 1325 1461 1356 ὃς
1476 1323 1666 1363 destruendo,
1684 1323 1776 1355 versus
1790 1323 1926 1363 Regnum
1947 1325 2079 1356 nostrum
2101 1326 2126 1356 se
2140 1328 2284 1359 transferat
2299 1329 2371 1359 indi-

1320 1371 1375 1393 ate.

1348 1401 1386 1431 Et
1402 1402 1491 1439 placet
1505 1401 1586 1432 nobis
1603 1400 1701 1440 quod,
1719 1411 1772 1438 pro
1786 1401 1949 1432 commodo
1960 1401 2057 1432 vestro
2072 1402 2136 1432 inde
2152 1404 2301 1442 faciendo,
2319 1404 2373 1435 Vi-

1310 1448 1363 1477 na,
1381 1439 1427 1470 vel
1443 1440 1556 1470 Merces
1570 1439 1649 1478 alias,
1668 1441 1697 1469 in
1712 1440 1788 1470 dicta
1804 1439 1886 1471 Flet&⁴
1900 1439 1935 1470 ad
1951 1440 2086 1471 Reonum
2100 1442 2230 1473 nostrum
2250 1443 2372 1474 adduca-

1311 1478 1363 1516 tis,
1379 1479 1414 1508 ita
1428 1487 1523 1509 tamen
1540 1479 1620 1517 qubd
1634 1478 1720 1508 didiae
1732 1478 1767 1508 N
1770 1489 1849 1516 aves,
1862 1486 1977 1516 propter
1991 1465 2141 1510 sminentia
2153 1480 2280 1512 Pericula
2289 1506 2299 1519 ,
2313 1492 2374 1512 non

1313 1515 1365 1546 sint
1380 1517 1450 1546 ultra
1466 1517 1599 1547 Medium
1612 1517 1684 1554 ejus,
1703 1517 1781 1555 quod
1794 1517 1858 1547 alias
1873 1526 1983 1555 portare
1996 1526 2149 1557 poterunt,
2166 1528 2299 1551 oneratae.

1350 1554 1423 1593 Ista,
1443 1555 1511 1585 sicut
1525 1555 1561 1585 de
1575 1555 1658 1586 vobis
1671 1554 1858 1594 confidimus,
1874 1556 2030 1587 nullatenus
2051 1558 2186 1588 omittatis
2202 1571 2207 1576 ·
2229 1558 2265 1588 de
2281 1558 2378 1589 Retri—

1314 1593 1432 1661 Putione
1446 1593 1574 1633 congrua
1589 1593 1780 1632 confidentes,
1795 1601 1881 1632 quam
1894 1595 1975 1626 vobis
1983 1596 2061 1634 juirta
2076 1598 2176 1628 merita
2191 1582 2308 1628 fideliter
2316 1597 2381 1636 pol-

1328 1641 1445 1661 icemur.

1355 1669 1424 1701 Dat.
1444 1670 1517 1709 apud
1534 1669 1702 1709 Staunford,
1718 1670 1856 1701 vicesimo
1866 1670 1987 1709 septimo
2001 1671 2049 1702 die
2059 1671 2146 1711 Junii.

1365 1811 1425 1847 Ad
1442 1815 1697 1846 communitatem
1726 1811 1908 1893 Βκνάεξίαίιιε
1927 1840 1937 1856 ,
1964 1813 2000 1847 de
2016 1816 2094 1848 Bono
2117 1815 2222 1860 Gesta,
2245 1820 2282 1857 ὠ
2301 1819 2338 1853 de

1768 1864 1824 1894 Cre
1847 1865 1938 1895 entia.

1321 1956 1460 2018 REX,
1479 1955 1603 1987 Dilectis
1618 1957 1651 1988 ὃς
1669 1956 1809 1987 Fidelibus
1825 1957 1892 1994 suis,
1916 1956 2041 2026 Mzg'ori,
2055 1959 2176 1999 Juratis,
2194 1961 2228 1992 δε
2249 1963 2303 1993 toti
2324 1962 2388 1994 Co-
2403 1967 2480 1998 Ann,
2496 1968 2538 2007 Dg

1395 1997 1526 2027 munitati
1543 1994 1672 2026 Civitatis
1686 1996 1741 2026 suae
1756 1994 1942 2033 Burdegaliae‚
1982 1997 2094 2028 alutem.
2426 2015 2513 2046 1337,

1361 2035 1508 2066 Fidelitatis
1523 2033 1677 2065 constantia
1693 2035 1725 2065 &
1742 2033 1846 2064 Auxilii
1860 2035 2073 2076 promptitudo,
2091 2047 2171 2075 quas,
2192 2037 2262 2069 ficut
2283 2049 2317 2070 ex
2332 2039 2390 2071 lau·
2404 2049 2456 2073 Aa.
2480 2055 2521 2074 ιι.

1323 2071 1407 2105 dabili
1427 2072 1612 2104 Testimonio
1628 2095 1637 2111 ,
1662 2072 1771 2103 Dileeti
1791 2074 1825 2103 ὃς
1840 2072 1940 2103 Fidelis
1952 2074 2059 2114 nostri,
2077 2075 2188 2106 Oliveri
2202 2077 2238 2107 de
2252 2077 2389 2117 Ingham,
2407 2089 2437 2111 Ε.
2458 2095 2483 2121 3.

1323 2111 1471 2143 Senescalli
1484 2110 1573 2141 nostri
1589 2110 1720 2142 Ducatsis
1735 2111 1880 2150 praediffl,
1899 2113 2055 2150 recepimus
2069 2138 2078 2152 ,
2097 2115 2130 2145 &
2146 2114 2287 2146 actualiter
2304 2126 2388 2154 expe·
2407 2124 2471 2161 Vasa.
2493 2133 2535 2150 11.

1324 2153 1432 2189 rimur,
1449 2151 1532 2181 nobis
1547 2158 1684 2187 gratanter
1697 2149 1860 2188 ostenditis,
1879 2149 2098 2184 Adversitatibus
2121 2155 2155 2184 &
2176 2153 2311 2186 Periculis
2324 2165 2384 2186 non
2404 2166 2432 2188 Ε.
2454 2171 2521 2198 3.m.

1324 2190 1469 2227 cedentes,
1486 2189 1571 2219 nobis
1583 2189 1687 2219 merito
1702 2189 1764 2219 sunt
1775 2197 1915 2226 acceptae,
1933 2199 2048 2227 propter
2070 2192 2147 2230 quod
2166 2194 2196 2222 in
2217 2194 2291 2224 votis
2311 2196 2384 2233 geri·
2398 2209 2442 2236 24>
2455 2201 2506 2229 atr.

1326 2238 1389 2260 mus
1406 2228 1443 2259 sic
1459 2226 1580 2266 vestram
1597 2227 1810 2257 Gratitudinem
1826 2250 1836 2265 ,
1860 2237 1931 2257 cum
1944 2228 2101 2268 affluentia,
2121 2241 2185 2269 quae
2198 2231 2323 2270 Regiam
2337 2232 2388 2264 de·
2413 2232 2414 2236 ’

1326 2276 1374 2300 cet
1387 2265 1635 2304 Munificentiam,
1653 2265 1807 2304 respicere,
1823 2266 1904 2310 quod
1921 2266 1987 2306 alii,
2007 2269 2140 2307 exemplo
2153 2270 2255 2309 vestri,
2272 2271 2393 2303 reddan-

1328 2306 1432 2351 tut,ad
1447 2305 1622 2344 consimilia,
1631 2314 1684 2344 pro
1700 2305 1784 2336 nobis
1798 2304 1943 2344 facienda,
1956 2305 2056 2337 futuris
2069 2310 2265 2348 temporibus,
2285 2309 2392 2349 Proui-5

1330 2354 1444 2384 priores.

1367 2384 1478 2416 Verum

1368 2422 1468 2460 Cum,
1486 2406 1540 2460 pro
1553 2420 1673 2452 sedanda
1688 2420 1835 2459 cujussibet
1849 2420 2067 2454 Commotionis
2079 2425 2194 2456 materia
2229 2436 2293 2464 quae
2304 2426 2397 2465 posset

1332 2462 1407 2492 inter
1426 2471 1479 2491 nos
1498 2462 1532 2492 ὃ(
1553 2459 1664 2499 Regem
1686 2458 1813 2490 Franciae
1825 2459 1960 2498 suboriri,
1979 2461 2029 2491 fibi
2043 2471 2162 2493 omnem
2211 2467 2397 2497 umanitatem

1333 2501 1368 2531 &
1389 2500 1542 2530 Rationem
1559 2521 1569 2537 ,
1591 2497 1726 2529 humilius
1740 2498 1834 2528 forsan
1848 2507 1934 2535 quam
1946 2499 2042 2530 decuit
2055 2524 2065 2538 ‚
2081 2501 2182 2539 pluries
2197 2504 2402 2542 optulerimuS,

1334 2539 1428 2570 adhuc
1444 2537 1609 2576 offerimus,
1627 2537 1660 2567 &
1673 2536 1781 2575 semper
1795 2536 1900 2567 offerre
1914 2537 2046 2568 volumus
2062 2548 2131 2570 curn
2145 2540 2251 2572 effeetu
2260 2566 2271 2581 ,

1373 2577 1411 2608 Et
1430 2576 1492 2615 Ipse
1512 2585 1612 2607 contra
1632 2575 1702 2606 Nos
1718 2598 1728 2614 ,
1750 2575 1828 2606 velut
1848 2576 1878 2604 in
1893 2576 2013 2607 Sensum
2028 2576 2201 2616 Reprobum
2215 2589 2291 2611 totus
2304 2581 2402 2619 datus,

1335 2616 1407 2646 nolit
1428 2616 1510 2645 alicui
1532 2614 1598 2645 Viae
1614 2614 1695 2645 Pacis
1716 2614 1872 2644 rationabili
1893 2615 2053 2646 consentire
2066 2641 2076 2655 ,
2101 2618 2139 2648 set
2153 2619 2255 2649 nitatur
2265 2618 2334 2656 Jura
2347 2614 2402 2650 no-

1337 2654 1407 2692 stra,
1422 2654 1490 2684 dieu
1512 2652 1642 2684 Ducatfis
1656 2676 1666 2691 ,
1691 2653 1725 2684 ὃς
1743 2653 1796 2683 alia
1810 2675 1820 2691 ,
1837 2652 1888 2683 fibi
1901 2663 1951 2692 per
1965 2653 2100 2692 iujuriam
2114 2658 2265 2695 attrahere,
2283 2659 2317 2690 ὃς
2331 2657 2402 2689 Nos

1336 2693 1496 2731 deprimere
1507 2693 1585 2731 juxta
1597 2693 1685 2730 vires,
2455 2712 2457 2714 -

1376 2731 1395 2750 ²*
1414 2731 1568 2769 Expertam
1589 2730 1690 2762 vestrae
1707 2729 1785 2761 Fidei
1805 2731 1956 2768 puritatem
1974 2738 2081 2762 attente
2103 2743 2235 2772 rogamus
2250 2759 2259 2773 ,
2285 2734 2404 2766 firmiter
2424 2750 2439 2768 ψ
2457 2751 2496 2778 Ν

1340 2770 1534 2808 exhortantes,
1552 2771 1681 2808 quatinus
1701 2769 1736 2799 ad
1757 2769 1853 2799 nostra
1869 2768 1938 2806 jura
1960 2771 2175 2809 magnanimiter
2196 2773 2230 2803 δε
2245 2773 2341 2804 debite
2355 2774 2406 2804 de·
2444 2788 2462 2818 5

1340 2808 1479 2840 fendenda
1493 2816 1593 2839 contra
1603 2808 1715 2838 diffitum
1730 2806 1865 2845 Regem,
1884 2808 1918 2837 &
1934 2809 2131 2847 quoscumque
2143 2810 2407 2851 didtorumJuri'um
2427 2799 2440 2825 7
2464 2798 2491 2824 9'

1341 2848 1501 2885 invasores,
1519 2847 1556 2877 fic
1570 2846 1669 2885 Opem
1682 2848 1716 2878 &
1729 2845 1858 2884 Operam
1873 2845 1990 2877 viriliter
2002 2847 2182 2887 impendatis,
2200 2851 2281 2888 quod
2296 2860 2331 2881 ex
2347 2851 2407 2882 hoc

1342 2886 1434 2917 vestra
1449 2886 1472 2915 F
1473 2885 1552 2929 idelis¹
1560 2884 1688 2915 Probitas
1710 2884 1872 2924 praefulgeat
1886 2909 1896 2922 ,
1914 2884 1948 2915 &
1961 2895 1977 2915 a
1991 2886 2074 2916 nobis
2087 2886 2324 2920 Retributionem
2338 2890 2407 2920 ube-

1344 2934 1405 2956 rem
1421 2932 1581 2962 reportetis„

1382 2963 1421 2993 Et
1441 2963 1634 3000 promittimus
1650 2985 1660 3000 ,
1682 2961 1759 2992 bona
1778 2959 1835 2992 fide
1848 2986 1857 3000 ,
1882 2960 1964 3000 quod
1986 2962 2094 2994 Pacem
2109 2975 2177 2995 cum
2191 2965 2309 3003 praefato
2324 2966 2409 3005 Rege

1345 3001 1500 3071 pugatenus
1520 3001 1639 3031 iniemus
1653 3023 1662 3039 ,
1688 3000 1738 3030 nifi
1753 3010 1803 3038 per
1817 3000 1889 3031 Eam
1902 3001 2042 3033 securitati
2057 3003 2159 3034 vestrae
2172 3004 2322 3044 specialiter
2335 3015 2407 3036 con-

1359 3051 1379 3072 u
1404 3049 1458 3070 tur.

1381 3079 1472 3117 Super
1493 3078 1547 3108 hiis
1568 3078 1602 3108 &
1624 3077 1682 3107 aliis
1695 3077 1777 3108 dicto
1792 3076 1950 3109 Senescallo
1966 3078 2065 3110 nostro
2080 3079 2235 3118 scripsimus
2247 3082 2333 3120 magis
2349 3081 2409 3120 ple-

1345 3118 1402 3156 ne,
1420 3118 1467 3147 cui
1488 3116 1589 3146 Fidem
1611 3117 1640 3146 iri
1658 3116 1784 3147 dicendis
1795 3141 1805 3154 ‚
1831 3127 1864 3147 ac
1878 3116 2038 3147 Consilium
2053 3119 2087 3149 &
2101 3118 2247 3150 Auxilium
2261 3121 2408 3158 praebeatis

1348 3166 1402 3194 pro
1416 3155 1520 3187 viribus
1534 3156 1563 3185 in
1576 3154 1698 3194 agendis.

1384 3194 1452 3225 Dat.
1471 3193 1545 3232 apud
1560 3192 1732 3232 Staunford,
1748 3193 1885 3225 vicesimo
1899 3193 2018 3232 septimo
2032 3193 2078 3224 die
2086 3194 2175 3234 Junii.

1367 3268 1497 3338 *ffffleg‘
1511 3269 1603 3317 inodo
1617 3269 1744 3301 scribitur
1759 3269 1869 3309 singulis
1891 3269 2157 3303 Communitatibus
2178 3271 2338 3311 Aquitania:
2360 3272 2411 3303 sub

1347 3318 1380 3339 ea
1401 3317 1448 3338 ern
1481 3316 1533 3339 ata.

1350 3441 1407 3476 Ad
1423 3439 1610 3475 Nicholaum
1634 3439 1810 3485 Ususmaris
1824 3467 1834 3482 ,
1866 3438 1903 3472 de
1924 3437 2071 3473 Navibus
2087 3439 2295 3488 congregandis
2309 3451 2413 3474 contra

1696 3489 1810 3535 claffim
1825 3491 1913 3534 Regis
1933 3491 2072 3522 Friznciae.

1355 3577 1412 3632 R
1422 3574 1488 3606 EX
1498 3599 1507 3613 ‚
1525 3574 1645 3605 Diledm
1658 3574 1726 3612 sibi,
1743 3572 1872 3603 Nicolao
1887 3572 2063 3610 Ususmaris,
2082 3572 2327 3605 Vice-Admirallo
2343 3575 2411 3606 Flo·
2429 3576 2506 3608 Ann.
2521 3576 2562 3608 D,

1433 3623 1470 3645 tte
1482 3613 1615 3644 Navium
1629 3614 1662 3643 &
1675 3612 1829 3642 Galearum
1841 3611 2000 3642 nostrarum
2013 3612 2041 3641 in
2054 3611 2169 3642 Ducatu
2181 3612 2279 3644 nostro
2294 3614 2412 3653 Aquita·
2452 3624 2537 3656 1337.

1354 3652 1426 3690 niae,
1444 3653 1477 3683 ὃ(
1493 3652 1615 3690 partibus
1630 3650 1830 3688 transmarinis,
1847 3650 1981 3679 Salutem.
2431 3660 2483 3683 An.
2507 3665 2547 3683 11,

1391 3692 1470 3730 Quia
1487 3694 1546 3729 Jam
1560 3714 1570 3728 ‚
1595 3690 1654 3720 tam
1674 3698 1708 3719 ex
1729 3697 1806 3726 parte
1828 3688 2013 3718 Nunciorum
2029 3712 2038 3727 ,
2064 3698 2135 3726 quos
2156 3699 2246 3727 nuper
2268 3690 2303 3720 ad
2325 3699 2414 3730 partes
2432 3698 2460 3720 Ε.
2484 3704 2509 3730 3.

1354 3729 1563 3759 Transmarinas
1578 3727 1791 3763 transmisimus,
1808 3727 1895 3763 quam
1910 3726 1992 3764 alias,
2012 3736 2046 3756 ex
2060 3727 2246 3758 Testimonio
2262 3729 2345 3760 fidedi
2385 3741 2415 3769 o,
2433 3736 2497 3766 Vasa.
2521 3743 2562 3761 it⁴

1354 3769 1517 3805 accepimus
1531 3766 1611 3805 quod
1627 3766 1692 3795 Rex
1708 3764 1849 3804 Franciae,
1868 3764 1947 3795 Pacis
1963 3765 2110 3796 Tractatui
2121 3789 2130 3804 ,
2148 3775 2218 3797 cum
2234 3767 2316 3804 dietis
2362 3779 2416 3799 un-
2432 3775 2459 3796 E⁴
2473 3781 2539 3807 3771-

1355 3808 1405 3836 ciis
1419 3805 1566 3842 habendo,
1584 3805 1708 3834 omnino
1722 3813 1838 3834 renuens
1853 3803 2029 3842 consentire,
2049 3804 2191 3841 Magnam
2207 3804 2334 3837 Classem
2354 3807 2415 3838 Ga-
2436 3818 2477 3844 ¹90

1356 3845 1463 3875 learum
1484 3845 1516 3874 &
1537 3842 1669 3873 Navium
1690 3841 1868 3872 Armatarum
1883 3864 1893 3879 ,
1915 3842 1945 3871 in
1959 3842 2072 3872 diversis
2088 3842 2232 3875 Portubus
2246 3845 2279 3875 δε
2293 3845 2364 3876 locis
2376 3847 2417 3876 sui

1356 3883 1511 3920 Dominii,
1529 3891 1586 3912 con
1607 3881 1697 3918 regati
1710 3879 1778 3910 fecit
1799 3880 1833 3910 &
1848 3881 1935 3917 parari
1947 3902 1958 3918 ,
1977 3881 2012 3911 ad
2027 3881 2256 3921 Expugnandum
2269 3894 2323 3922 pro
2338 3883 2417 3914 Viri-

1357 3923 1408 3953 bus
1425 3920 1494 3951 Nos
1507 3920 1541 3950 &
1593 3919 1704 3957 ostrOS,
1722 3918 1866 3949 Guerram
1883 3919 1964 3948 nobis
1978 3919 2138 3951 voluntarie
2152 3922 2387 3960 commovendo,

1395 3959 1442 3990 Ac
1455 3958 1553 3997 quod,
1570 3957 1606 3988 de
1620 3956 1762 3988 Mandato
1777 3957 1843 3995 suo,
1860 3956 2006 3988 Homines
2026 3958 2136 3990 Armati
2155 3960 2188 3991 δε
2204 3960 2368 3998 Marinarii‚
2384 3960 2419 3990 ad

1358 3999 1416 4029 hoc
1434 4007 1483 4035 per
1497 3996 1588 4034 ipsum
1602 3995 1738 4034 ordinati,
1756 3997 1786 4026 in
1801 3995 1982 4026 multitudine
1995 3998 2111 4035 copiosa
2126 4021 2136 4037 ,
2153 3999 2308 4030 insidiantes
2318 3999 2421 4028 Fideli⁴

1360 4038 1412 4067 bus
1434 4034 1536 4065 nostris
1556 4034 1634 4072 supra
1654 4033 1739 4065 Mare
1753 4057 1763 4072 ,
1788 4033 1935 4064 nonnullas
1955 4034 2056 4067 Naves
2076 4037 2172 4074 Regni
2183 4037 2272 4068 nostri
2287 4044 2422 4074 ceperunt

1361 4076 1395 4106 &
1413 4072 1626 4112 depraedarunt,
1646 4072 1804 4103 Interfed‘tis
1817 4071 1993 4105 Hominibus
2007 4073 2188 4106 existentibus
2200 4077 2229 4106 in
2243 4075 2343 4105 eisdem
2352 4075 2401 4112 ,&
2410 4098 2421 4111 ‚

1362 4113 1503 4154 Regnum
1515 4111 1646 4144 nostrum
1659 4111 1794 4144 hostiliter
1805 4110 1988 4151 Invadentes,
2007 4112 2254 4152 Depraedationes,
2271 4113 2304 4144 ὅ(
2318 4112 2422 4143 Incen-

1850 4150 1881 4187 ,Υ
1900 4160 1917 4192 3
2364 4151 2427 4189 dia,
