2562 4279
768 177 879 220 ET
958 175 1221 217 ACTA
1300 179 1774 227 PUBLICA.·

73 265 150 297 Ami.
163 262 206 294 D·
426 298 1168 308 *ww*—

74 307 188 371 Eiiiffia‘.
218 348 279 385 Ad
299 352 461 397 Majorem
484 351 599 385 Domus
625 350 818 396 Arragona,
834 344 1070 394 staperSnIfidta'i
1087 343 1267 388 Oblatione,

572 399 754 432 Gratiarum
773 398 922 431 Afflones.

76 494 128 520 An.
152 499 193 526 ¹9·
227 487 284 542 R
294 484 320 516 E
330 483 379 523 X,
398 482 504 514 Nobili
516 483 595 522 viro,
609 481 743 513 Domino
751 481 770 520 J
772 480 877 525 ohanni
891 477 1013 510 Eximini
1028 478 1064 524 de
1079 476 1191 523 Urrea,
1205 476 1272 509 Ma-

77 533 108 558 13.
129 540 154 557 2.
304 524 358 561 jori
378 519 493 553 Domsis
514 521 691 560 Arragoniae,
709 530 743 551 ac
763 517 933 556 Verulano,
948 517 1037 548 incliti
1055 515 1187 555 Infantis,
1205 516 1274 548 Do-

118 568 182 597 ma,
227 561 297 591 mini
318 559 444 598 Alfonsi,
461 558 662 599 Primogeniti,
676 557 849 589 Illustriffimi
866 555 1022 595 Principis,
1041 555 1163 586 Domini
1185 554 1275 599 Regis

226 599 269 629 Ar
302 601 392 638 oniae,
409 598 503 629 amico
521 598 570 629 suo
593 597 755 635 cariffimo,⁹
771 594 912 633 Salutem,
928 594 962 626 δε
984 594 1099 626 sincerae
1117 593 1274 625 dilectionis

224 637 365 707 affgrgtmas'
382 674 545 707 Nobilitatis
562 674 662 706 vestrae
671 673 772 702 litteras
804 680 893 709 nuper
906 672 991 703 nobis
1000 671 1134 710 directas,
1149 671 1273 715 benigne

225 716 399 753 recepimus,
414 713 464 752 &‚
479 722 512 746 ex
531 719 628 744 earum
646 716 760 749 tenore,
776 693 973 741 iimivolmnae
991 709 1090 742 vestrae
1103 716 1275 748 promptitu-

224 752 335 790 dinem,
365 762 448 792 penes
468 763 535 791 nos,
553 760 601 789 per
619 749 737 780 Subsidii
755 748 838 779 vestri
856 750 889 780 &
910 749 1095 780 Vaffallorum
1115 748 1273 791 vestrorum

223 791 415 830 oblationem,
430 791 520 828 nobis,
540 797 593 828 pro
613 788 681 818 loco
691 788 725 818 δε
737 793 879 826 tempore,
894 787 1060 827 exhibendi,
1077 785 1275 818 animadverti-

226 839 290 860 mus
302 829 458 867 evidenter,
477 827 551 859 unde
564 834 650 867 grates
662 826 743 857 vobis
756 826 900 857 referimus
914 827 1019 857 merito·
1027 825 1163 865 speciales.

268 867 432 898 Amicitiam
445 865 566 897 vestram
580 865 761 904 deprecantes
775 866 902 905 quatinus
914 873 1061 904 conceptae
1075 863 1276 896 benivolentiae

226 905 478 945 promptitudinem
496 903 628 942 deinceps
646 903 810 935 continuare
831 904 944 942 velitis3
965 904 1082 935 scientes
1100 912 1154 934 nos
1173 902 1208 933 ad
1228 912 1277 941 ea,

224 955 291 988 quae
308 944 387 988 yobis
405 942 561 974 honorifica
577 943 698 981 fuerint,
712 941 783 974 velle
799 941 907 982 semper
919 950 1069 983 promptos
1079 942 1114 974 &
1127 940 1276 973 benivolos

225 991 349 1015 inveniri.

260 1019 328 1052 Dat.
348 1026 380 1050 ut
391 1017 477 1058 supra.

84 1161 105 1183 θ
126 1164 177 1191 IV.

86 1201 147 1229 168.

81 1284 158 1346 Ann.
172 1283 213 1316 D.
230 1284 306 1346 M
314 1285 339 1316 E
347 1294 374 1333 ivi
383 1296 404 1318 o
412 1296 436 1319 R
445 1296 464 1334 a
474 1295 498 1319 N
508 1297 528 1319 r>
536 1295 560 1319 υ
567 1294 594 1318 M
598 1287 689 1356 Zubd
691 1310 710 1334 ²..
719 1287 866 1334 duodecimo
885 1288 928 1318 die
947 1286 1104 1334 septem-bris
1111 1309 1121 1325 ,
1139 1297 1209 1317 anno
1221 1287 1282 1355 1133}-

81 1333 194 1400 Αέῗῗξζ
228 1327 642 1407 ωανᾱιέἷ’ῃῖἰῗ’ἓρῗ,ἷωιῗέψ’
669 1327 967 1404 νῗὲοξὲἔὲἕηξᾶἔῖἔί
976 1327 1102 1403 azia?
1120 1336 1205 1364 ’Μ’
1270 1343 1282 1348 “

82 1407 113 1430 Ε.
133 1412 157 1430 2.
267 1406 316 1432 Cui
332 1404 478 1443 praedie‘ltes
491 1406 552 1434 Rex
568 1406 706 1434 Ducatum
719 1406 921 1444 Aquitanniae,
939 1407 1102 1434 comitatum
1117 1404 1230 1432 Pontivi
1243 1400 1281 1435 ὠ

80 1441 215 1477 Clatafir9.
231 1445 335 1472 Montis
355 1441 465 1481 Strolli,
483 1442 521 1477 ό·
539 1453 627 1472 omnes
649 1445 764 1482 Terras,
781 1452 850 1483 quas
870 1442 940 1473 idem
958 1445 1018 1473 Rex
1037 1440 1136 1471 habuit
1151 1444 1180 1471 in
1193 1443 1283 1478 Regno

81 1483 112 1506 Ε.
135 1489 158 1506 2-
230 1484 368 1519 Franciae,
385 1481 460 1510 dedit
467 1489 515 1519 per
530 1483 748 1521 Cartamsuam‚

81 1526 117 1545 m.
128 1517 173 1546 28.
185 1518 211 1547 d.
267 1519 475 1558 Transfretavit
488 1523 517 1549 in
531 1522 615 1550 Portu
629 1523 793 1557 Dovorriae,
808 1518 901 1559 vnfias
908 1524 1002 1558 parter
1014 1515 1229 1556 transmarinas,
1245 1515 1286 1546 ad

227 1559 388 1596 Hamagium
420 1568 484 1588 uum
503 1561 618 1589 Domino
632 1560 697 1597 Regi
711 1561 850 1597 Franciae,
861 1567 913 1598 pro
926 1561 1055 1595 Ducatu,
1072 1559 1225 1593 Comitum,
1244 1553 1283 1589 ὠ·

229 1598 319 1627 Terris
326 1605 386 1636 prae
405 1598 484 1636 ichs,
494 1596 664 1637 faciendum.

224 1150 253 1178 θ*
267 1153 315 1186 De
337 1151 595 1199 Transfretatione
620 1157 708 1201 Regis
723 1157 918 1202 Primogem'ti
933 1153 977 1187 ad
995 1156 1186 1202 Homaginm
1204 1154 1279 1200 Regu·

584 1205 714 1237 Francia
730 1202 918 1248 faciendum.
1004 1220 1006 1222 v

454 1733 547 1778 Super
568 1731 674 1764 Morte
696 1728 845 1775 Comittffz
867 1729 1065 1763 Armaniaci.

233 1815 294 1878 R
304 1813 387 1854 EX,
401 1813 506 1845 dilecto
525 1814 558 1846 &
577 1812 650 1845 fideli
669 1813 734 1853 suo,
753 1812 912 1845 Edmundo
925 1811 1037 1844 Comiti
1048 1809 1179 1850 Kantiae,
1196 1809 1286 1843 Fratri

313 1854 363 1885 suo
377 1853 532 1891 cariffimo,
551 1852 683 1884 Salutem.
1267 1888 1272 1894 .

78 1897 131 1922 An.
155 1904 197 1930 19.
269 1893 296 1923 A
316 1891 457 1922 nonnullis
478 1891 562 1922 nobis
573 1890 615 1924 est
628 1892 791 1923 intimatum
805 1890 920 1929 qualiter
933 1889 962 1921 R
1000 1890 1063 1929 ina,
1080 1898 1170 1928 nuper
1182 1886 1288 1932 Comi-

80 1936 111 1960 Ε.
133 1941 159 1961 2.
233 1931 293 1962 tiffa
316 1931 492 1970 Armaniaci,
510 1929 578 1962 Filia
597 1931 630 1962 &
651 1929 754 1962 Haeres
766 1928 907 1960 Bernandi
921 1928 966 1959 del
1014 1936 1082 1964 out,
1095 1937 1189 1971 ⁸nuper
1203 1926 1290 1971 Vice-

77 1972 201 2007 Vasa-³9·
233 1970 344 2000 comitis
366 1968 552 2000 Leomanniae
571 1970 604 2000 &'
623 1969 782 2000 Altivillaris
803 1967 931 1999 defuncti
945 1990 956 2007 ,
987 1966 1044 1998 sine
1065 1965 1175 1997 Liberis
1196 1987 1207 2004 ,
1229 1975 1288 2005 Jam

78 2011 110 2036 ,Ε-
232 2009 310 2040 diem
322 2008 400 2038 suurn
414 2008 508 2039 clausit
520 2017 676 2038 extremum
691 2017 697 2037 ε

80 2055 116 2074 m.
269 2046 360 2084 Quod
382 2056 415 2076 ue
433 2044 531 2076 Castra
553 2046 588 2076 de
608 2045 778 2085 Blankford,
800 2044 838 2075 de
860 2043 967 2074 Monte
987 2043 1083 2074 securo
1123 2041 1159 2073 de
1180 2041 1288 2073 Sancto

232 2083 319 2115 Claro
386 2085 463 2114 ivitas
483 2084 677 2122 Lectorensis,
696 2083 777 2114 Loca
795 2083 831 2114 de
851 2082 953 2123 Dunys
972 2083 1006 2113 &
1027 2081 1064 2125 de
1085 2065 1238 2125 Dunspco,
1254 2090 1288 2112 ac

232 2123 293 2153 aliae
314 2107 414 2152 'ferrae
447 2132 514 2153 cum
529 2123 700 2160 pertinentiis
721 2123 804 2161 (quae
814 2121 884 2164 olim
897 2120 1013 2164 praefato
1027 2118 1203 2163 Vicecomiti
1216 2129 1289 2150 con-

231 2160 361 2191 ceffimus
373 2162 401 2190 in
416 2145 560 2198 Peodum)
578 2161 612 2191 ad
628 2160 694 2191 Nos
708 2160 819 2191 diversis
831 2160 980 2189 rationibus
994 2166 1094 2202 reverti
1107 2157 1230 2196 debent,
1243 2159 1289 2197 &,

231 2199 296 2239 post
318 2207 441 2229 mortem
462 2199 567 2239 praefati
589 2199 772 2230 vicecomitis
790 2199 844 2234 (eo
861 2197 940 2237 quod
952 2196 1056 2228 Mulier
1070 2206 1099 2227 in
1113 2196 1212 2227 Feodo
1225 2206 1285 2227 non

232 2237 372 2274 succedit)
390 2236 423 2268 ad
445 2246 560 2268 manum
579 2237 704 2268 nostram
720 2237 789 2278 poni
801 2235 976 2274 debuiffent;
1086 2273 1092 2279 ι

272 2275 396 2313 Verum,
415 2277 495 2314 quia,
513 2276 549 2307 de
562 2276 678 2315 Juribus
694 2276 727 2306 &
749 2274 1004 2306 Consuetudinibus
1044 2281 1147 2303 artium
1161 2273 1289 2312 illarum,

232 2324 286 2346 nos
299 2337 309 2352 ,
333 2314 366 2345 &
387 2314 476 2344 nostri
496 2312 672 2353 Consiliarii,
693 2314 777 2344 nobis
794 2313 829 2344 ad
851 2312 969 2351 praesens
986 2322 1002 2343 a
1024 2311 1153 2348 istentes,
1178 2311 1290 2351 plenam

232 2354 361 2398 notitiam
385 2363 445 2384 non
467 2352 617 2393 habemus,
635 2352 716 2385 vobis
738 2352 943 2384 committimus
965 2350 998 2382 &
1022 2350 1186 2381 mandamus
1201 2350 1291 2389 quati-

232 2401 286 2422 UUS

270 2413 386 2459 V⁷0catis
404 2428 438 2460 ad
458 2440 509 2461 vos
529 2429 597 2468 illis,
611 2428 648 2460 de
661 2428 795 2460 Concilio
807 2428 923 2468 nostro,
941 2436 1013 2472 quos
1028 2426 1063 2458 ad
1074 2427 1132 2458 hoc
1141 2449 1152 2465 ,
1170 2435 1220 2466 per
1234 2427 1292 2458 avi-

233 2468 391 2500 [amentum
413 2467 573 2499 vestrorum
587 2466 836 2506 Consiliariorum,
853 2467 916 2498 fore
931 2466 1052 2497 videritis
1064 2465 1266 2496 convocandos
1284 2475 1292 2496 :

233 2505 348 2543 visisque
369 2504 465 2537 Cattis
486 2507 519 2538 δε
541 2507 641 2537 Literis
675 2516 741 2545 quas
762 2505 838 2536 idem
858 2504 1031 2536 Vicecomae
1051 2505 1066 2536 'a
1081 2504 1163 2535 nobis
1174 2503 1292 2543 habuit,

234 2552 266 2576 ut
280 2544 398 2582 dicitur,
416 2544 451 2575 de
466 2543 572 2576 Castris
585 2545 618 2576 &
632 2529 729 2587 'sjerris
742 2544 901 2587 praediffls,
918 2543 962 2574 stu
978 2552 1075 2575 earum
1090 2542 1235 2587 tenoribus

269 2582 512 2614 Deliberationem
531 2584 565 2615 &
583 2583 730 2614 coniilium
752 2587 831 2621 iupei·
850 2592 902 2622 eo,
919 2581 998 2622 quod
1049 2591 1069 2612 o
1092 2581 1175 2612 nobis
1191 2591 1222 2610 in
1259 2589 1293 2611 ac

234 2629 313 2660 parte
333 2620 495 2652 faciendum
516 2621 623 2660 fuerit,
639 2621 759 2652 habeatis
779 2630 847 2651 cum
867 2620 968 2652 eisdem
980 2643 992 2659 ,
1065 2630 1114 2658 ea,
1132 2628 1197 2659 quae
1218 2619 1291 2649 inter

235 2670 287 2690 vos
307 2660 341 2690 &
361 2660 433 2697 ipsos
455 2659 521 2690 inde
539 2661 688 2699 contigerit
706 2659 891 2698 concordari,
916 2668 969 2699 pro
987 2657 1200 2690 conservatione
1216 2657 1292 2696 Juris

234 2698 338 2735 nostri,
356 2698 460 2728 faciatis
475 2708 543 2729 cum
558 2698 695 2730 celeritate
710 2698 869 2729 executioni
880 2696 1057 2735 demandari,

272 2735 378 2766 Talem
398 2736 430 2766 &
451 2744 556 2766 tantam
580 2738 655 2768 circa
677 2737 734 2767 hoc
753 2736 924 2776 diligentiam
944 2743 1133 2777 apponentes,
1148 2734 1229 2776 quod
1242 2744 1292 2766 ve—

235 2772 318 2804 stram
341 2773 441 2804 exinde
461 2773 626 2805 industriam
646 2774 781 2813 poffitnus
799 2776 902 2806 merito
926 2774 1115 2812 comendare,
1132 2774 1167 2805 &
1189 2783 1242 2803 nos
1255 2773 1291 2804 de

235 2820 290 2849 eo,
307 2811 384 2858 qupd
404 2811 617 2856 inde-feceritis,
633 2813 749 2844 reddatis
764 2822 813 2852 per
826 2813 928 2845 vestras
940 2812 1063 2850 Literas,
1078 2821 1147 2844 cum
1162 2812 1292 2844 celerita-

236 2857 278 2886 te,
299 2859 354 2886 qua
368 2858 505 2887 poterim,
523 2859 663 2881 certiores.

273 2886 362 2917 Teste
375 2887 456 2926 Rege
468 2889 541 2926 apud
556 2888 696 2928 Marfeld,
713 2890 850 2921 vicesimo
862 2890 945 2922 tertio
959 2889 1006 2920 die
1018 2889 1198 2928 Septembris.

80 1814 156 1848 Arm.
171 1816 212 1849 D.

107 1863 191 1895 1325.

133 2019 157 2037 2.

130 2047 156 2074 8.

234 3023 293 3056 Ad
315 3027 452 3070 Papam,
475 3023 511 3057 de
532 3036 590 3056 non
613 3024 776 3057 revocando
802 3025 966 3070 Cenfitras,
993 3035 1095 3058 contra
1110 3028 1208 3060 Scotos
1217 3036 1290 3072 pro-

459 3072 555 3115 latas,
580 3071 689 3120 abfique
706 3073 913 3118 Satisfasbione
928 3074 1061 3119 Injuriae.

294 3155 320 3187 A
328 3155 352 3186 P
362 3156 404 3187 AE
419 3156 486 3188 Rex
499 3158 601 3189 devota
616 3157 726 3188 Pedum
738 3157 831 3188 oscula
844 3158 999 3189 beatorum.

342 3194 368 3224 A
381 3195 486 3232 vestra,
503 3196 584 3227 Pater
598 3196 691 3227 sancte
724 3207 783 3226 non
798 3197 900 3227 excidit
916 3195 1069 3234 memoria,
1087 3202 1118 3225 ut
1133 3196 1289 3236 speramus,

237 3234 423 3276 nec-abduxit
443 3234 551 3265 oblivio
569 3237 585 3265 a
605 3221 824 3266 consideratione
845 3237 947 3266 mentis
960 3234 1075 3272 vestrae,
1094 3235 1224 3273 qualiter,
1242 3235 1290 3265 In-

238 3271 319 3301 dictis
339 3272 409 3302 olim
430 3273 446 3302 ἒι
459 3272 551 3312 vestra*
565 3273 733 3310 Sanctitate,
752 3273 917 3311 quibusdam
932 3273 1011 3304 Treu
1032 3273 1069 3311 is,
1090 3273 1160 3303 inter
1173 3273 1241 3303 Nos
1254 3274 1289 3304 ὃ(

237 3309 356 3348 Scotos,
371 3310 454 3348 usque
476 3311 509 3342 ad
529 3320 638 3341 certum
652 3320 762 3349 tempus
776 3311 928 3350 duraturis,
944 3312 994 3342 sub
1018 3321 1053 3352 pe
1068 3311 1147 3342 Pacis
1161 3312 1230 3341 hinc
1245 3313 1290 3341 in-

236 3347 273 3377 de
295 3348 406 3378 interim
427 3349 630 3388 reformandae,
647 3349 724 3380 idem
746 3349 827 3380 Scoti
849 3351 1044 3391 obtemperare
1059 3350 1235 3390 pertinaciter
1246 3360 1290 3380 re-

235 3396 371 3417 nueriint:

271 3424 508 3464 Quinimmdi‘im
520 3435 571 3456 nos
585 3425 681 3456 vestris
694 3425 931 3457 exhortationibus
946 3427 976 3457 in
984 3427 1041 3458 hoc
1050 3426 1204 3458 studuimus
1216 3426 1289 3458 filiali

232 3463 407 3501 subjefflone
420 3463 560 3494 humiliter
575 3463 690 3494 obedire
724 3465 771 3504 ipsi
788 3463 894 3495 Villam
908 3464 1034 3496 nostram
1053 3465 1196 3504 Berewyci
1211 3466 1289 3510 super

233 3501 393 3539 Twedain,
408 3502 441 3532 &
460 3501 520 3532 alias
541 3501 656 3532 diversas
675 3487 778 3533 'ferras
796 3502 902 3533 nostras
915 3512 1055 3541 occupare
1070 3504 1289 3541 proditionaliter

230 3540 461 3610 praesumpserunt
472 3562 482 3579 ,
511 3539 545 3571 δε
565 3549 608 3571 eas
627 3539 718 3572 adhuc
744 3541 832 3572 taliter
851 3548 1000 3580 occupatas
1021 3540 1147 3573 detinent
1166 3543 1195 3572 in
1213 3552 1289 3580 prae-

244 3588 310 3610 enti.

271 3616 309 3648 Et
328 3618 392 3656 quia
406 3616 492 3647 iidem
506 3615 604 3660 Scoti‚
620 3625 669 3654 per
683 3615 881 3649 Procuratores
893 3617 972 3656 suos,
988 3625 1020 3649 ut
1030 3618 1160 3656 refertur,
1177 3628 1230 3657 pro
1243 3629 1288 3650 re-

234 3656 384 3688 vocatione
397 3655 430 3686 &
443 3654 628 3685 adnullatione
637 3654 830 3687 sententiarum
838 3679 849 3695 ,

274 3692 383 3725 Contra
406 3693 494 3732 ipsos,
511 3693 544 3724 &
565 3694 593 3723 in
615 3692 703 3732 ipsos,
720 3703 785 3733 per,
803 3693 973 3725 venerabiles
992 3693 1086 3725 Patres
1120 3693 1286 3734 Dominos,

235 3731 277 3762 G.
292 3733 362 3763 tituli
376 3732 536 3763 saneiorum
552 3730 709 3762 Marcellini
722 3732 756 3764 &
771 3731 846 3763 Petri
857 3731 1063 3769 presbiterum,
1081 3718 1114 3763 ἐς
1131 3732 1165 3761 L.
1183 3733 1286 3764 sandlae

235 3769 337 3802 Mariae
357 3772 386 3801 in
406 3771 461 3801 Via
483 3771 535 3801 lata
553 3770 716 3800 Diaconum
730 3793 740 3809 ,
766 3769 938 3809 Cardinales,
962 3771 1102 3810 praemissa
1122 3771 1286 3811 occasione,

234 3809 288 3840 rite
300 3810 333 3840 δε
348 3810 487 3840 canonice
500 3808 751 3848 promulgatarum,

269 3845 361 3878 Penes
374 3847 494 3880 vestram
509 3847 699 3878 Clementiam
715 3857 766 3886 pro
779 3847 883 3878 viribus
894 3847 1053 3885 elaborant,

272 3885 292 3904 ¹*
304 3885 388 3925 Nos,
405 3886 472 3917 licet
484 3887 555 3916 inter
567 3885 634 3916 Nos
645 3886 678 3916 &
692 3885 763 3923 ipsos
775 3884 878 3916 Scotos
891 3886 947 3923 iam
962 3885 1094 3924 quaedam
1107 3885 1139 3916 sit
1153 3885 1286 3926 Treuga,

236 3922 287 3953 sub
306 3925 387 3954 certis
402 3925 494 3956 modis
508 3925 541 3956 ὃ(
553 3923 761 3955 conditionibus
770 3947 779 3962 ,
797 3924 864 3954 inita
876 3924 910 3955 &
923 3923 1030 3955 firmata
1044 3924 1142 3962 (cujus
1155 3932 1285 3955 tenorem

234 3960 298 3990 alias
311 3961 410 3992 vestrae
425 3963 621 3994 transmisimus
636 3961 819 3999 Beatitudini)
831 3972 916 4002 quam
928 3971 989 3993 non
1001 3961 1286 4002 intendimus‚quan-

238 4006 300 4028 turn
319 3999 354 4030 ad
375 4011 427 4031 nos
440 4002 552 4040 attinet,
572 4002 601 4031 in
615 4001 708 4040 aliquo
722 4001 844 4039 violare,
861 4000 984 4038 ipsorum
999 4008 1105 4031 tamem
1115 4000 1286 4033 obstinatam

235 4035 377 4068 Malitiam
393 4039 526 4079 (urgente
546 4038 747 4080 Conscientia)
768 4038 867 4074 vestrae
888 4038 1060 4081 Benignitati
1078 4040 1210 4080 cogimur
1224 4049 1286 4072 tne-

89 3172 220 3204 Ann.D.

110 3221 192 3252 1325.

86 3255 139 3279 Aa.
160 3261 202 3286 ¹9·

85 3294 116 3317 E.
138 3299 163 3317 2.

85 3332 156 3356 Rom.
175 3336 218 3362 ¹9·

84 3370 115 3393 Ε.
134 3375 159 3393 2.

86 3413 123 3433 m.
134 3404 163 3432 6.

87 3900 106 3921 ¹⁸
127 3903 179 3929 lv.

90 3942 154 3975 169.

2282 202 2357 245 143

1306 273 1432 303 morare,
1448 276 1484 296 ne
1504 277 1553 311 per
1570 268 1692 312 ipsorum
1713 269 1975 313 importunitatem,
1998 272 2041 303 eis*
2055 271 2188 304 nondum
2209 274 2358 313 correctis,
2374 275 2449 307 Arm.
2463 275 2504 307 D.

1307 303 1345 333 set
1364 303 1454 346 adhuc
1474 305 1662 352 detinentibus
1673 318 1737 347 quae
1750 312 1786 339 iic
1801 309 1830 339 in
1845 318 2045 348 contemptum
2060 311 2164 342 {andlae
2175 311 2309 344 Ecclesiae
2322 315 2356 345 δε
2399 323 2481 353 1325.

1307 340 1394 371 nostri
1416 343 1610 380 praeJudiCium
1624 346 1796 383 irreparabile
1811 347 1944 379 hostiliter
1955 349 2151 394 occuparunt,
2171 350 2302 388 pandatur
2317 352 2361 382 Si-
2376 356 2442 383 Edv.
2459 363 2487 382 ιἢ

1308 389 1360 447 figs
1378 379 1531 449 Ιὲἓςὺεὲξῑιὲε,
1549 383 1582 414 &
1604 383 1659 421 ejus
1672 384 1831 425 auctoritas,
1849 396 1882 417 ex
1894 387 2022 419 facilitate
2034 398 2141 428 veniae,
2158 390 2360 430 contemptibi-

1497 430 1518 449 Γ.

1330 455 1516 503 mQaesu'mus
1533 458 1632 501 igitur,
1647 459 1694 502 pie
1716 459 1798 491 Pater
1811 484 1821 499 ,
1839 464 1965 501 quatinus
1979 487 1989 503 ,
2008 472 2104 496 tenore
2125 465 2210 497 dietae
2233 467 2360 508 Treugae

1308 504 1355 532 pia
1373 503 1472 540 mentis
1490 496 1710 540 conlideratione
1728 499 1857 542 pensam,
1873 501 2017 533 dierorum
2031 503 2184 535 Scotorum
2199 506 2359 546 inhiationi,

1308 532 1424 564 salutaris
1441 533 1612 574 appositione
1632 536 1748 567 remedii
1783 538 1869 569 taliter
1888 539 2044 580 dignemini
2056 543 2187 582 obviare,
2206 545 2285 583 quod
2305 545 2360 576 ho-

1309 581 1363 615 nor
1384 571 1485 616 sanctae
1498 574 1678 610 praeservetur
1691 559 1841 619 Ecciesiae,
1859 577 1985 617 &ipsius
1999 579 2164 621 Disciplinae
2175 592 2294 623 nervus,
2311 593 2360 622 per

1310 619 1476 648 impunitam
1495 611 1648 642 eorundem
1663 612 1822 653 audaciam,
1840 625 1899 645 non
1915 625 2054 655 rumpatur
2068 628 2074 647 2

1344 649 1411 693 Ac,
1429 649 1547 680 dilectos
1566 649 1694 695 Clericos
1715 651 1840 695 nostros,
1860 653 2028 694 Magistros,
2047 657 2189 689 Andream
2202 658 2306 699 Sapiti,
2323 659 2360 692 &

1310 685 1470 718 Ricardum
1490 687 1628 729 Solbury,
1645 699 1674 719 in
1693 689 1760 733 luis,
1777 700 1855 734 quae,
1874 701 1926 729 pro
1946 694 2143 728 reformatione
2164 697 2360 730 Conscientiae

1310 725 1427 766 vestrae,
1442 726 1477 770 ad
1495 726 1638 771 honorem
1655 729 1809 772 universalis
1829 729 1950 770 Ecclefiae
1963 733 2058 770 (cujus
2071 736 2216 767 auctoritas
2228 737 2363 776 faciliter,

1310 765 1411 805 absque
1430 764 1609 810 satisfactione
1628 764 1755 812 Iniuriae,
1771 767 1922 807 praesertim
1936 769 2077 802 obedienti
2096 774 2173 804 illatae
2187 784 2237 814 per
2250 774 2361 807 Rebel-

1310 804 1363 842 les,
1383 804 1520 835 Censuras
1532 804 1658 843 legitime
1669 804 1784 844 prolatas
1796 815 1945 846 revocare,
1962 815 2008 838 aut
2021 809 2057 838 ab
2075 811 2112 841 eis
2125 812 2265 844 absolvere
2279 815 2362 845 mini-

1313 853 1361 873 me
1381 843 1543 879 consuevit)
1562 844 1591 873 in
1609 843 1662 874 hac
1679 849 1760 881 parte
1778 843 1906 875 duxerint
1927 848 2122 886 proponenda,
2140 850 2174 880 ad
2187 852 2366 884 exauditionis

1313 881 1435 920 benigne
1454 882 1568 921 gratiam
1590 881 1736 912 admittere
1769 882 1803 913 δε
1824 882 1936 913 ulterius
1948 884 2025 922 super
2039 885 2089 915 hiis
2103 890 2252 924 procedere
2287 891 2366 922 ordi-

1312 930 1395 958 nare,
1413 921 1446 951 &
1468 920 1577 957 facere,
1592 928 1676 959 prout
1690 904 1779 951 vetita
1794 919 1948 960 Sanctitas,
1963 922 1997 952 ad
2007 922 2116 954 laudem
2131 925 2203 965 Dei,
2219 913 2366 961 &⁹1:200st-

1314 959 1385 1003 siae,
1397 958 1547 990 honestum
1566 958 1628 989 fore
1651 958 1843 998 decreveritis,
1859 960 1892 991 &
1913 960 2076 1000 expediens,
2092 973 2124 993 ac
2145 967 2301 997 consonum
2319 978 2366 999 ra·-

1314 1004 1394 1029 tloni.

1350 1034 1506 1067 Conservet
1522 1044 1589 1073 vos,
1607 1035 1667 1066 &c-

1391 1073 1462 1105 Dat.
1474 1073 1547 1113 apud
1563 1072 1718 1113 Marsfeld,
1736 1073 1871 1105 vicesimo
1885 1083 1984 1114 quarto
1998 1074 2046 1106 die
2059 1076 2239 1116 Septembris.

1413 1214 1473 1249 Ad
1495 1215 1670 1250 Cardinales
1693 1215 1730 1250 de
1757 1215 1844 1250 distis
1866 1217 2001 1264 Cenfhris
2023 1231 2080 1252 non
2096 1220 2278 1257 revocandis,

1318 1300 1531 1363 VEnerabili
1554 1303 1583 1333 in
1602 1301 1719 1333 Christo
1739 1301 1832 1341 Patri,
1856 1302 1992 1334 Domino
2011 1303 2045 1334 L.
2065 1302 2123 1335 Dei
2145 1305 2245 1344 gratia,
2267 1306 2369 1338 sanetae
2385 1314 2452 1347 Anu
2474 1308 2516 1346 D*

1402 1340 1504 1371 Mariae
1525 1343 1554 1370 in
1575 1339 1630 1372 Via
1648 1340 1701 1372 lata
1723 1340 1857 1372 Diacono
1869 1340 2027 1380 Cardinali‚
2044 1344 2138 1373 amico
2151 1343 2200 1374 suo
2213 1345 2370 1385 cariffimo,
2412 1338 2496 1393 1325,
2508 1337 2521 1348 ¹

1318 1379 1472 1412 Edwardus
1484 1405 1494 1419 ,
1512 1380 1611 1411 eadem
1630 1378 1714 1418 gratia
1726 1403 1737 1419 ,
1756 1378 1826 1422 Rex
1840 1379 1952 1420 Angliae
1965 1404 1974 1418 ‚
1992 1380 2136 1412 Dominus
2155 1381 2318 1422 Hiberniae,
2335 1383 2368 1414 &
2385 1396 2437 1421 An,
2456 1402 2500 1428 ¹9·

1318 1418 1389 1449 Dux
1404 1419 1583 1462 Aquitaniae,
1600 1418 1725 1449 Salutem
1761 1419 1794 1449 &
1809 1420 1923 1449 iincerae
1937 1419 2097 1450 dilectionis
2108 1419 2255 1452 affecturn.
2386 1435 2416 1459 E.
2439 1441 2465 1459 2,

1360 1457 1506 1501 Qualiter,
1524 1456 1716 1501 Sanetiii‘imus
1733 1441 1830 1493 Pater,
1849 1455 1994 1488 Dominus
2008 1457 2143 1489 Summus
2157 1459 2290 1490 Pontifex
2303 1460 2374 1491 olim
2386 1474 2456 1497 Rom.
2473 1471 2519 1505 ¹9?

1320 1499 1449 1537 quaidam
1472 1498 1502 1527 T
1504 1505 1613 1535 reugas,
1631 1504 1704 1526 inter
1718 1495 1788 1525 Nos
1801 1495 1838 1538 ὃς
1849 1495 1969 1534 Scotos,
1987 1505 2035 1534 per
2048 1505 2158 1528 certum
2173 1505 2284 1538 tempus
2295 1499 2375 1530 dura-
2387 1512 2418 1535 E.
2439 1518 2466 1535 2,

1320 1544 1414 1604 giras,
1435 1534 1485 1566 sub
1507 1534 1554 1574 spe
1574 1535 1649 1573 pacis
1667 1534 1736 1565 hinc
1747 1533 1813 1564 inde
1830 1535 1942 1566 interim
1956 1534 2160 1575 reformandae,
2179 1536 2273 1569 statuit
2286 1537 2321 1570 &
2336 1539 2379 1569 in-
2392 1556 2429 1575 m,
2441 1547 2470 1574 6.

1341 1583 1389 1605 ixrt
1404 1583 1410 1603 :

1359 1612 1397 1643 Et
1410 1611 1526 1652 qualiter
1539 1618 1637 1641 contra
1651 1609 1764 1641 eosdem
1779 1610 1899 1649 Scotos,

1359 1651 1417 1682 Pro
1439 1660 1475 1681 eo
1493 1649 1571 1689 quod
1589 1649 1709 1693 Treugis
1731 1648 1782 1679 illis
1800 1649 1994 1693 obtemperare
2012 1652 2190 1688 pertinaciter
2201 1653 2378 1693 recuifirunt,

1321 1690 1372 1729 &,
1391 1689 1462 1720 dum
1484 1698 1535 1718 nos
1550 1687 1722 1726 Apostolicis
1733 1687 1973 1719 exhortationibus
1983 1690 2012 1719 in
2026 1689 2082 1720 hoc
2095 1690 2250 1722 devotione
2262 1692 2381 1724 obedire

1322 1729 1481 1760 curavimus
1498 1726 1572 1756 filiali
1581 1750 1590 1764 ,
1604 1725 1692 1757 iidem
1705 1726 1783 1757 Scoti
1796 1726 1893 1758 villam
1904 1726 2028 1758 nostram
2042 1727 2183 1766 Berewyci
2196 1730 2274 1770 super
2288 1730 2380 1763 Twe-

1321 1768 1387 1798 dam
1396 1790 1406 1806 ,
1423 1767 1456 1798 δε
1476 1765 1594 1797 diversas
1605 1765 1668 1796 alias
1681 1765 1784 1796 Terras
1796 1764 1901 1796 nostras
1913 1764 2028 1797 subdole
2042 1767 2233 1808 occuparunt,
2249 1778 2315 1808 quas
2326 1768 2377 1800 ad-

1323 1807 1381 1837 huc
1396 1812 1547 1844 occupatas
1563 1803 1690 1834 detinent
1706 1804 1736 1834 in
1749 1803 1890 1842 praesenti,

1361 1844 1488 1876 Diversae
1509 1841 1660 1880 Cenfinae,
1678 1852 1747 1872 cum
1764 1851 1907 1881 paenarum
1928 1842 2119 1880 multiplicum
2139 1843 2314 1884 adjectione,
2369 1856 2383 1877 r

1324 1893 1393 1922 VOS,
1408 1884 1460 1921 &,
1470 1880 1658 1914 venerabilem
1671 1890 1795 1925 patrem,
1807 1880 1972 1910 Dominum
1985 1880 2025 1911 G.
2040 1883 2112 1913 tituli
2125 1882 2286 1915 san-storum
2367 1901 2381 1908 -

1324 1922 1417 1953 cellini
1435 1922 1469 1953 δε
1489 1920 1565 1951 Petri
1582 1918 1771 1950 Presbiterum
1791 1918 1991 1958 Cardinalem,
2014 1928 2083 1951 tunc
2106 1921 2283 1961 Apostolicae
2303 1923 2384 1954 Sedis

1324 1961 1462 1992 Nuncios
1477 1960 1507 1990 in
1527 1958 1646 1998 Anglii,
1663 1957 1802 1996 praemifla
1822 1953 1986 1995 occasione,
2002 1968 2051 1996 per
2073 1958 2218 1991 Processus
2242 1961 2384 2001 legitimos

1324 2001 1438 2031 fuerunt
1458 1998 1590 2037 prolatae,
1614 1998 1647 2029 &
1670 2006 1719 2035 per
1737 1996 1827 2036 ipsum
1848 1996 2013 2027 Dominum
2035 1997 2188 2029 Summum
2209 1998 2381 2031 Pontificem

1325 2037 1513 2082 postmodum
1536 2036 1712 2080 approbatae,
1736 2035 1817 2066 vobis
1837 2044 1897 2065 non
1917 2034 2026 2072 potest,
2045 2043 2075 2066 ut
2095 2036 2252 2077 credimus,
2269 2038 2299 2068 in
2319 2047 2382 2069 me-

1325 2086 1447 2108 moriam
1464 2085 1524 2106 nori
1537 2083 1670 2105 revenire.

1360 2114 1473 2146 Verum
1485 2113 1548 2152 quia
1559 2112 1646 2143 iidem
1661 2111 1757 2150 Scoti,
1773 2120 1822 2150 per
1833 2109 2030 2142 Procuratores
2044 2111 2077 2143 δε
2091 2111 2228 2144 Nuncios
2242 2113 2316 2154 suos,
2330 2125 2381 2155 pe-

1322 2163 1374 2223 32⁶5
1391 2149 2381 2229 {iffiiiffiss‘e‘iiiiffmffl{Qffaamffimndflffi‘ffi’oiffrssiiffiissff

1487 2230 1493 2236 .
1510 2231 1514 2235 .
2004 2212 2016 2228 ³
2373 2215 2384 2231 ι

1324 2240 1449 2308 ιαπῇἓὲῗ
1466 2227 1744 2299 ὕιὲἑῗῗιῑεέὺῐῗὲηὲἷ
1756 2263 1827 2303 ipsos
1838 2264 1968 2303 quaedam
1982 2265 2114 2311 Treuga,
2131 2267 2181 2299 sub
2194 2270 2275 2300 certis
2290 2268 2386 2309 modis

1325 2309 1360 2340 &
1381 2306 1606 2343 conditionibus,
1623 2314 1672 2349 per
1693 2312 1927 2348 eertumtempus
1937 2303 2083 2344 duratura,
2100 2306 2170 2337 inita
2185 2306 2217 2339 fit
2228 2307 2262 2339 &
2277 2307 2386 2340 firmata

1328 2348 1432 2385 (quam
1453 2355 1512 2376 non
1536 2345 1706 2375 intendimus
1726 2353 1754 2373 in
1776 2342 1829 2372 hus
1843 2365 1852 2380 ,
1879 2352 1944 2381 quae
1964 2342 1998 2373 ad
2019 2353 2072 2374 nos
2090 2345 2237 2384 attinent,
2261 2345 2387 2382 violare)

1326 2384 1539 2416 Confiderantes
1560 2391 1655 2414 tamen
1676 2382 1758 2412 nobis
1776 2381 1809 2412 &
1832 2380 1938 2421 Regno
1953 2380 2072 2424 nostro,
2088 2382 2111 2415 si
2126 2392 2296 2415 annueretur
2309 2383 2387 2415 Peti-

1326 2424 1397 2454 tioni
1419 2423 1476 2454 suae
1493 2424 1524 2453 'm
1542 2418 1704 2462 praemiffis,
1723 2419 1896 2459 irreparabile
1916 2419 2130 2459 praeiudicium,
2145 2430 2180 2453 ac
2203 2422 2287 2453 etiam
2306 2422 2391 2453 vobis

1326 2461 1447 2493 dedecus
1466 2461 1614 2501 praeparari
1663 2459 1793 2497 cogimur
1804 2481 1815 2496 ,
1838 2466 1953 2497 urgente
1967 2456 2175 2501 Conscientia,
2194 2460 2252 2491 tam
2272 2460 2390 2499 praefato

1327 2500 1461 2531 Domino
1482 2499 1606 2531 Summo
1625 2482 1777 2536 Pontifici,
1795 2497 1880 2541 quam
1903 2497 2004 2534 vobis,
2021 2497 2055 2529 δε
2077 2499 2186 2529 caereris
2205 2499 2317 2529 Amicis
2336 2506 2391 2530 no-

1328 2538 1406 2578 stris,
1424 2539 1547 2579 ipsorum
1564 2535 1731 2567 obstinatam
1754 2536 1896 2567 Malitiam
1915 2543 2098 2574 memorare,
2121 2545 2159 2566 ne
2177 2537 2234 2576 eis,
2259 2537 2390 2568 nondum

1327 2578 1480 2616 correctis,
1497 2577 1536 2608 set
1556 2575 1647 2606 adhuc
1661 2575 1845 2606 detinentibus
1877 2583 1920 2617 uae
1936 2573 1973 2604 sic
1987 2574 2210 2614 proditionaliter
2224 2576 2258 2607 δε
2273 2575 2389 2606 subdole

1326 2616 1503 2655 occuparunt
1516 2638 1525 2653 ,
1549 2614 1630 2645 Sinus
1651 2613 1786 2652 pandatur
1805 2612 1867 2645 Ecc
1877 2617 1940 2644 eliae
1953 2635 1964 2651 ,
1988 2612 2022 2644 Sc
2043 2614 2100 2651 ejus
2120 2613 2221 2645 exinde
2240 2614 2390 2647 auctoritas

1327 2654 1579 2693 contemptibiliter
1594 2653 1732 2683 habeatur.

1366 2692 1475 2724 Vestrae
1497 2694 1584 2730 igitur
1603 2691 1763 2723 Sinceritati
1782 2688 1848 2733 (de,
1858 2688 1914 2735 qua
1926 2687 2061 2721 fiduciam
2074 2689 2198 2728 gerimus
2211 2689 2390 2731 pleniorem)

1328 2732 1430 2764 votivo
1449 2731 1634 2770 supplicamus
1653 2729 1759 2761 affedm
1774 2736 1919 2767 quatinus,

1363 2770 1497 2810 Inspee’to
1517 2777 1615 2800 tenore
1633 2768 1719 2800 dietae
1734 2767 1861 2811 ‚Treugae
1881 2767 1967 2810 (per,
1985 2765 2103 2797 dilectos
2117 2765 2245 2798 Clericos
2257 2766 2389 2806 nostros,

1328 2808 1496 2849 Magistros,
1512 2808 1655 2838 Andream
1676 2807 1782 2845 Sapiti,
1799 2807 1833 2837 &
1847 2804 2004 2848 Ricardum
2019 2804 2056 2835 de
2069 2803 2209 2846 Solbury,
2225 2805 2269 2836 seu
2283 2815 2388 2837 eorum

1327 2848 1462 2886 alterurn,
1480 2847 1562 2878 vobis
1581 2844 1776 2881 ostendendo)
1798 2842 2001 2887 auditisque&
2023 2842 2172 2881 prudenter
2194 2845 2303 2875 attentis
2321 2853 2387 2884 quae

1326 2886 1394 2926 ipsi,
1410 2886 1455 2917 vel
1467 2886 1532 2918 alter
1546 2895 1645 2916 eorum
1680 2882 1781 2915 vestrae
1794 2881 1972 2920 Dilectioni,
1988 2881 2068 2920 super
2082 2881 2247 2921 praemiffis,
2263 2892 2316 2921 pro
2329 2883 2388 2922 ple-

1325 2926 1397 2955 niori
1413 2906 1776 2966 informationffifiuxerint
1788 2919 1972 2964 exponenda,
2006 2959 2011 2965 ι
2042 2958 2048 2964 .
2163 2959 2169 2965 Α

1362 2963 1409 2994 Ad
1431 2962 1616 3003 repellendam
1636 2960 1758 2998 ipsorum
1779 2957 1934 2991 Scotorum
1952 2958 2139 2989 inhiationem
2160 2969 2190 2990 in
2209 2959 2262 2990 hac
2284 2966 2360 2997 parte
2375 2981 2389 2997 ,

1326 3010 1380 3039 pro
1401 3001 1510 3032 honore
1531 2999 1688 3031 universalis
1709 2996 1843 3028 Ecclesiae
1859 3000 1942 3038 (quae
1964 3007 2024 3027 non
2045 2997 2191 3028 consuevit
2209 2997 2382 3028 Rebellanti-

1327 3041 1396 3078 buS,
1413 3041 1514 3080 absque
1533 3037 1731 3069 emendatione
1747 3039 1762 3053 *
1778 3035 1908 3074 Injuriae,
1923 3034 2079 3066 Gremium
2094 3037 2215 3073 aperire)
2233 3035 2319 3066 velitis
2334 3044 2383 3074 pe·
2394 3049 2411 3066 ο
2431 3050 2482 3077 μ),

1326 3086 1375 3109 n&
1396 3078 1506 3109 dietum
1527 3077 1683 3108 Summum
1701 3073 1873 3106 Pontificem
1886 3076 1924 3105 eo
1938 3075 2076 3111 tenerius,
2094 3083 2162 3104 cum
2177 3072 2320 3112 efficacia,
2338 3075 2382 3103 in-
2395 3096 2456 3123 ¹70·

1326 3125 1475 3155 terponere
1497 3125 1584 3155 partes
1601 3113 1719 3151 vestrm,
1739 3113 1818 3152 quod
1838 3114 1868 3143 in
1885 3112 2035 3143 Ministerii
2049 3111 2132 3142 vestri
2147 3112 2317 3149 vituperium
2333 3121 2381 3142 ce-

1326 3155 1404 3192 deret
1421 3155 1556 3193 ipsarum,
1573 3153 1672 3193 absque
1694 3151 1903 3190 satisfactione,
1922 3151 2052 3182 relaxatio
2065 3149 2261 3193 ¹Censuraruiri
2273 3172 2283 3189 ‚
2305 3147 2383 3193 alias-

1324 3204 1380 3234 que
1392 3195 1503 3226 dietum
1514 3203 1565 3224 vos
1580 3192 1755 3234 contingitn
1791 3191 1899 3234 otium,
1917 3191 1965 3258 qicii
1979 3198 2047 3219 cum
2062 3187 2144 3231 ipsius
2162 3188 2258 3227 Regni
2280 3187 2383 3220 Incolis

1325 3235 1473 3274 participes
1487 3232 1547 3262 fore
1559 3230 1710 3262 noscimini
1724 3239 1752 3259 in
1793 3228 1906 3267 rosperis
1967 3226 2102 3270 Adverlis.
2175 3266 2181 3270 ·

1363 3272 1432 3304 Dat.
1445 3270 1519 3310 apud
1535 3269 1667 3302 Marsfeld
1676 3292 1686 3308 ,
1701 3268 1835 3301 vicefimo
1851 3275 1951 3305 quarto
1963 3265 2008 3295 die
2022 3264 2203 3303 Septembris.

1363 3348 1534 3380 Confimiles
1551 3348 1650 3378 litterae
1671 3346 1824 3385 diriguntur
1838 3342 1973 3372 Domino
1984 3339 2024 3372 G.
2038 3340 2110 3373 tituli
2122 3341 2283 3373 anctorum
2297 3339 2378 3371 Mar-

1327 3388 1420 3420 cellini
1435 3388 1469 3419 &
1481 3386 1558 3418 Petri
1571 3385 1728 3416 Presbitero
1743 3381 1891 3413 Cardinali.

1326 3462 1390 3524 V
1399 3463 1539 3495 Enerabili
1552 3463 1582 3493 in
1595 3461 1709 3493 Christo
1721 3459 1796 3491 Patri
1811 3457 1946 3488 Domino
1959 3455 2000 3487 G.
2015 3455 2072 3486 Dei
2085 3453 2189 3498 gratia,
2207 3453 2277 3498 tituli
2290 3454 2374 3486 sansti
2416 3460 2483 3490 thil,

1408 3502 1511 3533 Ciriaci
1524 3503 1554 3532 in
1568 3501 1682 3531 Termis
1694 3498 1855 3529 Presbitero
1868 3494 2009 3526 Cardinali
2018 3517 2027 3532 ,
2044 3503 2137 3536 amico
2159 3493 2207 3535 suo
2221 3492 2374 3536 carissimo,

1325 3539 1500 3579 Edwardus,
1522 3539 1619 3570 eadem
1641 3537 1728 3577 gratia
1747 3536 1812 3566 Rex
1833 3534 1943 3573 Angliae
1956 3555 1968 3576 ,²
1994 3532 2139 3575 Dominus
2157 3529 2323 3570 Hiberniae,
2341 3532 2374 3564 ὃς

1326 3577 1396 3609 Dux
1412 3579 1587 3617 Aquitaniae,
1602 3577 1742 3612 Salutem,
1757 3575 1791 3605 &
1807 3573 1919 3603 smcerae
1932 3570 2089 3600 dileetionis
2100 3568 2243 3614 affectum.

1363 3618 1494 3656 Qaliter
1507 3615 1699 3648 Sanctiffimus
1714 3613 1810 3649 Pater,
1828 3609 1887 3646 &a
1902 3616 1932 3639 ut
1937 3608 2020 3651 fieprfz
2033 3605 2068 3645 us
2080 3618 2111 3636 ue
2124 3606 2178 3645 tbi,
2194 3617 2262 3638 cum
2276 3617 2378 3652 poena-

1323 3665 1388 3687 rum
1409 3655 1598 3695 multiplicum
1616 3653 1771 3691 adjecftione
1782 3673 1793 3688 ,
1807 3658 1861 3691 per
1881 3646 2047 3690 venerabiles
2079 3653 2157 3689 'atres
2171 3667 2182 3683 ,
2207 3645 2352 3677 Dominos
2367 3669 2379 3685 ,

1323 3693 1365 3724 G.
1382 3695 1452 3724 tituli
1475 3694 1634 3724 sanctorum
1654 3687 1860 3721 Marcellini&
1879 3684 1972 3723 Petri,
1991 3684 2177 3714 presbiterum
2189 3705 2200 3721 ‚
2218 3685 2251 3714 &
2267 3684 2302 3716 L.
2318 3685 2378 3716 san-

1322 3731 1377 3762 ‹Slae
1393 3732 1494 3763 Mariae
1509 3733 1538 3761 in
1551 3728 1673 3762 vialata
1685 3751 1695 3766 ‚
1714 3728 1879 3758 Diaconum
1895 3747 1904 3762 ,
1924 3722 2086 3754 Cardinales
2096 3728 2102 3752 i
2112 3730 2182 3752 tunc
2198 3722 2375 3761 Apostolicae

1322 3770 1401 3801 Sedis
1415 3770 1550 3801 Nuncios
1564 3770 1595 3799 in
1611 3766 1733 3806 Anglia)
1752 3761 1890 3803 praemissa
1904 3761 2068 3799 occasione,
2083 3770 2132 3799 per
2150 3759 2297 3791 Processus
2310 3761 2378 3801 legi-

1323 3810 1426 3848 timos,
1444 3809 1555 3839 fuerunt
1563 3806 1695 3844 prolatae,
1711 3804 1745 3834 δε
1758 3812 1805 3843 per
1820 3800 1910 3844 ipsum
1926 3799 2089 3843 Dominum
2104 3798 2257 3843 Summum
2273 3799 2376 3844 Ponti-

1322 3846 1407 3877 ficem
1421 3844 1608 3884 postmodum
1618 3842 1776 3882 approbatae
1785 3863 1794 3879 ,
1809 3839 1868 3870 satis
1882 3837 2021 3869 credimus
2034 3836 2134 3869 vestrae
2145 3835 2305 3870 Paternitati
2321 3849 2372 3870 no-

1356 3894 1387 3915 m
1399 3884 1463 3915 esse.

1322 3894 1469 3954 tuVerum
1504 3923 1546 3953 uia
1558 3920 1642 3952 iidem
1658 3918 1754 3957 Scoti,
1764 3915 1816 3956 'per
1832 3915 2029 3960 Procuratores
2039 3937 2050 3954 ,
2065 3913 2127 3959 &a
2141 3921 2174 3960 ur
2181 3913 2266 3955 fiepra
2279 3913 2374 3955 usque,

1322 3964 1353 3994 in
1368 3961 1468 4000 praemi
1492 3971 1513 3991 ιε
1531 3959 1706 4000 irreparabile
1726 3955 1922 3999 praejudicium
1934 3963 2094 3994 praeparari,
2109 3963 2241 3999 cogimur
2257 3954 2375 3991 (urgen—

1322 4010 1352 4032 te
1371 3998 1573 4034 Conscientia)
1592 3999 1651 4028 tam
1675 3996 1792 4035 praefato
1813 3993 1947 4025 Domino
1964 3992 2088 4024 Summo
2100 3991 2251 4030 PontifiCi,
2269 3989 2328 4026 ὡς.
2343 3995 2374 4018 ur

1315 4039 1401 4080 ficpra
1417 4036 1496 4079 usque
1515 4037 1571 4076 ibi,
1586 4037 1763 4076 interponere
1780 4041 1870 4075 partes
1890 4031 2009 4072 vestras,
2028 4033 2089 4071 quo
2108 4031 2220 4065 dictum
2241 4037 2378 4105 vosncxpgqt-
