2562 4279
812 168 922 208 ET
1006 164 1271 207 ACTA

90 250 169 281 Arm·
180 249 221 280 D·
279 253 492 291 Affignavimus
516 264 584 293 vos,
601 255 634 285 δε
654 254 725 284 duos
738 252 864 283 vestrum
878 275 887 288 ,
905 251 938 282 ad
948 251 1037 282 distas
1050 250 1247 292 Sufferentiam
1266 247 1299 277 δε

116 298 199 328 1323·
240 292 388 331 Treugam
414 295 550 332 (quarum
570 302 699 322 tenorem
711 315 721 330 ,
738 291 787 322 sub
808 290 894 328 sigillo
913 290 1009 320 nostro
1023 313 1033 329 ,
1050 291 1131 320 vobis
1145 286 1299 319 mittimus)

90 329 158 356 Eilv.
180 337 206 355 2·
240 331 269 360 in
291 330 440 363 Comitatu
456 331 677 362 Nortliumbriae
690 353 699 368 ,
717 331 773 359 tam
789 329 859 358 infra
876 329 1013 359 libertates
1027 351 1036 366 ,
1053 329 1138 366 quarn
1154 334 1246 362 extra,
1266 324 1299 354 &

240 370 361 409 partibus
385 370 525 401 Marchiae
546 370 613 399 illius
627 391 637 407 ,
653 367 870 398 custodiendum
880 368 958 404 juxta
977 374 1109 396 tenorem
1123 363 1300 394 Sufferentiae

241 409 275 438 &
294 408 324 437 T
328 418 422 439 reucae
440 408 635 448 praediehrum
652 429 661 444 ,
679 406 711 436 &
733 406 767 435 ad
783 404 915 435 Subditos
931 404 1042 434 nostros
1048 428 1058 443 ,
1075 400 1299 445 Transgreffores

240 434 401 476 earumdeissi
421 447 596 477 Sufferentiae
620 445 653 476 ὃς
673 444 815 483 Treugae,
835 440 1042 481 castigandum,
1060 442 1093 472 ὃς
1107 439 1298 480 puniendum,

235 486 312 524 juxta
325 485 444 515 formam
459 486 562 516 tenoris
576 482 737 521 supradicti:
946 518 952 524 ι

277 523 315 553 Et
329 523 396 554 ideo
410 524 490 554 vobis
505 521 670 552 mandamus
685 543 694 559 ,
709 519 788 559 quod
804 517 1000 548 sufferentiam
1022 518 1055 547 &
1069 517 1214 556 Treugam
1228 526 1299 556 prae-

241 561 328 592 dietas
342 560 520 599 custodiatis,
538 562 571 591 ὃς
586 559 718 590 Subditos
731 557 857 594 nostrOS,
873 555 1101 592 Transgressores
1120 556 1299 592 earumdem,

239 601 357 639 puniatis
370 602 398 630 in
412 599 505 630 forma
519 597 670 636 praedieta:
691 595 803 626 Facturi
822 594 888 624 inde
903 594 979 631 quod
991 594 1025 623 ad
1042 593 1200 637 hujusmodi
1217 593 1300 624 Con-

240 639 389 678 servatores
402 639 536 677 pertinet,
553 637 628 667 salvis
642 635 725 666 nobis
738 633 971 663 Amerciamentis
985 632 1018 663 ὃς
1033 632 1091 662 aliis
1099 655 1109 671 ,
1120 632 1154 663 ad
1169 642 1220 662 nos
1232 632 1298 662 inde

241 677 477 745 spffiiri’dgliffnus
489 713 565 743 enim
579 709 752 742 Vicecomiti
767 707 866 738 nostro
881 707 1044 739 Comitatus
1059 709 1186 747 praediiff'ci
1195 732 1205 747 ,
1218 708 1299 748 quod

242 754 342 791 vobis,
361 752 513 783 &duobus
529 749 670 786 vestrum,
688 748 717 776 in
732 746 894 785 praemiffis,
912 756 1004 785 pareat
1018 749 1051 779 ὃ(
1067 747 1300 785 intendat,prout

241 801 308 830 vos,
326 791 372 821 vel
386 790 446 821 duo
459 788 583 819 vestrum
596 788 620 816 ei
641 786 709 815 scire
726 785 831 814 facietis
843 807 853 822 ,
869 794 903 814 ex
920 795 996 823 parte
1016 786 1127 824 nostra,
1145 787 1178 817 &
1190 787 1224 816 ad
1238 796 1299 816 cer-

244 838 288 860 tos
308 829 366 859 dies
388 829 421 860 &
443 829 505 858 loca
524 835 592 864 quos
606 834 675 862 vos,
692 823 737 853 vel
751 823 809 853 duo
825 822 969 862 vestrum,
987 825 1012 854 ei
1027 826 1096 855 scire
1113 825 1233 863 facietis,
1251 834 1300 854 ve-

243 869 306 898 nire
326 867 408 898 faciat
422 890 431 905 ,
450 874 545 896 coram
560 863 642 894 vobis
655 885 666 899 ,
684 861 727 891 vel
743 861 854 892 duobus
870 863 1014 900 vestrum,
1033 873 1075 894 tot
1086 865 1118 894 ὃς
1134 864 1216 902 tales,
1234 873 1301 900 pro-

244 907 296 936 bos
316 906 350 936 &
369 905 468 942 legales
488 903 618 932 homines
631 900 667 930 de
686 899 789 930 Balliva
802 898 848 930 sua
862 924 871 937 ,
887 903 945 932 tam
959 902 1030 932 infra
1044 902 1196 939 libertates,
1215 903 1301 940 quam

242 953 318 974 extra
332 967 343 983 ,
360 953 407 983 per
427 951 495 980 quos
510 941 608 971 veritas
623 938 885 978 transgreffionum,
903 949 1001 971 contra
1016 948 1146 970 tenorem
1158 939 1301 971 sufferen-

242 984 290 1013 tiae
310 983 344 1013 &
365 981 488 1018 Treugae
508 978 707 1017 praedictarum
728 976 918 1009 faciendarum
930 1002 940 1018 ,
958 978 1056 1009 melius
1071 979 1132 1010 sciri
1147 980 1249 1019 poterit
1267 981 1301 1011 &

243 1031 271 1052 in
292 1031 351 1051 uiri.

273 1031 313 1090 ‘in
328 1057 419 1095 cuius,
437 1056 498 1086 &c.
518 1055 650 1094 quamdiu
666 1055 748 1084 nobis
762 1054 896 1092 placuerit
911 1056 1060 1087 duraturas.

315 1093 405 1127 Teste
421 1095 505 1133 Rege
515 1093 589 1133 apud
601 1093 838 1133 Bissiopesthorp,
857 1096 950 1133 primo
964 1094 1009 1125 die
1025 1095 1112 1134 Junii.

895 1171 949 1200 Per
963 1170 1043 1210 ipsum
1059 1173 1163 1207 Regem.

345 1248 459 1279 Eodem
473 1248 564 1279 modo
577 1247 705 1285 assignati
718 1247 873 1287 subscripti,
889 1248 918 1277 in
932 1246 1123 1278 Comitatibus
1136 1247 1198 1277 sub-

627 1287 750 1327 scriptis,
767 1286 911 1324 videlicet,

793 1380 832 1411 Et
838 1380 896 1411 duo
905 1391 1005 1411 eorum
1015 1382 1043 1411 in
1051 1380 1198 1412 Comitatu

279 1402 422 1440 Johamses
437 1402 468 1430 de
483 1404 678 1441 Havevyngton
686 1423 697 1439 ,
829 1419 986 1450 Cumbdae·

277 1362 432 1401 Ranulplsm
447 1363 478 1392 de
491 1366 597 1400 Dacre,

279 1441 377 1470 Adam
393 1441 423 1470 de
438 1438 566 1478 Skelton,
759 1370 786 1477 }

299 1517 479 1548 Ostmodum
495 1539 503 1554 ,
521 1516 606 1546 tertio
624 1516 670 1546 die
689 1516 757 1555 Julii
773 1539 783 1554 ,
808 1517 943 1555 proximo
962 1516 1094 1554 sequente
1110 1539 1119 1554 ,
1144 1515 1208 1545 Rex
1231 1513 1305 1552 apud

242 1567 273 1579 -ι
310 1556 441 1586 Eborum
461 1554 577 1585 existens
592 1578 601 1592 ,
619 1555 744 1594 assignati
763 1555 876 1585 fuerunt
895 1554 1038 1584 Robertus
1060 1555 1096 1584 de
1116 1553 1306 1583 Umframvill

244 1594 353 1625 Comes
366 1593 522 1633 d'Anegos,
532 1593 664 1631 Rogei-us
678 1593 815 1632 Heyroun
824 1616 832 1631 ,
841 1595 874 1624 ἃ
890 1593 1017 1630 praefatus
1031 1592 1162 1630 Rogerus
1178 1591 1213 1622 de
1226 1590 1307 1621 Hor-

245 1633 311 1671 sele,
329 1633 362 1663 ὃς
383 1633 441 1662 duo
456 1642 554 1661 eorum
570 1654 580 1669 ,
595 1632 628 1661 ad
644 1633 787 1669 praedictas
808 1631 1005 1661 Sufferentiam
1019 1631 1052 1660 &
1067 1630 1217 1666 Treugam
1227 1653 1237 1668 ,
1250 1630 1307 1670 ini-

244 1680 284 1702 tas
305 1673 338 1702 &
357 1671 475 1700 firmatas
490 1694 499 1707 ,
522 1680 537 1699 a
559 1671 700 1700 tricesimo
720 1670 766 1700 die
789 1669 861 1699 Maii
881 1670 1016 1707 proximo
1042 1669 1200 1707 praeterito,
1225 1670 1307 1706 usque

242 1710 448 1740 duodecimum
469 1708 545 1737 diem
556 1708 636 1746 Junii
648 1709 783 1748 proximo
801 1708 962 1747 sequentem
977 1729 987 1745 ,
1005 1707 1034 1736 in
1049 1706 1142 1737 form-st
1155 1706 1307 1746 praedid‘ca,

244 1747 476 1785 custodiendum,
495 1747 557 1777 &c.

881 1786 934 1813 Per
947 1781 1028 1823 ipspm
1042 1786 1147 1821 Regem.

94 1932 111 1950 ‘
131 1933 185 1960 111.

98 1980 180 2006 1027.

99 2043 180 2074 Ann.
190 2043 232 2075 D.

127 2092 213 2122 1323.

291 1907 318 1935 ᾗ
345 1908 404 1943 Ad
420 1912 587 1956 llflagmitcs
606 1906 773 1949 Iliberniae,
797 1907 833 1941 de
851 1921 906 1940 non
922 1907 1064 1941 veniendo
1082 1912 1113 1941 in
1128 1907 1262 1955 Expedi-

604 1961 680 1989 tione
701 1961 818 1991 Guerrae
844 1960 952 1991 Scotiae.
1221 1975 1224 1979 ¹

251 2044 341 2101 RE
352 2042 401 2087 X,
420 2044 526 2111 dilecto
541 2044 574 2073 ὃ(
589 2041 663 2072 fideli
677 2041 741 2080 suo,
760 2041 909 2073 Ricliardo
921 2043 957 2073 de
971 2042 1065 2083 Burgo
1085 2043 1199 2074 Comiti
1214 2043 1308 2075 Ulto-

95 2124 149 2149 An.
173 2123 215 2150 16.
283 2085 740 2160 14ἰὲῗέυὲἒὲῗὲ’Υοξζανςτῐῐῐωε
752 2118 831 2157 quod
846 2118 931 2158 Equis
953 2120 985 2150 &
1005 2120 1116 2158 Armis,
1135 2123 1242 2159 quanto
1260 2120 1309 2151 de-

95 2163 128 2187 Ε.
146 2169 172 2186 2.
248 2159 355 2188 centius
376 2159 408 2189 &
425 2157 567 2195 potentius
589 2157 700 2195 possetis
712 2179 721 2193 ,
740 2167 791 2186 vos
807 2159 949 2196 pararetis,
968 2158 1001 2188 &
1016 2159 1044 2188 in
1059 2158 1238 2198 Obsequium
1256 2169 1310 2189 no-

97 2197 232 2233 c.aus.16.
247 2196 335 2241 strum
350 2219 364 2241 ,ι
377 2206 430 2235 pro
447 2195 622 2234 expeditione
645 2194 767 2225 Guerrae
787 2194 891 2225 nostrae
913 2196 1020 2227 Scotiae
1034 2220 1044 2235 ,
1063 2197 1098 2228 ad
1115 2197 1202 2228 Vadia
1214 2197 1308 2229 nostra

97 2239 136 2301 {i-
154 2245 184 2309 Ξ
206 2273 231 2300 d.
249 2244 477 2312 vefflffiqsamen
498 2270 664 2313 Sufferentia
688 2271 808 2301 Guerrae
829 2272 862 2302 &
883 2272 962 2302 Treu
982 2283 996 2303 a
1018 2274 1090 2304 inter
1104 2284 1155 2304 nos
1169 2274 1203 2305 &
1216 2274 1309 2305 dieros

246 2311 349 2342 Scotos
361 2312 421 2349 jam
435 2312 511 2341 initae
524 2312 585 2340 lunt
597 2310 629 2340 δε
647 2309 783 2348 firmatae,
803 2310 887 2349 usque
906 2310 940 2341 ad
975 2311 1156 2342 uodecimum
1171 2312 1246 2343 diem
1257 2313 1310 2351 Ju-

246 2351 286 2380 nii
306 2351 442 2397 proifirno
465 2348 590 2379 futurum
606 2371 615 2385 ,
634 2348 667 2378 &
690 2348 726 2377 ab
746 2347 851 2378 eodem
875 2348 920 2378 die
937 2372 946 2387 ,
971 2358 1020 2388 per
1043 2350 1188 2381 tresdecim
1210 2351 1310 2382 Annos

247 2398 381 2456 Qasr?
397 2386 1060 2465 ffgfllffitaerffissffnffidcssmgssiisslifflaffgffr’um
1074 2427 1242 2465 praedirstum
1259 2437 1312 2460 vos

248 2464 380 2497 accedere
392 2474 452 2494 non
468 2472 582 2501 oportet
597 2473 631 2492 cx
646 2463 699 2492 hac
712 2463 802 2494 causa.

283 2502 371 2535 Teste
384 2503 465 2543 Rege
477 2501 551 2542 apud
564 2501 769 2541 Bishopthorp,
786 2503 882 2540 primo
897 2503 942 2534 die
953 2503 1040 2541 Junii.

880 2583 934 2610 Per
942 2580 1024 2620 ipsum
1036 2568 1143 2620 Regem.

424 2655 536 2690 Eodem
552 2656 645 2688 modo
663 2656 788 2688 scribitur
801 2657 974 2698 subscriptis,
988 2659 1135 2698 videlicet,

287 2734 392 2767 Thomae
412 2737 480 2765 Fitz
492 2735 591 2774 Johan
612 2739 709 2767 Comiti
732 2734 764 2764 de
907 2735 1053 2773 Dungoill,

353 2772 486 2812 Kildare,
835 2773 962 2812 Johanm·
978 2775 1009 2804 de
1024 2775 1163 2813 Verdoun,

285 2814 412 2841 Maurico
424 2811 491 2841 Filio
504 2811 612 2842 Thomae
628 2835 639 2851 ,
838 2812 959 2842 Waltero
973 2814 1004 2842 de
1019 2812 1123 2852 Cusak,

286 2849 435 2879 Willielmo
449 2850 480 2879 de
493 2853 599 2889 Burgo,
836 2854 971 2880 Mauritio
986 2852 1018 2881 de
1031 2851 1117 2880 Roche
1131 2851 1194 2889 ord,

284 2887 414 2926 Johanm'
428 2888 459 2916 de
472 2891 558 2918 Barri
566 2911 576 2926 ,
838 2892 937 2918 Simoni
950 2890 982 2918 de
997 2892 1103 2919 Genevi
1115 2889 1127 2918 l
1133 2912 1143 2927 ,

286 2925 415 2964 Johanm'
438 2925 461 2955 le
484 2928 581 2956 Power
604 2929 707 2957 Baroni
731 2927 762 2957 de
839 2927 974 2957 Richardo
989 2927 1014 2958 le
1031 2927 1143 2968 Waleys.

252 3003 311 3057 R
322 3001 405 3041 EX,
423 3002 528 3033 diletsm
542 3003 575 3033 &
590 3002 665 3047 fideli
681 3003 746 3040 suo,
761 3003 887 3048 Johanni
901 3003 937 3034 de
950 3004 1157 3044 Bermyngham
1174 3026 1184 3042 ,
1200 3002 1312 3034 Comiti

329 3041 365 3071 de
377 3040 489 3071 Louthe
497 3064 506 3079 ,
522 3041 685 3079 Justiciario
699 3041 749 3071 suo
762 3041 928 3080 Hiberniae,
943 3042 1066 3074 salutem.

290 3078 369 3117 Qia
383 3079 540 3109 sufferentia
554 3079 691 3117 Guerrae,
709 3078 769 3113 &aa
783 3087 814 3109 ut
823 3078 906 3117 fhpra
922 3080 1001 3120 usque
1015 3080 1054 3110 ibi
1067 3081 1220 3118 duraturae,

286 3117 376 3147 Vobis
389 3117 551 3148 mandamus
565 3118 644 3155 quod
659 3117 817 3148 Provisioni
833 3118 995 3149 Hominum
1008 3118 1042 3148 ad
1059 3119 1148 3149 Arma
1161 3141 1171 3156 ,
1189 3128 1242 3157 pro
1255 3117 1314 3148 Ex-

251 3155 395 3193 peditione
411 3154 530 3186 Guerrae
545 3156 689 3194 praediffitae
703 3156 856 3196 faciendae,
872 3158 994 3187 omnino
1010 3156 1207 3195 supersedeatis.

287 3192 375 3224 Teste
391 3202 422 3224 ut
434 3194 520 3234 supra.

250 3257 395 3327 REX,
413 3269 518 3313 ginesio
538 3270 654 3316 Clerico
667 3273 734 3311 suo,
754 3271 898 3310 Magistro
917 3271 1049 3303 Waltero
1062 3273 1098 3303 de
1113 3271 1211 3312 Istlep,
1230 3271 1312 3303 The-

324 3309 443 3350 saurario
458 3308 506 3338 suo
521 3308 687 3348 Hiberniae,
704 3311 826 3341 salutem.

290 3346 369 3384 Qiia
383 3345 557 3386 sufferentia,
574 3347 634 3382 ἀνι.
650 3357 681 3377 ut
691 3348 782 3387 fiepra.

287 3384 379 3415 Vobis
392 3385 553 3415 mandamus
573 3386 653 3426 quod
668 3386 852 3417 Providentiis
867 3387 1038 3419 Vidiualium
1053 3411 1063 3426 ,
1081 3398 1133 3426 pro
1150 3388 1311 3427 Expeditio-

252 3432 288 3452 ne
304 3423 424 3453 Guerrae
438 3423 580 3462 praedietae
595 3424 741 3464 faciendis,
757 3427 880 3455 omnino
893 3426 1094 3465 supersedeatis:
1115 3427 1170 3465 Et,
1188 3428 1207 3457 {i
1223 3427 1310 3466 aliqua

253 3460 408 3500 Vidiualia,
425 3470 476 3500 pro
489 3461 588 3492 eadem
610 3461 722 3493 Guerra
734 3464 857 3502 provisa,
876 3474 960 3502 penes
977 3475 1026 3494 vos
1047 3474 1223 3503 remaneant,
1239 3475 1309 3496 tunc

251 3500 348 3530 eadem
370 3500 493 3531 vendatis
506 3523 515 3537 ,
535 3508 617 3539 prout
636 3500 669 3530 ad
690 3501 881 3532 commodum
904 3502 1033 3533 nostrum
1056 3503 1154 3533 melius
1170 3504 1253 3535 fuerit
1270 3504 1311 3533 fa-

250 3539 384 3582 ciendum
399 3550 409 3577 3
433 3538 466 3569 &
488 3538 523 3569 de
545 3537 676 3569 Denariis
689 3539 754 3571 inde
773 3539 1009 3572 Provenientibus
1022 3563 1032 3579 ,
1049 3541 1132 3572 nobis
1146 3542 1310 3580 respondea-

254 3584 378 3646 tisTeste
393 3623 424 3646 ut
436 3615 521 3654 supra.

344 3759 404 3794 Ad
419 3759 544 3795 Nobiles
565 3762 706 3808 Vasioniae
725 3789 734 3803 ,
768 3760 803 3794 de
826 3775 881 3795 non
900 3763 1042 3797 veniendo
1062 3768 1094 3797 in
1112 3767 1213 3812 Expe-

104 3807 239 3886 A¹113rii3D.
643 3810 751 3843 ditione
767 3810 916 3856 praedifia.

103 3890 161 3952 {34⁷²-
176 3887 218 3913 ¹⁶·
312 3890 377 3924 EX
393 3917 403 3931 ,
420 3894 526 3940 diledto
543 3897 577 3927 &
595 3895 666 3926 fideli
685 3895 733 3926 suo
746 3919 755 3934 ,
782 3895 900 3926 Fulconi
915 3895 1104 3937 L’Estraunge
1119 3920 1128 3935 ,
1151 3896 1307 3930 Senescallo

128 3946 134 3952 ·
157 3934 183 3951 2·
316 3931 371 3975 ‚suo
384 3932 549 3970 Vasconiae,
565 3935 686 3965 salutemv

102 3962 237 3998 ClM‘s·¹‘5·
288 3968 369 3999 Licet
386 3981 474 4008 nuper
493 3974 573 4003 vobis
585 3973 746 4002 duxerimus
766 3971 967 4015 injungendum
982 3995 992 4009 ,
1029 3972 1089 4004 uod
1104 3972 1227 4005 Nobiles
1240 3975 1307 4007 Du-

103 4004 134 4027 E.
152 4010 177 4027 2·
251 4005 331 4036 catus
347 4008 473 4045 praedisti
486 4032 495 4047 ,
513 4011 547 4041 δε
565 4011 630 4041 alios
649 4012 820 4047 requireretis
836 4017 868 4039 eit
884 4018 960 4047 parte
972 4020 1012 4040 no
1039 4010 1068 4040 ra
1085 4034 1094 4049 ,
1112 4011 1147 4041 de
1163 4014 1305 4045 veniendo

99 4048 136 4066 m.
149 4047 178 4073 4-
193 4038 219 4066 ⁴²·
251 4044 285 4075 ad
286 4054 356 4114 232⁸
371 4046 545 4116 ffmpssffiis
563 4050 597 4081 δε
620 4049 716 4082 Armis
736 4049 769 4081 ad
789 4048 1018 4088 proficiscendum
1039 4049 1189 4084 nobiscum
1205 4061 1305 4087 contra

1353 164 1828 211 PUBLICA.
2346 184 2400 223 75

1348 248 1467 292 scotos,
1483 250 1516 280 &
1531 249 1744 295 Conventiones
1759 255 1836 293 super
1849 256 1906 287 hoc
1921 256 2045 287 faceretis
2052 264 2121 286 curn
2136 254 2255 292 eisdem,
2275 256 2308 287 &
2322 256 2402 296 quod
2418 253 2546 285 Ann-D·

1345 286 1462 330 diversas
1477 289 1662 324 prov1dentias
1674 291 1709 321 de
1724 292 1806 323 Vinis
1819 296 1851 325 ὃ(
1866 295 1921 325 aliis
1933 294 2108 325 Vid‘cualibus
2123 295 2150 323 in
2165 293 2268 324 eodem
2284 293 2401 325 Ducatu
2438 302 2520 332 1323-

1345 324 1426 368 fieri,
1445 325 1477 354 ὃ(
1502 326 1543 369 ad·
1556 336 1608 356 nos
1630 329 1714 367 usque
1733 331 1766 360 ad
1791 331 1891 363 Villam
1912 333 1948 363 de
1965 332 2060 363 Novo
2081 331 2183 362 Castro
2194 332 2272 372 super
2284 332 2401 372 Tynam
2415 334 2482 360 Ealv·
2501 343 2528 360 ²·

1346 372 1421 392 mitti
1433 362 1571 405 faceretis,
1588 363 1648 398 &a
1664 375 1696 396 ut
1721 377 1787 406 upra
1801 369 1879 410 usque
1893 370 1929 399 ibi
1943 370 2099 409 duraturae,

1366 400 1473 444 *Vobis
1492 402 1656 445 mandamus
1677 406 1754 443 qubd
1777 406 1945 445 Executioni
1975 409 2184 447 praemifforum
2199 432 2208 447 ,
2234 409 2344 440 ulteritiS
2362 409 2403 440 fa-

1345 439 1455 482 ciendae
1469 461 1479 476 ,
1506 442 1834 485 omnmo-supersedeatis
1846 469 1855 483 ,
1880 447 2062 485 significantes
2082 448 2165 478 dietis
2193 447 2350 478 Nobilibus
2367 449 2401 479 δε

1343 477 1421 524 aliis,A
1442 486 1528 520 prout
1545 479 1675 516 expedire
1694 482 1833 521 videritis,
1851 494 1884 514 ex
1898 495 1972 522 parte
1990 485 2085 516 nostri
2099 509 2109 525 ,
2128 485 2207 525 quod
2223 487 2310 525 ipsos,
2329 496 2401 524 prae-

1345 516 1425 546 missa
1439 518 1602 560 occasione,
1620 518 1654 548 ad
1670 530 1722 549 nos
1737 522 1870 552 accedere
1885 533 1943 552 non
1958 532 2078 562 oportet.

1382 553 1523 584 Volumus
1542 555 1652 598 insuper
1666 580 1675 595 ,
1694 559 1727 588 &
1750 560 1831 590 vobis
1852 561 2022 598 injungimus
2034 584 2044 599 ,
2062 562 2141 600 quod
2161 562 2196 592 de
2210 561 2402 602 Victualibus,

1345 602 1394 629 per
1411 601 1461 622 vos
1478 596 1608 636 proviiiS,
1627 596 1775 627 occasione
1783 598 1951 637 supradicta,
1967 600 2000 630 ὃς
2015 609 2077 638 quae
2092 600 2223 630 nondum
2236 602 2327 632 versus
2340 611 2403 640 par-

1344 639 1384 660 tes
1404 630 1515 674 Angliae
1527 630 1690 674 'destinastis
1704 656 1713 671 ,
1740 636 1928 666 commodum
1951 637 2079 668 nostrum
2099 638 2158 668 fieri
2174 639 2277 671 faciatis
2290 662 2301 678 ,
2318 648 2402 678 prout

1345 677 1430 698 mavis
1445 668 1568 699 videritis
1582 671 1720 707 expedire.

1381 692 1448 737 Dat.
1463 707 1535 745 apud
1550 707 1652 747 Thorp
1668 709 1817 750 Episcopi,
1834 712 1957 743 secundo
1971 712 2017 743 die
2028 711 2116 751 Junii-

1347 785 1403 839 R
1415 783 1440 852 I}
1450 782 1500 822 X,
1516 784 1754 829 dile&o·Clerico
1766 787 1833 827 suo,
1850 787 1922 819 Adae
1934 788 1969 819 de
1984 789 2166 830 Lymbergh,
2184 790 2400 824 Constabulario
2415 788 2431 805 ³*
2452 789 2506 818 111·

1435 833 1473 852 uo
1489 822 1674 863 Burdegaliae,
1691 825 1814 856 salutem.
2419 826 2498 855 1028.

1380 859 1466 905 *Licet
1489 872 1576 900 nuper
1595 863 1678 893 vobis
1696 863 1856 894 duxerimus
1878 866 2094 905 injungendum,
2114 865 2172 901 &a
2188 875 2218 896 ut
2227 868 2310 907 Jikpra
2324 869 2403 910 usque

1345 897 1399 935 ibi,
1419 899 1540 930 Videritis
1553 901 1691 938 expedire.
1724 932 1725 935 ,

1382 936 1500 969 Proviso
1513 938 1618 977 semper
1633 940 1713 978 quod
1729 940 1942 979 Subsidium,in
1956 941 2071 973 Ducatu
2087 943 2226 980 praedi&o
2239 946 2319 975 nobis
2333 957 2407 977 con-

1345 976 1454 1006 ceffum
1471 999 1480 1015 ,
1499 987 1567 1007 curn
1589 980 1671 1008 omni
1689 979 1864 1010 festinatione
1880 1003 1890 1019 ,
1907 990 1960 1018 qua
1975 982 2101 1018 poteritis
2117 1005 2126 1020 ,
2143 982 2177 1012 ad
2192 991 2262 1019 opus
2275 984 2404 1015 nostrum

1345 1014 1470 1083 levar'
1488 1016 1612 1084 &squod
1628 1016 1758 1048 nostrum
1771 1017 1960 1049 commodum
1974 1019 2040 1050 inde
2056 1019 2111 1050 fiat.

1418 1061 1454 1084 at.
1474 1062 1503 1084 ut
1532 1063 1606 1094 upra.

1349 1129 1494 1186 REX,
1514 1130 1619 1162 dileeto
1640 1131 1674 1162 δε
1697 1132 1771 1163 fideli
1791 1133 1859 1172 suo,
1879 1133 2022 1164 Almarico
2040 1133 2076 1165 de
2098 1132 2260 1174 Credonio,
2277 1133 2408 1165 Consan-

1427 1179 1533 1206 guineo
1547 1169 1597 1200 suo
1609 1170 1769 1210 cariffimo,
1783 1172 1906 1202 salutem.

1384 1207 1468 1238 Licet
1487 1218 1575 1248 nuper
1592 1210 1673 1239 vobis
1691 1210 1849 1241 duxerimus
1868 1211 2070 1249 injungendum
2083 1235 2092 1249 ,
2107 1212 2186 1251 quod
2202 1236 2211 1250 ,
2226 1214 2255 1243 in
2275 1209 2408 1242 auxilium

1346 1245 1541 1285 Expeditionis
1560 1246 1682 1278 Guerrae
1701 1249 1805 1279 nostrae
1825 1249 1931 1280 Scotiae
1946 1273 1955 1288 ,
1999 1248 2112 1279 uosdam
2136 1250 2258 1281 Nobiles
2279 1248 2409 1280 Ducatfis

1347 1284 1476 1324 praediffi
1496 1285 1667 1324 requireretis
1688 1296 1723 1317 ex
1745 1296 1821 1327 parte
1844 1287 1939 1318 nostrii
1952 1311 1962 1326 ,
2001 1297 2016 1317 e
2037 1288 2178 1318 veniendo
2198 1299 2264 1319 cum
2279 1288 2364 1327 Equis
2376 1288 2410 1318 δε

1347 1323 1442 1353 Armis
1460 1323 1497 1367 ad
1513 1332 1564 1353 nos
1578 1347 1587 1362 ,
1615 1325 1648 1355 ad
1670 1326 1905 1364 proficiscendum
1927 1326 2076 1357 nobiscum
2099 1335 2198 1357 contra
2221 1327 2325 1357 Scotos
2338 1350 2348 1365 ,
2373 1328 2408 1357 &

1348 1362 1568 1393 Conventiones
1580 1373 1647 1393 cuni
1661 1363 1764 1395 eisdem
1781 1365 1860 1404 super
1875 1364 1930 1395 hoc
1946 1366 2082 1394 faceretis:

1388 1400 1465 1439 Qia
1485 1406 1579 1432 tamen
1600 1402 1765 1434 Sufferentia
1786 1403 1905 1434 Guerrae
1919 1426 1929 1442 ,
1947 1402 2006 1438 &a
2028 1409 2058 1432 ut
2072 1401 2157 1442 sicpra
2178 1401 2258 1442 usque
2273 1402 2311 1432 ibi
2331 1401 2410 1432 dura-

1351 1446 1422 1469 turae

1387 1463 1478 1508 Vo³bIs
1501 1478 1665 1509 mandamus
1692 1480 1769 1518 quod
1789 1480 1956 1510 Executioni
1985 1478 2192 1519 praemissorum
2205 1502 2214 1517 ‚
2240 1478 2350 1509 ulterius
2373 1478 2414 1508 fa-

1349 1516 1460 1546 ciendae
1474 1539 1483 1553 ,
1501 1518 1622 1546 omnino
1651 1518 1861 1557 supersedeatis,
1886 1517 2068 1558 significantes
2100 1518 2205 1548 eisdem
2230 1517 2410 1554 Nobilibus,

1349 1554 1428 1623 quqd
1438 1555 1476 1622 {qd
1491 1565 1560 1623 noss,
1579 1557 1716 1592 praemissa
1727 1558 1891 1597 occasione,
1909 1557 1979 1595 ipsos
1990 1556 2124 1588 accedere
2135 1565 2196 1587 non
2208 1564 2329 1597 oportet.

1420 1602 1436 1622 e
1462 1603 1478 1623 e
1493 1601 1524 1623 ut
1551 1603 1625 1631 upra.
1866 1613 1869 1615 —

1599 1720 1658 1751 Pro
1677 1721 1806 1752 Nunciis
1824 1723 1911 1767 Regis
1928 1720 2170 1765 Majoricarum.

1422 1802 1488 1834 EX
1514 1804 1648 1835 omnibus
1667 1804 1777 1836 Ballivis
1797 1805 1831 1836 &
1853 1804 1994 1835 Fidelibus
2012 1804 2064 1835 suis
2078 1827 2087 1843 ‚
2105 1803 2140 1835 ad
2155 1814 2226 1842 quos
2242 1827 2252 1842 ‚
2269 1804 2329 1835 &c.
2347 1804 2416 1836 salu-
2430 1795 2559 1875 Alss3n—D·

1432 1850 1500 1872 tem.
2489 1847 2536 1875 23·

1391 1877 1472 1911 Cum
1493 1880 1625 1912 Albertus
1647 1881 1797 1913 Sacortada
1820 1881 1907 1912 Miles
1921 1905 1931 1920 ,
1956 1880 2111 1912 Bernardus
2138 1880 2297 1911 Guillielmi
2328 1881 2410 1912 Sorin
2429 1879 2481 1903 Aa.
2499 1878 2541 1903 ¹⁶·

1352 1916 1496 1957 Burgenfis
1507 1943 1517 1957 ,
1535 1920 1568 1950 &
1588 1919 1686 1950 Petrus
1703 1920 1739 1951 de
1756 1920 1880 1950 Planesio
1898 1920 2073 1960 jurisperitus
2085 1942 2094 1956 ,
2111 1919 2223 1950 Nuncii
2237 1943 2245 1957 ,
2265 1918 2413 1960 Magnifici
2430 1919 2460 1941 Ε·
2478 1924 2505 1941 2·

1352 1956 1507 1995 Principis,
1525 1957 1653 1988 Domini
1668 1958 1779 1997 Sancii,
1800 1958 1890 1996 Regis
1910 1958 2130 1997 Majoricarum,
2149 1967 2218 1988 curn
2238 1959 2319 1989 literis
2333 1959 2413 1996 ipsius
2428 1955 2487 1979 ΡΜ·
2499 1954 2542 1983 ¹5·

1352 1993 1445 2031 Regis
1458 1996 1492 2026 ad
1506 2006 1559 2026 nos
1573 2006 1660 2036 nuper
1671 2000 1828 2035 venientes,
1844 1997 1877 2028 ad
1891 1998 2001 2034 propria
2016 1997 2042 2027 se
2054 1996 2208 2027 divertant·
2428 1995 2458 2018 E.
2479 2000 2506 2018 2·

1390 2033 1480 2064 Vobis
1495 2034 1660 2065 mandamus
1695 2036 1754 2065 und
1775 2036 1894 2074 praefatis
1906 2058 1916 2074 ,
1932 2036 2066 2071 Alberto,
2085 2034 2185 2065 Bernar
2206 2044 2241 2072 0,
2260 2035 2294 2065 &
2312 2033 2412 2073 Petro,
2428 2036 2451 2066 P·
2473 2039 2499 2056 2·

1352 2080 1398 2102 aut
1410 2072 1599 2110 Hominibus,
1618 2074 1664 2104 seu
1710 2075 1777 2104 ebus
1792 2074 1844 2104 suis
1857 2075 1885 2103 in
1901 2073 2045 2104 redeundo
2060 2073 2149 2103 versus
2164 2082 2252 2111 partes
2265 2073 2337 2110 suaS,
2349 2083 2410 2103 non
2428 2077 2465 2095 m·
2484 2076 2493 2093 ¹
2503 2075 2525 2095 ¹·

1352 2110 1488 2148 inferatis,
1507 2111 1552 2141 seu
1568 2111 1660 2141 inferri
1675 2113 1853 2151 permittatis,
1873 2113 1998 2149 injuriam
2014 2134 2024 2149 ,
2043 2111 2201 2141 molestiam
2213 2135 2222 2149 ,
2240 2110 2305 2141 dam
2326 2121 2414 2150 num,

1352 2149 1587 2186 impedimentum
1608 2150 1721 2188 aliquod
1742 2151 1787 2181 seu
1807 2160 1956 2187 gravamen
1973 2162 1983 2188 3
2001 2151 2053 2188 &,
2072 2150 2092 2180 fi
2106 2149 2173 2189 quid
2187 2150 2225 2180 eis
2238 2149 2303 2180 foris
2317 2149 2415 2181 astum

1352 2187 1451 2225 fuerit,
1475 2187 1502 2217 id
1518 2189 1574 2225 eis,
1597 2188 1653 2218 fine
1666 2189 1815 2227 dilatione,
1834 2189 1938 2219 faciatis
1951 2189 2100 2219 emendari.

1388 2224 1422 2255 In
1442 2226 1538 2264 cujus,
1557 2227 1617 2256 &c.
1634 2227 1718 2265 usque
1729 2227 1763 2258 ad
1778 2226 1894 2257 Festum
1908 2226 2005 2258 Sanffl
2018 2226 2094 2257 Petri
2107 2226 2141 2257 ad
2158 2226 2269 2258 vincula
2283 2227 2413 2266 proximo

1353 2264 1480 2294 futurum
1495 2264 1641 2296 duraturas.

1349 2339 1367 2380 J
1411 2302 1514 2346 nTeste
1528 2302 1611 2344 Rege
1629 2304 1703 2343 apud
1721 2305 1828 2344 Thorp
1845 2304 1976 2345 Episcopi
1988 2305 2061 2343 quta
2076 2303 2227 2342 Eborum,
2253 2312 2352 2342 quarto
2369 2302 2417 2333 die

1370 2350 1438 2372 unii.

1434 2387 1438 2389 ’
2021 2383 2075 2412 Per
2087 2380 2169 2421 spficm
2181 2383 2285 2418 Regem.

1613 2515 1719 2546 Litera
1735 2513 1779 2546 ad
1796 2517 1902 2561 Regem
1919 2514 2162 2559 majoricarum.

1356 2595 1432 2657 M
1442 2596 1574 2637 Agnis-ico
1587 2596 1729 2638 PrIncipi,
1748 2599 1884 2630 Domino
1898 2598 2020 2637 Sancio,
2039 2597 2098 2628 Dei
2110 2597 2213 2637 gratia,
2235 2596 2307 2636 Regi
2320 2595 2416 2634 Majo-
2432 2585 2508 2617 Ann-
2520 2585 2562 2622 D«,

1451 2639 1589 2674 ricarum,
1608 2635 1720 2668 Comiti
1736 2637 1901 2669 Roffilionis
1914 2638 1947 2669 &
1963 2636 2161 2674 Ciritaniae,&
2175 2633 2415 2666 DominoMont-
2454 2632 2538 2665 1323.

1354 2676 1402 2715 ph.
1421 2674 1512 2706 Affini
1527 2675 1626 2705 nostro
1640 2676 1798 2715 cariffimo,
1816 2676 1985 2714 Edwardus,
2003 2675 2141 2714 ejusdem,
2159 2676 2219 2706 ὅτε.
2234 2674 2366 2711 salutem,
2380 2673 2413 2703 ὃς
2431 2668 2481 2691 ²¹⁷¹·
2502 2665 2543 2692 ¹⁶·

1354 2714 1489 2752 prosperis
1505 2713 1671 2745 successibus
1685 2716 1838 2753 jocundari.
2432 2706 2453 2728 Ε
2483 2711 2496 2728 ²

1394 2753 1510 2783 Litteras
1532 2751 1585 2783 Ma
1607 2753 1757 2784 nificentiae
1778 2753 1877 2784 vestrae
1891 2776 1901 2792 ,

1355 2791 1448 2822 bertus
1469 2791 1583 2822 Sacorta
1603 2802 1618 2821 a
1642 2791 1743 2831 Miles,
1762 2791 1913 2822 Bernardus

1356 2828 1453 2861 Petrus
1468 2829 1503 2860 de
1517 2828 1642 2861 Planesio
1650 2830 1722 2868 Juris
1737 2832 1838 2870 peritus
1849 2853 1858 2868 ,
1877 2829 1991 2860 Nuncii
2004 2829 2086 2860 vestri
2101 2851 2111 2864 ,
2130 2829 2208 2866 super
2223 2828 2340 2868 quadarn
2390 2837 2419 2857 e-

1355 2869 1527 2906 praedatione
1541 2891 1550 2907 ,
1569 2869 1598 2898 in
1621 2869 1700 2900 Mari
1719 2880 1768 2909 per
1790 2869 1925 2899 Subditos
1941 2867 2050 2898 nostros
2066 2891 2076 2906 ,
2092 2865 2236 2898 Gentibus
2248 2868 2281 2898 &
2298 2866 2419 2897 Subditis

1356 2906 1471 2945 vestris,
1490 2906 1585 2945 Regni
1598 2907 1682 2938 vestri
1698 2907 1919 2945 Majoricarum,
1939 2906 2030 2944 faeta,
2049 2915 2079 2936 ut
2093 2906 2235 2945 asseritur,
2253 2907 2419 2945 recepimus:

1355 2945 1389 2975 δε
1411 2946 1489 2985 super
1504 2946 1572 2983 hiis,
1590 2955 1654 2985 quae
1674 2945 1782 2976 eaedem
1804 2945 1920 2976 Litterae
1943 2945 2041 2975 vestrae
2063 2945 2250 2975 continebant
2264 2944 2300 2974 de
2314 2943 2418 2974 eodem

1354 2982 1446 3022 faCto,
1466 2984 1643 3014 habuerimus
1657 2993 1724 3015 curn
1744 2984 1878 3014 Concilio
1895 2983 1992 3014 nostro
2006 2984 2153 3014 tra&atum
2168 2984 2334 3023 pleniorem.

1391 3021 1430 3051 Et
1449 3022 1539 3061 licet,
1564 3022 1717 3054 secundum
1739 3022 1847 3061 Legem
1869 3024 1901 3054 δε
1930 3022 2171 3053 Consuetudinem
2195 3021 2291 3061 Regni
2312 3019 2419 3058 nostri,

1355 3059 1473 3092 difficile
1489 3061 1561 3091 foret
1575 3061 1735 3100 hujusmodi
1750 3061 1912 3100 Maleficia,
1930 3061 1949 3090 si
1964 3069 2117 3099 perpetrata
2138 3060 2224 3090 essent
2239 3083 2248 3098 ,
2263 3059 2418 3090 convince-

1355 3108 1401 3137 re,
1419 3109 1471 3138 pro
1488 3109 1523 3129 eo
1537 3100 1612 3138 quod
1628 3099 1763 3137 Dampna
1777 3100 1843 3137 paffi
1858 3099 2026 3138 proJustitia
2044 3101 2073 3129 in
2087 3099 2141 3129 hac
2156 3107 2232 3138 parte
2245 3098 2416 3135 consequen-

1354 3136 1390 3205 {la
1407 3137 1507 3168 instare
1518 3138 1671 3169 renuebant
1682 3162 1692 3178 ,
1710 3138 1840 3178 quasdam
1855 3139 1946 3169 causas
1961 3162 1971 3177 ,
1989 3148 2087 3169 coram
2101 3137 2197 3174 nobis,
2216 3136 2293 3173 super
2307 3135 2362 3166 hoc
2377 3134 2418 3165 al-

1367 3184 1493 3214 egantes,
1607 3210 1609 3212 ,

1392 3212 1566 3245 Affetfitantes
1586 3215 1683 3244 tamen
1700 3215 1771 3245 inter
1785 3214 1891 3246 vestros
1905 3216 1938 3246 &
1953 3214 2062 3244 nostros
2078 3213 2210 3244 Subditos
2232 3220 2360 3243 mutuam
2378 3212 2412 3242 &

1354 3252 1502 3292 pacificam
1516 3251 1766 3283 Communionem
1776 3276 1785 3291 ,
1803 3254 1837 3284 ad
1855 3263 2012 3284 commune
2029 3251 2229 3281 Commodum
2240 3274 2249 3289 ,
2264 3251 2332 3282 hinc
2348 3251 2414 3281 inde

1355 3292 1505 3322 confoveri
1521 3314 1531 3330 ,
1549 3291 1585 3321 de
1605 3291 1700 3322 nostra
1716 3291 1808 3331 Regia
1828 3292 1962 3332 potestate
1975 3290 2113 3328 quendam
2130 3289 2296 3320 Procellum
2312 3290 2414 3330 specia-

1356 3330 1412 3360 lem
1427 3331 1634 3368 ordinavimus,
1653 3340 1707 3368 pro
1723 3332 1837 3361 veritate
1853 3330 1929 3367 super
1945 3329 2025 3359 dietis
2048 3327 2196 3358 Maleficiis
2214 3328 2345 3367 celerius,
2365 3337 2413 3357 ve-

1356 3368 1404 3398 stri
1426 3369 1669 3408 contemplatione
1684 3393 1693 3407 ,
1717 3368 1893 3408 indaganda,
1919 3378 1965 3405 per
1988 3377 2073 3404 quem
2093 3366 2169 3396 dieti
2194 3366 2333 3396 Maleficia
2346 3388 2356 3403 ‚
2377 3366 2411 3395 &

1356 3406 1564 3445 Perpetratores
1583 3407 1747 3438 eorumdem
1761 3430 1771 3446 ,
1788 3416 1920 3447 quatenus
1941 3405 1976 3436 de
1987 3407 2054 3445 Jure
2070 3404 2128 3435 fieri
2141 3405 2259 3444 poterit,
2277 3404 2413 3435 convinci

1355 3447 1387 3477 &
1402 3448 1494 3484 puniri
1509 3446 1651 3476 faciemus.
2198 3481 2202 3485 .
2219 3481 2224 3485 ”
2394 3480 2400 3485 θ

1393 3484 1617 3524 Magnificentiae
1637 3484 1736 3515 vestrae
1753 3484 1934 3523 fignificantes
1949 3505 1958 3521 ,
1981 3481 2061 3521 quod
2084 3481 2117 3511 ad
2131 3480 2272 3523 Justitiarn
2288 3478 2414 3510 Subditis

1354 3522 1451 3553 vestris
1464 3547 1473 3560 ,
1488 3522 1560 3552 infra
1584 3521 1718 3563 Regnum
1738 3524 1771 3553 &
1792 3521 1963 3552 potestatem
1987 3519 2110 3562 nostram
2125 3517 2299 3549 venientibus
2312 3541 2322 3556 ,
2339 3518 2413 3548 cele-

1354 3572 1414 3592 rem
1434 3563 1468 3593 &
1487 3561 1598 3599 plenam
1612 3583 1622 3598 ,
1641 3563 1669 3590 iri
1682 3562 1815 3591 omnibus
1830 3561 1945 3600 querelis
1958 3559 2008 3589 suis
2020 3581 2030 3596 ,
2048 3556 2226 3599 iaciendum,
2244 3565 2358 3586 necnon
2377 3556 2413 3588 ad

1353 3610 1402 3639 ea,
1419 3609 1482 3639 quae
1496 3599 1592 3629 vestris
1606 3599 1719 3630 Honori
1741 3602 1774 3630 &c
1791 3598 1970 3637 Beneplacitis
1989 3605 2063 3636 grata
2084 3596 2200 3632 fuerint,
2218 3604 2324 3634 paratos
2338 3595 2412 3626 sern-

1354 3648 1402 3679 per
1417 3639 1549 3669 volumus
1564 3639 1693 3668 inveniri.
2065 3672 2069 3678 .
2160 3671 2176 3677 .-

1390 3676 1459 3709 Dat.
1477 3677 1550 3716 apud
1565 3676 1670 3715 Thorp
1683 3678 1757 3713 juxta
1769 3675 1914 3711 Eborum,
1931 3681 2030 3712 quarto
2041 3671 2088 3701 die
2098 3670 2185 3709 Junii.

1950 2763 1994 2783 uas
2011 2752 2092 2782 nobis
2108 2750 2342 2789 praesentaverunt
2363 2749 2415 2780 Al·
2430 2739 2562 2777 Claus.16.

1959 2791 2081 2821 uillielmi
2095 2790 2187 2828 Soryn
2204 2789 2347 2829 Burgenfis
2380 2789 2414 2819 ὃς
2433 2783 2515 2845 ξίῑά
2536 2815 2562 2845 ἆ.

2422 3690 2443 3710 ²*
2459 3693 2513 3721 III.

2427 3739 2508 3766 1029.

2429 3768 2505 3799 Ann.
2516 3768 2556 3800 D.

2427 3814 2545 3874 ffiis

2261 3889 2322 3921 &c.
2342 3891 2411 3922 salu-
2429 3887 2458 3909 Ε·
2479 3893 2504 3910 2·

2424 3924 2484 3948 Pat.
2497 3922 2539 3948 162

2424 3962 2455 3985 F..
2473 3967 2501 3986 2.

1499 3813 1519 3833 *
1543 3813 1601 3844 Pro
1619 3811 1731 3842 Comite
1748 3805 1945 3840 Richmona'iae
1964 3806 1992 3837 in
2011 3808 2110 3839 Scotia
2129 3809 2258 3851 captive.

1354 3893 1486 3963 Ra}
1501 3895 1636 3926 omnibus
1655 3891 1763 3923 Ballivis
1781 3892 1815 3923 &
1837 3891 1976 3922 Fidelibus
1996 3890 2048 3921 suis
2061 3913 2072 3929 ,
2087 3890 2122 3922 ad
2143 3900 2232 3932 quOS,

1392 3971 1490 4002 Sciatis
1504 3969 1582 4009 quod
1591 3993 1601 4009 ,
1992 4007 1997 4011 Ι
2388 4006 2393 4011 1

1389 4009 1487 4057 (ἶᾲλτῃ,
1505 4009 1621 4039 ἀίΙεᾶυε
1635 4007 1862 4063 Consanguineus
1874 4006 1908 4037 &
1926 4005 2011 4036 fidelis
2026 4004 2121 4050 noster
2130 4004 2294 4075 ,dohannes
2307 4004 2343 4035 de
2349 4004 2408 4035 Bri-
2421 4003 2501 4061 228·

1353 4055 1447 4080 tannia
1460 4071 1470 4088 ,
1491 4046 1600 4079 Comes
1619 4045 1840 4079 Richemundiae
1856 4068 1866 4084 ,
1876 4043 2087 4114 lgizobsequio
2105 4054 2147 4077 no
2173 4054 2206 4075 ro
2219 4069 2230 4083 ,
2255 4053 2413 4112 nupgzopgrs
