2562 4279
189 136 241 186 36

35 211 114 244 Ann.
136 211 178 242 D.

38 251 155 318 Epis.

78 300 108 319 v.
130 298 156 326 3.

228 304 277 335 Dc
294 298 438 334 Navibus
457 300 683 348 congregandis,
707 303 744 339 ό»
763 297 924 344 Hostibus,
950 301 1052 335 Galeis
1064 302 1219 348 guerrinis

437 353 572 397 Regnum
591 349 766 395 invafhris‚
791 347 984 384 debellandis.

38 439 119 472 'Anu
134 439 175 471 D.
195 435 250 490 R
260 434 285 466 E
295 433 325 465 X
335 457 344 472 ‚
364 433 562 477 Dileetoqsibi,
579 433 666 466 Petro
679 434 783 472 Barde,
802 434 960 466 Admirallo
972 433 1104 466 Navium
1118 458 1128 474 ,
1149 434 1184 465 ab
1199 432 1260 464 Ore

70 480 154 518 1338,
262 475 351 512 Aquae
366 473 536 511 Thamiiiae,
555 473 644 504 versus
656 482 745 514 partes
759 474 977 512 Occidentales,
994 473 1129 504 Salutem.

39 522 92 547 An.
113 528 154 545 12,
264 512 308 542 uia
321 512 549 542 certitudinaliter
564 513 748 544 intelleximus
763 514 779 543 31
794 512 951 551 nonnullis,
970 512 1050 550 quod
1064 512 1179 543 diversae
1199 510 1261 541 Ga-

40 562 72 584 E.
95 566 118 593 3.
192 547 243 580 leae
261 588 266 592 ῃ
291 551 427 589 uerrinae,
445 551 479 581 &
495 550 637 581 Homines
652 550 762 582 Armati
778 575 788 590 ,
813 551 850 582 de
870 552 993 591 partibus
1013 550 1156 589 Franciae,
1177 549 1262 580 Nor-

39 595 167 624 Aleman.
192 596 294 630 manta:
305 608 326 627 ,e
341 589 375 619 &
397 589 562 627 quibusdam
577 590 634 620 aliis
687 590 774 621 rtibus
788 614 797 629 ,
820 592 849 620 in
864 600 925 620 non
940 589 1060 620 modico
1074 598 1212 627 numero,
1231 588 1261 617 in

43 643 87 661 η,
107 638 137 661 E.
148 642 172 669 3¹
191 625 293 656 eisdem
305 627 471 666 existentes,
487 628 616 667 quasdam
658 639 739 667 aves,
755 629 814 660 tam
829 622 951 667 nostras',
971 629 1057 672 quam
1070 628 1262 665 quorumdam

35 678 63 710 p,
81 681 104 699 χ,
189 664 309 696 aliorum
325 666 360 696 de
375 666 483 704 Regno
497 666 597 697 nostro
633 668 687 704 jam
702 668 731 697 in
745 667 866 707 partibus
881 667 1017 698 Selandiae
1031 666 1168 697 hostiliter
1181 666 1262 709 inva-

38 719 76 738 m.
94 719 134 737 11.
150 710 175 737 d.
192 703 282 734 serunt
294 728 303 743 ,
328 705 359 734 &
381 704 519 743 Dampna
541 707 575 738 &
615 707 731 737 acinora
752 707 958 745 quamplurima
979 705 1137 736 Marinariis
1151 705 1185 736 &
1203 704 1262 734 aliis

193 741 386 780 Hominibus,
404 745 434 774 in
449 744 550 775 eisdem
565 746 702 784 inventis,
718 745 908 776 inhumaniter
923 744 1093 782 intulerunt,

231 782 250 800 ³¹²
268 781 462 820 Proponentes
477 783 511 813 &
525 783 661 814 Nitentes
679 792 746 813 cum
761 784 864 814 eisdem
886 782 984 813 Galeis
1001 782 1035 812 ad
1056 790 1145 821 partes
1160 780 1262 818 Regni

190 819 279 850 nostri
291 821 443 859 accedere,
462 822 496 852 &
511 821 610 853 Naves
624 821 745 860 ejusdem
759 822 871 861 Regni,
888 823 946 852 tim
962 822 990 850 in
1005 820 1147 851 Portubus
1162 819 1262 850 Anco-

190 866 274 897 ratas,
290 860 376 897 quam
392 870 441 899 per
455 859 588 891 Costeras
602 861 787 900 declinantes,
804 870 902 898 capere
917 860 951 890 δε
963 858 1122 896 destruere,
1141 858 1262 897 &Reg-

190 907 262 928 num
276 897 407 929 nostrum
422 899 549 939 ingredi,
566 900 600 930 &
621 899 776 938 Facinora,
793 909 856 939 quae
874 906 1008 936 poterunt
1022 921 1032 936 ,
1058 897 1148 928 inbibi
1161 907 1260 937 perpe-

185 943 257 966 trare

226 959 294 1006 Nos
307 999 318 1013 ,
336 984 367 1007 ut
386 976 510 1014 ipsorum
530 976 687 1014 hujusmodi
702 975 822 1006 Hostilis
841 974 988 1014 Nequitiae
1000 975 1018 1044 ἑ
1028 973 1096 1005 Deo
1115 973 1258 1013 propitio)

186 1013 337 1053 obvietur,
355 1015 388 1046 &
402 1015 600 1053 Indernpnitati
615 1014 734 1053 vestrae,
752 1024 785 1045 ac
805 1014 927 1044 aliorum
949 1013 998 1043 sub
1019 1014 1122 1044 itoruni
1145 1013 1258 1044 nostro-

189 1062 253 1082 rum
289 1054 317 1083 in
332 1054 385 1084 hac
399 1063 475 1094 parte
488 1054 667 1091 provideatur
699 1051 836 1093 praemissa
850 1053 931 1083 vobis
944 1051 1074 1082 duximus
1089 1051 1260 1090 intimanda,

268 1092 401 1123 audantes
415 1093 497 1123 vobis
509 1093 537 1122 in
546 1091 615 1123 Fide
630 1093 664 1123 ὃ(
673 1077 836 1132 Ligeantia,
853 1091 953 1134 quibus
966 1091 1048 1122 nobis
1062 1090 1166 1122 astriffi
1179 1089 1260 1128 estis,

189 1128 307 1160 firmiter
320 1132 514 1170 injungentes,
530 1131 607 1170 quod
621 1130 733 1170 statim,
751 1131 812 1161 visis
828 1130 1025 1169 praesentibus,
1043 1139 1146 1160 omnes
1161 1129 1262 1160 Naves

190 1167 306 1199 Ballivae
320 1169 437 1208 vestrae,
455 1171 512 1200 tarn
528 1169 652 1200 absentes
666 1170 734 1200 cum
749 1169 895 1207 redierint,
914 1170 998 1206 quam
1013 1168 1070 1198 illas
1082 1178 1148 1208 quas
1163 1169 1216 1197 'am
1231 1169 1260 1197 in

191 1205 333 1238 Portubus
355 1208 477 1247 ejusdem
497 1207 611 1239 Ballivae
632 1207 732 1239 vestrae
753 1208 872 1238 inveniri
893 1207 1043 1246 contigerit
1059 1229 1069 1245 ,
1093 1206 1128 1237 de
1181 1205 1262 1237 uerri

190 1247 303 1284 parari,
329 1247 362 1277 &
385 1246 561 1277 Hominibus
575 1247 608 1278 δε
629 1247 685 1276 aliis
704 1246 862 1277 necessariis
882 1246 985 1276 muniri
1005 1245 1124 1284 faciatis,
1143 1245 1176 1276 &
1191 1255 1260 1275 cum

190 1283 292 1314 eisdem
309 1285 387 1325 supra
401 1285 487 1316 Mare
502 1285 714 1324 proficiscamini
731 1308 740 1323 ,
763 1284 850 1315 distas
871 1282 974 1313 Galeas
988 1284 1172 1322 exploraturi,
1191 1284 1261 1314 inse-

188 1324 311 1361 quituri,
329 1327 528 1364 expugnaturi,
547 1325 579 1355 ὃ(
594 1324 781 1362 destructuri,
799 1329 883 1363 prout
903 1322 1001 1352 melius
1018 1322 1178 1360 (auxiliante
1196 1321 1262 1353 Do-

190 1362 285 1397 mino)
302 1363 425 1393 videritis
440 1363 584 1404 expedire,

231 1400 436 1440 Advertentes,
455 1403 510 1432 tam
527 1401 713 1441 Dampnum,
731 1401 818 1439 quam
840 1398 974 1430 Dedecus
986 1422 996 1438 ,
1019 1409 1068 1440 per
1083 1399 1155 1429 issos
1173 1399 1262 1443 taliter

1124 1448 1191 1476 egni
1208 1448 1261 1468 no-

39 775 60 808 ἶ*
71 778 106 804 V.
125 774 171 811 84.

190 1439 277 1469 nobis
292 1439 362 1470 faeta
376 1463 386 1479 ,
410 1441 442 1470 &
458 1440 533 1480 quod
549 1441 578 1469 in
594 1440 681 1470 nostri
696 1463 705 1478 ,
730 1440 763 1470 ὃ(
778 1440 807 1468 in
823 1438 923 1477 vestri,
941 1448 974 1469 ac
989 1441 1073 1470 totius

193 1476 261 1516 stri,
280 1477 455 1516 Vituperium
471 1479 582 1509 cederet
596 1502 605 1517 ,
630 1479 648 1508 fi
670 1479 707 1509 sic
728 1478 830 1516 absque
852 1477 1025 1515 Repulsione
1045 1476 1178 1508 evaserint
1193 1500 1202 1515 ,
1226 1477 1260 1508 &

191 1516 317 1552 ipsorum
334 1518 435 1549 malitia
449 1519 568 1548 minime
590 1526 770 1556 conteratur,
788 1515 922 1556 quodque
942 1516 1035 1547 secura
1050 1516 1191 1547 Lanarum
1207 1526 1260 1546 no-

193 1553 311 1586 strarum
327 1554 428 1587 Missio
441 1556 475 1586 ad
491 1556 560 1587 Nos
579 1557 608 1586 in
624 1557 744 1594 partibus
764 1555 949 1586 transmarinis
968 1565 1146 1595 nequaquam
1170 1562 1262 1593 patet,

190 1593 242 1624 nisi
257 1594 494 1632 impedimentum
508 1594 576 1625 illud
592 1596 706 1625 celerius
720 1595 852 1625 deleatur.

231 1632 340 1663 Damus
354 1641 448 1664 autem
463 1634 544 1664 vobis
557 1657 567 1673 ,
592 1642 690 1664 tenore
710 1633 887 1674 praesentium
904 1655 914 1671 ,
936 1631 1108 1663 Potestatem
1123 1631 1261 1671 eligendi,

190 1670 224 1701 &
239 1672 363 1709 ponendi
377 1673 405 1702 in
422 1671 556 1703 Navibus
570 1672 644 1711 ipsis,
662 1674 721 1703 tam
735 1671 917 1710 Marinarios,
935 1674 1019 1710 quam
1035 1672 1101 1702 alios
1136 1681 1208 1710 quos
1225 1671 1259 1702 ad

189 1709 248 1741 hoc
260 1709 427 1741 sufficientes
440 1711 617 1748 inveneritis,
636 1711 692 1742 sive
707 1712 807 1741 fuerint
823 1710 894 1740 infra
909 1710 1062 1741 Libertate}
1071 1733 1081 1749 ‚
1099 1694 1155 1741 (ive
1168 1719 1260 1749 eittra,

188 1747 224 1779 ad
236 1749 475 1786 proficiscendum
490 1749 568 1787 supra
584 1749 682 1788 Mare,
700 1760 730 1780 ut
744 1749 785 1780 est
797 1749 925 1786 dietum,

228 1788 274 1818 Ac
291 1787 420 1818 Rebelles
435 1788 468 1818 &
483 1788 700 1825 Contrarios„fi
715 1789 762 1826 qui
782 1787 901 1824 fuerint,
915 1787 1062 1825 capiendi,
1081 1787 1114 1818 &
1129 1786 1260 1818 carcerali

190 1826 329 1856 custodiae
352 1826 530 1864 mancipandi
543 1849 553 1864 ,
579 1827 606 1856 in
624 1826 728 1856 eisdem
749 1826 916 1857 detinendos
939 1826 1083 1865 quousque
1102 1827 1176 1857 aliud
1195 1825 1260 1856 inde

188 1864 351 1896 duxerimus
363 1865 603 1895 demandandum:

231 1903 267 1934 Et
281 1904 367 1934 dietas
380 1903 495 1942 Naves,
514 1903 645 1941 expedito
665 1902 751 1939 (cum
770 1901 830 1933 Dei
849 1902 1008 1940 adjutorio)
1030 1903 1146 1943 negotio
1159 1903 1262 1942 praedi-

192 1942 262 1981 eto,
280 1942 312 1972 ad
328 1941 464 1977 Regnum
478 1941 607 1973 nostrum
622 1942 747 1972 celeriter
766 1941 863 1972 reduci
883 1942 1004 1982 faciatis,
1022 1952 1081 1973 non
1098 1943 1262 1983 permitten-

191 1989 230 2012 tes
244 1991 286 2011 eas
301 1981 344 2011 seu
364 1974 484 2020 aliquam
500 1981 660 2012 earumdem
692 1979 774 2011 causa
791 1979 825 2010 N
829 1981 970 2023 egotiandi
983 2003 992 2018 ,
1013 1980 1059 2011 seu
1081 1990 1261 2022 quacumque

191 2019 244 2050 alia
258 2019 292 2050 de
308 2019 404 2058 causa,
423 2020 455 2050 ad
472 2020 533 2050 alias
548 2019 642 2050 Partes
656 2004 795 2050 divertere
815 2019 860 2049 seu
876 2023 1003 2057 tramite,
1020 2020 1056 2050 ita
1070 2019 1149 2058 quod
1170 2019 1260 2051 Lanae

192 2058 313 2096 nostrae,
333 2068 396 2097 quae
411 2059 495 2088 nobis
504 2060 561 2098 jam
577 2058 698 2089 miffurae
718 2057 839 2089 existunt
853 2067 907 2098 pro
921 2058 1100 2096 expeditione
1115 2058 1262 2098 Negotio-

190 2107 254 2127 rum
268 2096 431 2128 nostrorum
465 2098 533 2128 sicut
546 2097 650 2135 nostis,
669 2099 699 2127 in
712 2096 847 2128 Navibus
860 2098 982 2136 carcari,
999 2097 1032 2128 &
1053 2096 1088 2127 ad
1102 2096 1171 2128 Nos
1185 2099 1261 2130 mitti

188 2136 297 2168 valeant
311 2135 412 2175 absque
428 2120 560 2167 dilatione
596 2136 783 2174 ualicumque.

226 2174 426 2206 Mandavimus
439 2175 496 2206 insu
534 2186 563 2213 r,
575 2147 701 2207 {ilecto
714 2175 813 2214 nobis,
830 2175 958 2205 Thomae
972 2173 1010 2205 de
1026 2172 1180 2214 Drayton,
1199 2171 1260 2207 ffl-

189 2214 298 2244 mirallo
315 2213 463 2251 Navium,
479 2225 494 2244 a
528 2213 589 2244 Ore
608 2214 634 2245 A
675 2224 700 2245 ae
712 2214 884 2252 Thamisiae,
899 2213 991 2244 versus
1009 2223 1100 2252 partes
1115 2213 1261 2254 Boreales,

187 2253 265 2291 quod
279 2252 379 2283 Naves
394 2252 505 2283 Ballivae
519 2252 572 2283 suae
588 2253 648 2284 simi
659 2254 709 2284 iter
724 2252 760 2283 de
773 2253 886 2283 Guerrfi
899 2254 984 2293 parari
1001 2275 1011 2291 ,
1037 2253 1071 2283 &
1086 2254 1208 2292 muniri,
1225 2264 1259 2285 ac

187 2292 371 2331 congregari,
392 2292 488 2330 faciat,
509 2292 542 2322 &
557 2293 587 2322 in
605 2291 689 2323 Flota
708 2293 785 2330 supra
804 2291 903 2331 Mare,
921 2301 955 2323 ex
967 2291 1045 2322 dicta
1062 2290 1163 2332 causa,
1180 2293 1213 2324 ὃς
1229 2294 1260 2323 in

187 2329 282 2361 forma
296 2329 449 2369 praedie‘ta‚
468 2330 668 2368 proficiscatur.

223 2406 314 2437 Teste
326 2405 470 2437 Edwardo
487 2406 574 2438 Duce
588 2407 746 2438 Comubiae
767 2407 800 2438 &
814 2405 934 2437 Comite
953 2406 1090 2445 Cestriae,
1109 2406 1183 2438 Filio
1196 2406 1259 2438 Re-

186 2445 231 2484 gis
243 2445 399 2483 carissimo,
412 2444 541 2488 Custode
559 2446 691 2485 Angli-ae,
706 2445 778 2485 apud
799 2446 841 2476 W
843 2446 977 2486 yndesore
990 2469 1000 2484 ,
1024 2445 1161 2477 vicesimo
1175 2447 1258 2486 septi—

188 2493 242 2515 mo
253 2484 298 2514 die
311 2483 489 2523 Septembris.

636 2564 689 2591 Per
702 2561 784 2602 ipfimr
796 2560 933 2601 Custodem
946 2560 984 2596 όν
1000 2561 1151 2593 Concilium.

190 2637 397 2700 COnsimile
405 2636 500 2682 Breve
513 2637 640 2675 dirigitur
660 2639 777 2676 praefato
791 2639 920 2683 Thomae
935 2638 970 2668 de
986 2638 1134 2678 Drayton,
1155 2639 1257 2670 Admi-

253 2676 322 2708 rano
338 2675 485 2715 Navrum,
503 2677 540 2707 ab
553 2670 614 2708 Ore
632 2677 724 2717 Aquae
740 2677 914 2717 Thamnus,
933 2678 1025 2709 versus
1045 2687 1135 2716 partes
1155 2677 1256 2709 Borea-

187 2716 241 2754 les,
260 2716 369 2746 mutatis
385 2715 535 2746 mutandis.

223 2791 310 2825 Teste
324 2800 355 2823 ut
369 2793 454 2831 supra.

606 2873 659 2901 Per
674 2869 755 2910 ipfiaem
772 2871 908 2911 Custodem
921 2868 959 2907 ὠ
974 2870 1127 2902 Concilium.

256 3010 307 3042 De
326 3019 383 3039 non
406 3004 616 3054 Distringendo
636 3007 727 3088 fiesser
751 3008 900 3088 {eneficiis
919 3013 951 3042 in
974 3011 1081 3043 Manu
1103 3012 1186 3057 Papae

617 3060 678 3099 ext]
691 3061 750 3089 emi
769 3069 815 3091 us.

39 3157 106 3190 Am,
131 3158 164 3190 D
265 3150 329 3182 EX
348 3149 529 3181 Thesaurario
541 3150 575 3182 ὅ(
589 3148 742 3181 Batonibus
755 3151 806 3181 suis
823 3151 859 3182 de
874 3151 1039 3190 Scaccatio,
1057 3151 1191 3183 Salutem.

64 3183 145 3237 133'8⁴
167 3182 175 3190 ’
296 3188 375 3219 Cum
393 3188 555 3220 Decanatus
570 3188 704 3220 Ecclesiae
717 3190 806 3219 beatae
822 3189 925 3221 Mariae
940 3191 1160 3229 Lincolniensis,

40 3240 92 3263 Asi,
112 3246 152 3265 12,
231 3226 287 3259 Per
302 3227 554 3258 Consecrationem
564 3251 573 3266 ,
589 3227 764 3258 Venerabilis
779 3227 884 3267 Patris,
905 3229 1025 3259 Antonii
1040 3229 1170 3269 Episcopi
1179 3228 1261 3260 Nor-

41 3279 71 3301 E.
94 3285 117 3310 3⁴
192 3267 319 3297 wicenfis
332 3289 342 3305 ,
364 3267 412 3305 qui
434 3277 482 3304 per
496 3289 505 3304 ,
531 3266 743 3297 Sandiiffimum
766 3266 878 3298 Patrem
893 3289 902 3305 ,
928 3267 1091 3297 Dominum
1107 3267 1261 3299 Summum

38 3313 175 3350 clausu.
191 3304 380 3343 Pontificem,
399 3306 428 3335 in
445 3304 619 3343 Episcopum
633 3306 690 3335 loci
705 3306 776 3335 illius
791 3316 880 3344 nuper
895 3305 1042 3342 praefec‘tus
1055 3306 1125 3342 fuit,

42 3355 73 3378 Ε.
93 3361 118 3387 3·
225 3343 290 3384 Jam
308 3351 405 3382 vacet,
423 3343 455 3374 δι
475 3345 504 3374 in
522 3344 650 3375 manibus
669 3344 790 3382 ejusdem
813 3344 941 3374 Domini
963 3344 1075 3374 Summi
1099 3343 1263 3384 Pontificis,

42 3396 68 3425 p.
88 3398 114 3417 2.
192 3382 225 3413 ea
239 3382 274 3413 de
287 3382 387 3418 causa,
404 3381 516 3420 existat,

43 3436 81 3454 m.
96 3436 120 3463 3.
231 3420 268 3452 Et
283 3421 360 3452 idem
375 3420 521 3452 Dominus
534 3420 668 3451 Summus
685 3421 818 3453 Pontifex
834 3421 951 3452 FruCtus
971 3421 1004 3452 &
1019 3419 1177 3451 Proventus
1190 3421 1262 3452 diffl

193 3458 376 3498 Decanatsis,
395 3460 427 3491 &
443 3459 651 3490 Beneficiorum
667 3461 906 3500 subscriptorum,
925 3459 1017 3489 eidem
1036 3459 1211 3497 Decanatui,
1231 3469 1261 3490 ut

193 3498 313 3537 dicitur,
328 3508 523 3537 annexorum,
541 3498 692 3538 videlicet,
711 3497 903 3529 Ecclefiarum
916 3499 951 3528 de
966 3497 1124 3528 Cestrefeld
1137 3521 1146 3536 ,
1174 3497 1262 3528 Asste-

193 3536 288 3567 bourn
302 3560 311 3575 ,
336 3537 379 3567 W
382 3537 447 3569 rrrk
460 3560 470 3576 ,
497 3536 698 3568 Maunnesfeld
713 3561 722 3577 ,
745 3539 779 3568 &
796 3538 943 3568 Leverton
957 3560 966 3575 ,
991 3547 1023 3568 ac
1045 3537 1210 3568 Praebendae
1227 3539 1264 3568 de

193 3573 237 3605 W
250 3575 409 3607 'rli‘esworth
419 3599 427 3615 ,
446 3575 478 3606 ad
492 3586 563 3614 opus
577 3576 656 3607 suurn
672 3578 819 3617 proprium
832 3576 984 3617 percipiat,

269 3624 300 3643 os

236 3637 368 3682 Volebtes
388 3652 508 3683 eundem
532 3652 699 3684 Dominum
718 3653 875 3684 Summum
890 3651 1065 3684 Pontificem
1081 3651 1177 3683 favore
1197 3661 1263 3691 pro·

197 3688 223 3718 se
245 3692 270 3719 ui
283 3691 418 3729 gratioso,

267 3730 328 3757 obis
339 3729 510 3760 Mandamus
526 3730 604 3768 quod
618 3730 798 3769 Demandae,

237 3764 336 3833 qum
350 3767 429 3797 dieto
444 3768 566 3798 Summo
579 3768 730 3806 Pontifici,
750 3771 794 3799 seu
810 3769 868 3806 ejus
887 3767 1086 3806 Procuratori,
1123 3777 1156 3798 ro
1171 3765 1264 3799 Deci-

49 3807 119 3842 ἓν.
138 3808 184 3845 85.
203 3811 256 3832 m¹S
292 3804 388 3845 icrjnali
405 3806 421 3822 *³
436 3807 468 3837 &
482 3807 645 3844 Triennali,
665 3808 748 3837 nobis
762 3817 810 3846 per
826 3807 944 3837 Clerum
955 3807 1048 3850 Regni
1062 3810 1112 3837 nol
1141 3807 1148 3835 i
1163 3806 1266 3850 ultimo

204 3842 357 3877 concessis,
375 3851 480 3873 ratione
498 3844 679 3883 Decanatus,
697 3846 729 3876 &
748 3847 869 3876 aliorum
891 3845 1099 3875 Beneficiorum
1115 3845 1266 3883 praedu‘io-

201 3889 264 3909 rum
274 3902 283 3917 ,
299 3889 363 3917 quae
376 3881 456 3910 vobis
471 3882 597 3912 constare
612 3885 715 3922 poterit
730 3884 822 3914 eidem
837 3883 996 3914 Decanatui
1009 3892 1115 3914 annexa
1130 3883 1264 3921 existere,

202 3927 256 3961 pro
271 3925 399 3955 tempore
414 3940 423 3954 ,
447 3929 504 3955 quo
524 3930 554 3950 ea
574 3922 602 3950 in
620 3924 746 3952 manibus
760 3923 830 3952 dieti
849 3921 973 3952 Domini
993 3922 1104 3953 Summi
1121 3921 1266 3952 pontificis

201 3965 368 4001 extiterunt,
387 3955 417 3984 ἃ
432 3956 488 3999 esse
503 3961 650 4001 contigerit
664 3983 674 3997 ,
698 3971 731 3991 ex
748 3960 828 3991 causa
842 3960 998 3997 supradicta
1011 3983 1020 3998 ,
1043 3971 1093 3998 per
1108 3960 1265 3991 summoni-

203 4003 314 4027 tionem
327 3994 464 4024 §caecam
480 3996 620 4036 praedicti,
638 3998 696 4029 fieri
710 4000 815 4035 faciatis
829 3998 862 4028 ad
876 4009 948 4039 opus
959 4000 1088 4030 nostrum
1092 4021 1107 4041 ,

648 119 1455 171 CONVENTIONES,
1515 119 1911 167 LITERAE,

1326 206 1511 237 Omnimodo
1524 206 1713 245 supersederi,
1737 207 1772 238 &
1787 205 1858 244 ipsos
1877 203 1945 236 inde
1957 204 2103 235 exonerari
2122 203 2158 235 sc
2178 205 2290 243 quietos
2307 204 2365 237 effe
2375 195 2452 228 Ann.
2468 195 2510 232 D.

1289 245 1395 276 faciatis
1410 245 1447 276 de
1459 246 1546 286 gratia
1561 246 1658 276 nostra
1670 246 1799 284 speciali,
2025 280 2030 285 ¹
2065 280 2071 286 ,
2123 281 2130 286 ¹
2396 234 2484 276 1338·

1329 284 1548 315 Distrifflonem
1558 308 1567 322 ‚
1588 284 1606 314 si
1623 293 1708 322 quam
1731 285 1761 314 in
1777 282 1925 326 Beneficiis
1944 279 2085 320 praedlohs
2103 290 2144 311 eis
2163 280 2198 312 ei
2214 282 2365 314 occasione
2377 279 2447 305 ΕΝ·
2463 284 2489 311 3·

1293 322 1351 354 fieri
1366 323 1503 362 feceritis,
1523 323 1580 354 fine
1593 324 1729 354 dilatione
1743 323 1857 354 relaxari
1869 321 2010 351 facientes.

1329 399 1420 431 Teste
1434 400 1564 432 Custode
1577 400 1690 441 Angliae
1703 399 1777 440 apud
1793 398 1988 438 Kenyngton,
2004 404 2105 435 quarto
2117 396 2165 427 die
2175 395 2321 429 octobris.

1696 479 1749 508 Per
1767 476 1850 516 ipficm
1868 473 2005 515 Custodem
2023 472 2062 509 ὠ
2081 473 2236 504 Concilium.

1556 605 1606 637 De
1623 607 1659 639 V
1657 608 1715 637 inis
1734 606 1808 652 Regi
1825 605 1923 636 Scotiae
1940 599 2113 637 liberandis.

1367 688 1393 721 E
1402 688 1433 720 X
1442 712 1451 727 ,
1466 688 1588 719 Dile&o
1600 688 1669 727 fibi,
1690 688 1827 720 Michaeli
1840 688 1967 729 Mynot,
1984 686 2136 719 Pincernae
2146 687 2213 727 suo,
2227 687 2362 720 Salutem.
2378 677 2456 710 Ann-
2471 677 2512 711 D·

1396 727 1568 758 Mandamus
1581 727 1662 757 vobis
1677 727 1771 766 quod,
1789 728 1824 758 de
1839 727 1921 758 Vinis
1933 726 2052 765 nostris,
2068 727 2098 757 in
2115 725 2256 758 Custodia
2270 726 2364 759 vestri
2402 719 2487 758 ¹338·

1295 765 1494 805 existentibus,
1517 766 1572 797 Sex
1588 766 1676 796 Dolia
1696 765 1782 805 Vini,
1800 766 2041 797 Excellentiffimo
2056 764 2201 804 Principi,
2218 765 2364 797 Edwardo
2377 760 2428 785 “¹7²-
2447 767 2490 787 ¹2·

1295 803 1371 843 Regi
1380 805 1501 843 Scotiae,
1521 804 1741 844 Consanguineo
1755 805 1855 835 nostro
1867 804 2026 844 carissimo,
2044 805 2087 835 vel
2103 804 2162 842 ejus
2176 806 2205 835 in
2218 804 2272 836 hac
2288 813 2365 843 parte
2378 800 2408 824 Ε·
2431 806 2456 834 3-

1294 842 1450 913 l{ttornfjto
1461 844 1616 913 ,differetis
1631 866 1641 882 ,
1664 843 1806 874 Habenda
1825 844 1854 873 in
1873 844 2008 874 auxilium
2029 842 2221 883 Expensarum
2239 842 2366 884 Hospitii
2379 839 2459 911 {m}
2473 845 2515 863 ¹²-

1326 891 1512 961 eRgffcissffitgs
1526 894 1543 952 al
1551 906 1674 958 '12raefato
1695 919 1778 960 Rege
1794 943 1804 958 ,
1828 920 1872 950 vel
1890 920 1947 958 ejus
1966 919 2046 951 disto
2068 921 2242 960 Attornato,
2261 920 2368 952 Literas
2382 923 2419 941 '⁰-
2431 916 2458 941 ⁶-

1295 958 1352 990 suas
1366 960 1593 999 Acquietantiae,
1617 960 1829 998 Receptionem
1851 958 1995 990 dierorum
2009 959 2065 990 Sex
2077 959 2237 991 Doliorum
2250 959 2369 991 Testifi-

1293 1006 1549 1082 carggsssffisyobis
1563 1036 1647 1075 inde,
1665 1037 1695 1066 in
1711 1035 1863 1076 Compoto
1883 1036 1997 1075 vestro,
2015 1035 2142 1068 debitam
2164 1037 2367 1069 allocationem

1293 1075 1397 1107 habete
1413 1077 1555 1107 faciemus.

1332 1153 1422 1184 Teste
1437 1152 1581 1185 Edwardo
1596 1151 1683 1184 Duce
1697 1151 1855 1183 Cornubiae
1875 1152 1909 1183 &
1927 1149 2049 1181 Comite
2072 1150 2212 1192 Cestriae,
2229 1152 2302 1184 Filio
2316 1164 2370 1184 no-

1296 1190 1354 1261 312⁰
1354 1192 1517 1262 &ggkijrrlrsio
1531 1216 1542 1231 ,
1565 1191 1695 1223 Custode
1710 1191 1826 1230 Angliae
1841 1214 1850 1230 ,
1874 1189 1950 1229 apud
1971 1189 2148 1229 Kenyngton
2162 1213 2172 1229 ,
2195 1191 2370 1224 duodecimo

1813 1309 1866 1338 Per
1880 1309 2008 1337 Literam
2020 1305 2098 1346 ipfius
2111 1305 2239 1346 Custodis.

1319 1441 1369 1473 De
1385 1437 1492 1483 Infhla
1512 1435 1548 1469 de
1565 1435 1688 1485 Shepeye
1703 1434 1869 1469 munienda
1886 1446 1991 1468 contra
2007 1433 2150 1479 Hostium
2169 1434 2348 1479 Invqfiones.

1296 1525 1349 1579 R
1361 1523 1385 1554 E
1395 1522 1442 1561 X,
1462 1522 1625 1555 Venerabili
1639 1524 1669 1554 in
1684 1521 1804 1553 Christo
1818 1520 1912 1561 Patri,
1930 1519 1973 1552 H.
1988 1519 2135 1561 Episcopo
2149 1519 2282 1552 Roffenfi
2291 1543 2302 1560 ,
2318 1519 2370 1552 Sa·
2384 1525 2460 1557 Αῃῃ,
2474 1525 2517 1559 D,

1359 1563 1455 1593 lutem.
2361 1599 2366 1604 Ι
2404 1566 2491 1606 1338-

1333 1600 1412 1641 Qia
1424 1600 1520 1632 datum
1535 1599 1576 1631 est
1598 1598 1680 1631 nobis
1700 1599 1838 1639 intelligi,
1881 1597 1940 1630 uod
1959 1597 2137 1639 quamplures
2149 1597 2257 1630 Hostes
2276 1597 2368 1629 nostri
2381 1608 2433 1633 An.
2459 1609 2503 1635 12:

1294 1638 1474 1679 alienigenae,
1493 1640 1523 1670 in
1538 1639 1651 1670 diversis
1663 1637 1798 1669 Navibus
1811 1639 1844 1671 &
1888 1637 1961 1670 alleis
1973 1638 2110 1678 guerrinis
2120 1639 2302 1678 congregati,
2320 1635 2369 1668 In·
2382 1647 2413 1670 Ε.
2437 1653 2463 1681 3.

1295 1676 1380 1709 sulam
1397 1678 1433 1709 de
1454 1678 1582 1719 Shepeye
1607 1676 1745 1708 hostiliter
1768 1678 1898 1708 invadere
1921 1684 2085 1717 proponunt
2106 1675 2178 1707 infra
2198 1677 2285 1708 breve
2293 1699 2308 1720 ,²
2331 1675 2367 1706 ad
2379 1682 2516 1719 (κηρὶ,

1296 1715 1375 1748 Mala
1389 1718 1423 1749 ὅτ.
1437 1716 1593 1756 Facinora,
1611 1725 1676 1755 quae
1695 1725 1828 1754 poterunt
1841 1740 1852 1756 ,
1875 1717 1981 1748 ibidem
1993 1715 2232 1755 perpetrandum,
2251 1716 2304 1747 nih
2316 1724 2367 1746 oo-
2382 1725 2412 1748 E.
2435 1730 2461 1758 3.

1294 1764 1369 1824 ωῗέΙ
1376 1755 1487 1788 Malitia
1501 1756 1619 1788 viriliter
1634 1754 1815 1794 refraenetur,

1332 1804 1506 1871 Hffifi'modi
1519 1831 1654 1864 Periculo
1667 1833 1701 1864 ὅ(
1713 1830 1835 1864 Malitiae
1852 1839 2026 1870 praecavere,
2042 1841 2076 1862 ac
2091 1832 2151 1862 tarn
2166 1831 2369 1870 Indempnitati

1294 1871 1418 1910 nostrae,
1436 1873 1523 1911 quam
1530 1870 1756 1903 Communitatis
1767 1870 1890 1910 ejusdem
1903 1869 2020 1909 Insulae,
2037 1880 2071 1902 ac
2089 1871 2228 1910 aliorum,
2245 1871 2368 1908 Terras,

1295 1910 1496 1955 Tenementa,
1509 1909 1606 1950 Bona,
1621 1910 1667 1954 seu
1679 1908 1790 1942 Catalla
1803 1932 1814 1949 ,
1837 1909 1943 1940 ibidem
1963 1908 2146 1948 habentium,
2163 1908 2300 1948 quatenus
2315 1918 2370 1947 po-

1296 1957 1429 2019 terhrggsis,
1441 1947 1760 2028 ιζὲιηεὲἑξηὲῐῗέιτῗῐῖξῑῖτῖ-
1773 1985 1949 2030 injungendo
1961 2008 1971 2023 ,
1998 1984 2076 2030 quod
2091 1985 2200 2030 statim,
2219 1985 2282 2030 vifis
2295 1994 2371 2025 prae-

1294 2025 1416 2058 rentibus
1430 2050 1441 2067 ,
1463 2027 1608 2058 Homines
1627 2026 1662 2057 ad
1685 2025 1773 2056 Arma
1788 2049 1799 2066 ,
1825 2036 1858 2056 ac
1880 2025 1915 2056 Sa
1936 2033 2041 2055 ittarros
2055 2047 2066 2063 ,
2089 2032 2166 2063 juxta
2183 2063 2188 2067 ι
2206 2031 2371 2054 uantitatem

1295 2064 1454 2097 Terrarum
1466 2066 1500 2098 &
1514 2066 1765 2097 Tenementorum
1774 2087 1784 2103 ,
1801 2074 1866 2103 quae
1878 2065 1908 2094 in
1922 2074 1952 2094 ra
1965 2062 2086 2094 Insulam
2101 2062 2190 2101 praedi
2221 2073 2268 2093 am
2281 2061 2372 2093 habe-

1296 2106 1330 2136 tis
1342 2105 1450 2136 ibidem
1464 2128 1474 2144 ‚
1497 2106 1552 2136 una
1573 2114 1642 2136 cum
1662 2103 1838 2134 Hominibus
1851 2103 1972 2142 ejusdem
1994 2101 2109 2139 Insulae,
2127 2111 2162 2146 ac
2175 2101 2252 2140 aliis,
2267 2100 2371 2132 Terras

1295 2144 1330 2175 &
1343 2144 1525 2175 Tenementa
1539 2144 1646 2175 ibidem
1659 2143 1842 2182 habentibus,
1862 2151 1914 2182 pto
1928 2140 2000 2172 salva
2017 2139 2280 2185 Custodlajnsulae
2297 2148 2370 2179 prae-

1295 2182 1401 2222 dictae,
1417 2181 1577 2214 hu'usmodi
1592 2182 1724 2213 Periculo
1737 2181 1775 2212 sic
1790 2182 1925 2212 iminente
1960 2187 2120 2210 moraturos
2133 2186 2262 2218 mittatis,

1317 2221 1438 2266 ‘Itaqu‘
1470 2226 1485 2261 ',
1502 2223 1542 2253 ob
1558 2221 1718 2265 Defectum
1733 2219 1894 2258 hujusmodi
1909 2203 2076 2250 Hominum
2097 2217 2133 2264 ad
2150 2217 2306 2264 Armanac
2321 2215 2373 2262 Sa-

1295 2269 1472 2338 stiffi?
1481 2258 2017 2337 ’Dii‘ipviffinssdse‘ffssssffiefiiis‘ssafiiii’dei‘i
2028 2267 2124 2335 {3331
2130 2258 2292 2334 ΞΞἙἘἸῘΞᾹ
2305 2265 2373 2327 222:

1296 2340 1354 2369 niat
1369 2348 1489 2378 quoquo
1504 2339 1606 2370 modo.

1330 2415 1421 2459 Teste
1434 2415 1581 2447 Edwardo
1597 2415 1685 2447 Duce
1694 2413 1856 2460 Comubiae
1870 2413 1903 2445 &
1919 2411 2042 2444 Comite
2051 2411 2191 2457 Ceſtriae,
2208 2410 2268 2442 filio
2283 2409 2314 2441 R
2350 2410 2374 2454 ss

1295 2455 1456 2525 (Οεὲιὶίὲἑιέἓ,
1474 2453 1607 2487 Custode
1624 2454 1758 2494 Anghae‚
1773 2453 1848 2494 apud
1871 2452 2068 2493 Kenyngton‚
2085 2450 2203 2482 decimo
2214 2456 2314 2490 quarto
2347 2459 2374 2480 ie

2380 1765 2518 1836 pit-t.33⁸3.l.

1732 2570 1786 2599 Per
1799 2568 1883 2608 ipsum
1898 2565 2034 2606 Custodem
2047 2563 2087 2600 ό·
2100 2561 2256 2594 concilium.

1347 2646 1463 2679 Eodem
1485 2646 1578 2678 modo
1596 2644 1764 2677 nunciatum
1784 2643 1826 2674 est
1845 2643 2021 2682 subscriptis,
2038 2641 2090 2673 sub
2111 2639 2215 2673 eadem
2232 2640 2318 2680 ἀκτᾶς

1758 2682 1910 2721 videlicet,

1334 2764 1434 2809 Rogerq
1451 2762 1484 2792 de
1498 2760 1688 2800 Northwode,
1889 2756 2010 2826 I'hilgpo
2029 2756 2062 2786 de
2076 2758 2115 2797 Py
2178 2779 2189 2796 ,

1336 2803 1427 2831 Prum
1443 2800 1549 2840 Roffen.
1888 2800 1951 2836 Step
1972 2806 2025 2825 ano
2036 2796 2068 2825 de
2085 2798 2121 2825 A
2148 2795 2244 2836 ebury,

1889 2833 2043 2876 Humsredo
2062 2834 2094 2864 de
2109 2833 2303 2873 Northwode,

1333 2840 1447 2869 Abbati
1461 2841 1493 2870 de
1508 2838 1611 2869 Boxele
1620 2862 1630 2877 ‚
1899 2873 2044 2913 Radulpho
2057 2876 2167 2917 Sa‘vage

1335 2878 1448 2908 Thomae
1463 2880 1495 2909 de
1510 2877 1661 2916 cobeham,

1332 2917 1467 2956 stephano
1482 2917 1514 2947 de
1526 2916 1670 2948 cobeham.

1320 3050 1348 3077 *ὲ
1368 3049 1467 3096 ,Quod
1482 3046 1627 3083 Robertus
1650 3044 1687 3079 de
1704 3047 1816 3094 Artoys
1840 3055 1959 3076 moram
1976 3041 2082 3088 faciat
2099 3040 2186 3087 infra
2208 3037 2353 3084 Castrum*
2381 3056 2449 3087 *v*
2468 3058 2514 3089 85,

1726 3091 1938 3143 lengford·

1362 3181 1428 3215 EX
1448 3180 1669 3212 Constabulario
1685 3178 1780 3210 Castri
1796 3178 1836 3208 sui
1852 3177 1889 3207 de
1902 3176 2095 3217 Walyngford
2128 3175 2265 3207 Salutem.
2382 3180 2457 3212 Ann.
2472 3181 2514 3214 D.

1298 3187 1354 3242 R
1395 3222 1473 3261 Qua
1487 3220 1710 3251 ordinaverimus
1723 3215 1805 3261 quod
1819 3238 1830 3254 ,
1855 3214 1987 3247 Diiestus
2009 3217 2044 3247 &
2058 3215 2082 3246 F
2084 3199 2161 3246 idelis
2173 3214 2271 3246 noster
2284 3255 2289 3260 .
2306 3213 2371 3245 Ro·
2411 3222 2495 3261 1338,

1302 3263 1395 3291 bertus
1418 3259 1576 3328 defaArtoys
1595 3265 1708 3288 moram
1727 3255 1798 3286 infra
1819 3252 1955 3285 Castrum
1975 3254 2147 3293 praedrdtum
2160 3277 2170 3294 ,
2191 3263 2242 3294 per
2255 3237 2370 3294 aliquod
2382 3263 2435 3287 An.
2455 3269 2497 3288 12,

1328 3308 1359 3328 m
1380 3310 1412 3329 us
1473 3299 1527 3327 ciat
2380 3301 2409 3325 Ε.
2449 3320 2454 3326 .

1299 3309 1326 3331 te
1337 3310 1430 3367 Vlbbi}
1443 3319 1609 3366 mandimus
1623 3333 1704 3373 quod
1722 3332 1816 3363 eidem
1835 3331 1969 3362 Roberto
1991 3331 2126 3371 Domoe,
2143 3331 2216 3362 infra
2233 3329 2369 3362 Castrum
2378 3308 2481 3372 emisti
2489 3346 2516 3365 2,

1301 3375 1474 3414 praediistum
1488 3396 1498 3412 ,
1519 3384 1572 3414 pro
1592 3371 1674 3403 mora
1694 3370 1742 3402 sua
1763 3380 1833 3402 com
1881 3379 1957 3401 entes
1971 3393 1982 3408 ,
1999 3371 2130 3408 liberari,
2154 3370 2189 3402 &
2206 3370 2316 3408 ipsum,
2333 3370 2367 3401 &
2379 3379 2409 3403 E.
2431 3384 2457 3411 3.

1299 3417 1378 3453 suos,
1397 3412 1555 3453 Ingreffum
1567 3413 1596 3442 in
1617 3410 1752 3442 Castrum
1788 3379 1959 3455 aggrestium,
1976 3409 2011 3440 &
2030 3408 2184 3447 Egreffum
2197 3409 2234 3439 ab
2246 3408 2368 3445 eodem,
2379 3419 2405 3450 p.
2423 3421 2449 3449 3.

1286 3463 1354 3495 ..pro
1367 3452 1512 3482 voluntate
1523 3450 1585 3488 sua,
1601 3450 1706 3481 habere
1725 3449 1845 3488 factatis,
1863 3447 1954 3488 ipsum
1972 3447 2157 3486 Robertum‚
2173 3446 2282 3479 &suos
2288 3467 2300 3485 ,
2318 3445 2416 3481 be-m.
2438 3460 2483 3489 30.

1303 3493 1388 3531 nigne
1401 3500 1434 3521 ac
1449 3490 1637 3521 favorabiliter
1651 3487 1861 3528 pertradiantes.

1338 3567 1427 3601 Teste
1440 3566 1572 3599 Custode
1585 3566 1701 3604 Angliae
1715 3565 1791 3605 apud
1806 3565 2002 3607 Kenyngton,
2018 3562 2156 3596 vicesimo
2169 3561 2216 3593 die
2224 3560 2373 3594 Octobris.

1725 3644 1779 3673 Per
1792 3641 1876 3683 ipsum
1889 3641 2026 3684 custodem
2038 3638 2078 3677 ὁ·
2088 3637 2241 3670 Concilium.

2381 3773 2458 3806 Ann.
2476 3773 2519 3805 D.

2407 3812 2492 3853 1338.

2383 3857 2437 3880 An.
2457 3861 2500 3882 η.

1346 3790 1395 3822 De
1418 3791 1551 3821 Civitare
1572 3786 1746 3830 Londom'ae‚
1772 3789 1865 3820 Petra
1881 3785 1934 3818 vel
1949 3782 2056 3817 Bordis
2078 3782 2184 3827 versus
2199 3782 2328 3827 Aquam

1416 3835 1579 3869 munienda
1594 3841 1698 3869 contra
1717 3833 1847 3879 Histiles
1862 3835 2061 3867 Inimicorum
2083 3833 2138 3877 Ag
2139 3828 2262 3877 grejffits.

1307 3920 1450 3978 REX,
1466 3921 1588 3967 nitente
1601 3921 1652 3952 sibi
1663 3946 1673 3960 ‚
1701 3919 1809 3961 Majori
1823 3943 1834 3959 ,
1856 3915 2074 3954 Aldennannis‚
2096 3915 2132 3948 &
2143 3913 2374 3947 vicecomitibus
2383 3895 2521 3965 2212,-

1346 3960 1551 4038 (ἑῖιῗεῃῗῗοῃίιὶῗέ
1559 3959 1826 4035 ffgiffiieffi'Galeis,
1849 3996 1879 4028 in
1893 3991 2074 4026 multitudine
2086 4001 2148 4025 non
2167 3993 2377 4075 modigargg·
2387 3971 2420 4043 ξ,
2435 3975 2462 4042 {J
2497 4040 2525 4071 d.

2366 4052 2376 4070 2
2388 4053 2426 4074 m.
2439 4045 2486 4082 30·
2520 4074 2523 4077 ,
