2562 4279
224 78 303 120 128
655 68 1300 116 CONVENTION

74 162 151 193 Anii.
167 160 209 193 D.
224 163 280 193 riiae
295 160 456 193 concedere
474 161 556 192 dietis
569 159 693 199 Johanni
710 159 744 189 &
763 157 905 197 Arnaldo,
923 167 979 189 nec
999 158 1039 188 eis
1056 156 1196 188 similibus.
1263 195 1270 200 ι

98 210 184 240 1317.
262 198 409 232 Caeterum
425 201 475 230 erit
490 199 603 229 occaiio
620 196 803 227 destructioni
820 195 920 227 vestrae
938 195 1067 227 Civitatis
1085 195 1246 234 praedictae,
1262 204 1291 224 in

78 243 143 269 Em.
164 250 189 268 ι..
227 239 376 271 amiffione
395 239 539 269 bonorum
557 237 716 266 amicorum
723 256 736 278 ρ
754 235 787 265 &
806 235 837 264 in
851 234 1029 273 dissipatione
1055 236 1199 265 bonorum
1224 233 1292 264 Bur-

229 277 358 316 gensium
377 276 478 306 vestrae
495 274 623 304 Civitatis
642 272 798 310 praedretae.
1260 310 1265 315 .

265 315 349 347 Nam
366 312 516 344 novissime
534 310 707 348 Burdegaiiae
728 311 812 349 aliqui
829 311 972 350 Flamingi
990 312 1103 343 fuerunt
1123 309 1267 341 Marchati
1284 330 1294 346 ,

227 354 263 384 ad
282 354 437 384 instantiam
455 351 526 381 dieti
540 349 674 387 Johannis
691 349 728 379 de
746 348 896 389 Bainhers,
1039 369 1060 372 -
1101 348 1294 386 raetextu,bo-

229 403 265 422 na
283 392 480 421 Mercatorum
499 388 656 418 vestrorum
672 387 787 419 Baionae
803 388 865 420 sunt
883 396 964 426 capta
979 388 1012 419 δε
1030 398 1076 418 are
1102 396 1142 418 ·ta
1165 389 1198 418 in
1212 386 1294 416 Flan-

229 430 307 468 dria,
319 429 371 465 &,
385 427 435 457 nisi
454 437 504 465 per
523 425 644 456 vestram
665 425 788 463 Regiam
809 426 1001 464 Magestatem
1022 426 1139 457 feliciter
1161 434 1295 456 occurra-

228 477 271 499 tur
307 465 389 496 vestri
405 465 494 495 humil
545 464 579 495 ὃ(
597 464 690 495 devoti
700 465 849 503 Burgcnses
857 466 968 496 Baionae
979 473 1060 495 erunt
1070 463 1192 505 oppressi

264 490 353 542 §uper
376 504 427 533 hiis
442 505 525 540 igitur
542 502 631 533 vestra
648 503 755 534 illustris
769 503 914 535 Celsitudo
935 502 1084 542 prospiciat
1104 503 1232 541 prospera
1252 510 1294 530 re-

227 543 317 574 media
338 542 472 579 refusura,
491 542 528 572 sic
546 542 770 580 perignoscentes
844 542 981 581 gaudeant
999 542 1200 581 ignoscentiae,
1214 539 1295 570 Nos-

226 592 295 620 que,
311 580 395 611 vestri
413 579 530 610 humiles
544 580 578 611 &
595 580 710 621 devoti,
726 592 743 612 a
763 580 861 612 futuris
880 580 1007 619 periculis
1030 580 1193 611 relevemur.

261 619 406 650 Dominus
424 618 542 649 vestram
562 618 754 657 Magestatern
778 619 924 651 conservet
950 619 1066 650 feliciter
1093 628 1142 657 per
1162 625 1292 654 tempora

226 658 353 696 prospera
371 658 403 688 ὅτ
422 657 565 694 longaeva.

262 696 370 726 Datum
389 694 518 735 Baionae,
532 695 607 727 sexto
621 695 668 727 die

744 695 852 728 Mensis
870 696 963 736 junii,
975 705 1051 726 anno
1063 694 1190 726 Domini
1205 701 1289 734 1317.-

483 820 542 855 Ad
561 825 675 869 Papam
686 849 693 861 ‚
698 834 753 869 pro
770 825 795 855 Ε
798 822 867 855 [effla
884 819 1029 854 Eborum.

71 917 147 949 Am,-
162 917 193 947 D
224 908 272 969 P
283 907 340 939 ΑΡ
352 906 392 938 AE
420 907 483 937 Rex
497 907 596 938 devota
612 907 718 946 pedum
732 907 825 938 oscula
841 908 1000 937 beatorum.

95 965 179 994 1“17.
196 941 203 948 ’
311 946 469 977 Saiitstitxitis
492 946 590 976 vestrae
605 947 735 988 ,Litteras
762 946 869 984 pridem
893 946 1050 983 recepimus
1070 966 1079 983 ,
1113 944 1291 987 continentes

68 977 126 1023 Au?
142 1005 183 1024 io.
224 985 302 1024 quod
323 985 400 1022 iiiper
415 984 483 1014 statu
508 984 641 1015 Ecclesia:
658 984 787 1015 Eborum
802 1008 811 1023 ,
839 994 903 1022 quae
915 1007 926 1023 ,
949 984 1068 1014 morosae
1089 982 1291 1021 expectationis

69 1037 91 1060 E
120 1043 145 1060 2,
225 1024 314 1054 taediis
331 1025 436 1061 attrita,
451 1023 557 1059 languit
576 1022 692 1053 Pastoris
709 1023 804 1054 solatio
822 1022 1221 1060 destituta,intervenientibus
1236 1030 1290 1051 no-

70 1056 142 1098 Ram.
160 1071 194 1106 (ᾗ.
226 1062 287 1092 stris
302 1063 446 1102 precibus,
461 1071 514 1101 pro
529 1061 614 1092 celeri
629 1062 821 1100 expeditione,
854 1061 989 1091 raediletsti
1005 1060 1111 1091 Clerici
1119 1061 1176 1103 2&
1197 1059 1290 1103 Fami-

68 1113 110 1136 Fr.
133 1120 176 1139 ιο,
221 1101 292 1132 liaris
304 1101 408 1138 nostri,
421 1099 555 1137 Magistri
571 1099 721 1131 Willielmi
734 1101 770 1131 de
785 1100 839 1130 Me
849 1109 899 1131 ton
908 1122 918 1138 ,
937 1099 1018 1137 ipsius
1029 1098 1165 1130 Eccleiiae
1180 1097 1290 1141 Eleeti,

67 1152 140 1175 122.
162 1159 198 1177 m,
223 1139 357 1170 Paternali
383 1138 577 1175 compassione
601 1140 714 1177 agitati,
736 1138 847 1169 causam
872 1137 995 1180 ejusdem
1018 1137 1110 1180 Elefiti
1126 1136 1289 1167 Venerabili

70 1187 133 1215 hd„
220 1177 291 1208 Patri
318 1200 327 1216 ,
364 1176 500 1208 Domino
524 1178 558 1207 A.
579 1176 721 1215 Episcopo
739 1177 887 1208 Albanerili
912 1175 1093 1207 commisistis
1118 1175 1285 1206 audiendam

217 1216 366 1247 summarie
381 1216 414 1247 &
431 1215 467 1245 de
483 1214 584 1254 plano,
602 1226 635 1247 :ic
645 1216 767 1254 ,sublatis
784 1215 954 1254 judiciorum
969 1214 1155 1253 anfractibus,
1170 1212 1225 1244 fine
1237 1213 1288 1244 de-

219 1256 280 1286 bito
295 1253 499 1285 terminandam
511 1264 517 1283 ;

254 1293 400 1330 Quodque
419 1292 511 1323 eidem
530 1292 673 1333 Episcopo
696 1292 869 1332 injunxistis,
902 1301 949 1332 ut,
968 1293 998 1323 in
1016 1291 1097 1323 causa
1120 1290 1195 1330 ipsa,
1217 1300 1287 1321 curn

214 1333 316 1370 omni,
334 1331 389 1369 qua
407 1329 515 1369 posset,
533 1332 687 1369 celeritate,
707 1332 869 1370 procederet
886 1332 986 1370 absque
1002 1330 1116 1369 justitiae
1140 1330 1266 1361 laesione:

255 1369 280 1400 E
299 1371 400 1408 quibus
414 1392 423 1407 ,
449 1370 484 1400 &
503 1369 561 1400 aliis
582 1370 788 1408 quampluribus
804 1393 814 1409 ,
845 1370 1070 1402 certitudinaliter
1093 1369 1286 1409 comperimus

213 1407 293 1446 quod
306 1408 428 1438 nostram
442 1407 587 1445 personam
603 1407 690 1439 vestra
705 1408 854 1440 Paternitas
867 1409 977 1440 sinceris
990 1407 1287 1451 affecitibus-amplexa—

215 1455 276 1486 tur,
291 1446 422 1477 desideria
443 1445 492 1475 filii
511 1447 544 1477 &
560 1456 593 1476 ro
613 1447 705 1477 ainina
718 1448 776 1477 tam
791 1449 934 1486 benigne,
949 1455 1063 1485 tamque
1077 1447 1198 1485 gratiose
1219 1455 1287 1484 pro-

216 1484 457 1555 {novend03unde
473 1484 571 1516 vestrae
613 1485 757 1517 eatitudini
777 1486 795 1506 ’κ
812 1485 847 1517 ad
866 1495 956 1525 grates
972 1484 1137 1524 assurgimus
1155 1494 1221 1523 quas
1235 1494 1285 1515 va-

227 1534 322 1555 emus:

253 1563 346 1596 Omni
361 1561 532 1602 affectione,
547 1563 601 1603 qua
616 1562 759 1601 possumus
779 1564 920 1595 humiliter
942 1563 1284 1602 supplicantes,quatinus,

216 1601 251 1633 ad
274 1602 461 1633 miserabilem
475 1601 579 1633 statum
594 1602 732 1633 Ecclesiae
746 1603 977 1641 memoratae,sic
992 1602 1283 1640 languentis,&qua·

215 1641 236 1670 fi
250 1641 407 1673 innumeras
420 1639 606 1680 calamitates,
621 1649 757 1679 praetextu
770 1641 885 1672 diutinae
899 1642 1052 1673 vacationis
1066 1640 1187 1679 ejusdem
1196 1663 1205 1679 ,
1220 1650 1283 1677 per-

212 1679 470 1721 pessae,patemum
486 1680 621 1710 intuitum
639 1679 809 1718 dirigentes',
824 1688 1013 1711 memoratum
1029 1679 1159 1710 Eleemm
1176 1679 1283 1723 (quern,

211 1719 265 1748 iuis
280 1718 456 1756 exigentibus
471 1719 594 1757 meritis,
614 1718 727 1748 sincerae
748 1718 908 1750 dileetionis
930 1718 1116 1758 praerogativa
1138 1720 1282 1756 prosequi-

211 1756 436 1795 mur)quantum
453 1766 521 1787 cum
538 1756 625 1794 gratia
639 1756 673 1788 &
688 1756 802 1795 favore,
816 1757 872 1787 sine
883 1757 951 1795 juris
962 1756 1073 1788 offensa
1088 1756 1145 1787 fieri
1158 1758 1280 1796 poterit,

209 1794 498 1834 dignemini,nostris
514 1795 814 1834 precibus,expedire,
825 1796 859 1826 &
875 1795 909 1826 ad
923 1795 1029 1827 di&am
1044 1795 1218 1833 Ecclesiam,
1228 1804 1280 1835 pro

209 1832 364 1864 desiderato
387 1832 470 1864 status
489 1833 612 1872 ejusdem
633 1833 804 1864 relevamine
826 1857 837 1873 ,
870 1835 905 1865 ὃ(
926 1834 961 1864 ad
981 1833 1071 1865 nostri
1091 1835 1230 1864 honorem
1245 1833 1279 1863 &

207 1872 403 1902 commodum
419 1895 429 1910 ,
451 1872 688 1910 negotiorumque
715 1871 881 1903 nostrorum
908 1873 1049 1903 utiliorem
1072 1872 1279 1910 directionem,

204 1912 285 1950 juxta
301 1909 389 1940 nostri
403 1910 566 1941 desiderium
576 1933 585 1948 ,
594 1911 736 1941 remittere
749 1910 868 1942 feliciter
881 1912 1054 1949 expeditum.

244 1948 290 1978 Ad
305 1949 365 1978 liaec
401 1947 481 1979 Pater
495 1948 616 1986 Semele,
639 1958 691 1987 pro
712 1947 782 1980 statu
797 1949 893 1979 liberae
916 1949 1040 1987 Capellae
1056 1948 1161 1980 nostrae
1179 1948 1279 1980 Sandfi

210 1985 329 2018 Martini
345 1971 450 2023 Magni
475 1986 600 2017 London
613 2009 623 2023 ,
659 1985 780 2018 vestram
804 1987 1043 2018 mansuetudinem
1066 1987 1218 2018 affeetuose
1237 1997 1279 2017 re-

207 2026 344 2063 quirimus
362 2025 395 2055 ὃς
410 2035 442 2055 ro
465 2034 543 2055 amus
558 2048 568 2062 ,
598 2025 724 2063 quatinus
738 2025 858 2057 eandem
876 2027 906 2055 in
920 2025 972 2056 suis
985 2026 1156 2057 libertatibus
1170 2025 1280 2064 fovere,

207 2065 242 2095 ὅ(
256 2064 292 2093 ab
306 2034 700 2094 omnibusgProcurationibus
714 2063 831 2095 liberam
845 2065 879 2096 &
893 2064 1027 2104 solutam,
1042 2064 1112 2095 ficut
1127 2064 1279 2105 haetenus,

207 2103 384 2140 temporibus
399 2101 619 2139 progenitorum
641 2101 804 2133 nostrorum
819 2126 829 2142 ,
861 2102 978 2140 Regum
997 2103 1115 2141 Angliae
1130 2126 1140 2142 ,
1169 2105 1279 2143 extitit,

209 2141 372 2209 conlegam
392 2140 522 2177 dignetur
545 2139 634 2172 vestra
657 2139 811 2173 Paternitas
833 2141 1038 2182 Sacrosandh,
1059 2152 1145 2182 quam
1167 2142 1280 2174 conser-

207 2187 272 2215 vet,
309 2188 347 2209 ἐ.

247 2217 316 2248 Dat.
334 2217 408 2256 apud
424 2217 724 2257 Westmonasterium‚
740 2218 846 2251 octavo
857 2218 903 2251 die
913 2218 1000 2259 Junii.

81 1491 166 1520 ⁸111.

98 1530 167 1567 646.

450 2340 509 2378 Ad
530 2343 725 2387 Cardinalcs,
745 2355 802 2390 pro
815 2344 913 2378 eodem
932 2345 1044 2379 Eli-fio.

55 2434 135 2468 'Anm
150 2431 192 2465 D.
211 2431 407 2500 VEnerabili
427 2433 455 2463 in
480 2432 598 2463 Christo
617 2432 710 2472 Patri,
734 2432 867 2465 Domino
886 2434 930 2465 N.
946 2433 1005 2465 Dei
1020 2434 1110 2472 gratia
1123 2458 1133 2472 ,
1152 2434 1276 2467 Ostiensi

78 2479 164 2515 1317.
207 2509 238 2541 ἃ
285 2471 445 2510 Episcopo,
460 2471 692 2510 Edwardus,&c.
711 2471 824 2503 salutem
833 2474 882 2512 ,&
900 2473 1014 2504 sincerae
1028 2473 1189 2505 dilectionis
1206 2473 1276 2505 affe-

56 2517 111 2542 An.
129 2521 171 2540 io.
240 2519 296 2540 um.

55 2555 87 2579 Ε.
104 2560 130 2578 2.
146 2551 153 2556 ’
245 2547 428 2580 Venientibus
450 2548 549 2579 nostris
570 2548 696 2580 fidelibus
710 2549 752 2580 de
774 2548 907 2581 Romana
928 2548 1018 2581 Curia
1034 2561 1085 2589 pro
1098 2559 1176 2582 certo
1193 2551 1274 2582 intel-

54 2593 127 2618 um.
139 2587 175 2623 ό·
196 2585 327 2617 ›leximus
341 2597 388 2625 per
410 2587 539 2626 eosdem,
555 2587 635 2626 quod
650 2589 723 2619 circa
738 2588 852 2619 felicem
868 2588 1078 2626 expeditionem
1121 2590 1272 2629 praediletffi

55 2630 98 2656 rr.
121 2637 162 2658 ιο.
207 2625 331 2664 Ciericr,
344 2627 377 2656 sc
393 2626 544 2657 Famiiraris
559 2626 1015 2664 nostri‚MagistriWiuie1mide
1031 2613 1272 2666 Mestonfflccie-

55 2669 85 2694 Ε.
107 2675 132 2693 2.
149 2675 185 2694 m.
204 2663 251 2695 fiae
263 2663 392 2695 Eborum
408 2664 516 2702 Elem,
530 2664 637 2696 labores
658 2664 807 2696 indefessos
819 2666 852 2696 &
873 2664 968 2704 taedia,
989 2665 1076 2696 nostri
1097 2667 1272 2705 contempla-

59 2704 114 2732 ιλ.
203 2703 299 2741 tione,
311 2711 468 2741 gratanter,
488 2704 521 2734 &
545 2713 603 2733 non
624 2702 725 2741 absque
739 2705 880 2734 anxietatis
894 2704 1075 2735 amaritudine
1095 2705 1272 2744 sustinuistis,

202 2750 237 2771 ex
254 2741 371 2779 quibus,
384 2741 468 2772 veluti
482 2751 532 2779 pro
548 2743 630 2772 nobis
650 2743 690 2771 im
712 2743 797 2781 ensis,
815 2743 895 2773 vobis
917 2750 1007 2780 grates
1028 2744 1155 2782 speciales
1175 2744 1272 2775 referi-

204 2789 283 2817 mus,
300 2779 333 2810 &
351 2779 385 2813 ad
403 2780 528 2817 specialia
552 2781 640 2811 teneri
656 2791 695 2811 vo
708 2791 788 2811 umus
809 2790 923 2811 munera
937 2782 1105 2818 gratiarum:

243 2817 373 2848 Vestram
396 2818 591 2849 Paternitatem
605 2819 789 2849 reverendam
803 2818 972 2857 affec'tione,
1010 2820 1043 2850 ua
1058 2821 1202 2860 possumus
1210 2831 1270 2860 ,re-

204 2857 344 2896 quirentes
386 2858 510 2896 uatinus,
523 2865 552 2888 ut
566 2865 734 2887 memoratus
750 2857 860 2888 Electus
881 2857 916 2888 ad
935 2857 996 2888 Ecc
1009 2859 1109 2898 esiam,
1131 2870 1181 2898 pro
1200 2861 1269 2890 statu

204 2894 327 2933 ejusdem
351 2894 367 2924 s
388 2896 467 2933 ubri,
482 2906 515 2926 ac
530 2895 691 2926 nostrorum
706 2896 739 2926 &
759 2895 853 2935 Regni
869 2895 957 2926 nostri
972 2898 1149 2937 negotiorum
1169 2899 1270 2929 utiliori

203 2933 380 2971 directione,
393 2934 511 2964 feliciter
527 2933 685 2972 expeditus,
700 2934 823 2964 celeriter
840 2936 1013 2973 remittatur,
1027 2935 1061 2965 ad
1077 2936 1165 2966 nostri
1181 2938 1269 2967 animi

202 2971 329 3002 solatium
347 2972 380 3002 &
398 2973 538 3012 quietem,
553 2972 659 3011 velitis,
670 2971 770 3002 nostris
789 2973 935 3011 precibus,
953 2983 1021 3003 cum
1043 2976 1127 3006 omni
1143 2975 1270 3006 efficacia

203 3011 380 3078 ingyrponere
393 3019 480 3050 partes
495 3010 613 3049 vestras,
628 3020 676 3049 per
691 3010 767 3049 quod
782 3011 816 3042 ad
832 3010 919 3042 vestra
935 3012 1107 3050 beneplacita
1122 3023 1173 3044 nos
1188 3015 1271 3045 artius

206 3054 234 3081 ai
262 3057 372 3085 ingeris.

244 3086 310 3117 Dat.
328 3086 401 3125 apud
417 3085 719 3126 Westmonasterium,
736 3086 842 3119 octavo
855 3087 900 3119 die
913 3088 1000 3127 Junii.

336 3162 445 3194 Eodem
461 3164 551 3196 modo
565 3162 727 3195 mandatum
744 3162 786 3195 est
807 3163 980 3204 subscriptis3
992 3164 1142 3205 videlicet,

244 3242 360 3284 Domino
375 3241 416 3270 N.
429 3239 515 3285 Tituli
533 3241 626 3286 Sandlr‘
642 3239 768 3287 Eusebi&
1020 3260 1177 3293 Presbiteris
1199 3260 1271 3292 Car-

242 3281 359 3307 Dcmrno
371 3280 406 3307 G.
425 3278 511 3307 Tituli
527 3280 621 3308 sanai
635 3282 734 3309 Cirtam
1094 3301 1098 3305 .
1149 3301 1152 3304 .

243 3319 360 3347 Domino
374 3318 409 3345 B.
419 3316 505 3346 Tituli
516 3302 765 3356 sar1elili1arcelli‚
985 3249 1013 3356 }
1071 3299 1215 3330 dmahbus·

242 3396 356 3423 Domino
372 3396 412 3422 A.
429 3394 537 3423 Sanaae
553 3396 656 3422 Mariae
668 3397 697 3423 in
716 3396 844 3433 Portica,

245 3434 359 3460 Domino
376 3434 416 3461 N.
431 3433 525 3461 Saruffi
544 3432 690 3471 Adriani,

244 3472 359 3498 Domino
380 3474 413 3500 B.
432 3471 463 3500 dc
480 3473 598 3509 Pugno,

242 3509 360 3535 Domino
376 3508 410 3545 J.
429 3511 530 3547 Nepoti
545 3511 657 3539 Domini
675 3510 772 3547 Papae‚

242 3543 375 3582 Magistro
390 3548 529 3578 Bernardo
545 3547 645 3586 Fabri,
662 3549 772 3577 Domini
794 3547 874 3584 Papae
894 3548 1014 3576 Notario
1023 3544 1143 3585 speciali.

417 3698 464 3728 Dc
483 3709 538 3728 mm
557 3695 716 3741 infestando
725 3697 885 3743 prefatum
905 3696 1054 3731 Elellttm.

56 3738 185 3820 Aigi-71.)
209 3776 294 3831 RE
303 3776 332 3807 X
343 3801 353 3815 ,
367 3777 490 3823 'discreto
502 3781 592 3825 Viro,
608 3780 752 3825 Magistro
763 3781 928 3825 Pandulpho
941 3781 977 3811 de
993 3780 1101 3827 Sabell,
1111 3780 1237 3824 salutem.

55 3823 107 3846 Aa.
128 3827 171 3845 io.
300 3816 481 3861 Venientibus
495 3819 592 3861 nostris
604 3818 729 3851 fidelibus
742 3820 778 3851 de
800 3819 942 3864 Romana·
954 3818 1043 3851 Curia
1063 3819 1264 3857 intelleximus,

54 3861 77 3885 E
106 3864 131 3884 2.
209 3852 285 3893 quod
301 3854 336 3883 ab
353 3853 588 3895 infestationibus,
603 3866 702 3889 contra
716 3858 850 3888 dile&um
865 3858 1014 3889 Clericum
1028 3857 1173 3894 nostrum,
1195 3855 1264 3887 Ma-

53 3899 125 3923 Rmi.
144 3892 178 3928 ό·
205 3892 324 3930 gistrum
338 3891 526 3935 Willielrnum
540 3894 576 3924 de
591 3894 722 3935 Melton,
736 3896 867 3927 Eieetutn
883 3896 1031 3936 Eborum,
1043 3895 1194 3932 inchoatis,
1209 3904 1263 3925 no-

54 3938 98 3961 Fr.
118 3943 161 3960 ιο.
206 3932 253 3963 stri
271 3929 524 3974 contemplatione,
544 3932 675 3965 benivole
690 3933 842 3974 destitistis,
863 3934 939 3966 unde
959 3935 1042 3967 vobis
1060 3942 1149 3974 grates
1165 3931 1262 3964 referi—

55 3975 83 4037 }
99 3980 129 4036 ἕ
146 3981 183 4001 m.
201 3980 262 4003 mus
276 3967 414 4009 speciales:
739 3985 744 3988 ·

1330 69 1459 118 Es,
1515 64 1919 122 LITERAE‚

1370 155 1430 186 Vos
1448 156 1576 187 attentius
1594 155 1772 194 deprecantes
1810 156 1914 186 uatinus
1939 156 2088 193 negotium
2114 160 2265 189 memorati
2287 159 2399 200 Ele-eti,
2417 154 2492 185 Arm·
2506 154 2548 186 D:

1331 195 1486 232 plurimum
1505 194 1623 225 insidens
1642 195 1732 224 menti
1752 196 1801 224 nol
1817 204 1856 224 rae
1870 217 1881 233 ,
1901 193 2007 233 velitis,
2028 195 2126 225 nostris
2150 198 2398 236 precibus,modis
2436 201 2522 231 1317-

1331 234 1365 269 &
1384 234 1451 271 viis,
1463 233 1564 272 quibus
1581 234 1720 270 poteritis,
1733 241 1922 271 promovere,
1935 233 1986 271 ita,
2004 233 2023 263 si
2039 233 2145 271 placet,
2155 235 2233 271 quod
2249 237 2399 273 praedietus
2414 236 2481 260 [xv.
2497 243 2525 261 ²·

1330 271 1443 303 Electus
1461 271 1496 301 ad
1515 271 1624 301 dietam
1642 270 1816 309 Eccieflam‚
1836 280 1902 301 cum
1919 271 2057 302 celeritate
2075 271 2225 303 deiiderata
2238 296 2248 311 ,
2274 276 2401 306 remitta-·

1331 318 1378 340 tur
1396 310 1513 340 feliciter
1528 310 1689 347 expeditus:
1718 310 1752 340 &
1777 309 1855 348 quod
1877 309 1976 340 eadem
2000 309 2143 347 Ecclesia,
2159 313 2267 342 ratione
2285 312 2401 345 diutina:

1332 349 1484 378 vacationis
1497 348 1640 386 ejusdem,
1661 347 1860 378 calamitatibus
1878 348 2030 379 innumeris
2040 349 2192 389 supposita,
2214 350 2325 381 ulterius
2339 363 2399 383 non

1331 386 1458 429 langueat
1482 385 1602 417 Pastoris
1620 386 1719 417 solatio
1739 385 1883 416 destituta:
1904 387 2037 425 quodque
2054 388 2084 417 iri
2103 387 2168 426 hiis,
2186 397 2249 426 quae
2265 399 2331 427 erga
2349 401 2400 421 nos

1331 424 1544 455 desideraveritis
1563 426 1745 464 promoveri,
1762 433 1904 455 teneamur
1923 434 1975 455 nos
1992 428 2196 465 promptiores,
2216 436 2302 465 prout
2317 429 2398 460 volu-

1332 463 1558 501 mus,exhibere.

1369 500 1438 532 Dat.
1456 501 1529 539 apud
1547 500 1836 533 Westmonasterium
1870 501 1976 532 ocstavo
1989 501 2036 532 die
2050 502 2137 541 Junii.

1369 539 1428 570 Sui>
1446 539 1548 570 eadem
1567 540 1661 583 forma
1682 540 1809 572 scribitur
1829 522 1983 580 ὕσιῃῑηῑε,
2002 540 2132 581 Georgio
2148 543 2184 574 ae
2202 542 2341 582 Poregia‚
2364 544 2398 577 δε

1331 576 1483 609 Francisco
1501 578 1635 619 Gaytani.

2432 713 2449 728 ⁸
2468 716 2524 746 111.

1329 785 1468 842 REX'
1483 789 1616 833 omnibus
1630 789 1755 828 Ballivis,
1769 787 1803 821 &
1824 789 1950 822 fidelibus
1964 791 2032 831 suis,
2046 792 2079 823 ad
2096 804 2182 832 quos,
2195 794 2256 825 &c.
2274 792 2396 827 salutem.
2416 763 2493 822 ΑΙῩΙΞ·
2505 790 2548 821 D·

1422 827 1522 872 Seiatis
1536 828 1632 872 quod,
1647 829 1715 858 cum
1730 838 1835 872 nuper,
1854 830 1895 859 ob
1910 829 2094 861 affetffionem
2112 832 2260 870 specialem
2277 857 2286 872 ,
2311 843 2395 871 quam
2436 838 2523 870 1317.

1328 865 1553 943 samse?
1569 866 2396 945 g'sssuzassxsssugssssssstae
2413 872 2531 934 ἴθ’·

2326 922 2394 942 ecu-
2440 929 2446 935 -
2486 929 2493 935 ·

1327 952 1392 973 rum
1411 928 1587 974 condut‘ji-i’im
1605 942 1735 974 nostrum
1761 929 1935 975 Mercatoies
1960 946 2040 982 ipsius
2066 946 2157 978 Ducis
2174 948 2211 979 de
2230 944 2375 981 Brabantia
2414 949 2472 974 Pat.
2485 956 2528 974 10·

1328 981 1358 1011 in
1371 981 1514 1012 veniendo
1528 990 1598 1013 cum
1612 981 1698 1012 Bonis
1715 982 1749 1013 &
1770 981 1957 1013 Mercandifis
1975 984 2027 1014 suis
2046 985 2076 1014 in
2097 985 2234 1023 Regnum
2246 974 2393 1028 nostrum:
2411 987 2552 1023 13·2·P-2.

1328 1019 1438 1050 ibidem
1456 1019 1614 1058 morando,
1626 1020 1660 1052 &
1675 1019 1711 1051 de
1728 1019 1832 1050 eisdem
1851 1021 2043 1060 negotiando,
2056 1031 2141 1060 prout
2158 1025 2211 1055 fibi
2229 1026 2327 1058 melius
2348 1029 2393 1058 vi-
2412 1032 2451 1052 m·
2470 1033 2496 1059 7·

1327 1058 1420 1089 derint
1433 1059 1579 1097 expedire,
1589 1059 1623 1090 &
1640 1058 1706 1089 iride
1722 1058 1757 1089 ad
1775 1060 1886 1097 propria
1903 1059 2141 1098 redeund03dum
2158 1071 2253 1094 tamen
2270 1066 2338 1097 inde
2353 1066 2395 1098 fa-

1328 1105 1424 1128 cerent
1441 1097 1655 1129 consuetudines
1667 1097 1774 1128 debitas
1786 1098 1820 1128 &
1836 1097 1942 1129 ufitatas
1953 1099 1983 1128 in
1998 1097 2102 1129 eodem
2118 1099 2240 1138 Regno:

1363 1135 1420 1175 Et,
1436 1135 1470 1166 ad
1485 1136 1645 1168 instantiam
1661 1135 1786 1174 ejusdem
1802 1135 1897 1167 Ducis
1930 1137 2152 1168 concesserimus
2163 1139 2266 1171 eisdem
2281 1141 2397 1176 Merca.-

1325 1175 1539 1219 toribu5,quod
1559 1176 1591 1206 in
1606 1175 1708 1206 eodem
1726 1174 1835 1212 Regno
1853 1159 1952 1206 nostro
1969 1186 2028 1219 non
2043 1175 2271 1215 distringerentur
2283 1190 2335 1225 pro
2346 1182 2397 1214 de-

1326 1213 1391 1244 bitis
1410 1213 1444 1244 ali
1465 1214 1564 1252 uibus,
1581 1223 1633 1252 pro
1647 1214 1750 1253 quibus
1762 1212 1916 1244 Debitores
1931 1213 2102 1253 Principales
2115 1238 2126 1254 ,
2154 1225 2200 1247 aut
2213 1217 2280 1249 Fide
2292 1219 2396 1253 uffores

1324 1261 1386 1282 non
1403 1253 1446 1282 exi
1472 1261 1566 1291 erent,
1583 1261 1665 1291 prout
1680 1253 1709 1282 in
1726 1252 1827 1282 Literis
1843 1252 1943 1283 nostris
1961 1251 2136 1291 Patentibus‚
2151 1254 2257 1286 eisdem

1469 704 1490 724 ⁴*
1516 705 1566 737 De
1582 715 1638 736 non
1655 703 1844 751 inquietando
1867 707 2058 740 Mercatores
2078 705 2257 743 Brabantiae.

2299 1258 2394 1291 ierca-

1325 1291 1432 1336 toribus
1449 1290 1518 1322 inde
1536 1290 1694 1330 confeffis,
1711 1290 1846 1330 quamdiu
1864 1292 1946 1322 nobis
1963 1292 2097 1331 placuerit
2116 1293 2265 1334 duraturis,
2287 1293 2396 1334 plenius

1323 1337 1498 1361 continetur:

1361 1367 1445 1408 Nos,
1460 1368 1584 1400 volenter
1597 1367 1702 1400 eisdem
1716 1367 1943 1408 Mercatoribus,
1956 1378 1991 1400 ex
2004 1369 2091 1401 causis
2102 1371 2244 1409 praedietis
2252 1395 2261 1411 ,
2274 1375 2393 1413 gratiam

1324 1405 1417 1438 facere
1430 1407 1616 1447 ampliorem,
1633 1406 1841 1439 conceffimuus
1853 1409 1891 1437 eis
1907 1407 2003 1446 quod,
2016 1418 2070 1446 pro
2086 1410 2345 1448 transgressionibus
2359 1415 2393 1445 &

1324 1446 1461 1477 violentiis
1481 1447 1619 1485 aliquibus
1638 1446 1815 1477 Hominibus
1835 1445 1869 1476 &
1896 1445 2106 1478 Mercatoribus
2129 1448 2246 1488 nostris,
2278 1451 2321 1481 vel
2336 1453 2396 1482 aliis

1323 1485 1547 1525 quibuscumque
1563 1485 1657 1524 illatis,
1675 1484 1762 1515 iidem
1783 1483 1962 1515 Mercatore:
1979 1484 2206 1526 Brabantiae,vel
2224 1498 2323 1520 eorum
2343 1491 2393 1521 ali-

1323 1524 1399 1563 quis,
1417 1524 1463 1555 seu
1480 1523 1561 1555 Bona
1575 1525 1609 1556 ὃ(
1628 1523 1823 1555 Mercimonia
1838 1532 1954 1562 eorum,
1972 1523 2043 1554 infra
2062 1523 2200 1562 Regnum
2220 1526 2253 1557 ὅ(
2270 1529 2391 1565 potesta-

1324 1569 1382 1592 tem
1400 1563 1539 1601 nostram,
1556 1573 1608 1601 per
1626 1572 1696 1601 nos,
1713 1562 1758 1593 vel
1778 1561 1927 1592 Ministros
1944 1561 2067 1601 nostros,
2092 1562 2137 1594 seu
2153 1563 2221 1595 alios
2238 1566 2391 1604 quoscum-

1322 1610 1394 1640 que,
1408 1601 1564 1633 nullatenus
1580 1601 1746 1639 arestentur,
1762 1601 1813 1631 nisi
1831 1610 1882 1639 pro
1899 1600 2157 1639 transgressionibus
2174 1605 2294 1642 propriis
2309 1606 2390 1637 Mei·-

1322 1648 1452 1671 catorum
1463 1640 1500 1671 de
1511 1639 1660 1671 Brabanua
1674 1640 1885 1678 praeditstorum,

1358 1677 1395 1709 Et
1408 1679 1477 1710 ideo
1492 1679 1576 1709 vobis
1589 1678 1752 1709 mandamus
1769 1677 1849 1717 quod
1868 1676 2043 1709 Mercator&
2063 1679 2138 1717 illos,
2155 1680 2186 1710 in
2200 1681 2342 1714 veniendo
2358 1684 2390 1715 in

1321 1715 1459 1755 Regnum
1471 1717 1620 1757 nostrum,
1640 1728 1707 1748 curn
1720 1717 1803 1748 Bonis
1820 1717 1854 1748 &
1874 1716 2078 1747 Mercimoniis
2091 1717 2145 1748 suis
2157 1741 2168 1757 ,
2194 1720 2302 1758 ibidem
2323 1731 2389 1753 mo-

1320 1755 1426 1795 rando,
1442 1758 1476 1788 &
1491 1756 1527 1786 de
1540 1755 1645 1786 eisdem
1661 1754 1854 1793 negotiando,
1870 1765 1904 1786 ac
1926 1755 2119 1787 commodum
2141 1757 2222 1788 fiium
2236 1757 2387 1800 faciendo,

1319 1794 1353 1824 &
1371 1794 1471 1825 exinde
1485 1794 1646 1833 redeundo,
1655 1804 1713 1825 non
1730 1793 2058 1833 inquietetis,molestetis
2069 1796 2099 1824 in
2113 1794 2276 1835 aliquo,seu
2290 1807 2389 1835 grave-

1319 1833 1367 1863 tis:
1383 1843 1438 1864 nec
1457 1843 1556 1864 eorum
1579 1833 1672 1872 bona,
1693 1832 1738 1864 seu
1757 1832 1949 1863 Mercimonia
1968 1832 2103 1872 arestetis3
2123 1844 2195 1874 nec,
2209 1845 2343 1874 quantum
2356 1839 2387 1868 in

1317 1871 1473 1941 ἕῗέὶξωείὶ,
1487 1871 1597 1903 arestari
1613 1872 1796 1911 permittatis,
1812 1880 1908 1902 contra
1922 1871 2135 1904 concessionem
2156 1873 2280 1905 nostram
2295 1875 2387 1915 supra-

1355 1948 1389 1980 In
1403 1950 1495 1988 cujus,
1509 1950 1569 1981 &c.
1584 1950 1718 1989 quamdiu
1733 1949 1816 1979 nobis
1829 1948 1962 1986 placuerit
1979 1948 2128 1980 duraturas.

1391 1987 1480 2019 Teste
1499 1988 1584 2028 Rege
1600 1988 1675 2028 apud
1692 1987 1998 2026 westmonasterium,
2016 1997 2065 2018 20.
2080 1988 2126 2018 die
2136 1988 2223 2028 Junii.

1668 2068 1722 2096 Per
1737 2065 1821 2106 ipsirm
1835 2068 1932 2103 Regem
1947 2068 2093 2096 nunciante
2107 2068 2206 2103 Rogero
2221 2066 2352 2109 Dambry.

1354 2103 1510 2144 Dufflicat.

1535 2230 1585 2263 De
1603 2232 1682 2263 Vino
1697 2229 1816 2274 conceffii
1828 2255 1837 2271 ‚
1850 2240 1906 2275 pro
1925 2230 2044 2261 Guerra
2058 2231 2167 2261 Scotiae.

1315 2315 1370 2369 R
1380 2314 1444 2345 EX
1454 2338 1463 2354 ,
1487 2314 1596 2344 diieetis
1613 2315 1645 2345 &
1664 2314 1805 2352 fidelibus,
1827 2313 1974 2343 Richardo
1989 2312 2026 2343 de
2040 2312 2191 2352 Rothing,
2205 2314 2239 2346 &
2252 2314 2384 2347 Galfrido
2405 2322 2483 2355 Am),
2499 2326 2532 2358 D

1387 2353 1423 2383 de
1439 2354 1463 2383 la
1481 2352 1591 2390 Penne,
1606 2353 1728 2383 salutem.
2427 2372 2504 2403 1“r7
2531 2350 2541 2359 '

1355 2391 1436 2422 Cum
1455 2402 1542 2432 nuper
1556 2391 1783 2428 assigmverimus
1798 2401 1848 2434 vos
1860 2389 1896 2434 ad
1909 2389 2119 2434 recipiendum,
2141 2391 2171 2420 in
2187 2392 2307 2429 partibus
2320 2392 2385 2424 Du-
2407 2385 2460 2429 An?
2476 2388 2519 2433 ια’.

1316 2430 1395 2461 catsis
1410 2430 1538 2469 praediffi
1554 2453 1564 2469 ,
1590 2430 1666 2460 mille
1689 2429 1775 2460 Dolia
1797 2429 1883 2466 Vini,
1905 2439 1987 2467 quae,
2006 2428 2103 2459 dilecti
2119 2429 2152 2460 &
2173 2429 2267 2460 fideles
2278 2431 2384 2471 nostri,
2407 2444 2434 2467 Ε,
2452 2451 2477 2471 2.

1317 2469 1431 2508 Major,
1443 2469 1592 2507 Jurati,&
1608 2469 1784 2499 Univeriltas
1804 2467 1934 2498 Civitatis
1948 2467 2128 2503 Burdegalae:
2148 2468 2181 2498 &
2200 2468 2379 2507 quadraginta
2402 2480 2466 2515 Vasa
2495 2491 2536 2511 10·

1314 2507 1401 2539 Dolia
1423 2508 1509 2545 Vini,
1525 2518 1587 2545 quae
1606 2507 1710 2547 Jurati,
1723 2509 1756 2538 &
1780 2506 1952 2537 Universitas
1977 2506 2072 2548 Sanffl
2092 2505 2216 2536 Macarii
2243 2509 2326 2538 nobis
2349 2511 2377 2540 in
2396 2520 2427 2544 Ε.
2457 2527 2484 2547 a.
2499 2530 2537 2550 m.

1312 2546 1463 2577 subsidium
1480 2545 1600 2576 Guerrae
1615 2546 1719 2576 nostrae
1741 2546 1865 2582 Scotiae,
1887 2554 1984 2574 coram
2008 2543 2116 2574 dileciis
2135 2545 2168 2575 &
2184 2545 2310 2577 fidelibus
2324 2558 2377 2578 no·
2400 2564 2427 2584 2,

1313 2585 1390 2623 Paris,
1399 2585 1526 2623 Johanne
1541 2584 1577 2614 de
1591 2584 1725 2615 Benstede
1735 2585 1784 2621 ,ὃς
1797 2583 1916 2625 ’Πιοῐηέ
1928 2583 1964 2612 de
1979 2581 2161 2620 Cantebrigia
2168 2605 2187 2626 ,q
2193 2584 2227 2614 ad
2243 2595 2330 2623 partes
2344 2587 2379 2617 il-

1312 2624 1349 2655 las
1371 2634 1420 2662 per
1442 2633 1494 2653 nos
1516 2622 1603 2653 miffis
1617 2624 1657 2652 ob
1673 2623 1745 2653 hanc
1760 2626 1888 2659 caulam,
1909 2629 2046 2657 gratanter
2065 2623 2276 2662 concesserunr,
2297 2625 2331 2656 ὃς
2344 2625 2381 2657 ad

1311 2662 1409 2694 eadem
1423 2661 1498 2692 Vina
1507 2683 1516 2699 ,
1538 2661 1573 2691 ad
1587 2672 1654 2700 nos,
1667 2661 1701 2692 ad
1717 2670 1804 2698 partes
1818 2660 1931 2697 Anglite
1946 2659 2088 2690 ducenda:

1349 2699 1633 2740 Mandaverimusque
1646 2700 1750 2729 dilecio
1764 2699 1879 2729 Clerico
1893 2697 1989 2741 nostro
1999 2721 2009 2737 ,
2018 2697 2289 2738 MagistroJohanni
2302 2701 2379 2733 Gui-

1310 2739 1398 2777 tardi,
1411 2740 1443 2770 &
1458 2738 1538 2769 sociis
1551 2738 1617 2777 suis,
1633 2738 1843 2768 collectoribus
1858 2736 1960 2780 Auxilii
1973 2737 2119 2777 praedfflfi,
2133 2738 2210 2776 quod
2230 2739 2311 2770 vobis
2328 2740 2381 2771 Vi-

1310 2789 1347 2809 na
1363 2778 1497 2816 praedidia
1512 2777 1640 2814 liberari,
1657 2778 1690 2808 &
1711 2777 1828 2814 Naves,
1841 2786 1894 2813 pro
1905 2774 2009 2806 eisdem
2025 2776 2106 2806 Vinis
2127 2776 2162 2807 ad
2177 2787 2227 2807 nos
2245 2779 2381 2811 cariandis

1310 2817 1468 2855 provideri,
1487 2817 1520 2846 &
1538 2815 1575 2846 de
1594 2815 1737 2853 Denariis,
1755 2814 1983 2853 provenientibus
2001 2813 2037 2845 de
2054 2814 2134 2844 dicio
2151 2815 2266 2846 Auxilio
2278 2839 2288 2855 ,
2319 2817 2377 2848 fre-

1312 2856 1439 2892 &agium
1456 2864 1508 2892 pro
1521 2854 1626 2885 eisdem
1642 2854 1789 2891 Navibus,
1809 2863 1921 2883 necnon
1936 2853 2062 2890 expenias
2082 2853 2164 2892 alias,
2180 2865 2244 2892 quae
2260 2865 2313 2892 pro
2328 2866 2378 2887 ca-

1309 2896 1398 2931 riagio
1412 2893 1577 2924 eorumdem
1597 2892 1739 2924 Vinorum
1752 2890 1900 2922 necessaria
1916 2891 2026 2930 forent,
2048 2901 2133 2929 prout
2150 2903 2201 2923 vos
2215 2915 2226 2931 ,
2245 2893 2289 2923 vel
2306 2904 2376 2924 unus

1310 2932 1436 2964 vestrum
1458 2933 1484 2962 ei
1499 2932 1568 2962 scire
1587 2931 1729 2969 faceretis,
1743 2931 1813 2962 solvi
1828 2929 1938 2961 faceret.

1346 2971 1484 3009 Idemque
1500 2970 1644 3009 johannes
1658 2992 1668 3008 ,
1688 2971 1788 3001 virtute
1806 2968 1928 2999 mandati
1944 2967 2031 2998 nostri
2053 2967 2182 3011 praediciti
2196 2989 2206 3006 ,
2233 2969 2374 3006 quandam

1309 3020 1418 3049 partein
1443 3009 1585 3040 Vinorum
1605 3007 1825 3047 praedictorum,
1839 3018 1871 3038 ac
1886 3007 2004 3038 diversas
2014 3005 2162 3049 *Pecumae'
2175 3005 2305 3049 Summas
2320 3018 2374 3046 pro

1309 3050 1434 3087 cariagio
1448 3047 1615 3079 eorumdem
1633 3047 1668 3078 ad
1686 3057 1754 3085 nos,
1775 3046 1810 3078 ad
1828 3055 1916 3084 partes
1932 3044 2046 3087 Angliae
2059 3065 2070 3081 ,
2093 3044 2376 3090 vobisxhberaverit,

1309 3097 1392 3127 prout
1414 3089 1443 3118 in
1459 3085 1580 3125 quadam
1600 3085 1749 3117 Indentura
1762 3108 1773 3124 ,
1800 3087 1872 3116 inter
1893 3092 1945 3114 vos
1965 3082 1999 3113 &
2020 3082 2110 3119 ipsum
2131 3081 2200 3113 inde
2221 3084 2376 3125 confeffli,

1309 3127 1416 3166 plenius
1434 3126 1607 3156 continetur:
1887 3160 1893 3166 ⁵
1963 3159 1969 3164 ,
2107 3158 2113 3165 .

1348 3166 1393 3196 Ac
1405 3166 1465 3202 jam
1478 3162 1697 3193 ordinaverimus
1712 3160 1790 3198 quod
1814 3169 1912 3190 omnia
1932 3158 2024 3195 Vina,
2045 3158 2126 3188 nobis
2139 3166 2206 3190 tunc
2221 3162 2373 3202 concessa,

1308 3205 1346 3235 de
1361 3202 1474 3233 Auxilio
1490 3200 1756 3239 pi-aedieto,dilecto
1770 3199 1804 3229 &
1818 3197 1892 3228 fideli
1907 3197 2002 3227 nostro
2034 3196 2162 3227 Antonio
2172 3198 2208 3228 de
2223 3198 2373 3239 Peffaigne

1308 3243 1345 3273 de
1356 3241 1462 3279 Janua,
1477 3239 1642 3277 integraliter
1660 3237 1826 3274 liberentur,
1842 3236 1875 3267 &
1890 3235 1969 3274 quod
1984 3219 2061 3265 id'em
2075 3236 2214 3279 Antonius
2229 3238 2311 3269 nobis
2326 3241 2372 3271 in-

1307 3281 1346 3312 de
1368 3277 1527 3316 responth
1535 3279 1611 3315 juxra
1633 3273 1859 3313 ConventioneS,
1880 3275 1952 3305 inter
1969 3284 2019 3304 nos
2040 3274 2175 3312 &ipsum
2189 3276 2373 3317 praelocutas3

1343 3317 1436 3349 Vobis
1451 3315 1614 3346 mandamus
1627 3336 1638 3351 ,
1657 3313 1772 3344 firmiter
1789 3314 1982 3351 injungentes,
2002 3312 2080 3350 quod
2101 3313 2200 3344 omnia
2218 3313 2308 3353 Vina,
2320 3326 2370 3353 per

1309 3367 1377 3394 vos,
1391 3355 1437 3385 vel
1451 3354 1567 3384 alterum
1585 3351 1713 3382 vestrsim
1734 3360 1860 3390 recepta,
1875 3351 1911 3381 de
1928 3352 2041 3381 Auxilio
2058 3351 2212 3390 praedi-sto,
2227 3354 2281 3382 una
2301 3364 2370 3385 cum

1309 3393 1447 3434 praedieta
1463 3391 1613 3422 Indentura
1629 3390 1665 3421 de
1681 3392 1840 3428 receptione
1860 3389 2000 3432 vinorum
2019 3388 2241 3428 praedidiorum,
2259 3392 2293 3422 δε
2308 3391 2370 3423 Cu-

1310 3434 1423 3470 stagiis,
1436 3432 1510 3462 circa
1524 3430 1681 3466 cariagium
1699 3429 1863 3459 eorumdem
1880 3429 2024 3466 appositis,
2041 3428 2074 3458 &
2093 3427 2209 3457 denariis
2228 3430 2370 3468 etiam,ea

1308 3470 1472 3507 occasione,
1489 3470 1504 3499 Ξι
1521 3467 1637 3506 praefato
1651 3467 1779 3506 Johanne
1798 3469 1915 3504 receptis
1931 3491 1941 3506 ,
1967 3466 2083 3505 praefato
2103 3466 2121 3485 ’³¹‘
2141 3465 2269 3508 Antonio
2284 3490 2294 3506 ,
2323 3470 2368 3500 vel

1307 3512 1363 3550 ejus
1380 3511 1409 3540 in
1425 3508 1477 3538 hac
1495 3515 1569 3545 parte
1588 3506 1755 3544 Attornato,
1768 3507 1816 3536 has
1834 3505 1950 3536 Litteras
1969 3505 2051 3535 vobis
2067 3503 2223 3539 deferenti,
2248 3505 2370 3539 liberetis

1307 3548 1438 3586 indilate,
1452 3547 1488 3576 ita
1511 3544 1591 3585 quod
1604 3544 1680 3575 idem
1693 3544 1832 3576 Antonius
1850 3545 1932 3575 nobis
1951 3543 2017 3574 inde
2035 3539 2198 3581 respondere
2218 3543 2325 3583 valeat,
2339 3555 2369 3578 ut

1306 3586 1429 3619 debebit.
2219 3618 2225 3622 ,

1343 3625 1411 3655 Nos
1424 3623 1504 3654 enim
1517 3631 1569 3652 vos
1581 3621 1617 3651 de
1629 3620 1711 3651 Vinis
1721 3620 1878 3659 praedietis,
1893 3621 1926 3652 &
1943 3620 2071 3650 Denariis
2081 3640 2091 3655 ,
2120 3625 2239 3660 receptis
2253 3630 2305 3658 pro
2319 3631 2367 3653 ca-

1306 3664 1397 3701 riagio
1415 3660 1580 3730 eommgdcern
1587 3682 1598 3699 ,
1611 3659 1742 3690 volumus
1755 3670 1807 3692 vos
1830 3670 1940 3691 exnunc
1953 3657 2070 3690 totaliter
2085 3663 2237 3686 exonerari.

1391 3710 1427 3731 cu
1437 3709 1468 3730 us
1535 3708 1562 3729 c.

1341 3702 1465 3771 InTeiie
1475 3721 1564 3777 'Rege
1578 3735 1651 3775 apud
1667 3735 1949 3769 westmonasterium
1957 3757 1968 3774 ,
1988 3743 2032 3764 12.
2045 3731 2092 3763 die
2101 3733 2189 3773 Junii.

2055 3811 2109 3839 Per
2124 3808 2204 3849 ipfiom
2222 3813 2327 3850 Regem.

2409 3499 2426 3517 ¹*
2447 3501 2501 3530 ῘῘῙ.

2425 3538 2490 3575 648-
