2562 4279
702 170 812 212 ET
906 168 1174 210 ACTA

0 257 75 289 Ann-
89 254 130 287 D·
147 257 258 289 tention
279 258 327 289 des
350 257 490 297 Messages
507 256 535 289 le
554 256 594 287 dit
615 255 682 296 Roy
696 255 890 294 d'Engleterre
910 255 943 285 &
959 254 1046 298 Duc,
1067 263 1139 291 que,
1156 262 1205 290 par

22 303 105 336 133¹·
147 297 206 327 cest
228 297 319 328 Acort
333 321 343 336 ,
361 298 399 327 les
419 298 460 327 dis
483 296 650 326 Seneschaus
669 297 743 324 aient
760 296 861 332 povoir
882 293 917 323 de
932 293 1033 323 Bannir
1049 291 1087 321 les
1104 292 1206 321 Senes-

0 337 65 363 Exi-v.
85 343 98 370 3
145 336 210 366 chal
257 345 295 366 ne
314 344 402 366 autres
419 333 529 365 Officer
543 336 576 365 &
600 333 762 369 ministres,
779 333 804 362 le
823 333 864 363 dit
878 331 947 377 Roy
962 329 1156 369 d'Engleterre
1169 330 1202 360 &

56 372 58 375 ’
145 360 240 412 Duc’,
286 384 317 404 ur
338 374 413 404 nulle
434 372 672 410 Desobeiffance,
698 369 813 401 Meffait
828 395 837 409 ,
863 380 902 413 ou
930 369 954 399 Γ
955 370 1042 412 respas
1056 390 1065 405 ‚
1086 368 1140 397 faiz
1153 377 1202 411 par

144 412 206 443 nuls
222 423 257 443 en
280 423 341 443 euts
356 411 467 443 Offices
477 435 487 449 ,
504 421 540 441 ne
558 410 606 440 nul
621 419 699 440 autre
717 409 764 438 des
786 409 908 439 souzmis
923 408 961 437 du
974 407 1015 450 dit
1031 407 1099 444 Roy
1113 405 1205 435 d’En-

144 451 313 488 gleterre·&
326 450 394 482 Duc
403 474 412 488 ,
431 459 503 487 pour
520 447 634 478 Meffait
648 458 687 478 ou
700 447 820 484 Trespas
835 447 889 476 faiz
903 455 939 475 en
952 445 976 474 la
988 445 1046 475 dite
1062 444 1185 474 Duchee
1193 467 1203 482 ‚

146 491 284 520 combien
299 499 355 527 que
367 489 394 519 le
408 488 493 526 Roy,
512 497 550 517 ou
564 487 589 516 sa
605 486 714 522 Court,
731 486 757 514 le
770 484 893 522 puissent
904 484 971 514 faire
987 493 1023 513 en
1039 492 1084 512 cas
1098 483 1133 512 de
1147 482 1204 512 So-

146 530 304 565 verainete3
324 528 356 558 &
370 526 440 557 n'est
458 536 504 564 pas
516 525 583 555 anisi
599 524 766 554 l‘entencion
778 523 825 552 des
841 522 1013 562 ⁸Traitteurs,
1031 521 1154 558 deputez
1168 521 1203 551 de

146 576 196 604 par
219 567 245 596 le
266 566 334 606 Roy
355 565 391 596 de
411 565 517 595 France
531 586 541 602 ,
566 572 621 600 que
640 572 687 601 par
707 561 766 591 cest
783 561 874 590 Acort
889 559 1031 597 prejudice
1043 560 1095 589 soit
1108 560 1157 589 fait
1170 569 1205 589 au

150 605 212 635 Roi
226 604 262 635 de
277 604 402 642 France,
419 613 456 633 ne
472 613 487 633 a
501 602 539 631 ses
553 600 692 630 Officiaus
705 599 745 629 sus
757 609 802 641 ces
820 598 933 635 choses,
952 607 991 628 ou
1007 607 1096 628 autres
1109 597 1202 635 droiz,

151 643 178 673 se
196 652 288 674 aucun
309 643 328 672 li
349 641 575 680 appartenoicnt,
600 647 657 669 tant
671 637 707 667 de
723 637 826 674 Dm,
844 645 962 666 comme
976 636 1012 666 de
1029 635 1205 673 Coustume,

151 690 236 713 avant
246 682 272 711 le
284 690 374 717 temps
387 679 422 709 de
435 678 494 711 cest
508 679 616 716 present
629 676 744 719 Acon,¹

191 720 230 751 Et
249 729 297 758 par
318 728 356 749 un
375 717 434 748 cest
453 717 554 748 dirrain
578 715 667 745 Acort
685 713 704 743 11
722 720 758 742 ait
779 711 836 742 este
857 712 961 743 acorde
977 737 986 751 ,
1011 723 1066 751 que
1081 723 1153 743 nous
1168 711 1204 741 de

155 757 253 789 Grace
265 757 401 788 osterions
414 756 439 786 la
449 755 507 785 dite
521 754 607 783 Pe'me
622 753 648 781 le
667 751 708 781 dit
726 751 968 790 Adjournement,
986 752 1019 782 &
1036 761 1070 781 ce
1084 752 1132 789 qui
1147 751 1205 780 s’en

155 797 239 827 estoit
253 795 354 833 enfiui,
371 795 405 826 &
420 804 489 832 que,
507 792 570 821 sanz
580 789 720 828 prejudice
734 789 770 819 de
785 790 857 818 l'une
871 791 956 826 partie
967 813 975 826 ,
995 800 1030 819 ne
1044 790 1080 820 de
1097 789 1208 827 l'autre,

154 835 174 864 ii
184 835 238 866 soit
251 834 316 864 ainsi
331 841 410 872 grant
424 841 451 861 es
464 831 512 861 diz
528 827 800 859 Commandemenz
813 852 824 865 .,
850 827 1003 866 Requestes
1019 852 1028 866 ‚
1054 829 1087 858 &
1102 828 1209 858 111111111-

155 874 245 910 tions‚
262 871 430 912 Impofition
446 868 481 898 de
495 867 580 904 Pein,
598 868 631 897 &
645 866 916 904 adjournement,&
929 876 963 897 66
976 868 1024 905 qui
1037 867 1095 897 s'en
1110 867 1207 904 enliui,

155 920 275 942 comme
288 910 314 940 se
327 916 451 945 oncques
467 905 605 936 n'euffent
617 904 674 934 este
689 904 760 942 saiz,

193 949 300 986 Nous,
317 947 353 976 de
373 946 468 975 Grace
488 943 601 981 especial
617 966 626 981 ,
648 942 745 973 ostons
761 943 786 973 la
799 943 856 974 dite
867 943 977 981 Poine,
994 943 1020 973 le
1035 943 1075 974 dit
1088 942 1211 981 Adjour-

155 996 288 1024 nement‚
306 987 339 1016 &
352 994 387 1014 ce
402 992 457 1021 que
470 982 526 1011 s'en
542 981 583 1012 est
598 982 701 1020 enfiui,
721 983 754 1013 &
769 982 890 1012 voulons
907 992 979 1019 que,
994 982 1057 1012 sanz
1070 982 1211 1020 prejudice

156 1026 192 1056 de
204 1025 278 1056 l’une
291 1024 377 1060 partie
391 1031 427 1051 ne
442 1020 477 1050 de
489 1020 586 1050 l'autre
595 1043 604 1058 ,
622 1020 640 1050 il
654 1020 707 1051 soit
725 1020 791 1050 ainsi
806 1029 892 1058 quant
911 1030 938 1050 es
953 1020 1000 1050 diz
1015 1020 1212 1050 Commande*

158 1072 257 1100 menz,
276 1059 433 1098 Requestes
446 1084 455 1097 ,
471 1060 504 1090 &
525 1059 693 1089 inhibitions
707 1081 717 1097 ,
742 1058 909 1096 Imposition
922 1058 958 1088 de
971 1059 1080 1096 Poine,
1097 1069 1137 1088 ou
1152 1059 1214 1088 Ad-

155 1103 354 1140 journement,
370 1098 403 1129 &
420 1107 454 1128 ce
466 1098 514 1136 qui
526 1098 584 1127 s'en
599 1097 700 1136 enfiui,
719 1107 806 1128 come
821 1097 846 1128 se
858 1106 986 1136 oncques
1006 1096 1142 1128 n'euffent
1156 1096 1215 1126 este

157 1140 222 1171 saiz.

197 1214 244 1245 En
255 1214 394 1253 tesmoing
408 1214 444 1244 de
455 1211 480 1243 la
497 1213 588 1252 quelle
605 1213 689 1244 chose
701 1222 753 1243 nos
765 1222 853 1243 avons
866 1211 914 1243 fait
927 1220 1030 1244 mettre
1042 1211 1139 1242 nostre
1153 1211 1218 1242 Seel

160 1264 196 1284 en
209 1264 255 1284 ces
269 1254 405 1291 presentes
418 1253 518 1283 lettres.

195 1330 277 1360 Don.
296 1340 311 1359 a
333 1329 411 1360 Saint
435 1328 590 1359 Christofle
609 1338 644 1358 en
666 1327 767 1357 Halate
781 1350 790 1365 ‚
815 1327 840 1358 le
859 1328 905 1366 xiij
923 1328 986 1366 jour
1007 1326 1043 1357 de
1056 1327 1137 1358 Avril
1151 1326 1218 1357 l'An

158 1369 195 1399 de
207 1368 303 1399 Gracc
315 1368 389 1406 Mil,
409 1367 506 1399 CCC.
524 1368 554 1397 T
556 1375 618 1397 rent
629 1368 662 1397 &
678 1366 742 1397 Un.

198 1447 239 1473 Et
253 1455 334 1482 nous,
353 1455 385 1473 en
402 1442 526 1482 tefinoing
539 1443 570 1472 de
585 1441 612 1471 la
625 1453 677 1472 veu
692 1442 736 1471 des
750 1442 817 1472 dites
830 1442 924 1472 lettres
933 1441 1025 1482 fhines
1040 1439 1078 1477 ό
1094 1445 1217 1481 e7ztiere5‚

160 1481 198 1518 ὠ
214 1484 249 1512 du
264 1482 418 1522 Tranfiript
434 1481 565 1518 d‘icelles,
585 1491 672 1510 avons
687 1484 734 1510 mis
748 1493 780 1510 en
799 1492 825 1510 ce
846 1483 887 1510 dit
908 1481 1063 1520 Tranfiript
1078 1479 1102 1510 le
1118 1479 1178 1510 Seel
1187 1482 1219 1510 de

160 1521 190 1551 la
203 1521 330 1562 Prevoste
343 1522 375 1551 de
391 1523 489 1559 Paris,
506 1519 579 1549 l'An
594 1517 632 1554 ὠ·
649 1519 674 1548 le
687 1521 781 1550 Lundi
796 1519 878 1559 deffics
893 1521 949 1550 diz.

990 1596 1117 1627 Rollant.

763 1670 894 1705 Collation
903 1672 980 1714 faite
989 1682 1044 1712 par
1058 1670 1181 1712 Trouffld.

199 1802 444 1848 Trnnftriptum‚
462 1791 555 1846 [Σήτιον
573 1798 771 1833 Demolitione
792 1796 963 1841 Castrorum
979 1801 1010 1830 in
1030 1798 1185 1843 Wzftonia.

11 1889 139 1921 Ann-D.
162 1887 220 1949 Α
238 1890 312 1916 Touz
328 1896 402 1923 ceus,
420 1889 466 1925 qui
477 1895 515 1914 ces
529 1883 622 1913 lettres
636 1891 770 1922 verrant,
787 1883 887 1922 Jehan
910 1883 941 1913 de
958 1883 1064 1922 Milon,
1082 1883 1175 1913 Garde
1188 1883 1220 1919 de

33 1938 119 1969 1331.
239 1925 267 1954 la
281 1923 407 1964 Prevoste
422 1925 454 1953 de
467 1926 565 1961 Paris,
582 1922 671 1952 Salut.

11 1971 63 1996 An.
78 1975 105 2005 5.
197 1963 313 1993 Sachent
332 1967 386 1992 tuit
409 1973 459 2002 que
481 1972 559 2000 mus,
576 1960 648 1990 l’An
664 1962 695 1990 de
712 1964 800 1990 Grace
815 1959 879 1990 Mil.
899 1963 972 1990 CCC.
990 1963 1090 1990 Trente
1104 1961 1149 1989 Un
1158 1982 1175 2000 ,ῃ
1195 1958 1220 1989 le

12 2011 42 2033 Ε.
65 2015 91 2042 3.
163 2003 257 2033 Lundi
271 2003 343 2031 deux
358 2002 436 2039 jours
456 2011 488 2029 ou
504 2003 578 2029 Mois
592 2001 624 2029 de
637 1999 787 2042 Septembre
796 2022 806 2037 ,
825 1997 934 2037 veismer
948 2009 1012 2027 unes
1025 1998 1136 2035 lettres,
1148 1997 1220 2037 seel-

9 2048 50 2072 Ex
65 2047 92 2070 A
111 2060 122 2065 -
162 2039 214 2069 lees
229 2052 261 2069 en
272 2039 362 2070 double
375 2050 474 2078 queue,
494 2037 531 2071 ό
546 2049 578 2067 en
593 2041 644 2066 cire
651 2048 740 2076 jaune
756 2061 765 2076 ,
785 2039 819 2067 du
832 2040 924 2066 Grant
941 2036 999 2066 Seel
1012 2037 1097 2076 nostre
1110 2040 1221 2074 Seignur

11 2089 76 2118 tagre
163 2076 187 2107 Ie
202 2081 274 2120 qu,
283 2077 376 2116 fizines
389 2076 426 2111 &¹
440 2079 554 2106 entieres
562 2098 572 2114 ,
586 2083 754 2115 contenanz,
771 2076 803 2106 de
818 2084 872 2106 mot
886 2087 904 2104 a
917 2082 972 2105 mot
986 2099 996 2114 ,
1017 2075 1045 2105 la
1052 2075 1162 2115 fourme
1175 2077 1223 2115 qui

163 2116 270 2155 s’ensuit
276 2125 286 2152 ,·

163 2191 318 2253 PHelip,
336 2202 384 2231 par
398 2192 424 2223 la
433 2201 516 2231 grace
529 2191 565 2222 de
581 2190 677 2230 Dieu,
690 2191 764 2222 Rois
777 2191 812 2222 de
827 2191 935 2222 France
943 2214 954 2230 ,
968 2201 983 2222 a
998 2199 1068 2222 touz
1083 2191 1222 2229 ceus,qui

229 2242 276 2262 ces
291 2232 383 2261 lettres
395 2240 530 2269 verront,
548 2229 632 2260 Salut.

202 2269 302 2301 Savoir
315 2270 413 2300 faisons
428 2279 500 2307 que,

168 2338 171 2340 ,
202 2307 332 2339 Comme
344 2318 380 2338 en
394 2308 502 2338 derrain
515 2307 605 2338 Acort
614 2330 623 2345 ,
641 2307 688 2338 fait
702 2314 782 2337 entre
797 2308 915 2338 certains
930 2317 982 2338 nos
997 2305 1172 2337 Conseilliers
1188 2306 1221 2337 &

163 2345 316 2377 Procurers
336 2346 420 2377 d’une
441 2356 518 2384 part,
534 2347 567 2377 &
587 2347 706 2376 certains
727 2345 868 2384 Meffages
881 2347 914 2377 ὅ(
931 2345 1083 2376 Procurers
1096 2346 1150 2384 de,
1170 2355 1223 2375 no-

163 2384 220 2415 stre
233 2386 318 2415 chere
332 2386 365 2416 &
380 2395 444 2415 ame
458 2383 566 2415 Coufin
575 2407 585 2423 ,
603 2384 629 2414 16
642 2383 710 2422 Roy
725 2383 918 2423 d'Engleterre
954 2384 1023 2414 Duc
1042 2383 1077 2414 de
1102 2383 1224 2422 Guyen-

163 2434 460 2492 (ηπ
486 2423 599 2492 aa?
618 2407 981 2492 §crassianae
1000 2422 1171 2491 11116
1189 2422 1224 2490 ἐξ

163 2510 213 2538 par
224 2500 251 2530 le
262 2500 303 2530 dit
318 2486 379 2530 Rbi
394 2472 429 2531 81)
442 2500 513 2530 Duc
527 2485 624 2529 nost’re
637 2498 758 2536 Cousin)
775 2499 830 2530 fust
844 2500 948 2530 acorde
961 2471 1015 2537 <iulg
1035 2509 1085 2537 ce,
1103 2500 1151 2537 qui
1161 2483 1224 2529 ’de-

164 2538 227 2569 voit
239 2538 310 2569 estre
324 2538 425 2568 abatuz
440 2538 476 2568 de
490 2540 608 2569 certains
623 2537 868 2576 Chasteaus,c'est
881 2538 999 2569 assavoir
1012 2537 1106 2568 Sainte
1114 2537 1221 2575 Croiz,

163 2576 320 2615 Madillan,
338 2576 394 2608 Pui
405 2576 568 2614 Pymes,&
583 2576 643 2607 don
659 2576 777 2614 Bardill,
794 2576 850 2607 fust
864 2577 946 2607 abatu
959 2576 1053 2607 selonc
1070 2576 1095 2606 la
1109 2576 1222 2606 foutme

164 2614 265 2646 Baillee
276 2615 314 2646 du
328 2615 485 2647 Mareschal
501 2615 644 2653 Bertrant,

171 2686 175 2691 ,
201 2654 306 2693 Nous,
325 2665 340 2684 a
362 2655 387 2684 la
406 2654 501 2684 Priere
519 2655 552 2685 &
575 2652 769 2691 Supplication
781 2652 820 2683 du
835 2653 876 2684 dit
888 2653 956 2692 Roy
972 2654 1004 2684 ὃς
1022 2652 1109 2691 1)116,
1127 2652 1222 2683 nostre

163 2691 273 2723 Cousm
281 2716 291 2732 ,
308 2692 372 2724 faite
385 2702 399 2722 a
411 2692 497 2723 Nous
511 2692 554 2722 sur
567 2702 602 2723 ce
614 2702 650 2722 en
662 2691 688 2722 sa
703 2691 971 2729 Personne,volons
984 2692 1018 2722 &
1033 2691 1052 2721 li
1063 2692 1222 2731 odiroions,

162 2731 199 2761 de
221 2731 319 2761 Gracc
341 2731 473 2771 especial,
490 2741 546 2769 que
568 2730 604 2761 de
616 2730 709 2770 yceuls
724 2729 895 2768 Chastiaux,
914 2731 946 2762 &
961 2729 996 2760 de
1010 2740 1115 2768 autres,
1134 2731 1161 2761 se
1175 2741 1224 2761 au-

161 2780 232 2801 cuns
253 2779 289 2800 en
344 2780 378 2808 a,
397 2769 444 2799 des
463 2777 556 2807 queux
575 2768 594 2798 il
616 2768 670 2799 fust
684 2777 771 2799 tenuz
793 2778 809 2799 a
828 2769 922 2799 abatre
939 2778 1060 2799 aucunes
1073 2769 1170 2799 choses
1184 2770 1226 2800 se-

161 2807 233 2843 10116
251 2809 289 2838 les
335 2808 378 2838 aiz
398 2808 432 2837 &
453 2807 566 2843 Acorz,
584 2806 639 2837 faiz
657 2816 737 2837 entre
757 2807 846 2838 Nous
870 2817 927 2845 ou,
944 2805 1041 2837 nostre
1061 2807 1139 2838 Ame
1162 2808 1222 2838 Sei-

162 2853 252 2884 gneur
268 2847 302 2876 &
316 2845 443 2883 Cousin,
461 2845 488 2875 16
503 2844 572 2884 Roy
586 2844 702 2874 Charles
712 2845 824 2881 ,nostre
837 2845 1118 2884 Predecesseur,que
1125 2846 1221 2877 Dieux

164 2884 307 2922 Absoille,
324 2885 357 2915 &
372 2884 398 2914 le
412 2884 480 2923 Roy
492 2882 682 2921 d’Engleterre
695 2882 765 2914 Duc
778 2884 814 2914 de
834 2883 992 2924 Guyenne,
1012 2886 1058 2922 qui
1077 2895 1140 2914 ores
1161 2885 1222 2923 est,

163 2916 182 2951 li
194 2922 241 2952 diz
256 2922 329 2966 Rois
342 2922 375 2953 &
390 2922 460 2952 Duc
476 2931 512 2951 ne
525 2922 577 2951 soit
590 2929 676 2951 tenuz
689 2921 749 2959 plus
765 2932 780 2952 a
793 2922 948 2962 abatre,ou
961 2923 1028 2954 faire
1041 2924 1150 2961 abatre,
1165 2933 1222 2962 que

164 2969 253 3028 ceEqii1
255 2959 461 3037 etlestggiggelclg
473 2960 509 3028 Ili)
510 2968 616 3035 azissene
634 2997 719 3028 chose
739 3007 812 3029 nous
833 3007 922 3030 avons
940 2998 989 3030 fait
1010 3006 1113 3030 mettre
1126 2999 1223 3030 nostre

162 3036 226 3068 Seel
239 3047 275 3067 en
288 3046 335 3067 ces
348 3037 487 3075 presentes
499 3036 600 3067 lettres.

198 3111 291 3143 Donn
311 3123 327 3143 a
348 3114 424 3145 Saint
445 3113 617 3152 Christofle,
635 3113 661 3144 le
681 3114 726 3152 xiij
739 3113 807 3153 jour
829 3112 957 3152 d’Avril,
975 3110 1041 3146 l’An
1064 3113 1100 3145 de
1123 3114 1220 3146 Grace

162 3149 229 3181 Mil.
245 3149 342 3181 CCC.
362 3153 472 3184 Trente
490 3154 523 3184 ὅ(
544 3151 608 3183 Un.

14 2433 31 2450 ⁶
49 2431 102 2462 IV.

14 2471 79 2506 487·

199 3228 241 3256 Et
255 3237 335 3263 nous,
352 3238 384 3256 en
397 3228 530 3266 Tesmoing
543 3230 575 3258 de
590 3227 618 3258 la
632 3240 699 3259 veue
713 3231 756 3259 des
769 3231 837 3259 dites
859 3233 973 3260 Lettres
1010 3229 1048 3264 ὠ
1072 3230 1107 3259 du
1130 3232 1219 3259 Tran-

154 3264 239 3304 Jcript
254 3264 380 3303 d'icelles,
397 3277 484 3295 avons
499 3270 548 3295 mis
561 3279 593 3296 en
606 3267 653 3306 cest
668 3270 710 3298 dit
723 3267 878 3307 Transcript
891 3268 915 3298 le
926 3252 991 3299 Seel7
998 3268 1030 3298 de
1044 3267 1073 3298 la
1088 3268 1215 3308 Prevoste

161 3305 193 3337 de
208 3306 305 3341 Paris,
321 3302 394 3334 l'An
408 3303 445 3339 &⁶
457 3303 480 3334 le
495 3306 589 3335 Lundi
601 3305 684 3344 deffin
696 3308 754 3337 diz.

690 3381 822 3413 Collation
832 3383 911 3423 faite
921 3392 974 3423 par
989 3383 1110 3424 Troussel.

206 3506 447 3543 Memorandum
464 3506 500 3539 de
517 3506 618 3539 reditu
639 3509 726 3554 Regis
742 3519 762 3539 a
773 3506 913 3553 partibus
930 3510 1166 3554 Tiranfhmrinis.

11 3599 89 3631 Αῃῃ,
102 3599 144 3631 D·
161 3593 425 3654 MEmorandum
444 3591 519 3632 quod
529 3614 540 3629 ,
563 3592 604 3621 die
623 3591 739 3621 Sabbati
753 3615 763 3630 ,
811 3596 896 3622 oximo
916 3600 982 3623 ante
1001 3594 1104 3633 Festum
1123 3597 1217 3625 Sancti

31 3642 117 3678 1331,
255 3636 362 3669 Georgii
374 3634 521 3668 Martiris,
537 3629 662 3660 videlicet
695 3633 756 3660 vice
766 3641 816 3660 tmo
830 3633 872 3661 die
886 3631 1012 3671 Aprilis,
1031 3637 1118 3663 Anno
1130 3637 1216 3671 Regni

9 3681 63 3706 Aa,
82 3687 110 3714 5,
163 3673 239 3707 Regis
254 3671 408 3708 Edwardi,
424 3672 508 3699 Tertii
522 3679 540 3697 a
556 3672 660 3708 conque
683 3678 716 3706 u,
740 3673 758 3692 θ
768 3673 862 3708 uinto,
880 3671 948 3700 idem
962 3673 1041 3710 Rex,

11 3719 43 3742 Ε,
65 3725 91 3752 3.
198 3709 262 3739 Unax
273 3720 347 3747 cum,
365 3706 517 3738 Venerabili
532 3709 635 3745 Patre,
653 3706 688 3745 J.
702 3707 882 3748 PVyntonienst
894 3709 1033 3752 Episcopo,
1051 3709 1217 3740 Cancellario

10 3753 98 3790 claus.
115 3761 142 3788 5.
153 3747 202 3786 Juo
211 3770 222 3786 ,
238 3750 354 3777 Domino
366 3749 409 3776 W
406 3746 511 3777 illielmo
524 3746 555 3775 de
572 3749 668 3775 Monte
681 3744 836 3784 Acuto,&
849 3747 1005 3787 quibusdam
1020 3747 1083 3777 aliis
1092 3751 1216 3786 Magna-

12 3795 44 3818 Ε.
57 3800 81 3827 3.
89 3797 143 3828 pir,
160 3785 247 3824 tibus,
264 3790 293 3816 in
305 3785 444 3816 Comitivd
460 3785 535 3825 ipfius
546 3787 641 3826 Regis,

11 3838 49 3857 m.
61 3838 102 3864 ¹7·
117 3829 144 3857 d.
197 3823 309 3854 Rediens
329 3835 347 3852 a
361 3823 488 3862 partibus
508 3824 720 3862 Transmarinir,
736 3822 776 3851 ad
813 3833 862 3852 uas
869 3824 946 3862 prius
955 3824 1195 3865 profedlusfuerat

157 3860 266 3899 aplicuit
278 3865 305 3891 in
319 3864 406 3892 Portu
420 3865 565 3893 Dovorriae
573 3884 583 3901 ,
601 3860 669 3891 hord
681 3859 770 3899 nima,
786 3833 825 3897 ἓν
837 3861 1044 3904 mffefiquenti
1062 3851 1215 3904 hospitaba:

158 3905 206 3929 tur
221 3900 294 3938 apud
307 3900 463 3939 anham.

193 4088 266 4118 Tom.
283 4088 325 4116 Π.
343 4087 376 4117 Ρ.
394 4090 452 4118 ΙΙΙ.

1258 168 1288 208 Ρ
1328 170 1367 209 U
1411 172 1443 211 B
1481 170 1514 210 L
1551 171 1571 211 I
1607 172 1646 213 C
1673 173 1722 214 A.
2256 179 2308 228 65

2266 270 2269 273 ’
2325 285 2453 321 Amo,

1291 340 1350 369 Pro
1374 337 1519 384 Johanne
1547 341 1586 374 de
1609 345 1733 387 Nevill,
1751 346 1842 392 fhper
1867 345 2069 390 Ari-estatione
2094 349 2202 393 Rogeri
2222 343 2260 377 de
2321 336 2436 405 Είῖἒὲζ

1669 396 1891 429 Mortuomari.

1247 471 1361 527 REX
1380 471 1538 512 Omnibus,
1560 475 1594 506 ad
1613 487 1701 515 quos,
1719 479 1780 510 &c.
1798 480 1930 512 Salutem.
2321 474 2409 508 ‘4⁷²5'

1340 510 1440 540 Sciatis
1455 513 1533 549 quod
1547 515 1615 544 cum
1632 515 1716 554 Nos,
2323 514 2352 538 E.
2376 521 2402 547 3‘

1284 546 1390 592 Nuper
1405 550 1577 595 attendentes
1591 561 1665 591 grata
1679 556 1713 586 &
1732 555 1875 587 laudabilia
1893 556 2054 597 Obsequia,
2073 566 2155 596 quae,
2176 555 2307 587 Dilectus
2326 554 2419 585 Pat.5.

1246 582 1279 625 ὃς
1292 585 1391 630 Fidelis
1404 587 1516 631 nos’ter,
1530 590 1673 627 Johannes
1685 592 1721 622 de
1737 593 1838 624 Nevill
1853 595 1888 625 de
1904 595 2045 634 Horneby
2066 596 2149 626 nobis
2170 594 2305 632 multipli—
2323 591 2352 616 E.
2372 597 2398 623 3-
2412 593 2436 622 i>=

1245 630 1315 668 citer
1336 625 1499 664 impendit,
1525 629 1721 672 &praecipue
1744 633 1773 661 in
1791 632 1968 664 Arestatione
1991 634 2100 672 Rogeri
2125 633 2162 663 de
2182 632 2308 663 Mortuo
2329 635 2397 654 bm-
2411 625 2439 651 ⁶¹

1246 669 1333 699 mari,
1352 673 1441 701 nuper
1457 663 1579 708 Comitis
1593 667 1748 707 Marchize,
1767 669 1879 701 Inimici
1893 673 1927 702 &
1942 672 2066 702 Rebellis
2080 672 2184 710 nostri,

1286 700 1330 730 Ac
1345 702 1471 731 volentes
1487 704 1575 740 ipsum
1593 716 1628 735 eo
1644 715 1780 743 praetextu
1794 707 1919 739 Munere
1932 710 2088 747 prospicere
2103 710 2238 740 Gratiosp

1285 738 1334 768 De
1348 739 1452 784 assensu
1467 740 1650 785 Praelatorum
1660 767 1669 782 ,
1688 743 1839 776 Comitum
1849 771 1858 785 ,
1874 747 2035 785 Baronum,
2054 750 2087 780 &
2102 749 2221 779 aliorum
2241 733 2309 778 Ma*

1250 785 1366 814 gnatum
1391 788 1419 807 111
1441 778 1630 824 Parliamento
1652 783 1750 812 nostro
1764 806 1773 821 ,
1797 785 1870 821 apud
1892 785 2184 817 Westmonasterium
2207 786 2309 817 ultimo

1252 813 1443 858 Convocato,
1463 818 1642 862 existentium
1652 845 1661 858 ,
1680 819 1912 853 Concefferimus
1928 824 1977 853 fibi
1991 824 2026 853 de
2038 823 2178 854 Ducentis
2193 824 2310 855 Marca-

1250 861 1282 882 tis
1296 854 1412 901 Terrae,
1431 855 1579 887 Habendls
1595 859 1689 889 fibi&
1705 859 1876 891 Haeredibus
1894 861 2045 900 MasculiS,
2062 863 2098 892 de
2111 862 2243 893 Corpore
2258 863 2309 893 suo

1251 892 1376 930 legitime
1392 897 1559 937 procreatis,
1576 897 1743 935 providere,
2174 894 2184 902 ι

1290 930 1375 967 Nos,
1390 933 1616 977 ipsiusJohannis
1631 935 1781 967 Securitati
1796 936 1922 967 volentes
1936 938 2095 976 prospicere
2107 940 2136 968 in
2148 939 2199 969 hac
2216 947 2311 977 parte,

1252 969 1444 1015 conceffimus
1457 982 1498 1010 61,
1516 983 1569 1010 pro
1585 973 1685 1004 Nobis
1700 974 1734 1005 &
1749 975 1919 1005 Haeredibus
1935 976 2054 1013 nostris,
2068 976 2197 1006 Manetia
2208 977 2243 1007 de
2250 978 2311 1007 Lo-

1250 1007 1333 1052 d'res,
1345 1007 1526 1054 Phelipston,
1543 1021 1610 1042 cum
1628 1012 1732 1050 Mora,
1750 1013 1785 1043 ¹&
1810 1013 2066 1054 Up-Wymburn‚
2084 1024 2152 1044 cum
2173 1017 2312 1052 pertinen—

1252 1054 1310 1084 tiis,
1325 1056 1355 1090 .¹.¹¹
1371 1044 1521 1091 Comitatu
1531 1048 1692 1092 'Dorsetiae,
1710 1052 1744 1082 &
1758 1051 1921 1082 Manerium
1934 1052 1970 1082 de
1993 1052 2125 1083 Chelreie
2143 1063 2211 1083 cum
2232 1055 2315 1090 perti-

1254 1092 1353 1128 nentiis
1365 1108 1376 1129 3
1394 1095 1426 1115 m
1447 1085 1595 1118 Comitatu
1617 1088 1702 1118 Berks
1716 1112 1725 1127 ,
1744 1100 1808 1127 quae
1830 1090 1943 1121 fuerunt
1960 1090 2097 1129 johannis
2119 1090 2312 1129 Mautravers,

1255 1121 1372 1152 Inimici
1394 1126 1427 1155 &
1447 1125 1573 1155 Rebellis
1596 1126 1701 1164 nostri,
1719 1137 1774 1157 nec
1794 1138 1853 1158 non
1878 1129 2043 1159 Manerium
2069 1129 2104 1159 de
2114 1129 2316 1169 Wynterburn

1256 1159 1382 1206 Houton
1399 1172 1467 1193 cum
1483 1165 1671 1204 pertinentiis,
1690 1167 1719 1195 in
1735 1165 1813 1196 dicto
1829 1165 1976 1198 Comitatu
1992 1167 2151 1204 Dorsetiae,
2171 1167 2248 1206 quod
2263 1168 2316 1198 fuit

1258 1198 1391 1238 Hugonis
1404 1201 1429 1231 le
1444 1201 1598 1240 Despenser
1612 1202 1752 1242 Senioris,
1770 1214 1860 1241 nuper
1876 1204 1987 1235 Inimici
2002 1207 2035 1236 &
2052 1205 2177 1236 Rebellis
2192 1206 2316 1236 Domini

1259 1236 1294 1267 E.
1309 1248 1399 1276 nuper
1414 1238 1501 1279 Regis
1516 1241 1628 1280 Angliae
1641 1265 1650 1279 ,
1666 1242 1752 1272 Patris
1768 1243 1874 1280 nostri,

1298 1276 1376 1315 Qae
1391 1278 1507 1322 quidem
1523 1279 1668 1318 Manena,
1686 1290 1736 1318 per
1754 1281 1942 1312 Forisfatstum
1964 1282 2164 1320 praedictorum
2181 1282 2320 1321 Johannis

1260 1315 1293 1346 &
1307 1314 1458 1355 hugonis,
1477 1327 1506 1347 in
1524 1317 1617 1348 Manu
1632 1318 1729 1349 nostra
1744 1319 1882 1357 existunt,

1297 1353 1438 1398 Habenda
1452 1357 1485 1387 &
1501 1356 1657 1395 Tenenda,
1677 1360 1821 1396 quousque
1833 1359 1927 1389 eidem
1944 1358 2069 1397 johanni
2089 1358 2125 1388 de
2145 1358 2265 1396 Nevill,
2281 1358 2318 1389 de

1259 1392 1401 1436 praeduffhs
1415 1392 1556 1437 Ducentis
1573 1394 1708 1426 Marcatis
1722 1396 1840 1435 Terrae,
1861 1396 2009 1428 Habendis
2023 1397 2073 1427 sibi
2093 1397 2127 1428 &
2147 1396 2318 1427 Haeredibus

1259 1434 1310 1498 iubs
1325 1429 1477 1475 Mascuhs,
1493 1432 1528 1463 de
1544 1432 1678 1472 Corpore
1691 1435 1741 1465 suo
1756 1435 1882 1474 legitime
1897 1436 2066 1474 procreatis,
2081 1435 2233 1466 fecerimus
2254 1444 2321 1472 pro-

1259 1479 1288 1499 Vl
1309 1479 1364 1506 eri,

1298 1507 1440 1551 Nolentes
1460 1509 1538 1547 quod
1560 1510 1708 1547 praedietus
1727 1511 1870 1547 Johannes
1891 1512 1926 1543 de
1956 1511 2097 1543 Custodia
2125 1511 2322 1542 Maneriorum

1261 1545 1462 1583 praedictorum
1482 1558 1530 1585 per
1553 1548 1621 1578 Nos
1643 1550 1689 1580 vel
1703 1549 1840 1580 Haeredes
1853 1551 1965 1581 nostros
1978 1551 2130 1589 aliqualiter
2142 1558 2323 1588 amoveatur,

1258 1592 1409 1651 ‘cpitequam
1430 1585 1480 1615 sibi
1502 1585 1537 1629 (16
1558 1586 1697 1623 praedietis
1717 1588 1736 1607 ³*
1756 1588 1898 1620 Ducentis
1915 1589 2049 1621 Marcatis
2063 1589 2163 1620 Terrae
2176 1588 2321 1627 provisum
2339 1608 2355 1624 a
2373 1606 2414 1635 IV

1275 1631 1364 1661 uerit,
1384 1632 1413 1653 ut
1431 1623 1472 1653 est
1486 1624 1605 1654 dietum.
2338 1646 2405 1682 433-
2418 1627 2425 1635 ‘

1298 1699 1333 1730 In
1352 1700 1447 1740 cujus,
1465 1701 1527 1733 &ca

1297 1776 1388 1808 Teste
1401 1777 1483 1818 Rege
1496 1779 1568 1817 apud
1583 1778 1739 1821 Haveryng
1755 1788 1811 1813 arte
1827 1780 1935 1820 Boure,
1952 1780 2068 1812 decimo
2081 1780 2126 1812 die
2140 1780 2221 1812 Maii.

1436 1856 1490 1884 Per
1503 1855 1585 1896 ipsum
1598 1859 1696 1895 Regem
1710 1856 1748 1892 ὠ»
1764 1857 1907 1888 Concilium
1915 1883 1925 1896 ,
1941 1861 2088 1889 nunciante
2102 1857 2287 1898 Thesaurario.

1339 1981 1398 2012 Pro
1413 1980 1551 2026 Epistvpo
1571 1980 1726 2026 OJJbrienst
1740 1980 1775 2014 de
1794 1980 1985 2023 Restitutione
2002 1982 2238 2029 Temporalium.

1261 2062 1390 2120 REX
1405 2063 1563 2102 justiciario
1581 2066 1631 2096 suo
1651 2065 1818 2105 Hiberniae,
1836 2068 1883 2099 vel
1897 2068 1954 2106 ejus
1968 2066 2085 2099 Locum
2099 2069 2221 2106 tenenti,
2241 2067 2323 2099 83111-
2343 2082 2410 2112 Am,
2432 2082 2464 2113 D

1335 2111 1404 2133 tem.
2405 2108 2418 2142 ζ
2468 2106 2473 2112 ”

1278 2178 1283 2183 .
1300 2138 1382 2171 Cum
1395 2151 1482 2186 nuper
1495 2142 1736 2183 prohibuerimus,
1755 2145 1906 2176 venerabili
1918 2144 2011 2182 Patri,
2030 2144 2071 2175 R.
2083 2144 2226 2183 Episcopo
2233 2145 2324 2176 Offo-
2343 2130 2451 2196 ‘1235'

1262 2179 1358 2216 1161111,
1377 2190 1425 2224 qui
1443 2180 1478 2211 ad
1500 2181 1569 2212 Nos
1588 2183 1618 2212 in
1642 2182 1745 2214 Anoiifi
1766 2194 1804 2214 nu
1826 2193 1856 2214 er
1875 2185 1954 2215 venit
1970 2207 1980 2222 ,
2000 2183 2079 2221 quod
2101 2184 2157 2221 ipse
2179 2184 2212 2214 ad
2236 2192 2325 2222 partes
2342 2203 2364 2226 E
2390 2183 2402 2218 ”,
2434 2181 2440 2187 ’

1262 2215 1488 2258 Transmarrnas,
1503 2220 1560 2250 sine
1573 2219 1704 2253 Licentia
1720 2221 1818 2253 nostra
1831 2222 1957 2260 speciali,
1976 2222 2133 2253 nullatenus
2147 2222 2174 2252 se
2193 2223 2326 2253 transfer—
2345 2219 2432 2273 ciuus.
2448 2246 2477 2273 5·

1263 2264 1322 2294 ret,

1297 2294 1337 2338 Et
1347 2295 1413 2342 licet
1422 2295 1503 2340 'idem
1513 2295 1668 2336 Episcopus
1683 2298 1717 2329 ad
1732 2307 1822 2338 partes
1837 2299 1982 2337 praediffikas
1994 2300 2022 2331 se
2034 2298 2327 2338 transtuleritmostra
2345 2280 2441 2344 ,5322
2454 2285 2477 2303 ι’

1267 2332 1398 2364 Licentia
1419 2335 1486 2366 inde
1511 2338 1631 2367 minime
1646 2338 1792 2376 requisita,
1811 2339 1857 2368 seu
1871 2337 2007 2378 optenta,
2024 2339 2055 2369 in
2074 2338 2163 2368 nostri
2184 2338 2329 2370 Contem-
2377 2336 2382 2342 ”
2439 2336 2445 2341 ’

1262 2381 1365 2416 ptum,
1373 2373 1407 2403 δί
1418 2383 1519 2405 contra
1526 2374 1756 2406 Prohibitionem
1769 2376 1894 2407 nostram
1903 2377 2084 2415 praedictam,
2092 2386 2142 2414 per
2149 2378 2228 2414 quod
2235 2378 2330 2408 Tem-

1265 2411 1367 2453 poralra
1381 2411 1565 2450 Episcopatus
1580 2414 1707 2451 praedieti
1719 2416 1780 2452 capi
1795 2415 1915 2446 fecimus
1929 2416 1959 2445 in
1975 2416 2100 2446 Manum
2112 2415 2329 2456 nostram,quae

1266 2453 1416 2480 occaiione
1433 2452 1568 2488 praediciti
1583 2454 1611 2481 in
1628 2452 1719 2483 Manu
1736 2452 1832 2484 nostra
1847 2453 1939 2485 adhuc
1955 2453 2093 2492 existunt,

1277 2527 1282 2532 ι
1304 2487 1439 2532 Volentes
1451 2499 1546 2520 tamen
1562 2491 1656 2521 eidem
1671 2491 1833 2530 Episcopo,
1850 2492 1884 2522 ad
1910 2492 1957 2523 Re
1979 2492 2155 2530 uisitionem,
2174 2492 2330 2523 Venerabi-

1264 2525 1296 2556 lis
1311 2525 1547 2571 Eatris,Domini
1560 2529 1750 2569 Neapolionis
1764 2530 1955 2560 Sacrosanetae
1992 2530 2251 2562 omanaeEcclesiae
2259 2530 2330 2563 Dia-

1265 2574 1333 2595 60111
1346 2564 1520 2606 Cardinalis‚
1538 2567 1668 2598 Gratiam
1684 2569 1712 2597 in
1724 2568 1780 2599 hac
1815 2578 1873 2600 arte
1887 2569 1979 2599 facere
1990 2569 2157 2608 specialem,

1286 2603 1488 2648 ¹R-estituimus
1506 2607 1622 2646 praefato
1636 2606 1781 2646 Episcopo
1826 2608 1978 2645 emporalia
1991 2608 2035 2638 sua
2052 2607 2235 2646 Episcopatus
2257 2619 2329 2646 prae-

1263 2641 1348 2679 dieti,
1366 2644 1507 2680 praemissa
1522 2645 1670 2676 occasione
1683 2646 1711 2674 in
1726 2656 1843 2676 manum
1856 2645 1982 2676 nostram
1999 2655 2094 2685 capta,
2112 2648 2149 2676 ita
2163 2647 2241 2685 quod
2250 2647 2328 2678 idem

1265 2679 1421 2720 Episcopus
1435 2682 1469 2713 ad
1493 2683 1579 2721 Nos,
1595 2683 1628 2713 ad
1650 2682 1823 2715 Mandatum
1845 2683 1993 2724 nostrum,
2012 2685 2145 2722 accedat,
2163 2687 2197 2716 ὃς
2218 2684 2329 2717 Gratiae

1265 2719 1386 2759 nostrae,
1427 2731 1459 2751 ro
1480 2720 1660 2759 Contemptu
1683 2723 1717 2753 &
1738 2722 1968 2761 Transgreffione
1989 2723 2148 2762 praedidtis,
2167 2723 2194 2753 se
2209 2723 2327 2755 submit-

1264 2766 1317 2802 tat,
1335 2759 1368 2790 ὃς
1420 2760 1483 2790 obis
1496 2760 1563 2791 inde
1578 2760 1756 2801 respondeat,
1774 2762 1794 2791 fi
1817 2761 1989 2793 voluerimus
2009 2762 2101 2793 versus
2114 2771 2181 2792 eum
2195 2761 2261 2792 inde
2282 2762 2326 2793 lo*

1264 2806 1322 2835 qui.

1302 2834 1340 2866 Et
1357 2835 1424 2866 ideo
1440 2837 1522 2867 vobis
1539 2837 1703 2868 mandamus
1719 2837 1796 2881 quod
1811 2837 1904 2868 eidem
1917 2837 2077 2876 Episcopo,
2095 2838 2141 2869 vel
2156 2839 2212 2878 ejus
2227 2839 2326 2870 Attor-

1262 2882 1359 2943 isiato,d
1362 2885 1397 2942 113t
1403 2875 1469 2921 Ahac
1490 2883 1568 2913 parte
1574 2899 1585 2914 ,
1604 2876 1787 2913 Temporalia
1798 2876 1931 2914 praedic‘ta
1944 2876 2048 2908 restitui
2062 2878 2167 2908 faciatis
2186 2887 2216 2907 in
2229 2877 2326 2911 forma

1274 2922 1339 2950 upra
1360 2923 1385 2942 16
1401 2924 1424 2943 a.

1301 2988 1390 3020 Teste
1404 2988 1487 3030 Rege
1498 2989 1572 3028 apud
1585 2990 1741 3031 Haveryng
1754 2999 1811 3023 arte
1823 2990 1933 3030 Boure,
1949 2991 2065 3023 decimo
2077 2992 2124 3023 die
2139 2991 2219 3022 Maii.

1764 3071 1818 3098 Per
1831 3071 1924 3100 Breve
1938 3069 1970 3099 de
1984 3072 2103 3100 Privato
2118 3067 2217 3106 Sigillo.

1263 3143 1419 3204 EQlem
1434 3144 1529 3189 modo.
1541 3145 1704 3193 manglatum
1721 3145 1761 3176 est
1774 3145 1897 3176 Decano
1905 3146 1938 3177 &
1948 3145 2082 3190 Capitulo
2090 3144 2224 3191 Ecclesiae
2232 3142 2321 3174 01Υο-

1338 3184 1431 3214 nensis
1446 3193 1474 3212 in
1490 3183 1648 3223 Hibernia,
1666 3185 1744 3222 quod
1757 3184 1793 3215 de
1813 3185 2034 3222 Temporalibus
2053 3182 2235 3221 Episcopatus
2253 3192 2324 3219 prae-

1258 3220 1391 3294 ἓίἑὶᾘὲᾢίη
1414 3221 1556 3253 Custodia
1576 3222 1623 3254 sua
1645 3232 1680 3254 ex
1699 3222 1893 3254 Conceffione
1907 3222 1996 3261 Regis
2009 3221 2188 3252 existentibus
2202 3219 2321 3252 liberam

1279 3270 1286 3288 1
1306 3282 1316 3299 >
1368 3271 1394 3289 'C-

1296 3335 1387 3367 Teste
1400 3345 1430 3368 ut
1442 3336 1529 3375 supra.

1955 3416 2009 3444 Per
2022 3413 2092 3444 idem
2103 3412 2203 3444 Breve-

1258 3541 1315 3579 Ad
1343 3549 1450 3593 Regem
1478 3545 1624 3590 Castellae‚
1643 3547 1734 3594 sitper
1756 3546 1943 3590 Arestatione
1961 3545 2077 3580 Thomae
2099 3547 2135 3580 de
2164 3550 2315 3600 Gournay.

1260 3630 1472 3690 MAgnifico
1493 3630 1636 3670 Principi,
1654 3630 1788 3661 Domino
1809 3631 1945 3669 Alfonso,
1963 3631 2021 3662 Dei
2043 3631 2146 3671 gratia,
2166 3632 2315 3675 Castellae,
2333 3636 2408 3669 Ann.
2418 3640 2460 3671 D.

1356 3670 1490 3709 Legionis
1502 3694 1512 3707 ,
1530 3670 1628 3700 Toleti
1643 3693 1652 3707 ,
1669 3669 1790 3699 Galiciae
1804 3694 1813 3707 ,
1831 3670 1955 3708 Sibiliae,
1973 3669 2147 3708 Cordubiae,
2171 3672 2314 3714 Murciae,
2358 3686 2442 3718 1331,

1252 3708 1410 3747 Jehennae,
1428 3716 1512 3746 atque
1533 3708 1672 3747 Algarbize
1695 3707 1789 3744 Regi,
1806 3717 1839 3737 36
1860 3707 1973 3738 Consan
1995 3709 2079 3738 uineo
2094 3709 2143 3740 suo
2155 3711 2296 3744 carissimo
2329 3720 2381 3745 An.
2401 3728 2428 3753 5,

1256 3746 1411 3777 Edwardus
1426 3771 1435 3784 ,
1467 3745 1567 3789 eadem
1589 3745 1675 3785 gratia
1688 3768 1696 3782 ,
1725 3745 1790 3775 Rex
1810 3746 1920 3785 Angliae
1934 3769 1943 3785 ,
1967 3717 2113 3777 &ominus
2136 3747 2288 3782 Hiberniae
2302 3736 2314 3791 ζ
2328 3758 2358 3782 Ε.
2381 3766 2406 3792 3.

1254 3784 1373 3853 i{Scl'Dux
1393 3785 1589 3822 Aequitaniae,
1607 3784 1750 3821 Salutem,
1768 3784 1802 3814 &c
1821 3785 1856 3813 ad
1877 3792 1943 3815 vota
1957 3784 2106 3816 Succeffus
2116 3787 2263 3825 prosperos
2275 3790 2310 3821 &
2328 3793 2413 3832 Claus.
2434 3804 2462 3829 5-

1266 3833 1284 3854 e
1294 3833 1358 3853 ices.

1292 3861 1334 3891 Ex
1349 3860 1539 3899 quorumdam
1556 3859 1693 3889 Fidelium
1707 3859 1872 3890 nostrorum
1887 3860 2016 3892 relatibus
2029 3861 2064 3892 ad
2078 3862 2206 3895 nostrum
2213 3875 2315 3904 perve-
2331 3835 2462 3907 51315111

1253 3900 1296 3930 nit
1306 3899 1448 3937 auditum,
1467 3899 1582 3936 qualiter
1595 3897 1727 3927 Thomas
1739 3898 1776 3928 de
1789 3896 1928 3937 Goumey
1945 3899 2049 3938 Miles,

1296 3938 1356 3975 Qi
1369 3938 1404 3967 de
1416 3937 1559 3966 Seditione
1573 3944 1672 3965 contra
1687 3936 1850 3975 personam,
1867 3938 1983 3968 celebris
2004 3941 2170 3980 memoriae,
2190 3941 2316 3975 Domini

1259 3975 1294 4007 E.
1308 3986 1346 4006 nu
1367 3986 1398 4005 er
1411 3975 1499 4011 Regis
1513 3974 1641 4013 Angliae,
1660 3973 1746 4004 Patris
1762 3975 1868 4013 nostri,
1885 3976 1919 4006 &
1941 3974 2159 4016 Conspiratione
2178 3980 2207 4010 in
2223 3991 2318 4013 morte

1259 4016 1335 4053 ejus,
1349 3986 1525 4043 kDiffamatus
1538 4013 1644 4051 extitit,
1663 4013 1696 4042 &
1709 4012 1817 4051 existit,
1835 4014 1869 4044 &
1885 4015 1952 4053 qui,
1971 4025 2008 4046 eo
2019 4025 2157 4055 praetextu
2168 4017 2314 4057 Judicium

1259 4053 1386 4092 fugiens,
1401 4050 1571 4083 clandestine
1585 4052 1651 4082 exiit
1665 4050 1802 4119 Regnum}
1815 4051 1944 4084 nostrum
1953 4075 1965 4091 ‚

2235 4093 2321 4132 Apud

1444 4124 1451 4143 l
