2562 4279
148 149 222 188 152

2 223 79 254 Ann.
94 220 135 251 D.
146 220 262 250 dubiam
278 217 435 255 praebeatis‚
453 215 568 256 &ui-it,
584 212 613 240 in
628 205 927 252 praemiffismostrum
939 202 1107 248 desiderium
1121 209 1206 246 com-

24 260 111 299 1326.
148 259 271 297 pleatur,
288 265 374 310 opem
390 251 601 321 &stcsonlilium‚
620 252 687 278 licut
701 246 738 276 de
752 246 833 277 vobis
848 242 1038 280 confidimus,
1054 240 1143 272 velitis
1155 249 1204 277 ap-

4 300 71 328 ia.
90 308 117 326 ²'
149 305 254 364 ¹³⁰3}ssss
268 301 411 369 grege?
438 301 467 320 ¹·

151 407 321 440 Confimiles
340 406 438 436 litterae
459 402 616 441 diriguntur
638 400 810 439 subscriptis,
827 399 878 431 sub
891 398 1010 429 nomine
1023 394 1131 435 praefati
1146 392 1205 424 Ar-

551 441 642 479 naldi3
660 440 807 477 videlicet,

184 521 335 554 Guillielmo
347 518 492 560 Reymundi
507 517 539 547 de
553 520 630 548 Cavo
645 519 743 546 Monte
756 513 911 546 Domicello.

187 561 281 592 Nobili
295 563 374 597 viro,
391 560 551 588 Sanceverio
565 557 596 586 de
611 555 739 593 Pinibus,
757 553 855 583 Militi.

188 599 283 630 Nobili
297 602 377 636 viro,
391 600 538 626 Amaneno
554 595 586 625 de
597 593 719 633 Foffato,
738 591 837 622 Militi.

186 637 281 669 Nobili
296 640 374 673 viro,
398 633 528 664 Arnaldo
541 634 572 663 de
587 636 664 662 Duro
678 634 753 661 Forti
768 655 778 670 ,
796 629 895 660 Militi.

187 678 206 697 ³*
226 674 319 706 Nobili
333 677 412 712 viro,
430 671 557 702 Arnaldo
570 669 716 701 Guillielmi
731 671 762 700 de
775 672 878 699 Bearn.
895 669 1010 698 Domino
1030 665 1061 694 de
1074 662 1205 702 LefiunO.

187 715 316 755 Johanni
332 714 363 743 de
377 715 480 742 Bearn.
499 711 568 740 dic‘lo
583 709 694 748 Laspes.
1163 739 1165 742 ι

188 751 283 785 Nobili
295 755 374 791 viro,
392 749 542 786 Reymundo
557 748 704 786 Durandi,
723 745 832 785 Militi,
850 742 994 785 Seneftallo
1006 740 1176 773 Laudarum.

187 794 344 823 Laurentio
356 791 388 820 de
405 788 483 819 Villa
492 811 503 828 ,
520 790 585 817 Civi
599 789 697 816 Baion.

189 830 318 870 Johanni
330 827 462 868 Columby.

189 872 272 899 Petro
285 867 396 898 Calculi.

191 907 347 938 Bertrando
360 904 478 943 Calculi,
494 907 558 934 Civi
571 901 749 941 Burdegaliae.

191 949 272 976 Petro
284 946 315 975 de
328 947 490 974 Ganaretto.

190 987 288 1014 Pontio
304 986 445 1013 Amanem'
458 982 489 1011 de
505 979 680 1011 Madelhano.

192 1022 288 1054 Nobili
302 1026 380 1059 viro,
401 1020 542 1059 Boglonio,
561 1018 660 1050 Militi.

5 691 22 708 ¹¹
45 692 95 718 IV.

9 738 69 764 ¹92·

295 1153 353 1189 Ad
368 1150 525 1201 Jacobum
545 1153 653 1198 Regem
671 1151 829 1195 Aragoniae
846 1142 882 1179 de
899 1141 1068 1178 Credentia.

9 1233 86 1265 Am·
97 1230 139 1263 D·
157 1240 369 1303 MAgriifico
390 1238 514 1276 Principi
527 1260 537 1275 ‚
561 1236 695 1267 Domino
707 1233 833 1277 jacobo,
852 1230 910 1275 Dei
924 1226 1027 1272 gratia,
1043 1224 1211 1269 Aragoriiae,

30 1273 115 1311 1326.
211 1290 214 1295 ⁴
253 1279 411 1317 Valenciae,
429 1277 575 1313 Sardiniae,
594 1276 627 1306 ὃ(
642 1273 786 1310 Corsicae,
804 1271 883 1306 Regi
900 1267 1025 1311 ΙΙΙιῃίέῐιὀ
1042 1264 1212 1307 Comitique

7 1315 62 1339 ²³²²·
82 1321 124 1347 ¹9·
155 1318 352 1349 Barchinoniae
365 1339 375 1355 ,
400 1326 432 1346 ac
453 1314 565 1346 Sanctae
579 1313 720 1343 Romanae
733 1309 867 1341 Ecciefiae
878 1306 1045 1342 Vemllano,
1063 1303 1212 1339 Amirato,

9 1353 45 1393 E:
61 1360 86 1378 2·
156 1358 190 1388 &
203 1356 362 1395 Capitaneo
375 1353 526 1390 GeneraU,
546 1351 651 1381 Amico
663 1350 712 1379 suo
728 1346 886 1384 cariffimo‚
904 1342 1074 1380 EdwarduS,
1092 1339 1211 1372 &c.Sa-

7 1387 72 1416 ΜΙΔ-
157 1396 264 1434 lutem‚
282 1396 315 1427 &
332 1395 445 1424 sincerae
460 1390 617 1421 dileffionis
630 1387 779 1419 affectum.

195 1434 284 1471 Super
299 1431 462 1470 quibusdam
477 1428 568 1459 arduis
582 1428 719 1467 negotiis,
738 1434 803 1463 quae
823 1421 973 1461 specialiter
988 1418 1106 1450 insident
1128 1418 1212 1448 nobis

157 1472 239 1503 cordi
252 1494 262 1511 ,
286 1471 392 1502 dilec‘to
409 1469 490 1498 nobis
501 1491 512 1505 ,
536 1466 662 1496 Arnaldo
678 1463 805 1501 Calculi,
823 1470 925 1492 votum
939 1460 1096 1500 aperuimus
1112 1458 1212 1487 mentis

158 1511 261 1542 nosti-ce
271 1533 280 1548 ‚
301 1507 523 1543 Magnificentiae
537 1504 639 1536 vestrae
653 1513 702 1544 per
715 1501 840 1533 eundem
852 1499 976 1530 seriosius
990 1495 1190 1539 referendum,-

196 1549 324 1579 Vestram
345 1545 544 1577 Excellentiarn
565 1551 708 1574 exorantes
724 1563 736 1587 ³
757 1539 887 1578 quatinus
909 1537 1002 1568 eidem
1023 1534 1165 1571 Arnaldo,
1184 1544 1213 1563 in

159 1588 228 1656 giis,
246 1597 310 1626 qua:
323 1586 405 1617 vobis
417 1583 491 1614 dicet
505 1592 539 1613 ex
553 1591 629 1620 parte
644 1579 754 1617 nostra,
771 1577 858 1609 fidem
873 1576 963 1608 velitis
975 1573 1119 1605 indubiam
1134 1572 1214 1603 adhi—

181 1636 234 1656 ere.
1117 1633 1119 1636 Α

195 1664 263 1695 Dat.
281 1662 409 1701 utsupra.

158 1790 322 1835 Confimiles
339 1791 443 1822 Literae
457 1786 500 1820 ad
518 1783 679 1830 Alfonsttm
690 1809 700 1825 ‚
722 1781 840 1829 praefati
862 1781 949 1826 Regis
965 1779 1215 1823 Primogenitum.

15 1873 90 1905 Ann.
100 1871 140 1903 D.

41 1911 124 1951 1326.

13 1954 66 1978 An.
84 1960 124 1985 ¹9-

12 1993 43 2017 E.
64 1999 89 2017 2.

12 2026 117 2056 Ibidem.

163 1877 220 1932 R
230 1875 254 1907 E
265 1875 312 1913 X,
329 1873 433 1905 Nobili
452 1874 517 1903 viro
532 1894 541 1909 ,
566 1869 702 1900 Domino
724 1865 863 1904 Alfonso,
881 1862 991 1894 illustris
1004 1862 1092 1902 Regis
1106 1861 1217 1898 Arago-

240 1915 294 1944 niae
315 1912 511 1951 Primogenito
525 1934 534 1947 ,
559 1907 673 1938 Comiti
694 1905 806 1945 Urgell.
825 1905 858 1935 &
881 1902 1057 1946 Vicecomiti
1075 1901 1111 1930 de
1131 1900 1216 1939 Ager.

159 1952 253 1983 amico
266 1952 314 1982 suo
329 1950 468 1982 carissimo
477 1973 486 1986 ,
505 1947 646 1984 Salutem,
664 1946 697 1977 &
711 1945 825 1974 sincerae
837 1941 996 1972 dilectionis
1009 1938 1155 1970 affetfmm.

196 1991 286 2029 Super
308 1989 446 2027 aliquibus
466 1986 587 2023 negotiis
600 2007 611 2023 ‚
633 1993 697 2022 quae
718 1981 868 2020 specialiter
888 1979 1008 2009 insident
1022 1978 1106 2007 nobis
1120 1976 1216 2015 cordi,

158 2029 264 2060 dilecto
280 2029 379 2066 nobis,
398 2025 523 2057 Arnaldo
537 2022 664 2059 Calculi,
681 2030 784 2063 votum
799 2018 957 2058 aperuimus
972 2017 1073 2047 mentis
1090 2015 1195 2046 nostrae
1206 2038 1216 2054 ,

160 2068 243 2099 vobis
258 2077 308 2105 per
321 2065 442 2097 eundem
455 2061 634 2094 referendum
648 2059 771 2091 seriolius
784 2067 834 2088 ore
848 2065 938 2087 tenus.

197 2105 326 2137 Vestram
342 2106 422 2144 igitur
441 2102 638 2133 Dilefflonem
653 2099 819 2136 requirimus
834 2104 868 2126 ex
884 2092 990 2125 affectu
1026 2101 1162 2131 quatenus
1176 2092 1218 2122 ei-

158 2146 226 2176 dem
243 2143 385 2181 Arnaldo,
403 2143 432 2172 in
445 2142 515 2179 hiis,
532 2149 597 2178 quae
616 2138 698 2169 vobis
717 2136 792 2166 dicet
807 2143 841 2165 ex
874 2141 931 2163 arte
944 2116 1055 2170 milia,
1071 2130 1158 2161 fidem
1174 2132 1218 2161 in-

159 2184 274 2214 dubiam
295 2182 422 2220 praebere
435 2204 445 2218 ‚
470 2180 503 2210 &
517 2203 526 2216 ,
553 2187 583 2208 ut
598 2177 627 2206 iri
646 2174 790 2218 praerniffis
805 2143 936 2215 mollium
952 2170 1118 2214 desiderium
1135 2179 1219 2200 com-

159 2223 265 2262 pleatur
277 2243 286 2258 ,
314 2220 414 2258 Opem
433 2220 466 2250 &
487 2216 646 2248 Consilium
658 2237 668 2253 ‚
692 2218 762 2245 licut
780 2212 817 2243 de
830 2211 911 2243 vobis
922 2208 1111 2247 confidimus,
1128 2208 1218 2241 velitis

159 2271 195 2300 ap
236 2268 381 2328 neretqsuae
395 2256 518 2296 potestis.
799 2274 807 2282 .

233 2307 268 2329 at.
285 2307 304 2327 u
341 2307 415 2335 upra.

162 2374 331 2408 Consimiles
354 2373 454 2405 litterae
475 2372 635 2410 diriguntur
647 2367 805 2404 subscriptis
820 2389 831 2404 ‚
845 2364 895 2396 sub
907 2363 1028 2396 nomine
1043 2362 1149 2401 praefati
1162 2362 1219 2394 Ar-

559 2409 652 2445 naldi3
669 2406 817 2443 videlicet,

203 2493 285 2522 Petro
307 2489 417 2527 Infanti
431 2511 446 2534 ,ι
464 2485 577 2526 Illustris
600 2487 677 2522 Regis
699 2484 851 2520 Aragoniae
866 2479 981 2519 fi’cundo
1003 2479 1083 2509 Nato
1097 2503 1107 2517 ‚
1123 2482 1220 2509 comiti

202 2524 607 2603 Vebreyil‘palb'ilissaglpfgbsstlino
622 2558 821 2598 Archiepisbopo
835 2558 865 2587 de
877 2555 1027 2595 Saragoffd.

206 2604 356 2636 Venerabili
370 2606 469 2641 Patri,
487 2605 602 2631 Domino
614 2599 763 2639 Reymundo
778 2595 898 2635 Epifiopo
913 2597 944 2625 de
958 2594 1072 2625 Leridti,

204 2642 354 2674 Venerabili
366 2644 464 2679 Patri,
482 2643 596 2670 Domino
607 2636 716 2677 Gaston.
744 2634 865 2674 Episcopo
880 2633 995 2673 Osquen.

201 2681 296 2712 Nobili
309 2684 371 2711 viro
380 2703 390 2718 ,
409 2682 506 2709 Ottoni
522 2679 554 2708 de
568 2676 704 2707 Muncade
714 2697 724 2713 ,
741 2676 858 2704 Domino
874 2673 905 2701 de
919 2674 945 2701 E
942 2678 1009 2711 yton
1019 2694 1029 2710 ,
1046 2673 1219 2700 Procuratori

242 2723 327 2756 Regni
340 2721 499 2756 Aragoniae.

204 2758 382 2804 Nobililviro
396 2781 407 2796 ‚
429 2759 543 2786 Domino
563 2751 711 2784 Guillielmo
730 2751 762 2781 de
782 2747 912 2787 Inglerole
926 2771 936 2787 ,
961 2750 1078 2778 Domino
1099 2748 1132 2777 de
1147 2745 1222 2776 Bello

208 2798 392 2873 Ntllglilquiro,
407 2831 536 2863 Arnaldo
550 2832 668 2867 Rogerii,
686 2830 784 2858 Comiti
798 2827 830 2856 de
843 2825 969 2855 Palhars.

207 2872 302 2903 Nobili
315 2876 393 2911 viro,
412 2871 560 2910 Reymundo
575 2867 662 2898 Foulc.
681 2870 708 2897 V
708 2869 832 2896 icecomiti
847 2864 961 2894 Cardon.

470 3009 529 3045 Ad
544 3013 674 3056 Papam,
698 3007 734 3040 de
758 3005 926 3040 Credentin.

26 3096 155 3130 AnnD.

50 3137 135 3176 1326.

28 3180 80 3204 Aa.
100 3184 144 3210 ¹9·

29 3219 96 3242 ΕΛ..

172 3100 294 3162 PApae
309 3098 374 3129 Rex
388 3097 491 3128 devota
504 3095 616 3126 Pedum
631 3093 725 3124 oscula
736 3094 893 3123 beatorum.
1081 3105 1084 3117 2

259 3138 315 3169 Etsi
328 3136 428 3167 vestrae
442 3134 631 3171 Clementiae,
649 3132 731 3162 Pater
745 3130 936 3167 Sanetiffime,
952 3129 1030 3167 Qae
1044 3129 1133 3168 inter,
1143 3129 1227 3169 Mag-

174 3177 293 3208 nificum
312 3175 476 3212 Principem
490 3197 500 3212 ,
527 3172 692 3202 Dominum
708 3169 823 3208 Regem
839 3168 981 3204 Franciae,
998 3168 1031 3197 &
1045 3167 1131 3206 Nos,
1148 3169 1227 3205 super

174 3215 373 3247 reformatione
396 3212 477 3242 Pacis
495 3210 572 3251 gesta
586 3209 710 3246 fuerant,
727 3207 889 3238 vestrorum
904 3206 1072 3236 mediatione
1086 3206 1225 3236 Nuncio-

27 3257 89 3279 Rom
111 3259 152 3285 ¹9-
174 3264 256 3292 rum,
275 3254 308 3284 &
323 3261 387 3289 quae
400 3252 483 3281 etiam
497 3247 683 3289 postmodum
696 3244 884 3281 emerserunt,
903 3243 1079 3280 temporibus
1093 3244 1228 3282 scripseri-

30 3295 61 3318 E.
78 3299 92 3317 2
116 3300 152 3316 m.
174 3303 238 3324 mus
257 3289 413 3323 successivis
427 3299 433 3318 :
459 3289 493 3319 ὃ(
515 3297 620 3325 nuper,
639 3285 673 3316 ea
685 3284 721 3315 de
735 3282 845 3321 Causa,
862 3281 995 3312 dilectum
1010 3280 1158 3312 Clericum
1173 3292 1226 3312 no-

34 3337 59 3364 3·
174 3331 283 3369 strum,
299 3327 469 3368 Magistrum
483 3325 676 3356 Willielmum
697 3322 734 3353 de
746 3320 872 3352 Weston
886 3344 895 3357 ,
913 3319 987 3358 Juris
1002 3318 1102 3350 Civilis
1115 3320 1227 3350 Profes-

176 3371 269 3402 sorem
289 3367 379 3405 (super
400 3365 533 3396 omnibus
547 3364 629 3394 rebus
649 3361 732 3402 gestis
745 3358 941 3390 informatum)
956 3357 989 3387 ad
1005 3357 1183 3388 referendum
1196 3368 1227 3389 ea

176 3408 277 3439 vestrae
299 3403 510 3436 Mansuetudini
521 3425 531 3440 ,
549 3411 618 3432 cum
631 3400 733 3431 nostris
748 3398 859 3429 Litteris
872 3396 908 3427 de
920 3395 1091 3434 Credentia,
1109 3396 1229 3428 destina-

179 3447 320 3482 verimus3
339 3444 386 3482 qui
400 3443 491 3472 adhuc
506 3451 590 3479 penes
606 3449 658 3470 vos
673 3447 783 3468 moram
797 3435 873 3466 facit.

215 3484 264 3514 Ut
284 3491 378 3514 tamen
400 3480 567 3511 luculentius
579 3503 589 3516 ,
613 3478 646 3508 &
669 3476 780 3506 Rerum
799 3473 938 3514 gestarum
959 3472 1037 3503 series
1049 3495 1058 3510 ‚
1076 3471 1109 3502 δε
1123 3471 1228 3503 nostrae

179 3522 282 3553 mentis
300 3520 467 3557 Conceptus
482 3541 492 3556 ,
512 3516 613 3547 vestrae
628 3513 794 3545 Beatitudini
817 3511 992 3542 denudentur
1007 3534 1016 3548 ,
1041 3510 1168 3540 nobilem
1184 3512 1228 3542 vi-

178 3570 241 3591 rum
278 3559 448 3589 Bernardum
459 3556 576 3594 jordani
591 3554 756 3597 Dominum
773 3551 809 3581 de
824 3550 929 3594 Insula,
948 3549 1090 3586 Militem,
1175 3587 1180 3592 ¹

217 3599 235 3617 *
250 3582 302 3627 ²De
316 3598 394 3634 cujus
407 3595 543 3626 fidelitatis
557 3595 591 3625 δε
605 3591 747 3623 industriae
763 3588 952 3629 magnitudine
972 3587 1083 3625 plenam
1097 3585 1229 3617 fiduciam

179 3646 209 3666 re
229 3645 352 3666 ortamiis

210 3645 253 3740 Ξῖ
265 3658 371 3740 (megs,
383 3672 462 3740 fil'per
476 3668 622 3710 praemiffis
642 3667 776 3699 omnibus
790 3690 800 3704 ,
824 3674 874 3703 per
887 3687 897 3703 ‚
912 3663 1048 3694 dilectum
1062 3662 1159 3701 nobis,
1175 3662 1232 3693 Ar-

183 3720 226 3741 nai
248 3721 296 3740 um
340 3721 420 3741 acui

219 3748 307 3784 Cujus
327 3732 519 3786 obsequ’iosam
540 3744 794 3786 promptitudinem
809 3767 818 3779 ,
836 3742 870 3772 &
883 3739 1016 3771 fidelitatis
1029 3737 1234 3776 constantiam,

183 3794 242 3816 tarn
262 3794 326 3821 erga
337 3809 346 3822 ,
371 3787 456 3816 bonae
476 3785 622 3815 memoriae
637 3808 646 3821 ‚
671 3783 835 3812 Dominum
852 3780 887 3810 E.
905 3778 1076 3809 Genitorem
1088 3776 1234 3814 nostrum,

187 3824 275 3861 quam
288 3832 351 3861 erga
362 3822 448 3861 Nos,
465 3824 546 3853 omni
559 3832 685 3860 tempore
699 3819 865 3851 indubitatas
879 3818 912 3849 &
925 3815 1078 3848 fructuosas
1093 3816 1234 3854 cognovi-

183 3870 263 3895 mus,

223 3898 313 3928 Plene
328 3897 360 3927 δί
373 3900 466 3935 aperte
480 3898 598 3928 fecimus
613 3896 775 3934 informari,
987 3929 989 3931 ,

224 3935 297 3980 Una
315 3945 390 3977 cum¹
403 3935 518 3974 piaefato
539 3935 664 3965 Arnaldo
678 3959 688 3972 ,
713 3934 747 3965 ad
769 3932 868 3964 vestra:
888 3932 1046 3964 sanctitatis
1060 3929 1234 3968 praesentiam

184 3975 314 4006 duximus
323 3971 531 4010 destinandum,

224 4012 310 4044 Totis
322 4010 413 4042 cordis
429 4009 565 4041 desideriis
580 4010 776 4048 supplicantes,
791 4008 919 4048 quatinus
931 4007 1049 4047 praefatis
1061 4030 1071 4046 ‚
1090 4005 1233 4039 Bernardo

35 3588 53 3605 ⁶
68 3589 120 3614 IV.

40 3634 103 3661 ¹93-

597 109 1403 171 CONVENTIONES3
1457 106 1842 160 LITERAE,

1245 197 1280 228 &
1304 195 1430 227 Arnaldo
1442 218 1453 235 ,
1477 204 1511 226 ac
1530 204 1631 226 eorum
1651 195 1752 233 alteri,
1769 195 1800 224 in
1811 189 1882 232 hiis,
1899 201 1966 232 quae
1978 189 2079 224 vestrae
2090 189 2253 232 benignitati
2267 204 2302 226 ex
2320 187 2398 224 Ann.
2412 187 2455 225 D.

1245 243 1324 272 parte
1343 234 1439 280 nostra
1454 233 1648 278 proposuerint
1663 256 1673 271 ‚
1697 233 1745 264 vel
1758 232 1947 272 proposuerit,
1965 230 2052 261 fidem
2066 231 2210 263 credulam
2222 233 2302 264 adhi·
2350 231 2436 271 1326.

1245 274 1313 318 bere
1325 273 1498 313 dignemini,
1514 282 1548 302 ac
1561 272 1633 310 tale,
1650 273 1685 303 &
1699 271 1882 307 tanisalubre
1893 269 2049 301 remedium
2069 279 2210 308 apponere
2224 272 2303 310 super
2323 273 2391 301 Ἐάν.
2409 278 2436 300 2'.

1245 311 1297 342 hus
1306 334 1316 351 ,
1333 322 1398 351 quae
1412 312 1429 342 a
1441 312 1556 342 rationis
1569 311 1680 341 tramite
1693 309 1801 340 deviata
1812 310 1982 346 noscuntur,
2001 307 2083 346 quod
2093 308 2216 339 Αυᾶοτί
2228 310 2305 342 sum-

1246 359 1298 380 mo
1311 350 1503 389 complaceat,
1522 350 1555 380 &
1569 348 1702 386 Exempli
1715 349 1851 386 pernicies
1863 348 2013 378 auferatur·

1284 389 1353 420 Nec
1375 389 1516 427 displiceat
1530 412 1541 426 ,
1558 388 1734 426 quaesumus,
1751 385 1852 417 vestrae
1867 385 1994 417 Sanctitu
2016 385 2072 424 ini,
2090 384 2171 424 quod
2184 385 2305 425 solempss

1246 436 1296 457 nes
1311 427 1448 458 Nuncios
1463 427 1498 457 ad
1513 426 1634 458 vestram
1649 424 1839 463 praesentiam,
1856 423 1891 454 ad
1912 424 2031 462 praesens
2044 446 2055 462 ‚
2073 433 2133 454 non
2148 425 2304 464 mittimus,

1247 474 1279 509 ut
1299 465 1436 503 deceret3
1460 465 1576 496 scientes
1597 464 1674 503 quod
1695 464 1802 493 viarum
1821 462 1972 492 discrimen
1990 461 2048 492 hoc
2062 471 2122 493 nori
2136 463 2236 500 patitur
2252 463 2305 494 hiis

1248 503 1363 548 diebus,
1378 504 1447 535 ficut
1460 503 1590 542 praefatus
1603 501 1740 534 Arnaldus
1755 501 1838 534 vobis
1847 523 1856 540 ,
1873 500 1895 531 si
1908 500 2004 539 libeat,
2022 500 2132 538 plenius
2145 501 2246 533 referte
2251 510 2306 540 po-

1248 550 1313 573 terit
1325 553 1375 573 ore
1386 551 1477 573 tenus.

1285 580 1445 611 Conserv'et
1457 590 1526 618 vos,
1544 581 1605 612 &c.

1286 619 1355 651 Dat.
1373 618 1446 658 apud
1463 618 1632 658 Langeton,
1647 617 1784 651 vicefitno
1797 618 1898 657 quinto
1912 616 1958 648 die
1972 616 2120 648 Februarii.

1287 694 1574 772 gggfigitnffiesxlgtterae
1584 695 1745 736 vdiriguntur
1759 695 1852 727 eidem
1867 694 1916 726 sub
1928 695 2046 726 nomine
2060 692 2167 734 praefati
2180 694 2304 728 Amani.

1252 862 1303 893 De
1325 859 1463 906 Epiftopo
1480 859 1672 903 Nomvicenfi
1685 885 1694 902 ,
1728 857 1773 891 *ad
1794 858 2024 906 respondendum
2035 859 2127 906 saper
2147 858 2310 892 Concordia

1294 910 1415 948 (contra
1432 911 1620 941 intentionem
1636 911 1724 955 Regis
1744 906 1780 940 de
1795 910 1919 954 Scriptis
1936 906 2113 952 liberatam)
2124 907 2270 952 firmata.

1252 985 1311 1056 R
1323 989 1578 1071 EslcgpoWillielmo
1590 993 1627 1025 de
1640 992 1822 1034 Aremynne,
1839 992 2041 1034 Norwicenfi,
2057 1002 2088 1026 ut
2101 993 2221 1033 dicitur,
2243 992 2315 1032 Epi·
2328 996 2405 1029 Ann.
2415 997 2460 1029 DJ

1291 1071 1398 1116 Nuper
1411 1071 1537 1102 misimus
1551 1081 1605 1104 vos
1618 1070 1653 1102 ad
1668 1077 1756 1109 partes
1774 1061 1901 1101 Franciae
1915 1079 1969 1108 pro
1984 1069 2120 1103 Tradia'tu
2134 1072 2226 1112 pacis·
2247 1080 2314 1102 vos·
2326 1036 2436 1104 Alnlzf‘

1254 1118 1311 1148 que
1324 1135 1334 1148 ,
1358 1120 1429 1142 inter
1450 1118 1550 1141 caetera
1564 1133 1575 1148 ‚
1599 1109 1706 1140 ibidem
1728 1118 1779 1148 per
1796 1118 1849 1140 vos
1861 1108 1938 1147 gesta
1951 1131 1962 1147 ‚
1978 1111 2087 1140 temere
2102 1096 2297 1142 concordastis
2329 1119 2360 1142 Ε.
2381 1085 2443 1142 29·

1253 1156 1352 1179 contra
1362 1149 1413 1189 Jus
1427 1147 1596 1180 Commune
1611 1148 1645 1179 &
1659 1147 1904 1178 Consuetudinem
1917 1147 2039 1185 partium
2054 1147 2163 1179 illarum
2197 1133 2315 1180 necnon,
2327 1154 2360 1181 cl
2377 1153 2413 1189 us

1251 1195 1368 1255 βετωεεν,
1386 1188 1420 1219 &
1427 1196 1526 1256 ἕκτη,
1544 1188 1639 1256 Ἔτι-ιο
1651 1189 1753 1232 contra
1767 1184 1984 1231 Limitationern
2006 1186 2040 1217 &
2050 1171 2245 1233 Jntendti'nem
2257 1197 2311 1218 no-
2331 1163 2415 1226 19513:
2432 1199 2460 1220 2.

1253 1236 1481 1302 qssffiaznvt‘zsg.
1493 1223 2313 1304 fisshm⁰is¹tssziifsztz⁸slff⁶iffi³ssi12103055'2‘032331}
2328 1240 2364 1259 ”’·
2434 1230 2461 1257 ”·

1253 1312 1306 1340 pro
1327 1302 1429 1333 eodem
1448 1303 1566 1334 Ducatu
1589 1303 1697 1333 fastum
1739 1304 1769 1333 iri
1782 1311 1868 1332 manu
1882 1301 1929 1332 sua
1944 1300 2061 1339 pacifice
2076 1308 2183 1332 teneret
2221 1304 2255 1334 &
2269 1301 2314 1341 ip-

1253 1341 1310 1371 sam
1324 1341 1520 1372 Concordiam
1535 1341 1636 1379 Sigillo
1649 1327 1746 1372 vestio
1760 1340 1930 1378 roborastis3
1949 1350 1999 1378 per
2012 1339 2091 1378 quod
2105 1325 2235 1376 praesaius
2247 1340 2315 1371 Rex

1254 1379 1382 1411 Franciae
1424 1380 1489 1417 post
1504 1380 1687 1417 Homagium
1706 1380 1723 1409 a
1734 1378 1875 1410 cariffimo
1891 1378 1964 1409 Filio
1976 1378 2076 1409 nostro
2095 1377 2239 1409 Edwardo
2254 1379 2313 1416 (cui

1252 1418 1376 1449 eundem
1391 1403 1540 1450 bucatum
1551 1442 1561 1457 ‚
1576 1420 1612 1449 de
1624 1417 1772 1449 Consensu
1783 1417 1908 1455 ejusdem
1923 1417 2008 1456 Regis
2022 1416 2150 1448 Franciae
2163 1440 2173 1455 ,
2191 1417 2314 1448 contuli-

1253 1458 1327 1494 mus)
1343 1467 1395 1496 pro
1415 1458 1518 1489 eodem
1534 1457 1651 1488 Ducatu
1674 1456 1725 1487 sibi
1740 1456 1866 1494 factum,
1883 1455 1952 1493 ipsas
1963 1456 2066 1486 Terras
2077 1455 2185 1486 detinet
2218 1456 2252 1486 &
2263 1455 2314 1486 fibi

1254 1495 1372 1527 reddere
1393 1498 1507 1534 renuit,
1527 1496 1677 1527 occasione
1697 1493 1877 1525 Concordiae
1899 1493 2064 1531 supradictae
2113 1496 2143 1524 in
2156 1478 2245 1525 no'stri
2280 1495 2315 1525 &

1253 1535 1360 1573 praefati
1376 1535 1398 1564 F
1400 1535 1438 1603 ilfii
1442 1535 1541 1603 AEaOstri
1547 1558 1565 1577 ,·
1575 1533 1752 1604 acfagoronae
1765 1532 1871 1564 nostrae
1886 1517 2151 1565 Exhaeredatio'nem
2163 1555 2174 1572 ,
2191 1541 2223 1564 ut
2236 1516 2318 1565 v'ide-

1255 1581 1318 1609 tur,
1337 1583 1412 1604 mani
1425 1583 1440 1603 e
1482 1583 1511 1604 m
1547 1579 1586 1604 iic
1659 1583 1692 1603 ae.

1293 1608 1384 1642 Vobis
1398 1613 1480 1650 igitur
1496 1597 1677 1649 rriandamus,
1695 1612 1724 1641 in
1738 1610 1807 1642 Fide
1821 1611 1856 1643 &
1872 1609 2020 1650 Ligeantia
2052 1610 2153 1649 quibus
2166 1609 2266 1641 Nobis
2273 1618 2315 1641 te-

1255 1651 1385 1688 nemini,
1412 1650 1530 1681 firmiter
1551 1651 1747 1690 injungentes,
1775 1649 1855 1688 quOd
1869 1672 1879 1687 ‚
1903 1634 2036 1680 omnibu}
2053 1650 2111 1680 aliis
2132 1648 2238 1680 omiffis
2280 1649 2316 1680 &

1255 1691 1336 1719 omni
1357 1689 1544 1720 Excusatione
1563 1688 1685 1719 cessante
1698 1711 1708 1726 ‚
1730 1689 1785 1719 fitis
1799 1712 1808 1726 ‚
1834 1689 1864 1717 iri
1878 1688 1993 1725 proprisi
2006 1687 2125 1726 persona
2136 1686 2229 1719 vestra
2252 1673 2317 1718 ‘co-

1255 1737 1315 1757 ram
1329 1728 1429 1765 nobis,
1447 1729 1480 1759 &
1499 1727 1635 1758 Concilio
1650 1727 1749 1757 nostro
1763 1749 1773 1764 ,
1797 1726 1844 1756 die
1859 1725 1970 1764 Lunae,
1989 1727 2123 1764 proximo
2139 1725 2205 1764 post
2219 1710 2317 1765 Qun-

1256 1766 1359 1796 denam
1378 1765 1512 1805 Paschae,
1530 1767 1663 1804 proximo
1682 1765 1805 1796 futuram
1819 1789 1829 1802 ‚
1847 1765 2022 1803 ubicumque
2040 1773 2110 1795 tunc
2130 1765 2265 1795 fuerimus
2285 1765 2316 1794 in
2330 1756 2337 1761 ’

1257 1805 1364 1844 Regno
1386 1804 1486 1835 nostro
1500 1828 1511 1843 ,
1532 1805 1567 1835 ad
1586 1804 1798 1835 informandum
1820 1803 1889 1833 Nos
1939 1803 1972 1834 &c
1987 1802 2154 1833 Concilium
2168 1802 2297 1833 nostrum

1257 1844 1341 1882 plene
1354 1843 1390 1873 de
1401 1843 1539 1881 praedieto
1553 1842 1678 1873 Nuncio
1693 1841 1804 1880 vestro,
1824 1842 1858 1872 &
1871 1826 1913 1872 ad’
1924 1841 2150 1879 respondendum
2163 1840 2262 1871 Nobis
2278 1824 2316 1871 de}

1257 1881 1606 1953 {zaeffissffsffisssfzaffipgz
1618 1891 1672 1950 12⁰⁸
1686 1880 1788 1950 gil-*⁵³
1803 1879 2048 1958 fidili'JN‘mim‘*
2062 1879 2315 1950 ffinffifflfibuiz

1649 1930 1682 1950 ce
1734 1929 1757 1949 ri
1814 1928 1854 1949 uo
1905 1928 1958 1949 uris
1982 1928 2043 1949 ueri
2255 1929 2260 1934 ·

1258 1960 1380 1991 habeatis
1393 1959 1432 1988 ibi
1447 1966 1516 1989 tunc
1531 1959 1590 1989 hoc
1605 1929 1702 1988 Brevg.
1765 1942 1774 1958 ³
1793 1928 1812 1957 q
2043 1927 2055 1950 t
2162 1927 2264 1955 uoms,

1296 1997 1387 2029 Teste
1399 1997 1482 2037 Rege
1495 1997 1569 2036 apud
1583 1995 1793 2036 Leycestriam,
1808 1995 1886 2026 sexto
1899 1994 1945 2026 die
1958 1994 2067 2025 Martii.

1739 2074 1793 2103 Per
1805 2071 1888 2112 ipfitm
1901 2074 1997 2109 Regem
2009 2069 2047 2106 &¹
2060 2069 2213 2100 Concilium.

1479 2202 1529 2235 De
1545 2202 1658 2234 Comite
1674 2197 1878 2234 Richmundiae
1894 2194 2097 2231 attachiando.

1262 2288 1352 2346 RE
1362 2288 1394 2320 X
1416 2288 1592 2319 Vicecomiti
1605 2285 1755 2325 Sussexiae‚
1774 2284 1907 2317 Salutem.
2336 2278 2412 2309 Ann.
2425 2277 2471 2311 D.

1294 2365 1299 2370 ,
1358 2327 1544 2365 Praecipimus
1557 2326 1609 2357 tibi
1623 2324 1703 2363 quod
1718 2325 1848 2355 attachies
1857 2324 2022 2363 johannem
2033 2322 2070 2353 de
2082 2321 2223 2353 Britannia
2255 2319 2318 2351 Co-
2359 2318 2444 2356 1326-

1260 2372 1360 2396 mitem
1379 2364 1601 2396 Richemundiae
1613 2387 1623 2401 ,
1651 2362 1730 2402 quod
1754 2363 1786 2393 sit
1807 2372 1906 2394 coram
1926 2362 2009 2393 nobis
2023 2384 2034 2400 ,
2056 2363 2073 2392 a
2089 2361 2136 2391 die
2158 2343 2273 2390 Pascliae
2285 2359 2316 2388 in
2336 2359 2389 2384 An.
2406 2365 2452 2392 ¹9·

1259 2402 1332 2434 Tres
1348 2404 1537 2442 Septimanas‚
1556 2403 1731 2440 ubicumque
1744 2410 1813 2433 tunc
1827 2401 1960 2432 fuerimus
1974 2402 2004 2431 in
2018 2399 2139 2439 Angli-21,
2155 2397 2190 2428 ad
2203 2395 2318 2435 respon·
2335 2398 2365 2422 E·
2391 2404 2418 2421 2-

1259 2442 1387 2473 dendum
1401 2443 1503 2481 nobis,
1521 2452 1622 2480 quare,
2331 2433 2423 2469 Claus.

1298 2479 1379 2512 Cum
1400 2482 1501 2519 pluries
1521 2480 1766 2518 mandaverimus,
1790 2489 1839 2518 per
1858 2478 1976 2509 Litteras
1995 2472 2119 2513 nostraS‚
2136 2473 2187 2505 sub
2200 2472 2319 2506 Privato
2340 2475 2422 2506 19-E·
2437 2474 2467 2500 τὲ

1261 2519 1359 2560 Sigillo
1373 2519 1489 2558 nostro,
1507 2519 1600 2549 eidem
1613 2517 1742 2556 Comiti‚
2334 2519 2371 2538 m·
2384 2520 2393 2537 ¹
2402 2511 2460 2538 μό.
2473 2540 2476 2541 ⁷

1301 2559 1402 2598 Qem
1416 2568 1521 2595 nuper,
1539 2567 1593 2594 pro
1606 2566 1652 2587 ma
1673 2557 1712 2586 nis
1727 2557 1762 2586 &
1774 2554 1865 2585 arduis
1879 2552 2033 2591 Negotiis,
2051 2551 2119 2582 Nos
2132 2551 2166 2582 &
2180 2550 2320 2588 Regnum

1263 2597 1395 2627 nostrum
1417 2596 1615 2635 tangentibus,
1639 2605 1654 2625 a
1698 2601 1787 2631 partes
1810 2591 1946 2622 Flandriae
1961 2615 1971 2628 ,
1990 2591 2046 2621 uria
2063 2600 2131 2620 cum
2153 2589 2321 2628 quibusdam

1263 2636 1320 2665 aliis
1336 2634 1462 2665 Nunciis
1474 2632 1578 2664 nostris
1614 2631 1814 2662 destinavimus
1828 2631 1857 2660 in
1870 2629 2024 2660 Nuncium
2038 2627 2186 2666 nostrum,

1303 2672 1397 2710 Quod
1411 2672 1445 2702 ad
1461 2682 1513 2702 nos
1528 2655 1704 2714 peribnaliter
1719 2669 1834 2699 indilate
1850 2668 1995 2699 accederet
2010 2691 2020 2705 ‚
2037 2677 2089 2697 nos
2105 2666 2184 2704 super
2198 2665 2324 2696 Nuncio

1264 2712 1314 2743 suo
1358 2710 1476 2741 raedicio
1500 2711 1721 2746 informaturus,
1746 2707 1924 2745 facturusque
1946 2706 2058 2736 ulterius
2072 2728 2082 2744 ‚
2107 2705 2141 2736 δε
2163 2712 2325 2744 recePturus

1265 2760 1324 2808 ‘³⁰3
1342 2745 1945 2818 Εἳεέἀῗᾷῗὸεὸἑῑὲᾖῖὓῗὲἐῖςῗῗὲὣῖἓέὲ
1956 2742 2263 2813 Rimtrigssssssfis‘iflm'i'
2273 2780 2290 2812 s

1265 2827 1299 2859 ad
1315 2827 1400 2871 NOS,
1417 2826 1500 2856 nobis
1513 2795 1693 2862 rescripseilt,
1712 2833 1777 2861 quas
1791 2824 1914 2853 omnino
1928 2792 2040 2852 srivgleas
2053 2789 2261 2859 reputavllrgrilitsk:
2284 2790 2324 2812 uo

1304 2865 1398 2904 Eique
1412 2864 1655 2900 mandaverimus,
1673 2864 1702 2892 in
1719 2862 1787 2892 Fide
1798 2862 1832 2892 &
1846 2859 2008 2899 Ligeantia,
2025 2860 2126 2898 quibus
2145 2858 2233 2891 nobis
2245 2865 2325 2888 tene-

1266 2913 1329 2943 tur,
1348 2903 1442 2942 quod,
1461 2913 1519 2933 non
1533 2901 1709 2933 obstantibus
1721 2899 1953 2931 Excusationibus
1968 2898 2037 2936 illis,
2055 2897 2089 2928 ad
2106 2896 2174 2928 Nos
2244 2895 2325 2925 sona-

1265 2944 1327 2974 liter
1347 2942 1493 2973 accederet
1513 2941 1548 2971 ad
1568 2948 1678 2971 certum
1698 2939 1792 2978 diem,
1810 2939 1840 2969 in
1861 2937 1966 2969 eodem
1981 2936 2121 2967 Mandato
2137 2944 2177 2964 no
2205 2943 2238 2964 ro
2253 2943 2326 2964 con-

1266 2990 1395 3019 tentum,
1409 2981 1468 3018 jam
1482 2979 1668 3018 praeteritum,
1686 2979 1720 3009 ad
1736 2976 1949 3008 informandum
1963 2974 2029 3005 Nos
2043 2975 2122 3013 super
2142 2972 2260 3011 negotiis
2273 2981 2324 3002 an-

1266 3020 1393 3057 tediffis,
1409 3020 1532 3057 alioquin
1554 3018 1642 3056 ipsum
1654 3041 1664 3055 ‚
1687 3026 1821 3054 tanquam
1836 3015 1919 3045 nobis
1932 3011 2167 3049 Inobedientem,
2185 3011 2219 3041 &
2235 3009 2325 3040 Man-

1266 3059 1398 3089 datorum
1411 3057 1573 3087 nostrorum
1589 3055 1831 3093 Contemptorem
1845 3062 1906 3083 non
1917 3051 2062 3081 immerito
2076 3057 2285 3088 reputaremus,

1304 3097 1386 3127 Idem
1406 3095 1515 3126 Comes
1530 3118 1539 3133 ‚
1559 3096 1651 3133 spretis
1671 3093 1813 3124 Mandatis
1826 3090 1945 3127 nostriS,
1963 3098 1996 3119 ac
2008 3087 2095 3127 Fide,
2111 3088 2144 3119 &
2159 3085 2324 3125 Ligeandfi,

1266 3136 1424 3176 praedietis,
1439 3135 1474 3164 ad
1494 3133 1563 3164 Nos
1582 3134 1695 3170 venire,
1712 3132 1758 3161 seu
1777 3139 1830 3159 nos
1849 3128 1929 3166 super
1942 3126 2068 3157 Nuncio
2082 3125 2220 3165 praediCto
2233 3124 2325 3156 infor-

1267 3184 1362 3211 mare,
1377 3173 1511 3203 haetenus
1531 3181 1589 3201 non
1609 3171 1716 3201 curavit
1731 3193 1741 3206 ,
1759 3169 1787 3198 in
1801 3166 1888 3197 nostri
1898 3164 2136 3204 inobedientiam,
2153 3174 2187 3195 ac
2203 3163 2327 3194 Manda⁴

1267 3222 1363 3243 torum
1378 3211 1541 3241 nostrorum
1556 3208 1760 3249 praedietorum
1773 3212 1973 3242 contemptum
1989 3203 2190 3242 manifestum,
2204 3203 2242 3234 7&
2255 3209 2327 3233 con-

1267 3259 1307 3281 tra
1321 3250 1420 3279 Fidem
1436 3249 1468 3278 &
1483 3248 1659 3286 Ligeantiam
1674 3245 1749 3276 suam
1764 3243 1918 3282 praedietas.

1304 3287 1394 3318 Teste
1407 3286 1490 3325 Rege
1505 3285 1579 3324 apud
1594 3283 1766 3316 Tamworth
1774 3305 1785 3322 ,
1803 3281 1918 3313 decimo
1935 3289 2035 3321 quarto
2049 3280 2095 3312 die
2108 3279 2215 3311 Martii.

2343 2781 2359 2798 ⁰
2376 2782 2429 2809 1v.

2346 2827 2408 2855 194.

1269 3413 1318 3445 De
1339 3408 1468 3457 quodam
1491 3408 1622 3455 Prvv‘ffl
1639 3435 1650 3451 ,
1686 3405 1772 3448 Gesta
1793 3418 1848 3454 per
1867 3409 2004 3440 Nuncios
2021 3409 2108 3454 Regis
2124 3408 2156 3438 in
2171 3405 2302 3437 Francia
2309 3408 2325 3445 ,'

1614 3467 1769 3505 tangente,
1788 3453 1979 3503 publicando.

1270 3545 1357 3601 RE
1367 3544 1398 3576 X
1426 3544 1531 3583 Maiori
1545 3543 1673 3575 Civitatis
1686 3542 1740 3573 suae
1753 3541 1902 3580 Eborum,
1921 3540 2054 3572 Salutem.
2337 3536 2414 3569 Arm.
2430 3538 2473 3576 D,

1363 3583 1496 3614 Volentes
1508 3593 1557 3621 ea,
1575 3591 1639 3620 quae
1652 3583 1723 3611 inter
1738 3580 1905 3611 Dominum
1919 3580 2032 3619 Regem
2047 3574 2171 3606 Franciae
2187 3573 2221 3605 8(-
2233 3573 2322 3612 NOS,
2359 3578 2447 3616 1326.

1270 3630 1321 3658 per
1335 3621 1473 3652 Nuncios
1485 3621 1614 3659 nostros,
1631 3619 1665 3649 ad
1680 3627 1768 3657 partes
1781 3618 1838 3649 illas
1852 3618 1959 3649 dudum
1971 3616 2083 3652 missos,
2099 3612 2175 3651 gesta
2193 3612 2323 3650 fuerunt,
2335 3619 2387 3644 An.
2411 3626 2454 3652 ¹9-

1271 3661 1305 3690 &
1326 3661 1441 3698 qualiter
1462 3660 1546 3689 nobis
1567 3660 1601 3690 &
1619 3657 1748 3688 Coronae
1765 3656 1871 3688 nostrae
1890 3666 1941 3695 per
1961 3654 2032 3692 ipsos
2079 3659 2215 3690 quantum
2237 3651 2266 3680 in
2282 3651 2321 3680 eis
2335 3659 2365 3682 Ε.
2385 3665 2413 3682 2.

1271 3698 1340 3736 fuit,
1358 3698 1399 3728 est
1417 3697 1607 3736 multipliciter
1623 3697 1789 3735 derogatum
1803 3718 1812 3733 ,
1837 3694 1971 3726 omnibus
1992 3675 2094 3721 nostris
2113 3687 2234 3732 Subditis
2254 3697 2322 3719 nota
2339 3693 2427 3729 Claus.

1272 3736 1344 3774 esse,
1362 3745 1393 3767 ut
1413 3747 1472 3766 non
1489 3736 1692 3766 Innocentibus
1705 3757 1716 3773 ‚
1739 3734 1777 3765 set
1792 3730 2028 3770 Delinquentibus
2041 3727 2134 3766 Culpa
2154 3733 2324 3766 imputetur,
2344 3735 2422 3766 19.E.
2443 3732 2481 3765 1.·-

1272 3775 1306 3805 &
1322 3774 1396 3804 nuda
1409 3774 1467 3804 Rei
1478 3775 1577 3805 veritas
1590 3775 1724 3804 omnibus
1738 3771 1907 3808 innotescat,
1925 3767 2066 3806 quendam
2079 3764 2239 3803 Rotuium,
2252 3764 2325 3795 Pro·
2341 3779 2376 3797 m.
2397 3778 2441 3796 η,

1272 3812 1396 3850 cessum,
1414 3813 1448 3843 &
1463 3811 1620 3850 Ordinem,
1635 3813 1720 3843 totius
1735 3812 1774 3841 rei
1791 3808 1878 3849 gestae
1898 3807 2093 3838 continentem
2107 3826 2117 3841 ,
2139 3803 2222 3834 vobis
2238 3803 2326 3834 mitti-
2337 3807 2402 3844 dors.

1274 3860 1336 3880 mus
1368 3851 1419 3881 sub
1432 3851 1503 3890 pede
1515 3850 1600 3889 Sigilli
1611 3850 1720 3894 nostri,

1312 3873 1482 3919 Mandantes
1499 3911 1509 3927 ‚
1535 3889 1567 3920 ὃ(
1582 3888 1697 3919 firmiter
1711 3887 1884 3925 injungentes
1897 3881 1977 3926 quod
1991 3879 2101 3925 statim,
2117 3879 2179 3912 vifis
2192 3880 2331 3918 praesenti-

1274 3927 1344 3965 bus,
1362 3927 1504 3958 Rotulum
1517 3927 1688 3965 praedictum
1704 3933 1773 3956 cum
1791 3920 1936 3960 diligentia
1954 3918 2117 3957 inspiciatis,
2134 3919 2332 3950 &intellectis

1274 3965 1396 4005 plenarie
1432 3975 1476 3996 uae
1488 3967 1673 3996 continentur
1687 3965 1716 3993 in
1732 3961 1855 3998 eodem,
1871 3968 1905 3989 ea
1916 3958 2014 3988 omnia
2027 3957 2060 3988 &
2079 3956 2202 3996 singula,
2219 3959 2249 3988 in
2262 3958 2333 3988 locis

1272 4002 1392 4045 publicis
1410 3975 1539 4037 &vitatis
1556 4002 1713 4042 praedictae,
1730 3998 1866 4040 publicari
1885 3997 1921 4029 &
1934 3995 2072 4029 notificari
2092 3996 2213 4036 faciatis,
2226 3997 2278 4035 &,
2285 3995 2335 4064 ἓξ
