2562 4279
17 229 93 259 Ann.
106 227 148 259 D.

38 268 122 306 1328.

16 307 82 334 Ἐάν.
101 314 126 343 3.

10 1676 137 1711 Ann.D.

28 1718 112 1758 1328.

9 1762 62 1786 An.
79 1767 105 1784 2.

8 1800 40 1824 Ε.
62 1805 86 1832 3.

9 1834 96 1870 Claus.
114 1841 140 1858 2·

9 1876 42 1900 Ε.
62 1882 86 1908 3.
105 1879 142 1898 m.

11 1920 57 1938 ιο.
72 1911 98 1939 d.

701 145 814 187 ET
896 141 1164 185 ACTA

200 231 268 263 Dat.
282 241 333 271 per
357 226 474 263 manum
495 231 621 263 nostram
639 230 714 270 apud
733 214 940 270 windesoram
956 252 967 267 ,
991 230 1082 269 primo
1096 228 1142 259 die
1157 228 1210 259 Fe-

161 270 280 310 bruarii,
297 271 386 302 Anno
399 271 494 312 Regni
508 270 595 301 nostri
609 269 752 300 tricesimo
767 270 872 307 primo.

159 344 304 407 NOS
327 356 421 378 autern
436 371 446 386 ,
470 345 675 378 Concesfiones
689 369 698 384 ‚
717 343 955 382 Promiffionern,
973 343 1211 382 Ordinationem,

254 387 288 418 &
302 386 458 423 statutum,
477 385 622 423 praedieta,
640 393 694 414 rata
708 384 840 414 habentes
857 384 890 414 &
904 391 996 420 grata,
1012 392 1044 412 ea
1058 406 1068 418 ,
1086 392 1139 419 pro
1156 392 1210 411 no-

159 423 203 454 bis
219 425 252 456 ὃς
272 424 441 455 Haeredibus
460 423 560 454 nostris
575 447 584 459 ,
603 422 811 452 Mercatoribus
826 421 873 451 Re
893 430 996 451 norum
1009 420 1042 450 &
1054 420 1211 450 Terrarum

164 462 329 502 Aragoniae,
345 463 519 494 Cathaloniae
534 486 543 499 ,
562 461 595 491 δε
611 460 828 498 Majoricarum,
845 469 860 489 a
891 467 990 489 eorum
1004 457 1163 502 instantiam
1178 458 1211 488 ὃς

158 501 386 540 requisitionem,
404 500 589 531 concedimus
602 499 635 530 &
649 498 867 536 confirmamus,
884 496 952 527 sicut
975 495 1060 527 Carta
1080 496 1212 535 praedieta

163 540 360 570 rationabiliter
373 539 501 570 testatur:
1003 574 1007 579 ι
1167 574 1172 579 ¹

197 577 334 609 Volentes
347 601 357 616 ,
381 578 415 608 &
437 576 626 607 concedentes
648 585 702 613 pro
715 574 796 605 nobis
807 597 817 611 ,
843 573 876 604 &
892 572 1062 603 Haeredibus
1085 572 1186 603 nostris
1202 596 1211 611 ,

157 616 240 654 quod
254 626 355 647 omnes
367 616 400 646 &
413 615 452 645 fin
474 615 511 645 uli
526 614 701 645 Mercatores
714 612 857 642 dictorum
870 611 1044 649 Regnorum
1059 612 1092 642 ὃς
1107 613 1212 642 Terra-

160 664 240 693 rum,
259 655 406 694 Aragoniae
420 678 430 691 ‚
476 653 621 684 athaloniae
635 674 645 690 ,
667 651 701 681 &
717 649 921 687 Majoricaruni
935 674 945 688 ,
964 650 1134 689 Libertates,
1153 650 1212 680 lm-

161 695 325 730 munitateS,
344 693 377 723 &
395 692 582 731 Qietantias,
600 688 748 731 praedietas·
762 687 881 718 habeant
894 711 904 727 ‚
922 689 956 720 &
973 690 1026 726 eis,
1045 688 1117 718 infra
1132 688 1212 727 Reg-

160 740 231 761 num
244 729 588 769 nostrum,gaudeant,&
603 735 948 764 utantur‚imperpetuum
958 749 968 765 ,
986 728 1042 757 sine
1050 726 1211 757 Occasione

158 769 206 798 vel
218 768 427 807 Impedimento
442 766 542 803 nostri,
560 764 606 795 vel
616 763 773 794 Haeredum
786 764 963 804 nostrorum,
978 765 1212 805 justiciariorum,

159 805 356 844 Escoerorum,
373 805 587 838 vicecomitum
601 825 612 841 ,
635 812 682 833 aut
700 803 820 833 aliorum
838 802 1009 835 Ballivorum
1022 827 1033 843 ,
1059 803 1104 835 seu
1120 803 1212 834 Mini-

160 845 283 876 strorum
295 846 459 877 nostrorum
474 850 730 880 quorumcumque.

378 918 443 950 Hiis
452 909 608 955 ¹Testibus,
623 916 835 948 Venerabilibus
847 918 991 957 Patribus,

197 1000 242 1029 W
258 993 455 1034 Archiepiscopo
468 992 605 1031 Eburum,
623 992 735 1030 Angliae
750 996 889 1033 Primate,

194 1039 233 1066 H.
250 1033 397 1065 Lincolniae
413 1031 553 1071 Epifiopo,
572 1032 734 1061 cancellario
749 1032 849 1072 nostro,

193 1078 224 1104 T.
242 1070 430 1111 Herefordenfi
444 1072 583 1110 Episcopo,
601 1069 777 1110 Thesaurario
791 1073 893 1111 nostro,

195 1111 326 1151 Johanne
338 1110 369 1139 de
387 1112 525 1140 Warenna
534 1133 543 1147 ,
562 1112 664 1139 comite
677 1113 794 1149 Surriae,

195 1153 293 1186 Rogero
307 1149 338 1178 de
354 1151 462 1177 Mortuo
478 1151 575 1187 Mari,

192 1190 306 1218 Henrico
320 1187 351 1216 de
364 1189 445 1225 Percy

190 1225 325 1295 {ohchne
336 1225 368 1254 de
383 1227 423 1255 W
424 1209 523 1264 tfflam,
540 1221 682 1264 senefiallo
696 1225 813 1266 Hospitii
826 1225 924 1265 nostri,

220 1272 231 1294 t
245 1275 260 1295 a
271 1273 310 1294 iis.

191 1339 258 1372 Dat.
278 1350 327 1379 per
340 1349 458 1372 manum
472 1339 599 1371 nostram
613 1340 687 1379 apud
698 1340 847 1379 Eborum,
863 1340 968 1372 ocitavo
983 1341 1029 1372 die
1043 1338 1172 1380 Augusti.

627 1419 681 1447 Per
697 1417 778 1458 ipsimi
791 1420 888 1456 Regem
903 1416 941 1453 ὠ
956 1416 1106 1447 Concilium.

155 1544 205 1577 De
221 1544 401 1590 Qarteriis
417 1542 551 1588 Corporis
571 1541 699 1623 Anbdreae
722 1541 758 1575 de
774 1541 908 1575 Hartcla
926 1544 1022 1574 Sarra
1041 1545 1143 1574 Sorori
1154 1542 1214 1587 sitae

594 1591 617 1623 li
638 1590 765 1624 erandis.

157 1676 244 1736 RE
253 1676 285 1708 X
321 1676 426 1707 dilecto
440 1677 473 1708 &
489 1675 564 1707 fideli
575 1675 624 1707 suo
636 1699 646 1714 ,
669 1674 800 1706 Antonio
813 1674 849 1705 de
864 1674 963 1714 Lucy,
983 1673 1106 1706 Custodi
1121 1673 1215 1704 Castri

230 1716 270 1746 sui
284 1700 420 1753 f<ar1101i‚
438 1714 572 1758 Salutem.
721 1752 727 1757 .
916 1751 921 1757 .

197 1754 369 1785 Mandamus
381 1753 480 1791 vobis,
500 1752 580 1791 quod
595 1752 780 1791 Qarterium
796 1749 935 1789 Corporis
951 1751 1072 1782 Andreae
1088 1751 1125 1782 de
1139 1750 1216 1781 Har-

158 1792 218 1829 cla‚
236 1792 316 1831 quod
331 1801 380 1829 per
391 1791 572 1829 Praeceptum
587 1790 711 1820 Domini
725 1789 758 1819 E.
778 1799 867 1827 nuper
884 1789 972 1828 Regis
989 1790 1113 1829 Anglice,
1127 1789 1216 1819 Patris

159 1831 266 1870 nostri,
284 1830 362 1868 super
382 1828 487 1859 Muros
508 1827 600 1859 Castri
621 1828 750 1866 praeditsti
773 1827 892 1866 pendet,
910 1828 1022 1858 dileetae
1036 1829 1133 1866 nobis,
1152 1828 1216 1858 Sar-

159 1880 214 1908 rae,
232 1879 298 1908 quae
317 1869 370 1899 fuit
390 1866 479 1898 Uxor
499 1866 624 1897 Roberti
642 1866 678 1897 de
700 1866 834 1905 Leyburn
847 1889 858 1906 ,
889 1866 988 1897 Sorori
1008 1867 1135 1905 praedic‘ti
1155 1866 1217 1897 Ari-

159 1909 235 1939 dreae

198 1931 255 1976 Cu’i
269 1944 305 1975 de
326 1943 412 1983 gratia
426 1943 522 1974 nostra
541 1943 733 1974 concessimus
750 1943 828 1981 quod
843 1942 897 1981 ipsa
911 1943 982 1973 Ossa
997 1943 1079 1981 ipsius
1095 1943 1217 1974 Andreae

158 1984 321 2021 recolligat,
332 1981 372 2014 ’ὃς
388 1992 420 2013 ea
437 1992 496 2020 quo
508 1983 629 2013 voluerit
643 1982 844 2012 Ecclesiasticae
858 1981 945 2012 tradat
959 1982 1105 2020 sepulturte
1114 2005 1123 2020 ,

196 2022 249 2053 Vel
265 2024 321 2061 ejus
344 2024 372 2051 in
390 2022 442 2051 hac
464 2029 541 2057 parte
558 2020 728 2058 Attornato,
747 2021 804 2050 sine
816 2019 948 2051 dilatione
963 2021 1072 2052 liberari
1085 2020 1189 2053 faciatis
1205 2032 1215 2060 3

158 2061 192 2091 δε
205 2060 264 2091 hoc
275 2060 428 2090 nullatenus
441 2060 583 2088 omittatis.

196 2135 287 2166 Teste
302 2135 386 2175 Rege
400 2134 474 2176 apud
485 2134 636 2175 Eborum,
655 2112 772 2168 decimo
785 2137 830 2168 die
845 2136 974 2178 Augusti.

848 2216 901 2245 Per
913 2214 995 2255 ipfiaem
1008 2214 1111 2250 Regem.

285 2290 455 2321 Confimiies
469 2289 574 2321 Literae
588 2290 743 2330 diriguntur
757 2290 930 2331 subscri-ptis3
949 2291 1095 2330 videlicet,

198 2367 304 2403 Maiori
326 2366 364 2401 ὠ·
385 2370 413 2397 V
412 2372 512 2397 icecom.
531 2367 678 2397 Londoniae
693 2391 702 2406 ,
721 2374 770 2406 pro
793 2371 878 2407 capite
890 2392 900 2406 ,
919 2368 991 2408 quod
1003 2368 1099 2398 ibidem
1113 2365 1215 2406 miffaem

226 2405 290 2444 fuit
298 2413 347 2442 per
355 2412 516 2443 praeceptum
530 2407 595 2435 dieii
608 2408 720 2444 Patris,
740 2405 799 2441 &aa

197 2443 304 2482 Majori
317 2441 355 2476 (ζ’-ν·
368 2443 490 2474 Ballivis
504 2447 532 2474 V
532 2443 587 2475 illae
594 2447 674 2475 Novi
680 2444 768 2484 castri
774 2444 855 2485 fhper
862 2448 981 2486 Tynam,
994 2453 1044 2484 pro
1059 2455 1109 2484 uno
1116 2444 1217 2484 ‚Quar-

235 2484 302 2510 terio
316 2480 412 2511 ibidem
424 2482 495 2521 miffo
510 2482 570 2517 &c.

196 2519 304 2556 Majori
317 2518 354 2554 ὠ
368 2519 491 2550 Ballivis
501 2519 617 2561 Brisloll
644 2529 693 2560 pro
708 2532 758 2551 uno
773 2521 925 2561 Qarterio
943 2522 1038 2551 ibidem
1061 2521 1132 2561 W'ff’
1155 2519 1216 2556 &ra

197 2557 319 2588 Ballivis
331 2557 461 2598 Salapiae,
472 2567 523 2597 pro
537 2570 588 2589 uno
603 2544 754 2598 Qarterio
769 2560 866 2591 ibidem
879 2559 951 2600 miffia
966 2559 1027 2595 (ἶφι.

162 2678 190 2706 ’Ῐὲ
216 2680 275 2714 Ad
285 2685 400 2728 Papam
413 2709 423 2726 ‚
443 2694 498 2730 pro
518 2684 655 2731 Epiftopo
677 2685 854 2728 Menevensi
868 2709 878 2725 ‚
903 2687 939 2723 ᾤ’
960 2683 996 2717 de
1010 2685 1134 2718 levitate
1152 2697 1216 2718 cer-

542 2733 643 2777 vicosis
661 2733 860 2777 Wllenfium.

141 2833 147 2840 -
166 2811 214 2873 P
222 2810 280 2844 ΑΡ
290 2814 332 2845 AE
359 2815 390 2845 R
398 2824 432 2846 ex
444 2815 547 2847 devota
560 2814 664 2854 pedum
676 2818 770 2849 oscula
785 2818 943 2850 beatorum.

232 2851 397 2896 Ex'amoris
418 2853 602 2885 foecunditate
615 2878 624 2893 ‚
651 2856 707 2894 quii
728 2857 874 2894 personam
888 2881 898 2895 ,
923 2857 1096 2888 Venerabilis
1115 2857 1221 2897 Patris,

165 2889 286 2934 I-ienriCi
304 2891 426 2936 Epicopi
443 2893 625 2924 Menevensis
640 2917 649 2931 ‚
668 2897 862 2932 prosequimur
876 2897 905 2926 iri
918 2897 1068 2927 visceribus
1083 2897 1218 2934 caritatis,

166 2936 321 2967 virtutum,
339 2930 440 2967 quibus
455 2931 560 2969 pollet,
578 2932 693 2971 insignia
709 2934 742 2964 δε
758 2935 924 2964 meritorum
938 2934 1130 2964 excellentiam
1146 2945 1219 2964 con-

166 2966 348 3005 templando,
365 2967 455 3005 ipsum
475 2969 509 3000 &
524 2968 657 3000 Ecclefiae
669 2971 724 3001 suae
740 2973 852 3011 negotia
864 2973 927 3002 alias
938 2972 1037 3003 vestrae
1050 2972 1221 3004 Clementiae

143 3021 149 3029 ·
165 3015 219 3036 nos
232 3005 478 3037 recommendaffe
492 3009 691 3047 meminimus,

204 3043 346 3076 Attentius
359 3044 541 3082 supplicando
555 3054 586 3076 ut
600 3048 731 3085 negotia,
748 3046 838 3085 ipsum
853 3049 887 3079 &
902 3049 1085 3079 commissam
1103 3049 1220 3080 sibiEc—

166 3082 278 3113 cleliam
294 3083 388 3121 (quae,
405 3085 434 3113 in
447 3083 521 3115 terra
533 3084 648 3116 Walliae
662 3086 770 3124 simam,
787 3086 921 3117 Subditos
934 3087 1019 3117 habet
1040 3087 1087 3117 IN
1096 3097 1146 3117 Do
1157 3096 1183 3117 M
1194 3098 1220 3118 12

168 3130 243 3151 'ros
269 3129 414 3152 DEvlos
443 3130 494 3153 ΕΤ
523 3131 727 3162 DELrnos,
741 3125 800 3155 tam
815 3124 973 3163 Anglicos,
991 3126 1077 3162 quam
1090 3126 1221 3156 Wallen-

114 3194 117 3197 ¹
166 3160 215 3196 ses)
240 3160 458 3198 contingentia,
482 3170 517 3192 ex
538 3171 614 3199 parte
637 3161 759 3201 ejusdem
775 3162 910 3200 Episcopi
930 3163 1032 3194 vestrae
1054 3163 1219 3194 Beatitudini

164 3197 331 3236 exponenda
347 3221 356 3236 ,
379 3199 502 3238 benigne
521 3199 632 3239 audire,
649 3202 683 3232 ὃς
701 3200 736 3232 ad
751 3201 931 3232 exauditionis
943 3203 1061 3239 gratiam
1075 3202 1220 3234 admittere

164 3236 366 3275 dignaremini,
383 3236 546 3268 nostrorum
562 3241 740 3278 rogaminum
755 3241 924 3270 interventu.

203 3275 311 3306 Verum
330 3275 398 3317 'quia
416 3275 493 3305 idem
505 3272 675 3316 Episcopus,
692 3278 727 3308 ad
739 3288 793 3308 nos
804 3278 981 3316 personaliter
993 3278 1147 3318 accedens,
1165 3289 1219 3310 no-

162 3314 207 3343 bis
222 3312 348 3355 exposu-it
362 3312 439 3350 quod
452 3314 486 3344 ad
498 3315 596 3345 vestrae
606 3315 763 3346 Sanititatis
778 3317 952 3354 praesentiam
972 3317 1143 3348 desiderabat
1157 3329 1220 3356 pcr-

164 3350 293 3382 sonaliter
314 3354 340 3381 se
361 3352 506 3383 transferre
520 3375 530 3391 ,
545 3353 698 3390 supplicans
711 3362 742 3384 ut
752 3355 805 3384 sibi
822 3355 978 3385 transeundi
992 3356 1132 3387 licentiam
1147 3368 1220 3388 con-

162 3390 265 3422 cedere
283 3399 444 3420 curaremus
457 3413 467 3427 ,
491 3389 665 3422 Inhibitione
677 3416 688 3429 ,
705 3401 755 3429 per
770 3402 822 3422 nos
834 3394 868 3424 &
884 3393 1052 3425 Concilium
1068 3394 1199 3426 nostrum
1209 3419 1218 3433 ,

165 3429 207 3469 ob
225 3438 387 3467 guerrarum
407 3428 532 3459 turbines
545 3453 555 3467 ‚
580 3439 645 3467 quae
668 3430 786 3461 ubilibet
808 3430 952 3461 modernis
965 3434 1140 3470 temporibus
1153 3445 1220 3465 nos-

165 3475 269 3498 cuntur
295 3467 418 3505 prosilire
431 3490 441 3504 ,
473 3476 561 3507 nuper
582 3468 656 3498 faita
678 3467 820 3506 (videlicet
833 3491 844 3506 ,
867 3469 945 3507 quod
964 3470 1048 3508 aliqui
1070 3471 1218 3512 Magnates

165 3504 307 3543 Regnum
320 3505 448 3536 nostrum
462 3514 521 3536 non
535 3506 644 3543 exeant)
661 3515 721 3536 non
734 3505 877 3537 obstante:

204 3543 329 3582 Nosque
350 3552 443 3574 tamen
457 3566 466 3582 ,
492 3553 546 3581 pto
568 3554 604 3574 eo
625 3545 704 3582 quod
725 3545 782 3582 ejus
801 3546 920 3576 absentia
941 3546 1022 3576 nobis
1038 3570 1048 3585 ,
1065 3548 1098 3579 &
1113 3548 1222 3586 Regno

166 3581 283 3621 nostro,
301 3583 334 3613 &
348 3584 487 3620 praecipue
500 3581 635 3613 Ecclesiae
647 3582 703 3613 suae
719 3582 890 3614 Menevensi
904 3585 981 3622 (quae
995 3585 1086 3616 solerti
1100 3595 1162 3625 eget
1177 3598 1221 3618 re-

166 3621 289 3659 gimine,
308 3622 341 3651 δε
363 3630 396 3651 ex
414 3622 525 3652 levitate
546 3620 691 3652 cervicosa
713 3620 900 3652 Subditorum
914 3624 1053 3660 promptis
1069 3624 1222 3656 dinoscitur

166 3659 295 3695 periculis
309 3659 459 3698 subjacere)
477 3659 627 3697 plurimum
642 3659 710 3690 esset
722 3658 895 3699 dampnosa,
912 3661 1056 3691 licentiam
1073 3662 1148 3693 illam
1156 3673 1222 3694 om-

166 3697 238 3727 nino
249 3697 379 3728 duximus
391 3697 600 3737 denegandam,

183 3763 186 3765 Α
207 3735 260 3766 Ne
272 3737 371 3775 igitur,
389 3736 423 3767 eii
443 3736 478 3767 de
491 3736 591 3775 causa,
607 3736 684 3766 idem
699 3735 852 3775 Episcopus
867 3738 966 3777 (quem
979 3738 1074 3769 virum
1088 3741 1222 3771 novimus

170 3774 318 3805 eminentis
335 3775 473 3812 scientiae,
491 3784 601 3815 magnae
624 3775 880 3811 circumspectionis
900 3777 933 3807 &
949 3776 1106 3815 industriae,
1124 3778 1223 3809 boiiae-

172 3820 228 3847 que
241 3813 455 3844 conversationis
467 3815 500 3845 &
515 3813 652 3851 honestae)
667 3814 696 3843 in
712 3813 763 3843 suis
778 3813 812 3844 &
827 3813 959 3844 Ecclefiae
971 3815 1026 3846 suae
1041 3817 1160 3855 negotiis
1172 3817 1222 3847 de-

172 3849 337 3895 trimentum
349 3851 463 3890 aliquod
476 3854 607 3890 patiatur,

208 3887 392 3919 Sanetitudini
404 3890 503 3921 vestrae
517 3892 621 3922 votivis
635 3889 782 3921 affectibus
793 3890 996 3929 supplicamus,
1012 3893 1139 3929 quatinus
1153 3903 1222 3924 eun-

169 3923 442 3968 demflEpiscopum‚
459 3930 494 3960 &
509 3929 692 3961 commissam
706 3929 755 3959 sibi
770 3928 925 3960 Ecclesiam
942 3953 952 3968 ,
970 3929 1090 3960 Paterna
1103 3931 1222 3962 benivo-

170 3961 257 3991 lentia
271 3965 486 4006 amplestentes‚
506 3969 535 3998 in
549 3969 617 4006 hiis,
636 3978 699 4007 quae
715 3968 760 4004 pie
778 3966 1141 4006 postulaverit,benignum
1150 3979 1222 4009 prae-

171 4001 236 4030 bere
249 4000 372 4031 auditum
382 4025 392 4040 ,
411 4004 444 4034 &
460 4006 597 4042 postulata
607 4007 767 4043 dignemini
782 4006 941 4037 concedere
956 4008 1083 4045 gratiose.

206 4038 350 4108 1330&le
364 4039 399 4107 s¹P
407 4041 499 4110 Plfflet
512 4068 523 4083 ,
540 4046 642 4079 vicinis
655 4044 818 4084 Episcopis,
838 4044 987 4083 videlicet,
1005 4044 1221 4086 Wygorniensis

247 4087 296 4107 om.
350 4100 357 4107 .
401 4101 408 4108 .
478 4103 484 4110 .

1246 141 1725 191 PUBLICA.
2255 169 2305 212 17

1247 227 1280 258 &
1296 228 1509 274 Herefordensis
1524 233 1731 275 Ecclefiarum,
1749 237 1844 269 vestris
1856 238 2029 278 Apostolicis
2048 240 2135 272 literis
2150 264 2160 279 ,
2176 238 2207 272 in
2222 252 2302 273 man-·
2322 232 2399 262 Am·
2411 228 2451 265 Π

1250 266 1334 304 datis,
1345 276 1384 311 ⁴ut
1399 269 1492 313 eidem
1509 270 1677 304 Menevensi
1690 274 1850 318 Episcopo,
1865 279 1893 308 in
1907 279 2061 309 commisso
2074 280 2122 310 sibi
2139 280 2302 320 Regimine,
2348 272 2431 310 ¹323·

1250 304 1284 334 ad
1297 305 1437 336 levitatem
1450 307 1593 339 mitorum
1607 311 1793 344 Subditorum
1808 315 1948 359 salubriter
1963 318 2202 356 compescendam
2215 343 2224 356 ,
2245 319 2302 350 i'tu-
2320 313 2385 339 Edu.
2409 320 2435 347 3·

1247 341 1471 412 ggffiinffisrsgffls
1491 346 1611 378 affistere
1625 373 1636 387 ,
1661 349 1694 381 ὃς
1717 360 1782 382 eum
1796 375 1806 391 ,
1832 364 1861 384 in
1882 356 2120 393 oportunitatibus
2138 380 2149 395 ,
2170 357 2303 398 suffragiis

1284 419 1443 452 Confervet
1458 422 1520 453 &c.

1287 494 1355 526 Dat.
1371 498 1445 535 apud
1460 498 1606 539 Eborum,
1624 501 1739 534 decimo
1751 503 1827 536 seno
1841 505 1886 536 die
1900 506 2025 547 Augusti.

1666 579 2296 600 Ἃ

1354 619 1414 653 Ad
1431 620 1626 664 Cardinales‚
1646 634 1701 669 pro
1714 625 1849 670 praediriio
1869 631 2046 675 Menevenfi
2061 638 2209 684 Epiftopo.

1248 704 1502 773 vein-emptitio
1521 705 1636 737 Christo
1651 708 1745 752 Patri,
1764 710 1896 755 Domino
1909 713 1934 752 J.
1953 714 2011 746 Dei
2046 721 2110 751 ratis
2149 723 2245 755 Sanffl
2263 725 2305 756 A-
2324 710 2400 741 Am·
2413 708 2453 741 D.-

1351 754 1418 774 riam
1431 743 1566 775 Diacono
1581 745 1720 790 Cardinali
1734 771 1743 784 ,
1756 750 1872 793 *Amico
1893 752 1942 783 suo
1957 726 2095 788 carissimo
2119 745 2288 794 'Edwardus
2345 749 2429 789 1328.

1249 782 1310 812 ἃς.
1328 782 1472 821 Salutem,
1490 784 1523 814 ὃς
1538 783 1653 814 fincerae
1668 784 1824 817 dileetionis
1837 788 1983 821 affectum.
2103 782 2113 797 ³
2294 788 2304 803 ²
2326 792 2376 815 An.
2394 798 2419 815 2·

1287 819 1403 865 Sincera
1417 831 1469 866 nos
1483 831 1583 866 movet
1596 822 1724 866 Affes‘tio
1734 846 1744 862 ,
1760 826 1815 863 qua
1827 827 1971 864 personam
1981 853 1991 868 ,
2010 830 2179 867 Venerabilis
2325 831 2352 853 E.
2374 837 2398 863 3·

1250 857 1371 890 Henrici
1392 859 1523 904 Episcopi
1537 859 1719 892 Menevensis
1735 863 1946 903 amplectimur,
1962 869 1989 896 in
2004 870 2153 904 visceiibus
2169 879 2284 909 caritatis
2322 868 2391 891 ΚΜ·
2410 874 2437 892 ²⁶

1249 905 1281 927 ut
1297 907 1343 935 ea,
1363 907 1427 936 quae
1447 901 1528 936 ipsius
1547 898 1653 943 lionori
1673 904 1851 933 conveniunt
1865 926 1874 941 ,
1918 906 2019 936 uietem
2042 912 2172 942 muniunt
2206 917 2239 945 &
2254 904 2302 948 au3
2320 907 2349 930 E.
2362 913 2387 940 3·
2401 912 2439 930 '⁷¹‘

1250 944 1320 979 gent
1335 936 1525 979 ¹profecituum
1544 947 1718 970 incrementa
1732 964 1742 978 ,
1759 951 1845 978 penes
1859 914 1971 973 noiiros
1986 943 2136 979 Benivolos
2151 937 2188 981 ὅς’
2196 956 2303 986 amicos
2322 951 2347 968 ²·

1250 983 1353 1005 votiVis
1365 974 1502 1006 desideriis
1517 986 1711 1014 procuremus.

1289 1012 1490 1057 Qamobrem
1505 1015 1635 1060 Aeundern
1656 1015 1770 1046 Patrem
1783 1041 1793 1055 ,
1818 1017 1852 1048 &
1873 1022 2056 1053 commissam
2080 1025 2129 1055 sibi
2150 1026 2306 1062 Ecclesiam

1252 1050 1328 1088 (quae
1342 1074 1352 1089 ‚
1376 1061 1405 1082 in
1425 1052 1519 1082 Terra
1538 1052 1653 1099 WVanae
1674 1055 1767 1085 situata
1782 1078 1792 1093 ‚
1811 1056 1944 1089 Subditos
1958 1059 2043 1092 habet
2060 1062 2105 1093 ΙΝ
2116 1073 2136 1094 D
2147 1074 2167 1094 o
2176 1074 2203 1096 M
2214 1077 2254 1097 ιτ
2264 1079 2283 1098 o
2294 1080 2307 1100 ς

1252 1097 1271 1118 Ε
1280 1096 1302 1118 T
1336 1099 1357 1119 D
1367 1100 1385 1120 a
1395 1099 1415 1120 L
1425 1099 1437 1120 1
1446 1099 1468 1120 R
1477 1100 1497 1120 o
1507 1100 1518 1120 s
1535 1114 1545 1129 ,
1577 1099 1634 1122 tam
1657 1092 1794 1137 Anglicos
1808 1117 1817 1131 ‚
1849 1097 1936 1132 quarn
1958 1098 2125 1138 wallenses)
2148 1103 2306 1138 Paternitati

1252 1126 1351 1158 vestrae
1366 1129 1636 1160 recommendamus
1653 1131 1821 1169 asteihone,
1841 1134 1897 1170 qua
1912 1136 2059 1172 possumus
2072 1142 2187 1172 cariori:

1289 1166 1428 1198 Attentius
1454 1168 1635 1205 supplicantes
1661 1171 1788 1207 quatinus
1805 1170 1933 1211 Negotia
1946 1196 1956 1212 ,
1981 1176 2070 1212 ipsum
2095 1180 2129 1210 &
2151 1181 2308 1214 Ecclesiam

1251 1204 1326 1235 suam
1350 1205 1514 1246 praedititam
1535 1208 1728 1248 contingentia
1742 1232 1752 1247 ,
1775 1209 1856 1239 vobis
1877 1220 1911 1240 ex
1931 1221 2007 1248 parte
2023 1215 2069 1246 sui
2083 1217 2204 1250 seriosius
2220 1230 2310 1259 expo·

1252 1243 1359 1281 nenda,
1379 1245 1500 1288 benigne
1522 1245 1615 1276 audire
1630 1270 1639 1283 ,
1664 1247 1697 1278 δε
1717 1257 1749 1277 ea
1763 1257 1825 1286 erga
1841 1247 2007 1281 Dominum
2022 1253 2175 1286 Summum
2191 1258 2308 1290 Pontifi-

1251 1292 1318 1313 cem
1333 1283 1391 1321 (cui
1405 1283 1484 1321 super
1499 1283 1556 1314 hoc
1572 1283 1729 1322 scribimus)

2201 837 2303 880 Patris,

1285 1322 1290 1326 ι
1470 1323 1474 1327 ¹
1565 1322 1569 1327 ι
1731 1287 1853 1329 flentis,
1871 1287 2036 1320 nostrorum
2050 1293 2208 1327 interventu
2224 1307 2307 1329 rova-

1250 1330 1378 1360 minum,
1397 1322 1505 1365 modis,
1545 1323 1623 1365 uibus
1639 1324 1771 1361 expedire
1785 1325 1924 1364 videritis,
1941 1337 2113 1364 promovere
2120 1342 2130 1367 ;
2150 1334 2201 1371 ita,
2218 1336 2237 1364 si
2253 1322 2312 1373 {la-⁷

1251 1368 1313 1398 cet,
1332 1359 1410 1397 quod
1421 1360 1501 1404 ,idem
1548 1362 1676 1404 piscopus
1693 1362 1789 1393 vestro
1809 1363 1950 1395 mediante
1968 1368 2096 1404 praeiidio
2112 1394 2120 1407 ,
2149 1372 2311 1405 intentionis

1250 1397 1474 1442 sure—‘efficaciam
1487 1398 1591 1438 assequi
1605 1400 1711 1439 valeat,
1729 1409 1760 1432 ut
1773 1401 1962 1434 desideranter
1980 1409 2155 1447 appetimus,
2169 1410 2246 1450 super
2263 1422 2312 1442 ne«

1252 1445 1335 1475 gotiis
1347 1437 1501 1467 antedictis.

1288 1475 1414 1519 §cientes
1429 1476 1506 1513 quod
1522 1476 1598 1506 idem
1613 1476 1765 1515 Episcopus
1778 1478 1811 1508 ad
1825 1479 1999 1516 praesentiam
2012 1482 2081 1514 dieti
2095 1484 2311 1519 DotniniSum-v

1254 1522 1295 1543 mi
1307 1512 1453 1544 Pontificis
1467 1513 1636 1545 desiderabat
1648 1516 1826 1553 personaliter
1837 1519 2041 1558 acceffiffe‚set
2054 1533 2106 1553 nos
2115 1524 2204 1562 ipsum
2219 1535 2306 1557 trans-

1252 1553 1293 1581 ire
1306 1562 1365 1582 non
1379 1552 1553 1589 permisimus
1573 1577 1582 1590 ‚
1600 1562 1736 1590 praetextu
1749 1554 1925 1593 inhibitionis
1936 1568 2003 1595 ‚fiper
2017 1560 2086 1591 Nos
2100 1564 2134 1593 &
2150 1563 2310 1596 Consilium

1253 1589 1383 1620 nostrum
1400 1600 1489 1627 nuper
1502 1591 1601 1628 fact-x,
1616 1601 1652 1621 ne
1664 1591 1748 1630 aliqui
1767 1593 1920 1631 Magnates
1935 1605 2010 1627 eXtra
2026 1598 2164 1638 Regnum
2178 1602 2310 1635 nostrum

1255 1628 1274 1647 ³*
1293 1637 1409 1666 exeant,
1428 1629 1469 1659 ob
1485 1628 1660 1659 Guerrarum
1678 1630 1839 1669 Turbines,
1858 1643 1923 1671 quae
1936 1635 1965 1664 in
1981 1635 2093 1668 diversis
2107 1641 2230 1676 partibus
2244 1653 2310 1679 pro-
2330 1641 2346 1656 ”
2368 1641 2424 1669 1V··
2458 1660 2461 1663 -

1254 1667 1346 1697 siliunt
1368 1667 1420 1697 hiis
1439 1667 1535 1697 diebus
1551 1679 1560 1705 ς
1586 1668 1618 1697 &
1632 1669 1695 1705 quia
1709 1670 1766 1706 ejus
1782 1671 1901 1701 absentia
1915 1672 2013 1704 Nobis
2025 1676 2059 1706 &
2074 1676 2178 1717 Regno
2190 1681 2290 1711 nostro
2330 1680 2392 1716 366·

1254 1707 1287 1737 ὅ(
1302 1706 1445 1743 praecipue
1459 1705 1590 1736 Ecclesiae
1605 1706 1660 1736 suae
1674 1706 1859 1748 Menevensi,
1877 1719 1942 1747 quae
1957 1711 2048 1743 solerti
2063 1723 2126 1753 eget
2139 1705 2307 1756 Regimine'

1255 1745 1305 1780 δε,
1324 1753 1358 1773 ex
1371 1744 1481 1775 levitate
1495 1743 1642 1775 cervicosi
1655 1744 1845 1784 subditorum,
1861 1751 2000 1786 promptis
2016 1751 2169 1784 dinoscitur
2183 1744 2313 1794 periculis

1254 1783 1600 1854 siibssicere‚1dispendiosa
1612 1783 1669 1813 esse
1679 1784 1770 1821 ponet
1783 1785 1939 1823 plurimum
1955 1788 1988 1819 &
2002 1788 2162 1832 dampnosa.

1324 1831 1358 1853 at.
1378 1830 1408 1851 ut
1432 1831 1507 1859 upra.

1389 1898 1559 1930 Consimiles
1571 1899 1670 1931 litterae
1684 1899 1840 1941 diriguntur
1856 1903 2025 1946 subscriptis,
2041 1905 2191 1950 videlicet,

1293 1979 1408 2023 Domirw
1422 1980 1454 2007 Ρ
1470 1977 1592 2017 Epiftopo
1603 1978 1768 2023 *Penestrensi
1779 2004 1788 2018 ,
1807 1982 1914 2012 Saricflae
1929 1985 2057 2014 Romanae
2073 1986 2194 2027 Ecclefiae
2215 1990 2314 2020 Cardi->

1325 2015 1382 2045 nali
1397 2019 1425 2045 V
1424 2015 1628 2046 tcecancellario.

1294 2057 1409 2086 Domino
1421 2057 1457 2084 L.
1478 2056 1585 2084 Sanciae
1602 2057 1707 2085 Mariae
1716 2059 1745 2085 in
1760 2059 1817 2086 Via
1829 2057 1891 2087 lata
1908 2062 2030 2090 Diacono
2046 2063 2195 2094 Cardinali.

1256 2182 1303 2214 De
1320 2179 1461 2223 potestate
1484 2178 1558 2213 data
1583 2181 1738 2214 trafiandi
1766 2194 1832 2216 cum
1851 2184 1939 2217 Duce
1957 2183 2124 2222 Brabantiae
2141 2188 2176 2223 de
2194 2191 2312 2237 Confoe·

1572 2229 1737 2273 derasione,
1763 2235 1799 2270 ὠ·
1817 2235 1997 2269 Retinentia.

1253 2315 1379 2376 REX
1399 2316 1563 2355 Universis,
1580 2317 1725 2355 praesentes
1743 2317 1861 2348 Litteras
1878 2319 2052 2360 inspesturis,
2072 2322 2207 2355 Salutem.
2326 2321 2403 2352 Ann.
2420 2322 2458 2352 Dr

1346 2355 1394 2385 De
1415 2356 1543 2386 fidelitate
1565 2355 1682 2393 probata
1703 2357 1736 2387 ὃ(
1758 2358 2014 2395 circumspectione
2030 2362 2150 2398 providi
2163 2385 2173 2400 ‚
2190 2363 2312 2394 diledioa
2353 2362 2436 2401 1328.

1255 2404 1318 2423 rum
1340 2394 1371 2423 δί’
1393 2393 1517 2424 fidelium
1538 2394 1699 2424 nostrorum
1712 2417 1722 2431 ,
1747 2393 1899 2431 Reginaldi
1918 2396 1955 2426 de
1976 2396 2112 2429 Cobham
2136 2400 2254 2439 Militis,
2272 2402 2307 2433 &
2322 2402 2375 2427 Aa·
2397 2410 2424 2428 2·

1255 2431 1533 2472 Magistrijohannis
1546 2432 1581 2462 de
1596 2431 1739 2470 Hildelle,
1758 2432 1901 2465 Canonici
1922 2434 2132 2476 cicestriensis,
2149 2439 2261 2476 plenam
2275 2440 2309 2470 fi-
2328 2442 2358 2465 E·
2376 2447 2401 2473 3·

1255 2470 1366 2501 duciam
1382 2480 1568 2508 reportanteS,
2330 2480 2391 2504 Piit.
2410 2485 2436 2503 2.

1253 2548 1270 2578 s
1293 2508 1369 2577 Ipstlis
1381 2509 1579 2540 constituimus
1591 2509 1623 2540 ὃς
1639 2508 1758 2539 facimus
1772 2509 2037 2551 Procuratores,&
2051 2513 2186 2546 Nuncios
2202 2515 2316 2548 nostros
2332 2518 2361 2541 E.
2383 2524 2407 2550 3·
2422 2516 2457 2551 P?

1273 2557 1341 2577 iecra
1353 2558 1380 2578 es
2335 2563 2428 2582 2.m.2
2454 2572 2460 2577 ῃ

1265 2559 1276 2585 l
1292 2572 1400 2616 Dante}
1421 2586 1459 2616 eis
1481 2585 1591 2623 plenam
1603 2585 1777 2617 Potestatem
1799 2587 1833 2617 &
1849 2586 2019 2619 Mandatum
2036 2590 2152 2628 speciale
2164 2593 2315 2634 trastandi,
2435 2561 2447 2588 3

1255 2634 1308 2663 pro
1322 2624 1420 2655 Nobis
1437 2647 1447 2662 ,
1470 2626 1503 2655 ὃς
1519 2623 1618 2654 nostro
1632 2626 1767 2663 nomine,
1787 2635 1873 2664 cum,
1892 2626 1997 2658 Nobili
2012 2628 2100 2667 Viro,
2117 2630 2250 2662 Domino
2259 2633 2314 2670 Jo-

1255 2665 1364 2702 hanne,
1384 2663 1470 2693 Duce
1483 2662 1655 2701 Brabantiae,
1673 2662 1896 2699 consanguineo
1912 2665 2010 2696 nostro
2022 2667 2222 2707 cariffimo,de
2230 2670 2314 2701 Con-

1255 2702 1441 2732 foederatione
1458 2702 1491 2732 ὃς
1514 2702 1669 2740 Amicitia,
1687 2704 1758 2733 inter
1770 2703 1854 2741 Nos,
1873 2705 1906 2734 ὃς
1919 2704 2031 2735 nostros
2045 2706 2192 2745 Subdims,
2210 2719 2243 2739 ac
2258 2719 2313 2739 no-

1255 2741 1298 2770 bis
1313 2741 1511 2778 Adhaerentes,
1529 2740 1563 2770 &
1584 2740 1675 2778 ipsum
1698 2740 1833 2780 Ducem,
1851 2741 1885 2772 &
1900 2742 1962 2772 suos
1975 2743 2108 2774 Subditos
2139 2756 2172 2776 ac
2187 2747 2236 2776 fibi
2251 2747 2314 2777 Ad·-

1256 2780 1391 2810 haerentes
1405 2802 1416 2817 ,
1434 2778 1577 2816 ineundis,
1595 2788 1627 2809 ac
1647 2779 1810 2809 Retinentia
1832 2780 1954 2819 speciali,
1972 2783 2031 2811 tam
2044 2793 2096 2820 pro
2112 2768 2202 2822 Eace,
2222 2786 2310 2823 quam

1255 2827 1310 2856 pro
1331 2818 1442 2848 Guetrii
1457 2840 1466 2856 ‚
1492 2827 1594 2847 conrra
1610 2817 1804 2855 quoscumque
1823 2818 1852 2848 R
1890 2829 1934 2857 es,
1951 2820 1985 2850 &
1999 2819 2160 2861 Principes,
2177 2824 2211 2854 &
2225 2824 2310 2863 alios,

1257 2856 1457 2894 cuiuscumque
1471 2854 1564 2886 Status
1577 2856 1609 2885 ὅ(
1624 2855 1807 2886 Conditionis
1822 2858 1865 2886 exi
1893 2867 1954 2887 ant:

1291 2894 1330 2925 Et
1350 2894 1458 2924 easdem
1475 2917 1485 2932 ,
1508 2893 1797 2925 Confoederationem
1811 2918 1821 2932 ,
1842 2895 2008 2926 Amicitiam
2023 2919 2033 2935 ,
2051 2898 2084 2928 ὃς
2099 2897 2312 2940 Retinentiarri,

1257 2934 1437 2971 quacumque
1450 2931 1579 2962 firmitate
1593 2932 1724 2962 vallandi:
1890 2953 1897 2957 -

1294 2971 1425 3001 Necnon
1437 2970 1634 3000 concordandi
1646 2980 1714 3000 cum
1727 2970 1831 3001 eodem
1844 2971 1950 3011 Duce,
1967 2973 2013 3004 seu
2027 2973 2204 3012 Deputandis
2214 2976 2249 3007 ab
2264 2987 2311 3015 e0,

1254 3011 1333 3048 super
1355 3010 1498 3039 Terminis
1520 3008 1701 3039 Solutionum
1713 3033 1723 3046 ,
1742 3009 1834 3039 eidem
1851 3010 1944 3049 Duci,
1963 3012 2008 3042 seu
2023 3012 2165 3044 Gentibus
2178 3015 2244 3053 suis,
2262 3026 2311 3053 per

1256 3059 1308 3078 nos
1332 3047 1523 3078 faciendarum
1536 3069 1546 3084 ‚
1570 3046 1606 3077 de
1623 3047 1846 3085 quibuscumque
1858 3049 2046 3080 Pecuniarum
2058 3051 2198 3089 Summis,
2216 3054 2308 3083 eidem

1257 3087 1349 3131 Duci,
1357 3087 1413 3154 dseu
1429 3085 1572 3116 Gentibus
1593 3086 1645 3116 suis
1657 3110 1667 3124 ,
1692 3087 1832 3123 praemissa
1844 3088 1995 3118 occasione
2009 3090 2165 3128 promissis,
2185 3091 2228 3120 seu
2243 3101 2310 3128 pro-⁶

1256 3133 1354 3155 mitten
1377 3135 1410 3154 is:

1293 3163 1330 3193 Et
1343 3164 1427 3193 etiam
1442 3162 1632 3193 conveniendi
1644 3173 1714 3193 cum
1727 3162 1829 3194 eodem
1846 3163 1951 3203 Duce,
1970 3166 2003 3196 &
2018 3165 2160 3196 Gentibus
2174 3166 2227 3196 suis
2240 3174 2311 3204 prae-

1255 3201 1354 3240 dictis,
1372 3201 1407 3232 de
1429 3203 1510 3231 certis
1531 3201 1716 3231 pecuniarum
1736 3202 1860 3232 Summis
1875 3227 1883 3240 ⁷
1903 3214 1955 3240 pro
1969 3204 2130 3241 Stipendiis,
2148 3204 2259 3243 vadiis,
2275 3207 2310 3236 &

1256 3239 1400 3270 Custubus
1414 3265 1423 3279 ,
1447 3249 1480 3269 ac
1503 3237 1644 3270 Restauro
1660 3239 1810 3278 Equorum
1821 3264 1831 3279 ,
1850 3241 2014 3271 Hominum
2029 3241 2063 3272 ad
2078 3241 2182 3281 Arma,
2202 3253 2274 3281 quos
2288 3245 2311 3273 i⁴

1255 3280 1322 3310 dem
1336 3278 1406 3309 Dux
1424 3279 1453 3307 in
1467 3277 1635 3316 obsequium
1655 3279 1784 3310 nostrum
1800 3279 1900 3317 ducet,
1920 3280 1964 3310 seu
1982 3280 2092 3319 mittet,
2112 3290 2197 3318 prout
2212 3282 2311 3313 melius

1255 3319 1319 3348 fore
1333 3316 1454 3347 viderint
1468 3316 1648 3355 faciendum,

1292 3356 1492 3386 promittentes
1513 3355 1580 3385 Nos
1602 3365 1693 3386 ratuni
1708 3380 1716 3392 ,
1743 3356 1776 3387 &
1798 3356 1901 3386 Stabile
1916 3355 2074 3394 habituros,
2092 3355 2245 3395 quicquid,
2260 3364 2309 3395 per

1255 3395 1383 3434 praefatos
1404 3394 1602 3424 Procuratores
1621 3394 1733 3424 nostros
1747 3419 1755 3431 ‚
1782 3395 1930 3424 &aetatum
1944 3418 1953 3431 ,
1978 3395 2110 3425 vallatum
2125 3418 2134 3434 ,
2150 3396 2309 3426 concorda=

1256 3444 1317 3465 tum
1331 3458 1353 3476 ,θ
1358 3441 1539 3501 1csonventuui
1554 3455 1564 3471 ,
1589 3433 1622 3464 ὃς
1638 3433 1807 3471 promissum
1821 3432 1903 3463 suerit
1915 3433 1942 3461 in
1956 3432 2116 3471 praemiffis,
2135 3435 2168 3464 &
2182 3434 2310 3472 quolibet

1256 3482 1355 3510 praemi
1380 3481 1472 3501 orum.

1293 3549 1326 3579 In
1341 3549 1434 3587 cujus,
1452 3549 1512 3579 ὅτε.

1295 3625 1363 3656 Dat.
1379 3625 1451 3663 apud
1467 3624 1591 3656 Pontem
1605 3620 1726 3655 stadium
1736 3646 1745 3661 ‚
1761 3620 1898 3655 vicesimo
1910 3621 2033 3653 secundo
2045 3623 2091 3654 die
2104 3621 2231 3664 Augusti.

1351 3767 1400 3798 De
1417 3760 1556 3806 Potestare
1577 3760 1730 3795 trasiandi
1744 3773 1813 3793 cum
1830 3763 1942 3793 Comite
1962 3759 1998 3793 de
2017 3762 2074 3792 Los
2091 3763 2127 3798 (ς’
2146 3761 2225 3795 aliis.

1329 3856 1394 3887 EX
1413 3854 1562 3892 universis,
1580 3853 1725 3891 praesentes
1738 3853 1838 3882 litteras
1852 3852 1898 3881 ins
1911 3853 2029 3891 ecturis,
2046 3851 2179 3882 Salutem.
2327 3853 2402 3886 Arm,
2419 3855 2458 3885 D.

1258 3859 1319 3930 R
1360 3896 1407 3925 De
1420 3894 1547 3924 fidelitate
1562 3892 1621 3926 (ἶφι.
1643 3899 1673 3920 ut
1687 3891 1770 3929 sispra
1786 3890 1887 3930 usquei
1906 3895 1930 3929 i,
1949 3900 2034 3928 cum,
2049 3890 2207 3921 Nobilibus
2221 3890 2310 3930 Viris,
2350 3894 2429 3933 1328.

1258 3932 1422 3964 Comitibus
1436 3932 1472 3962 de
1487 3931 1560 3968 Lm,
1579 3932 1612 3962 &
1627 3929 1748 3968 Chyny,
1765 3939 1798 3958 ac
1814 3931 1849 3959 de
1866 3928 1955 3959 Gelre
1967 3954 1976 3967 ‚
1994 3929 2027 3959 &
2043 3928 2174 3960 Henrico
2189 3929 2225 3960 de
2238 3929 2311 3960 Ban-
2329 3937 2378 3960 Aa.
2398 3942 2423 3957 2-

1257 3972 1388 4009 tressem,
1406 3981 1438 4001 ac
1462 3971 1518 3999 aliis
1532 3969 1690 3999 Nobilibus
1706 3992 1715 4006 ,
1732 3969 1765 3998 &
1780 3967 1905 3998 Personis
1920 3967 2161 4006 quibuscumque,
2178 3967 2215 3998 de
2228 3968 2311 3998 Coria
2328 3974 2357 3998 Ε.
2380 3980 2405 4005 3.

1257 4010 1444 4040 foederatione
1458 4010 1490 4040 &
1508 4006 1642 4037 Amicitia
1648 4029 1657 4044 ,
1676 4008 1745 4036 inter
1761 4005 1847 4044 Nos,
1865 4007 1898 4036 ὃς
1918 4005 2029 4036 nostros
2051 4005 2201 4044 Subditos,
2219 4006 2253 4036 ὃ(
2269 4008 2312 4043 ip-
2330 4008 2393 4035 lbid⁴

1257 4048 1299 4080 sos
1312 4048 1443 4079 Comites
1457 4070 1467 4086 ,
1483 4045 1626 4084 Nobiles,
1644 4046 1677 4076 &
1691 4053 1803 4112 eorum3
1807 4045 1981 4083 quemlibet,
2000 4055 2033 4077 ac
2047 4044 2098 4076 fibi
2114 4044 2313 4111 Adhaerentffi,
