2562 4279
114 110 162 150 14.
553 80 1201 133 CONVENTION

10 196 59 217 nn.
75 184 117 217 D.
128 185 159 215 in
174 182 253 213 PacIs
266 179 369 212 nostrae
382 177 545 214 laefionem,
561 185 596 206 ac
608 173 714 212 Populi
725 171 816 203 nostri
828 171 953 211 ejusdem
969 170 1072 202 Terrae
1091 178 1184 202 terro-

20 225 87 265 328.
129 231 191 253 rem
206 219 399 251 manifestum:

0 270 51 295 lav.
72 274 98 302 3.
167 259 234 291 Nos
247 282 257 297 ‚
280 257 385 288 dictam
575 292 580 296 .
686 290 691 295 ι
801 289 806 294 .
959 288 964 293 .
1155 289 1160 294 Π

130 297 308 335 tranquilitati
333 293 454 332 ejusdem
478 291 582 329 Populi
603 289 693 320 nostri
714 288 876 328 prospicere
898 296 1043 326 cupientes
1058 311 1068 326 ,
1090 287 1194 326 vobis,

129 337 180 369 sub
196 333 381 365 Forisfaetura
396 331 540 361 Omnium
553 353 563 367 ,
589 338 654 366 quae
668 328 751 358 nobis
765 327 928 358 forisfacere
941 327 1081 365 poteritis,
1099 326 1195 357 distri-

132 377 182 406 cte
194 374 354 404 inhibemus
376 372 414 400 ne
434 369 680 406 Congregationes
694 365 872 404 hujusmodi,
890 375 924 396 ex
939 365 1079 403 praemissa
1094 365 1195 404 causa,

126 414 237 450 facere,
251 420 305 441 nec
316 410 394 447 super
409 408 482 446 ipsos
497 406 644 446 Magnates
659 406 696 436 de
709 404 824 436 Guerra
840 406 895 442 ire,
913 404 959 434 seu
973 404 1077 434 Terras
1090 414 1192 435 eorum

133 450 278 486 invadere,
297 457 351 478 nec
371 448 526 485 quicquam
545 444 637 482 aliud,
655 454 706 482 per
720 443 801 482 quod
812 443 871 473 Pax
884 442 979 473 nostra
994 442 1075 481 laedi,
1093 444 1140 474 seu
1153 442 1196 473 di-

135 491 196 521 &us
211 487 333 524 Populus
347 485 443 515 noster
457 485 570 523 terreri,
588 483 694 522 valeat,
712 490 880 520 attemptare
892 481 1071 520 praesumatis.

172 528 298 559 Scientes
320 524 402 563 quod
415 547 426 562 ,
442 524 464 554 st
476 523 552 553 secus
565 523 706 560 feceritis,
722 521 757 551 ad
770 530 839 559 VOS,
857 529 994 559 tanquam
1009 520 1044 550 ad
1059 519 1197 558 Dignita-

131 568 164 599 tis
179 564 285 597 nostrae
298 563 400 602 Regiae
414 561 678 600 Contemptorem,
693 560 814 600 graviter
829 560 984 597 capiemus.

172 603 325 635 Coniimssi
335 611 431 632 autem
447 601 555 639 modo,
574 610 624 638 per
635 600 698 630 alias
714 599 820 630 Literas
831 598 956 636 nostras,
975 597 1097 636 praefatis
1110 594 1198 636 Mag-

133 645 244 675 natibus
260 641 451 678 inhibuimus,
465 650 503 670 ne
516 640 566 678 ipsi
579 638 739 678 hujusmodi
753 637 1000 676 Congregationes
1015 636 1123 673 facere,
1141 643 1197 678 nec

134 683 214 720 super
232 691 285 712 vos
303 679 341 710 de
361 678 475 710 Guerra
496 679 536 709 ire
548 701 559 717 ‚
583 678 630 709 seu
645 677 749 708 Terras
763 675 865 706 vestras
878 674 1026 713 invadere,
1046 684 1101 704 nec
1117 682 1198 717 quic-3

137 730 224 758 quam
242 719 316 750 aliud
332 741 342 756 ‚
366 717 448 756 quod
469 718 498 747 in
519 717 600 756 ipsius
614 716 696 747 Pacis
711 715 816 747 nosttae
829 714 990 750 laefionem‚
1009 712 1055 744 vel
1071 711 1200 749 praedrdh

406 255 511 285 Pacem
530 252 659 282 nostram
678 249 791 280 illaasam
809 248 972 287 observari,
995 247 1030 280 &
1051 250 1140 288 quieti
1159 251 1193 280 &

136 759 238 797 Populi
253 756 343 788 nostri
358 764 516 793 terrorem,
535 755 637 787 cedere
648 755 755 793 valeat,
771 761 937 791 attemptare
951 751 1136 790 praesumant,
1149 750 1206 780 sub>

138 799 162 829 F
163 795 330 828 orisfaemrfi
344 794 489 833 praedicta.
1141 827 1145 832 ἡ

175 836 244 866 Nos
257 835 336 865 enirn
348 834 434 874 parati
448 834 570 872 erimus,
587 833 645 863 tarn
661 831 770 869 Vobis,
789 830 875 868 quarn
890 829 998 859 caeteris
1014 827 1201 864 Magnanbus

137 875 297 914 praedicfis,
315 872 566 913 perJusticiarios,
585 873 619 902 δι
632 870 698 901 alios
715 869 865 900 Ministros
886 867 1017 910 nostros,
1034 866 1070 895 de
1086 865 1202 909 quibus-

139 923 265 982 cumqude
287 911 419 951 Qerelis
441 910 540 942 vestris
551 933 561 948 ,
586 911 698 949 plenam
719 909 753 940 δε
764 907 887 938 celerem
899 905 1043 946 justitian]
1055 904 1204 942 exhibere,

138 961 225 991 prout
258 961 329 982 ecet.

177 1027 268 1059 Teste
282 1027 369 1065 Rege
377 1026 452 1067 apud
467 1025 610 1057 Evesham
619 1048 629 1063 ,
648 1022 784 1055 vicesimo
799 1030 898 1061 quarto
910 1021 955 1052 die
964 1021 1054 1060 Junii.

622 1104 678 1132 Per
690 1099 773 1140 ipsum
787 1103 883 1137 Regem
896 1097 934 1134 (β’
950 1096 1101 1128 Concilium.

265 1180 435 1211 consimiles
451 1179 556 1211 Literae
569 1178 729 1217 diriguntur
744 1175 916 1215 subscriptis3
935 1174 1083 1212 videlicet,

178 1259 311 1289 Arnaldo
326 1260 409 1296 Poer,

181 1297 306 1329 Waltero
321 1296 389 1326 Filio
403 1295 543 1326 Wllielmi
556 1294 588 1324 de
601 1297 708 1331 Burgo,

182 1337 291 1376 Jacobo
305 1335 329 1365 le
344 1334 478 1372 Botiller,

183 1378 321 1405 Mauritio
335 1373 400 1403 Filio
413 1377 441 1403 T
436 1374 534 1410 homa,

179 1413 309 1453 Johanm'
322 1411 389 1442 Filio
403 1412 513 1441 Roberti
526 1412 603 1440 Poer.

128 1556 191 1597 2D⁹
202 1552 381 1600 siispenfione
396 1547 607 1585 Prohibltionis
618 1574 627 1589 ‚
651 1557 756 1627 contza
771 1548 880 1593 Legem
895 1557 1083 1579 communem
1093 1544 1182 1589 fac'Zae
1194 1570 1204 1587 ,

587 1607 717 1629 revocari
739 1607 770 1628 a.

240 1687 272 1718 X
298 1685 451 1722 omnibus,
469 1683 504 1715 ad
520 1693 592 1722 quos
607 1683 668 1713 &c.
685 1681 819 1712 Salutem.

18 1736 75 1766 1,2
100 1751 105 1757 .
245 1727 330 1757 Licet
377 1734 428 1763 per
445 1723 551 1754 Literas
565 1721 672 1751 nostras
688 1720 816 1750 Parentes
851 1718 1091 1758 concesserimus,
1111 1718 1207 1749 Vene-

0 1770 48 1793 Αη.
62 1777 88 1794 2.
142 1763 222 1794 rabili
235 1749 497 1803 Patri‚(}aucelino
509 1760 600 1791 Tituli
615 1759 786 1789 Sanctorum
795 1742 959 1801 Marcellini
972 1757 1006 1788 &
1022 1756 1206 1801 Petri‚Pres-

0 1809 24 1832 Ε.
48 1814 75 1840 3.
142 1803 236 1834 bireto
252 1802 414 1839 Cardinali,
432 1799 513 1838 quud
529 1799 547 1818 ²¹²
562 1798 634 1836 ipse,
651 1797 684 1827 &
699 1796 901 1827 Procuratores
916 1795 954 1826 sui
970 1818 979 1833 ,
998 1805 1098 1825 omnia
1111 1795 1205 1826 Debi-

0 1846 56 1871 Pat.
74 1855 99 1872 2.
142 1850 186 1879 ta,
206 1852 270 1880 quae
286 1840 424 1880 praedicto
438 1836 595 1874 Cardinali‚
614 1845 668 1873 pro
682 1834 815 1865 Decimi-s
830 1834 864 1865 &
879 1830 1039 1864 Praei-tibus
1047 1833 1205 1864 Beneficio-

0 1885 24 1909 Ε.
36 1890 94 1919 3.p.
104 1898 129 1915 2,
143 1890 207 1910 rum
230 1881 344 1911 suorum
361 1901 371 1917 ,
399 1878 429 1907 in
453 1875 557 1916 Anglii
571 1898 581 1913 ,
598 1873 790 1912 debebantur,
807 1882 904 1913 petere
916 1873 950 1903 &
964 1874 1074 1912 exigere
1085 1874 1115 1903 in
1129 1872 1206 1903 Foro

0 1929 31 1973 ἵ).
48 1931 94 1957 34.
143 1918 356 1949 Ecclesiastico:
920 1919 928 1927 ¹

31 1960 41 1984 I
47 1963 82 1987 V.

0 2005 30 2033 35
34 2007 62 2033 7.

0 1687 73 1747 Arm.
88 1687 130 1720 D.
142 1689 197 1744 R
207 1687 232 1718 E

176 1956 215 1986 Et
234 1955 314 1994 quod
328 1954 442 1993 Judices
463 1950 650 1983 Ecclefiastici
669 1949 786 1981 eosdem
809 1949 979 1987 Debitores‚
998 1949 1032 1980 ad
1049 1949 1201 1981 solutiones

139 1994 314 2025 Debitorum
336 1993 450 2023 illorum
472 1990 609 2021 faciendas
624 2014 634 2027 ‚
652 1999 702 2027 per
717 1988 911 2027 quascumque
925 1988 1052 2019 censuras
1064 1987 1204 2019 Ecclesia-

137 2031 443 2103 ἓέεῑῗέῃῖεςοηιρεᾘεῑε
465 2029 576 2069 poffent
591 2052 600 2066 ,
626 2027 808 2067 quacumque
824 2026 1018 2066 prohibitione
1031 2026 1130 2059 nostra
1143 2037 1205 2058 non

275 2096 284 2110 5

210 2121 252 2140 uia
266 2119 361 2141 tamen

172 2110 222 2180 ᾖ
242 2134 478 2180 Ρῑοῖεευῖἰοηεῐῐι
499 2145 623 2176 Roberti
642 2143 679 2174 de
702 2143 792 2184 Lascy
807 2166 816 2182 ,
841 2152 892 2182 per
911 2143 1085 2175 Petitionem
1105 2144 1201 2184 suam,

136 2188 304 2228 suggerentis
326 2188 356 2217 in
381 2186 568 2216 parliamento
591 2182 690 2214 nostro
703 2207 712 2221 ,
738 2192 828 2220 nuper
841 2182 916 2220 apud
931 2182 1202 2223 Norhamptoniam

139 2235 320 2264 convocato,
339 2226 448 2265 ipsum,
467 2234 516 2262 per
530 2223 730 2253 Procuratores
746 2220 874 2260 predicsti
889 2219 1046 2251 Cardinalis
1081 2232 1134 2260 pro
1148 2222 1201 2253 hu-

137 2264 258 2303 jusmodi
280 2265 439 2295 Fructubus
454 2286 464 2302 ,
489 2262 582 2292 eidem
598 2261 733 2291 Roberto
748 2259 884 2297 venditis,
902 2260 932 2290 in
944 2260 1021 2290 curia
1036 2245 1204 2291 &hristiani-

138 2305 201 2334 tatis
220 2303 432 2341 Implacitatum
454 2300 536 2331 fuisse
551 2324 561 2338 ,
586 2299 734 2338 ipsumque
753 2298 888 2329 auxilium
911 2298 1026 2336 aliquod
1040 2322 1051 2337 ,
1068 2300 1097 2329 in
1113 2298 1204 2330 Curia

139 2341 238 2372 nostra
252 2364 262 2380 ,
285 2341 378 2371 versus
399 2339 514 2370 eosdem
534 2338 751 2375 Procuratores,
770 2336 926 2369 secundum
942 2337 1051 2376 Legem
1069 2339 1103 2368 &
1117 2336 1203 2367 Con-

138 2379 315 2412 suetudinem
336 2379 434 2418 Regni
452 2377 542 2408 nostri
558 2399 568 2415 ,
593 2384 731 2413 praetexm
754 2375 914 2406 Literarum
928 2375 1090 2406 nostrarum
1101 2375 1204 2414 praedi-

139 2419 265 2456 ἃειωῐῃ,
284 2417 388 2448 habere
402 2426 462 2446 non
475 2414 613 2453 potuiffe,

176 2456 362 2494 Magnatibus
375 2456 408 2487 ὃς
424 2454 593 2484 Proceribus
608 2452 677 2482 dieti
690 2451 804 2490 Regni,
822 2451 929 2482 ibidem
943 2451 1140 2490 existentibus,
1159 2453 1203 2483 vi-

139 2495 201 2527 sum
222 2496 275 2526 fuit
298 2493 377 2532 quod
397 2491 553 2524 Conceffio
573 2490 706 2529 prcedie‘ta
728 2490 801 2521 faeta
824 2490 877 2521 fuit
897 2499 996 2521 contra
1008 2501 1201 2522 communem

139 2534 251 2566 Levem
265 2532 388 2572 ejusdem
403 2532 516 2569 Regni,

176 2559 319 2604 <lominus
339 2571 420 2610 quod
435 2595 445 2607 ,
470 2570 490 2600 fi
510 2569 587 2599 idem
609 2568 756 2598 Robertus
770 2591 780 2604 ,
798 2567 835 2597 de
848 2576 968 2606 caetero,
986 2578 1039 2606 per
1052 2568 1201 2607 praefiitum

138 2610 322 2642 Cardinalem
335 2635 345 2648 ,
370 2609 415 2640 seu
435 2608 636 2639 Procuratores
657 2607 718 2637 suos
767 2607 797 2635 in
812 2605 901 2636 Curia
915 2606 1149 2646 Christianitatis,
1167 2607 1204 2638 de

137 2649 299 2688 hujusmodi
310 2648 439 2686 Debito,
457 2655 594 2685 praetexm
609 2645 713 2676 Conce
737 2645 810 2675 ionis
843 2645 985 2683 medietas,
1003 2646 1201 2685 implacitetur,

134 2687 216 2727 ‘quod
234 2687 311 2718 idern
332 2687 480 2717 Robertus
501 2693 614 2715 exnunc
634 2683 701 2713 inde
712 2682 813 2713 habeat
852 2684 1054 2722 rohibitiones,
1073 2686 1106 2716 δε
1121 2685 1202 2716 Atta-

124 2727 309 2764 enimenta,
327 2727 356 2756 in
371 2723 545 2755 Cancellaria
567 2721 679 2759 nostra,
695 2721 730 2752 ad
745 2721 946 2752 Communem
961 2722 1093 2762 Legem,
1110 2723 1131 2754 fi
1145 2733 1200 2756 vo-

135 2766 235 2804 luerit,
251 2763 448 2795 Conceffione
460 2761 557 2794 nostra
571 2760 705 2800 praediesa
720 2769 779 2790 non
795 2759 937 2791 obstante.

171 2841 206 2872 In
221 2842 317 2880 cujus,
334 2841 395 2872 &c.

165 2917 261 2950 Teste
275 2918 360 2957 Rege
372 2915 446 2956 apud
460 2914 620 2953 Eveffiam,
637 2914 775 2946 vicefimo
789 2913 899 2945 ostavo
911 2913 956 2945 die
969 2914 1057 2953 junii.

670 2992 725 3020 Per
741 2991 902 3020 Petitionem
917 2992 950 3022 de
965 2991 1090 3022 Concilio.

438 3141 498 3172 Pro
515 3135 660 3183 Johanne
679 3135 714 3168 de
730 3138 885 3171 Hanania.

0 3254 29 3282 ‚m
73 3251 103 3283 D
130 3229 266 3292 REX
291 3230 477 3262 Thesaurario
491 3231 525 3262 δε
542 3230 711 3261 Camerariis
724 3230 793 3268 suis,
812 3230 944 3261 Salutem.

13 3263 80 3322 *ᾖξε
109 3276 114 3281 ·
232 3268 377 3306 Liberate,
396 3268 432 3299 de
443 3270 589 3300 Thesauro
602 3268 701 3300 nostro
712 3291 721 3307 ,
744 3268 851 3298 dilecto
864 3269 1083 3308 Consanguineo
1097 3270 1132 3301 &
1143 3271 1192 3300 Fi-

0 3301 61 3357 41>-
84 3315 91 3321 ·
124 3306 186 3337 <leli
200 3307 318 3345 nostro,
333 3307 458 3345 Johanni
472 3308 508 3337 de
523 3308 673 3346 Hanonia,
690 3307 736 3337 vel
750 3308 806 3343 ejus
820 3308 849 3336 in
866 3307 918 3337 hac
936 3316 1015 3345 parte
1028 3307 1189 3346 Attornato‚

0 3342 36 3386 ζ’·
56 3341 81 3358 ²·
132 3345 247 3383 Septem
264 3346 346 3377 Milia
361 3346 531 3384 Librarum,
547 3347 576 3376 in
589 3355 697 3384 partem
710 3346 865 3376 Solutionis
881 3346 1109 3385 Qituordecim
1127 3346 1190 3376 Mi-

134 3384 204 3414 lium
227 3385 378 3415 Librarum
391 3409 401 3423 ‚
422 3386 451 3414 in
471 3386 573 3422 quibus
595 3385 687 3414 eidem
705 3384 833 3422 Johanni
854 3393 987 3414 tenemur
1000 3407 1010 3422 ,
1025 3395 1080 3423 pro
1093 3385 1192 3416 Vadiis

133 3422 203 3460 suis,
221 3424 252 3453 δε
267 3423 435 3454 Hominum
451 3423 486 3452 ad
507 3423 613 3460 Arma,
629 3424 677 3461 qui
692 3424 721 3452 in
735 3422 885 3453 Comitiva
896 3422 959 3460 suci,
977 3423 1006 3452 in
1021 3423 1189 3462 obsequium

99 3469 105 3475 ·
131 3460 263 3492 nostrum
277 3485 287 3501 ,
312 3463 341 3492 in
364 3462 473 3500 Regno
495 3461 595 3492 nostro
611 3484 621 3500 ,
639 3462 673 3491 ad
686 3470 816 3500 rogatum
832 3460 978 3499 nostrum,
997 3472 1086 3500 nuper
1101 3472 1190 3493 vene-

132 3509 213 3530 runt:

0 3389 97 3435 :inr-at.

0 3466 13 3471 ,.
34 3450 63 3472 Σ.
81 3457 93 3483 3

0 3491 22 3510 u.
38 3485 65 3514 6,

165 3537 380 3584 Recipientes'a
394 3539 511 3578 praefato
528 3539 669 3584 Iohanne,
687 3538 733 3569 seu
745 3538 802 3576 ejus
813 3537 894 3567 dieto
908 3537 1080 3577 Attornaro,
1099 3539 1190 3569 Litte-

127 3584 168 3605 ras
183 3576 405 3617 Acquietannae,
424 3578 638 3616 Receptionem
658 3577 797 3607 didiarum
819 3577 934 3614 Septem
953 3577 1071 3607 Milium
1089 3577 1188 3608 Libra-

124 3622 192 3644 rum
203 3616 396 3655 testificantes,
415 3627 479 3655 quae
494 3627 547 3655 pro
562 3617 644 3647 nobis
657 3615 825 3646 sufficientes
839 3615 943 3645 fuerint
956 3616 985 3646 in
1000 3616 1052 3646 hac
1070 3625 1154 3654 parte.

166 3689 255 3723 Teste
269 3692 351 3734 Rege
363 3694 436 3734 apud
448 3693 588 3727 Evesham
597 3718 607 3733 ,
624 3693 759 3725 vicesimo
774 3692 881 3724 octavo
894 3691 940 3722 die
950 3692 1038 3731 Junii.

600 3772 654 3801 Per
667 3769 750 3811 ipfiim
763 3772 860 3808 Regem
874 3767 913 3805 &
925 3768 1077 3800 Concilium.

1231 82 1267 123 E
1294 82 1320 124 s
1347 112 1361 134 ‚
1417 80 1451 122 L
1483 80 1505 122 1
1535 81 1576 123 T
1605 80 1639 121 E
1666 81 1710 122 R
1737 80 1818 127 AE,

2313 191 2441 225 Ann.D.

1380 258 1430 290 De
1448 257 1536 287 Bonis
1551 257 1586 292 ω’-
1609 252 1736 287 Corallis
1757 251 1945 285 Gallicorum
1962 249 2152 292 arrestandis.
2268 254 2279 264 ²
2311 233 2428 310 ΕΖΞΖΒΞ

1232 339 1561 418 ΒΕὶᾷιέξεεεοπιίῑί
1575 337 1820 376 Suthamptoniae‚
1837 335 1970 368 Salutem.
2311 350 2407 422 ἕως,

1269 416 1314 447 Ex
1331 417 1526 455 frequentibus
1547 415 1721 446 diversorum
1743 413 1874 453 Qerelis
1890 436 1900 452 ,
1918 422 1973 443 nec
1989 423 2050 444 non
2064 423 2099 444 ex
2112 415 2297 448 insinuatione
2310 408 2398 462 claus'.
2417 434 2445 454 2.

1230 452 1504 531 ῗοῐηῑῃυηῑίἱῐεωω,
1523 455 1660 486 Villarum
1674 452 1853 491 nostrarum,
1871 451 2116 492 Suthamptoniae‚
2133 454 2296 496 &Magnae
2312 465 2342 490 E.
2360 473 2387 499 3·
2398 472 2437 491 m,

1251 503 1378 524 ernemut
1400 505 1426 525 ae

1274 532 1320 563 Ad
1341 517 1473 566 nostrtim
1486 533 1546 571 jam
1561 540 1688 562 recenter
1704 531 1832 570 pervenit
1843 529 1985 567 auditum,
2004 528 2084 568 quod
2100 530 2216 569 quidam
2229 532 2299 564 Ma-
2315 509 2360 528 ΞΖ.

1235 571 1398 610 Ιεΐιᾶοτεε,
1415 570 1455 602 de
1466 569 1588 608 partibus
1601 570 1728 601 Franciae
1740 570 1774 601 ὅτ
1788 569 1998 605 Normanniae,

1271 609 1309 640 Se
1321 619 1413 648 nuper
1428 609 1589 640 adinvicem
1604 617 1805 649 congregantes
1819 609 1848 638 in
1863 607 2041 638 multitudine
2053 607 2190 648 copiosa,

1274 648 1308 678 In
1323 648 1460 686 quosdam
1472 647 1618 678 Homines
1628 648 1662 678 &
1677 647 1857 678 Mercatores
1870 645 2009 678 Villarum
2024 647 2222 684 praedietaxum
2237 672 2248 689 ,
2264 659 2300 682 ac

1236 685 1349 717 aliunde
1362 685 1400 717 de
1412 686 1443 716 R
1479 695 1519 716 no
1530 685 1659 725 Angliae,

1276 726 1339 764 Qi
1358 735 1429 756 cum
1443 695 1583 756 e§avibus
1605 725 1658 755 suis
1677 723 1712 754 ad
1731 723 1834 755 Portus
1846 723 1883 755 de
1896 723 1993 762 Bune,
2011 725 2039 754 in
2055 723 2198 764 pictavia,
2215 727 2249 758 &
2264 726 2302 758 de

1238 763 1340 802 Leire,
1357 765 1389 794 in
1408 761 1486 794 ἀίὀέὂ,
1503 761 1598 794 Terra
1609 761 1822 802 Normanniae,
1839 773 1892 801 pro
1908 763 2112 794 Mercirnoniis
2125 764 2178 795 suis
2190 765 2301 797 ibidem

1238 801 1418 832 excerce'ndis
1426 826 1435 840 ,
1451 800 1661 832 declinaverant
1667 823 1678 839 ,

1276 840 1394 879 Subito,
1413 849 1497 870 more
1517 839 1664 870 Guerrino
1679 861 1689 878 ,
1706 840 1862 878 irruerunt,
1880 839 1999 877 &ipsos
2010 842 2137 879 nequiter
2153 842 2304 875 interfece-

1240 888 1321 917 runt,
1339 879 1440 909 Naves
1459 878 1516 908 suas
1538 877 1755 908 combusserunt
1767 902 1778 914 ‚
1802 887 1835 908 ac
1857 877 1936 908 Bona
1950 878 1984 909 &
1998 878 2105 910 Caralla
2116 880 2177 918 sua,
2195 881 2228 911 ad
2244 892 2305 913 non

1241 917 1391 948 modicum
1412 916 1550 948 Valorem
1563 939 1574 955 ,
1593 917 1623 946 in
1641 915 1745 946 eisdem
1767 915 1901 946 Navibus
1914 917 2046 957 inventa,
2065 928 2201 956 ceperunt
2216 921 2249 951 &
2264 931 2307 952 as-

1240 964 1438 995 portaverunt,
1457 955 1492 985 &
1505 953 1665 993 hujusmodi
1674 954 1799 985 facinora
1819 953 1899 992 super
1912 953 2057 986 Homines
2071 957 2106 988 &
2121 957 2302 989 Mercatores

1240 994 1368 1034 nostros,
1385 995 1415 1024 in
1427 993 1567 1032 praedictis
1575 993 1691 1032 Terris,
1708 992 1745 1023 de
1757 991 1803 1023 die
1817 993 1846 1023 in
1861 992 1954 1031 diem,
1968 993 2059 1025 facere
2073 1005 2135 1026 non
2147 996 2301 1036 desistunt·²

1242 1034 1320 1103 angle
1334 1033 1480 1064 turbamur
1494 1032 1576 1062 anxie
1586 1031 1620 1063 &
1637 1040 1808 1062 movemur:

1315 1083 1348 1103 os

1281 1111 1340 1142 Pro
1354 1095 1559 1141 ²refraenatione
1577 1115 1663 1139 tantae
1683 1108 1833 1146 iniquitatis
1854 1107 1888 1138 &
1908 1107 2022 1138 malitiae
2036 1131 2046 1147 ,
2064 1120 2180 1142 necnon
2193 1123 2247 1151 pro
2263 1113 2307 1143 in-

1242 1150 1417 1188 dempnitate
1430 1148 1632 1179 Mercatorum
1647 1146 1867 1188 praedictorum,
1885 1147 1920 1178 &
1938 1147 2060 1178 aliorum
2073 1149 2110 1179 de
2125 1149 2230 1190 Regno
2244 1152 2307 1182 An-

1242 1189 1322 1229 gliae,
1340 1188 1467 1219 volentes
1481 1195 1647 1224 congruum
1662 1194 1807 1226 apponere
1817 1184 1993 1223 remedium,
2012 1196 2099 1223 prout
2107 1186 2208 1228 decet,

1279 1227 1350 1257 Tibi
1364 1227 1562 1264 praecipimus,
1580 1224 1696 1255 firmiter
1709 1225 1899 1263 injungentes,
1920 1223 1999 1262 quod
2015 1223 2126 1264 statim,

1281 1265 1354 1295 vifis
1366 1265 1565 1303 praescntiboe,
1582 1263 1666 1294 omni
1680 1262 1814 1293 dilatione
1831 1262 1955 1303 postposi

1282 1305 1301 1323 *
1320 1303 1429 1333 Omnia
1447 1302 1528 1334 Bona
1547 1303 1582 1334 δε
1603 1300 1712 1332 Catalla
1725 1300 1893 1332 Hominum
1909 1301 1943 1332 &

1242 1342 1341 1373 Terris
1358 1342 1500 1379 Franciae,
1519 1341 1711 1372 Normanniae
1720 1363 1730 1379 ,
1744 1339 1778 1370 &
1791 1339 1943 1379 Pictaviae,

1280 1381 1474 1419 Ubicumque
1492 1381 1607 1410 inventa
1617 1380 1740 1416 fuerint,
1759 1378 1829 1408 infra
1841 1378 1975 1409 Ballivam
1987 1386 2084 1418 tuam,
2104 1379 2160 1410 sive
2174 1381 2244 1412 infra
2258 1382 2310 1413 Li-

1243 1419 1365 1450 bertates
1379 1444 1388 1458 ,
1414 1419 1471 1450 sive
1490 1427 1566 1449 extra
1581 1441 1592 1457 ,
1615 1418 1671 1448 una
1693 1426 1761 1447 cum
1776 1416 1891 1447 Debitis
1905 1418 1936 1456 (fi
1950 1427 2016 1455 quae
2027 1419 2065 1448 eis
2076 1418 2244 1457 debeantur)
2261 1431 2311 1458 per

1243 1458 1337 1489 visum
1351 1459 1384 1490 &
1401 1457 1598 1489 testimonium
1611 1456 1735 1487 duorum
1748 1455 1935 1492 Burgenfium
1945 1478 1956 1494 ,
1972 1456 2018 1486 seu
2032 1455 2197 1488 Proborum
2211 1459 2245 1490 &
2254 1459 2311 1491 Le-

1245 1497 1350 1536 galium
1366 1496 1550 1534 Hominum,
1568 1495 1720 1533 locorum,
1736 1494 1785 1524 ubi
1797 1493 1876 1525 Bona
1888 1494 1931 1525 illa
1949 1495 2064 1525 inventa
2078 1495 2199 1536 fuerint,

1284 1535 1424 1574 Arestari,
1442 1536 1476 1566 δε
1491 1534 1586 1573 salvo,
1604 1534 1636 1564 &
1651 1533 1749 1564 secure
1765 1555 1775 1571 ‚
1802 1542 1835 1563 ac
1849 1533 1907 1564 fine
1920 1532 2131 1572 Distrac‘tione‚
2150 1535 2195 1565 seu
2210 1535 2310 1567 Dimi-

1243 1575 1364 1605 nutione
1384 1573 1508 1612 qualibet
1520 1597 1531 1612 ,
1548 1572 1685 1603 custodiri
1697 1571 1820 1610 faciatis,
1838 1571 1986 1610 quousque
1997 1572 2118 1610 praefatis
2132 1572 2313 1607 Hominibus

1244 1613 1279 1644 &
1296 1613 1510 1643 Mercatoribus
1556 1611 1591 1642 de
1605 1611 1716 1648 Regno
1729 1609 1843 1648 nostro,
1863 1609 1899 1641 de
1914 1609 1994 1640 Dam
2016 1611 2058 1641 nis
2069 1612 2104 1643 &
2119 1610 2243 1652 Injuriis,
2260 1614 2299 1645 eis

1238 1659 1273 1720 gt
1289 1652 1486 1720 ρτκὲῃὶῑὲίωτ,
1504 1637 1600 1688 iliam,
1618 1649 1702 1680 fuerit
1714 1648 1885 1679 sarisfacmm
1896 1672 1906 1688 ,
1923 1649 1970 1681 vel
1981 1621 2056 1680 aliud
2071 1649 2138 1681 inde
2150 1640 2315 1684 duxerimus

1260 1698 1342 1721 eman
1362 1700 1396 1720 an
1418 1700 1477 1720 um.

1280 1728 1318 1759 Et
1338 1729 1375 1759 'de
1396 1726 1482 1760 Bonis
1497 1752 1508 1766 ,
1536 1726 1669 1765 Catallis,
1688 1726 1722 1758 &
1737 1725 1851 1756 Debitis
1866 1725 1916 1756 illis
1930 1749 1939 1764 ‚
1958 1727 1992 1758 &
2005 1737 2087 1767 quae,
2104 1728 2314 1768 &cujusmodi

1243 1767 1340 1805 Bona,
1358 1768 1392 1799 ὃ(
1414 1776 1537 1806 quorum
1558 1766 1663 1797 fuerint
1676 1789 1686 1802 ,
1702 1766 1737 1796 δε
1751 1765 1818 1803 ubi,
1835 1765 1870 1796 ὅτ
1885 1765 1964 1803 cujus
1978 1766 2098 1805 valoris,
2118 1768 2192 1798 inter
2206 1775 2254 1808 te,
2274 1769 2310 1802 Bc

1243 1807 1315 1844 ipsos
1327 1806 1494 1846 Burgenses,
1511 1806 1546 1836 &
1561 1805 1668 1843 probos
1680 1803 1842 1841 Homines,
1861 1802 1921 1834 fieri
1936 1803 2020 1835 facies
2033 1804 2207 1838 Indenturas.

1280 1844 1404 1883 Nosque
1451 1845 1482 1874 in
1501 1843 1709 1874 Cancellariam
1731 1841 1859 1872 nostram
1875 1865 1884 1880 ,
1903 1841 1939 1872 de
1951 1850 2016 1873 toto
2033 1843 2111 1874 facto
2126 1852 2179 1875 ruo
2194 1846 2222 1876 in
2238 1856 2312 1885 prae-

1242 1883 1328 1914 misfis
1341 1908 1351 1922 ,
1376 1868 1509 1914 dirimere
1525 1884 1558 1914 &
1572 1883 1685 1922 aperte,
1699 1881 1750 1912 sub
1765 1880 1853 1920 sigillo
1868 1889 1939 1919 tuo,
1957 1881 2114 1921 certifices,
2128 1882 2310 1923 Transcripta

1242 1922 1460 1953 Indenturarum
1473 1921 1585 1952 illarum
1596 1921 1680 1952 nobis
1694 1919 1845 1951 mittendo.

1280 1960 1426 1992 Praemiffa
1443 1968 1539 1991 autern
1559 1969 1629 1990 cum
1650 1958 1727 1989 tanta
1746 1957 1888 1998 diligentia
1908 1958 1990 1988 facias
2006 1959 2040 1990 δε
2052 1961 2212 2000 exequaris,
2231 1962 2312 2001 quod

1242 2009 1303 2030 non
1318 1999 1403 2040 poffis
1423 1998 1460 2030 de
1479 1998 1571 2037 aliqua
1591 1997 1762 2038 negligentia
1775 1997 1961 2036 reprehendi,
1979 1997 2013 2028 ὅ(
2030 1999 2111 2035 quod
2126 2009 2240 2037 propter
2251 2000 2314 2031 De-

1240 2038 1351 2069 fenum
1370 2039 1411 2069 tui
1425 2061 1435 2077 ,
1461 2036 1508 2068 seu
1529 2037 1724 2075 Tepiditatern
1745 2037 1775 2066 in
1789 2035 1842 2066 hac
1863 2043 1958 2074 parte,
1977 2044 2038 2066 non
2053 2036 2206 2068 habeamus
2222 2048 2312 2070 mate-

1241 2078 1314 2108 riam
1327 2076 1362 2107 ad
1376 2086 1404 2108 te
1420 2077 1543 2115 graviter
1557 2075 1695 2115 capiendi.

1957 1271 2161 1334 &creatorum
2174 1302 2211 1335 de
2223 1304 2306 1337 dietis
2323 1312 2338 1329 ²*
2355 1314 2409 1341 IV.

2329 1350 2395 1388 3582

1276 2145 1367 2178 Teste
1381 2145 1463 2188 Rege
1478 2145 1552 2184 apud
1562 2144 1722 2184 Eveffiam,
1741 2143 1879 2177 vicesimo
1893 2143 2000 2175 octavo
2013 2143 2059 2176 die
2070 2144 2158 2183 Junii.

1722 2216 1776 2244 Per
1792 2213 1875 2253 ipstem
1889 2216 1985 2251 Regem
1997 2211 2036 2248 ὠ·
2051 2213 2203 2245 Concilium.

1371 2286 1486 2317 Eodem
1499 2286 1590 2318 modo
1603 2284 1767 2317 mandatum
1781 2283 1823 2315 est
1835 2283 2008 2322 subscriptis,
2026 2282 2179 2324 videlicet,

1275 2357 1304 2384 V
1303 2355 1479 2385 icecomitibus
1494 2356 1645 2386 Londoniae
1654 2378 1664 2394 ‚
1682 2352 1743 2389 &c.

1326 2481 1374 2513 De
1389 2478 1520 2527 lylibella
1544 2482 1678 2527 Regina,
1702 2477 1748 2512 ad
1760 2489 1864 2525 partes
1880 2480 2025 2511 Bercwici
2033 2477 2218 2523 profestum.

1240 2564 1514 2626 MEmorandum
1527 2563 1616 2605 quod,
1632 2565 1675 2594 die
1689 2566 1815 2601 Veneris,
1831 2561 1975 2600 videlicet,
1984 2564 2073 2600 primo
2087 2562 2130 2592 die
2142 2562 2238 2602 Julii,
2256 2576 2308 2595 an-
2325 2551 2401 2583 Alm-
2415 2553 2457 2586 D-

1335 2616 1369 2635 no
1382 2608 1469 2643 Regni
1483 2607 1562 2640 Regis
1578 2603 1736 2640 Edwardi,
1755 2603 1832 2631 tertii
1837 2599 1896 2643 post
1910 2599 2084 2640 Conquestum
2112 2600 2245 2640 secundo,
2255 2606 2306 2633 Ve-
2353 2594 2438 2632 1328.

1239 2642 1368 2673 nerabilis
1387 2645 1474 2673 Pater
1487 2665 1498 2681 ,
1530 2643 1569 2671 H.
1590 2638 1782 2680 Lincolnienfis
1803 2640 1944 2678 Episcopus·
1954 2661 1967 2685 3
1987 2625 2170 2680 ancellarius
2193 2644 2306 2672 Domini
2323 2634 2375 2659 An·
2396 2642 2422 2660 2·

1237 2683 1316 2718 Regis
1329 2706 1340 2720 ‚
1362 2685 1408 2722 qui
1429 2681 1470 2710 ad
1479 2687 1574 2719 partes
1595 2681 1731 2708 Berewici
1745 2701 1755 2717 ,
1780 2681 1809 2707 in
1823 2680 1963 2707 Comitiva
1978 2676 2102 2716 Isabellae
2116 2680 2225 2716 Reginae
2237 2683 2304 2710 An·
2320 2674 2351 2698 Ε·
2373 2679 2399 2707 3·

1236 2718 1320 2759 gliae,
1332 2719 1504 2760 profi’t‘lurus
1519 2717 1582 2757 fuit
1596 2741 1606 2757 ,
1624 2721 1654 2747 in
1675 2716 1793 2747 Camerti
1815 2716 1890 2755 ipfius
1913 2714 2077 2745 cancellarii
2094 2740 2103 2755 ,
2127 2720 2157 2746 in
2171 2718 2303 2749 Abbatia
2321 2708 2409 2745 Cl‘ms-
2426 2719 2452 2738 2·

1236 2760 1335 2788 Beatae
1355 2761 1459 2789 Mariae
1484 2758 1605 2787 Eborum
1619 2780 1630 2796 2
1650 2754 1709 2795 post
1723 2755 1889 2794 prandium,
1906 2757 1935 2784 in
1966 2754 2093 2794 resentid
2108 2758 2286 2788 Dominarum
2319 2750 2350 2774 E·
2373 2756 2399 2784 3·
2415 2757 2452 2778 ⁷⁷¹-

1239 2798 1317 2827 Aa'ae
1337 2798 1370 2827 de
1391 2799 1477 2827 Brom
1490 2821 1500 2835 ,
1526 2798 1639 2825 Henrici
1657 2795 1689 2824 de
1708 2792 1900 2834 Edemstowe,
1918 2763 2026 2823 Tgomae
2040 2794 2073 2823 de
2088 2791 2244 2834 Evelham,
2262 2781 2302 2833 ὅ
2324 2794 2370 2814 2⁰·
2389 2785 2416 2814 Α·

1235 2835 1350 2866 aliorum
1365 2835 1524 2866 Clericorum
1537 2835 1570 2865 de
1584 2833 1757 2863 Cancellarid
1770 2855 1781 2871 ,
1806 2833 1838 2862 de
1851 2832 1982 2862 mandato
1996 2833 2064 2863 dieii
2077 2834 2190 2864 Domini
2203 2838 2283 2873 Regis
2291 2860 2302 2876 ‚

1235 2873 1369 2904 liberavit
1386 2878 1520 2912 stlagnmn
1532 2872 1655 2911 Sigillum
1668 2872 1745 2913 ipfius
1759 2874 1836 2908 Regis
1852 2874 1881 2900 in
1896 2870 2018 2911 quddam
2031 2871 2124 2900 Bursd
2133 2896 2142 2910 ‚
2158 2873 2249 2910 Sigillo
2262 2877 2303 2912 ip-

1229 2912 1287 2953 stus
1300 2913 1461 2944 cancellarii
1475 2911 1646 2953 confignatd,
1663 2914 1743 2949 imagi
1781 2921 1797 2940 o
1812 2912 1930 2940 Henrico
1944 2910 1977 2940 de
1992 2909 2062 2949 Clff
2091 2910 2198 2949 Custodi
2213 2915 2301 2942 Rotu-

1233 2951 1320 2982 lorum
1332 2953 1364 2982 de
1375 2953 1449 2983 dicia
1464 2950 1651 2990 Cancellaria,
1669 2951 1711 2980 ad
1719 2949 1911 2989 custodiendum
1934 2948 1969 2978 ub
1985 2933 2078 2986 Sigill’o
2096 2951 2209 2981 Domini
2223 2950 2301 2980 Wil-

1233 2990 1318 3021 Iielmi
1331 2992 1363 3021 de
1377 2990 1544 3031 Harlaston,
1563 2989 1658 3020 Clerici
1669 2989 1701 3019 de
1713 2989 1805 3019 eadem
1821 2991 1908 3018 Cance
1919 2987 1993 3017 laria
2026 2998 2045 3016 u
2056 2997 2107 3026 que
2118 2985 2160 3015 ad
2169 2988 2299 3018 Reditum

1234 3030 1312 3070 ipfius
1334 3029 1495 3060 Cancellarii
1516 3041 1535 3059 a
1552 3028 1680 3068 partibus
1689 3027 1856 3068 fhpradic‘lis
1870 3050 1880 3066 ‚
1903 3025 1941 3061 ὠ
1963 3010 2010 3054 a]
2035 3025 2173 3054 iaciendum
2186 3030 2297 3058 interim

1232 3081 1265 3099 ea
1279 3080 1338 3109 quae
1350 3071 1391 3099 ad
1402 3073 1427 3100 Ο
1459 3072 1527 3098 cium
1540 3066 1703 3098 cancellarii
1708 3071 1849 3104 pertinent
1864 3076 1873 3093 :
1891 3064 1934 3094 ide
1979 3074 2010 3092 ue
2028 3065 2163 3093 Henricus
2176 3064 2299 3101 Sigillum

1226 3109 1390 3148 praedic'lum
1421 3119 1444 3137 ιι·
1466 3119 1486 3137 a
1498 3105 1619 3147 praefato
1633 3104 1800 3137 cancellario
1814 3105 1926 3140 recepit,
1993 3103 2136 3140 praediffi,
2155 3104 2291 3134 Henricus

1231 3145 1270 3182 ὀ·
1291 3146 1456 3177 Willielmux
1471 3169 1482 3186 ,
1503 3149 1613 3176 Brevia
1631 3143 1716 3182 inde),
1743 3142 1784 3172 die
1804 3139 1933 3180 Crastind
1947 3163 1958 3178 ‚
1979 3143 2009 3170 in
2029 3140 2122 3171 eadem
2142 3141 2296 3183 Abbatici,

1231 3197 1278 3216 con
1288 3189 1377 3224 ignari
1386 3184 1524 3226 fecerunt.
1686 3214 1689 3217 ,

1253 3313 1302 3345 De
1322 3306 1538 3356 proclamando
1563 3320 1599 3340 ne
1623 3310 1691 3356 quis
1720 3309 1876 3340 Armatus
1899 3309 1944 3339 ire
1963 3332 1973 3350 ‚
1991 3306 2048 3351 seu
2076 3310 2146 3341 vim
2167 3306 2274 3341 ducere

1664 3357 1837 3403 praesicmat.

1228 3446 1283 3501 R
1293 3442 1357 3473 EX
1383 3442 1557 3474 Vicecomiti
1570 3441 1759 3482 Lancastriae,
1780 3441 1916 3473 Salutem.
2307 3444 2384 3476 Ann.
2399 3446 2441 3478 D.

1319 3481 1401 3512 Cum
1416 3505 1426 3520 ,
1447 3482 1483 3512 de
1504 3483 1657 3512 communi
1675 3480 1806 3511 Consilio
1821 3480 1918 3521 Regni
1931 3479 2038 3520 nostri,
2055 3481 2086 3511 in
2098 3480 2286 3514 Parliamento
2324 3487 2409 3525 1328,

1227 3519 1345 3559 nostro,
1361 3520 1435 3558 apud
1449 3520 1484 3551 N
1486 3521 1717 3558 orhamptoniam
1730 3530 1819 3558 nuper
1833 3528 1930 3558 tento,
1947 3521 2019 3550 inter
2031 3527 2130 3550 caetera
2142 3517 2285 3549 Statutum
2304 3527 2356 3552 An.
2377 3535 2405 3553 2,

1227 3558 1278 3603 sit,
1299 3570 1336 3589 ne
1349 3561 1428 3598 quis,
1447 3558 1544 3598 Major
1557 3582 1567 3598 ,
1592 3559 1638 3591 vel
1657 3558 1776 3597 Minor,
1795 3555 2106 3598 cujuscummesmtus-
2115 3555 2162 3586 vel
2174 3555 2288 3587 Condi·
2303 3566 2334 3590 Ε.
2355 3573 2380 3600 3.

1226 3599 1310 3628 nonis
1327 3598 1424 3628 existat
1988 3630 1990 3635 ,
2033 3631 2036 3634 ,
2102 3628 2109 3632 ,
2124 3629 2127 3631 ,
2304 3601 2389 3637 Claus.
2411 3604 2438 3631 21

1263 3636 1398 3675 Exceptis
1420 3621 1611 3666 §ervientibus
1636 3636 1739 3666 nostris
1760 3637 1788 3666 in
1811 3633 1956 3674 praesentia
1968 3630 2081 3670 nostra,
2100 3628 2133 3663 &
2149 3631 2288 3664 Ministris
2305 3644 2335 3667 E.
2347 3650 2418 3677 3.m.

1225 3674 1343 3713 nostris,
1362 3675 1552 3705 Executiones
1565 3674 1772 3705 Mandatorum
1787 3674 1966 3709 nostrorum,
1985 3671 2031 3701 seu
2039 3670 2215 3701 Officiorum
2223 3672 2285 3703 suo«
2305 3688 2351 3709 20.
2361 3679 2388 3707 A.

1225 3723 1291 3743 rum
1308 3736 1318 3751 ‚
1340 3713 1507 3744 facientibus
1523 3737 1533 3750 ,
1557 3713 1591 3743 δε
1612 3712 1667 3742 aliis
1683 3736 1693 3751 ,
1720 3715 1747 3743 in
1764 3712 1912 3743 Comitiva
1926 3709 2049 3748 ipsorum
2065 3708 2286 3750 Ministrorum,

1227 3751 1332 3781 eisdem
1353 3751 1492 3782 Ministris
1511 3752 1704 3782 auxiliantibus
1718 3776 1727 3790 ‚
1746 3753 1780 3783 &
1795 3752 1879 3782 etiam
1891 3749 1925 3779 ad
1939 3748 2203 3781 Proclamaiionem
2220 3749 2287 3780 faeti

1223 3799 1370 3834 armorum
1389 3791 1426 3820 de
1447 3789 1522 3820 Pace
1535 3813 1544 3828 ,
1569 3792 1602 3821 ἂ
1623 3790 1681 3821 hoc
1705 3791 1735 3821 in
1755 3791 1825 3821 locis
1839 3811 1850 3827 ,
1874 3787 1922 3818 ubi
1941 3781 2217 3825 hujuiinodifaetum
2229 3787 2289 3820 fieri

1224 3837 1370 3858 continoet

1262 3853 1420 3897 Audaciim
1444 3867 1495 3898 fibi
1509 3866 1626 3898 assumat
1639 3877 1739 3899 coram
1749 3865 1928 3906 Justiciariis,
1944 3862 1991 3894 vel
2006 3861 2065 3892 aliis
2080 3861 2218 3894 Ministris
2229 3875 2285 3896 no-

1225 3903 1286 3935 stris
1301 3904 1446 3936 Officium
1465 3905 1545 3937 suum
1567 3906 1733 3937 facientibus
1745 3929 1756 3943 ‚
1774 3905 1803 3935 vi
1815 3902 1920 3934 asmata
1933 3900 2083 3939 accedere,
2101 3910 2146 3932 aut
2159 3904 2219 3933 vim
2235 3904 2285 3934 ali-

1225 3951 1312 3982 quam
1326 3943 1447 3983 ducere,
1465 3944 1589 3975 in-Pacis
1602 3944 1707 3975 nostrae
1721 3942 1883 3978 laesionem,
1901 3949 1956 3970 nec
1970 3941 2109 3978 equitare,
2125 3940 2171 3971 seu
2181 3941 2285 3972 Arma-

1224 3989 1269 4014 tus
1281 3983 1337 4021 ire,
1355 3983 1391 4014 de
1403 3983 1448 4015 die
1460 3992 1515 4016 nec
1528 3982 1566 4015 de
1577 3983 1682 4022 noete,
1697 3983 1727 4013 in
1739 3981 1840 4023 Εετὶᾲε,
1858 3977 2010 4018 Mei-catis,
2028 3980 2124 4010 necin
2138 3980 2286 4058 praeffffifi
