2562 4279
696 80 808 123 ET
892 77 1157 119 ACTA
1239 77 1717 124 PUBLICA.

0 173 74 205 Ann.
89 168 130 199 D.
146 168 297 207 spicimus;
324 167 459 208 ipfiusque
482 166 663 199 Poffeffiones
681 166 716 196 ὃς
733 164 815 208 Jura,
827 173 882 208 ‘per
904 162 1093 206 inimicorum
1109 169 1215 205 *poten-

25 216 108 250 13¹7·
147 210 234 245 tiam,
252 207 376 244 usurpata
392 209 424 238 &
440 207 594 244 devastata,
612 205 697 243 ipsam
719 201 845 240 periculis
867 211 945 232 variis
958 201 991 231 &
1012 201 1216 244 calamitatibus

0 252 64 278 Edv.
84 256 109 273 2.
146 246 316 285 expolitam,
334 247 374 276 ob
390 245 506 276 Pastoris
519 244 688 281 carentiam,
708 250 768 271 non
782 240 837 270 fine
859 239 954 270 cordis
969 239 1152 269 amaritudine
1172 248 1215 268 in-

144 292 264 315 tuemur.

187 323 261 360 Qiis
274 323 352 352 enim
377 329 459 353 tantae
477 317 648 355 Ecclesiastae
661 316 823 347 desolationi
843 325 903 346 non
925 315 1113 352 compatitur?
1141 314 1216 382 OFuis

147 360 360 391 deformitatem
375 361 409 391 &
420 359 637 389 diminutionem
652 365 710 385 non
724 354 866 392 deplorat,
882 364 945 391 quae
965 362 1008 383 tot
1028 353 1077 383 sub
1100 352 1146 383 alis
1176 354 1215 382 uis

147 399 277 430 educavit
292 399 376 429 Filios
390 399 423 429 ὃς
439 396 581 434 provexit,
599 395 651 430 &,
669 394 736 423 sicut
750 392 840 423 vestra
855 392 938 421 novit
953 390 1132 428 Benignitas,
1142 390 1216 434 rnul-

145 445 240 468 torum
252 437 389 475 prospexit
408 435 589 472 indigentiae,
613 432 646 463 &
667 432 701 462 ad
724 431 824 469 gradus
844 429 983 468 quossibet
1006 428 1215 460 Ecclesiasticos

210 477 214 481 .
288 477 293 482 .
315 476 328 497 ,

147 475 384 549 sulffi‘rirgavginus’
400 509 557 548 praedileffi
582 507 689 539 Clerici
711 506 818 545 nostri,
843 504 979 549 Magistri
1004 505 1159 549 Willielmi
1179 504 1216 536 de

149 551 285 590 Melton,
303 550 393 582 Eleffl
408 548 542 579 Ecclesiae
555 546 735 585 supradid'tae,
754 543 898 584 Angustus
910 544 943 576 δε
959 542 1090 575 ῐηεείὶιῑιᾶ
1104 543 1218 575 condo-

148 589 334 660 lenlliizetqgsi'
345 624 426 663 ipfius
443 623 587 655 industriae
606 623 640 654 &
660 621 797 652 fidelitatis
814 620 1039 659 magnitudinem
1049 643 1059 659 ,
1075 620 1110 651 &
1133 622 1219 651 inno-

150 669 237 698 centis
249 666 315 696 vitae
326 664 474 701 puritatem
494 663 584 701 (super
595 661 695 699 quibus
715 670 773 690 non
787 659 881 690 solum
903 670 920 690 a
940 659 1081 690 Genitore
1104 659 1219 697 nostro,

150 707 228 744 cujus
241 703 352 734 adhaesit
365 701 516 740 obsequiis,
534 701 568 731 &
580 700 679 738 nobis,
696 698 734 729 set
748 698 785 728 ab
801 699 947 737 omnibus,
962 698 1046 728 etiam
1060 698 1169 736 magnis
1184 698 1217 727 ὅ(

149 742 247 785 pusillis
268 740 367 777 Regni
388 739 489 778 nostri,
507 739 610 769 meruit
623 736 830 775 commendari)
849 747 865 767 a
880 737 933 767 suis
954 736 1158 774 confratribus,
1175 735 1219 766 di-

150 783 206 814 &ae
225 779 358 810 Ecclesiae
378 776 550 816 canonicis,
575 777 648 814 quafi
670 775 912 813 irreprehensibilis
929 783 1085 813 reputatus,
1107 773 1220 805 Electus

149 817 328 851 concorditer
339 814 468 847 extitisset
480 815 512 847 esi
533 815 678 854 praecipue
699 815 873 852 intentione,
891 822 922 845 ut
945 813 1069 853 praefatae
1084 812 1220 845 Ecclefiae

147 864 320 897 recuperaret
337 854 496 892 deperdita,
514 854 547 885 ὃ(
561 854 655 884 habita
670 852 862 891 conservaret,
1188 890 1193 896 ⁸

182 894 236 925 Per
251 893 438 933 quorumdam
453 899 549 922 tamen
562 892 757 930 objectiones,
780 891 825 922 seu
845 890 1036 930 oppreffiones
1056 890 1223 922 voluntarias

148 934 225 972 (quae
240 932 386 971 profecito,
404 930 425 961 s1
440 931 555 969 culpam
570 931 653 968 ipfius
675 929 781 961 Clerici
802 929 888 960 nostri
910 938 1044 969 arguant,
1061 938 1174 968 carent,
1193 937 1224 960 ut

148 972 288 1003 credimus
319 969 480 1007 primordio
492 970 623 1006 veritatis)
645 969 723 1008 quod
737 968 828 999 maesti
844 969 1003 1006 referimus,
1020 978 1080 998 non
1095 968 1152 998 sine
1159 978 1224 1006 gra-

149 1011 180 1042 vi
193 1009 278 1040 dietae
294 993 431 1039 l'icclesiae
447 1007 619 1051 detrimento
625 1030 637 1047 ,
656 1006 793 1047 repulsam
815 1006 906 1046 paffus
928 1006 969 1038 est
990 1007 1143 1046 haEtenus,
1167 1016 1223 1037 nec

148 1049 240 1088 potuit
253 1046 368 1078 finaliter
381 1045 514 1085 expediri.

190 1085 317 1124 Verum,
335 1084 416 1115 Pater
437 1085 559 1124 Sanete,
577 1086 642 1125 quia
664 1085 758 1116 distus
777 1084 908 1123 metitus,
934 1084 1079 1116 advertens
1100 1082 1223 1122 provide

151 1135 215 1165 quae
237 1124 354 1154 iminent
372 1123 422 1162 ipsi
439 1123 592 1161 Ecclesiae,
615 1133 664 1162 per
687 1124 770 1162 ipsius
791 1125 971 1154 vacationem
988 1124 1046 1153 tam
1070 1122 1224 1160 prolixam,

150 1171 279 1209 prompta
294 1162 432 1200 pericula,
448 1162 508 1192 lites
518 1171 668 1199 execmm,
685 1172 718 1193 ac
734 1162 832 1193 volens
846 1161 921 1192 dieta
935 1160 1057 1199 pericula
1071 1161 1224 1198 declinare,

148 1212 209 1242 jus,
225 1203 303 1240 quod
319 1201 369 1231 sibi
385 1201 533 1239 competiit
549 1210 583 1230 ex
598 1200 746 1231 Electione
758 1199 907 1239 praeditff’cfi,
930 1200 1000 1238 am,
1017 1208 1048 1230 ut
1065 1199 1225 1237 didicimus,

150 1243 181 1272 in
195 1240 290 1271 Sacras
305 1249 403 1270 manus
419 1239 521 1270 vestras
534 1238 620 1270 libere
639 1238 809 1278 resignavit,
827 1238 853 1268 se
877 1249 896 1269 v
939 1249 977 1268 rae
997 1237 1114 1268 totaliter
1131 1239 1227 1274 gratiae

151 1278 360 1317 submittendo,
378 1278 470 1316 sicque
477 1278 539 1316 jam
552 1278 639 1308 dicht
654 1276 792 1308 Ecclefiae
807 1277 947 1315 provifio,
963 1276 1078 1307 'sublatis
1093 1277 1226 1315 quibussi-

155 1319 203 1349 bet
215 1317 453 1355 altercationibus,
470 1317 500 1347 in
515 1315 606 1347 vestrfi
618 1314 795 1354 dispositione
808 1317 877 1354 pure
891 1314 1022 1346 consistit.

193 1356 278 1394 Nos,
296 1356 343 1387 etsi
363 1355 479 1393 pluries,
498 1363 561 1386 ante
578 1355 641 1386 haec
659 1363 804 1393 tempora,
820 1353 922 1385 vestrae
942 1353 1112 1384 Clementiae
1135 1353 1227 1384 cordis

154 1394 241 1425 nostri
254 1395 440 1432 defiderium‚
459 1394 569 1424 Litteris
589 1394 623 1425 &
637 1393 778 1432 Nunc'iis,
797 1392 949 1424 fecerimus
965 1392 1116 1430 diligenter
1136 1402 1224 1430 expo-

155 1433 186 1464 ni
208 1432 299 1471 quoad
313 1432 504 1470 provisionem
519 1431 655 1463 Ecclesiae
679 1431 848 1471 praelibatae,
865 1430 1009 1469 vestraque
1030 1432 1123 1460 innata
1145 1432 1224 1461 beni-

155 1471 242 1511 gnitas
253 1471 336 1501 nobis
349 1471 413 1501 alias
427 1470 588 1508 rescripserit
609 1469 798 1509 consolando,
817 1469 895 1508 quod
914 1479 965 1509 pro
980 1469 1050 1500 dieti
1064 1468 1160 1512 Elem,
1176 1478 1225 1499 ex-

153 1510 297 1549 peditione
311 1508 428 1548 festini,
446 1508 549 1540 nostrae
572 1508 771 1541 intercessionis
792 1509 911 1539 obtentu
945 1517 1134 1546 quaecumque
1150 1507 1224 1550 juste

155 1548 267 1587 possetis
280 1549 456 1587 perquirere,
468 1547 603 1579 volebatis
617 1557 755 1587 oportima
772 1547 897 1578 remedia
912 1531 945 1578 ὲ(
961 1547 1096 1585 promptis
1113 1546 1224 1576 aflecti-

155 1589 207 1618 bus
230 1597 370 1625 apponere
389 1587 558 1626 perquisita,
581 1596 615 1617 ex
640 1597 699 1625 quo
722 1586 804 1616 nobis
838 1585 1034 1617 consolationis
1058 1587 1218 1623 materiam,

153 1625 288 1664 spemque
303 1625 467 1663 indubiam,
484 1625 520 1656 de
532 1627 714 1663 promotione
727 1625 800 1656 dicti
814 1624 921 1655 Clerici
937 1623 1024 1654 nostri
1038 1623 1187 1661 tribuistis,

194 1664 242 1695 Ut
261 1664 443 1702 multiplicata
463 1662 623 1694 intercessio
645 1664 831 1694 interitionem
849 1662 936 1693 nostri
957 1661 1083 1693 desiderii
1098 1660 1226 1693 luculen-

157 1703 212 1734 tius
227 1701 379 1740 attestetur,
396 1700 496 1732 vestrae
508 1701 674 1732 beatitudini
686 1709 750 1732 toto
761 1701 855 1732 cordis
866 1711 900 1732 ac
920 1702 1022 1732 mentis
1035 1699 1140 1732 affed'cu
1163 1700 1227 1738 sup-

156 1742 314 1780 plicamus,
351 1741 474 1778 uatinus,
491 1739 637 1777 praemiffis
651 1740 685 1771 &
700 1740 758 1770 aliis
770 1738 1003 1778 circumstantiis,
1021 1750 1086 1778 quas
1127 1738 1228 1770 raesen-

156 1789 198 1811 tes
211 1780 269 1811 dies
284 1789 323 1810 no
362 1780 389 1817 i,
405 1777 484 1809 bellis
497 1778 531 1810 &
544 1778 677 1809 scandalis
691 1778 814 1816 undique
830 1777 967 1816 involuti,
984 1777 1091 1816 pensari
1117 1777 1205 1809 uaden

175 1818 267 1850 aternsi
276 1816 461 1848 sollicitudine
473 1816 629 1855 meditatis,
644 1817 807 1855 dignemini
820 1816 944 1855 praefatae
962 1816 1097 1848 Ecclesiae
1120 1816 1230 1848 mederi

153 1829 332 1894 Engoribiis,
348 1855 514 1895 diCtumque
532 1854 680 1887 Clericum
695 1855 824 1887 nostrum
845 1857 876 1887 in
889 1855 972 1893 ipsius
991 1855 1133 1893 praeficere
1145 1855 1230 1886 Anti—

154 1894 247 1926 stitem
260 1893 462 1933 &Pastorem,
477 1894 515 1925 de
528 1895 639 1933 speciali
657 1895 747 1932 gratia
762 1894 862 1926 vestrae
875 1895 1053 1932 Apostolicae
1066 1894 1230 1932 dignitatis3

153 1933 303 1972 ipsumque
318 1943 388 1964 cum
400 1933 555 1972 celeritate,
575 1932 628 1971 quii
644 1932 735 1964 vestra
748 1932 905 1965 decreverit
925 1933 1080 1973 Sanffltas,
1097 1933 1132 1965 ad
1154 1931 1228 1964 mul-

154 1981 251 2005 torum
268 1971 510 2010 consolationem,
529 1973 670 2003 remittere
685 1972 801 2003 feliciter
815 1973 988 2010 expeditum.

192 2012 319 2042 Firmam
333 2011 456 2049 etenim,
474 2009 555 2042 Pater
566 2010 669 2041 Sancite
678 2033 688 2049 ,
703 2010 740 2041 de
755 2010 837 2048 ipsius
851 2011 984 2042 industrii
998 2011 1031 2042 &
1055 2010 1230 2048 circumspe-

158 2049 256 2081 ctione
274 2048 408 2080 fiduciam
429 2050 610 2088 optinemus,
634 2048 729 2087 quod,
753 2049 773 2080 si
796 2051 852 2088 ejus
872 2049 1013 2087 humeris,
1037 2059 1085 2087 per
1108 2048 1231 2079 vestram

156 2086 381 2126 providentiam,
397 2087 564 2124 impositum
578 2086 664 2118 fuerit
678 2088 793 2118 dictum
806 2098 893 2126 onus,
910 2087 1026 2119 viriliter
1039 2094 1105 2123 aget
1119 2088 1147 2117 in
1163 2086 1231 2117 Do-

160 2127 260 2164 mino,
275 2126 326 2162 &,
344 2125 380 2155 ab
393 2135 429 2155 eo
445 2125 591 2163 resumptis
609 2126 731 2164 viribus,
747 2135 800 2164 pro
818 2126 1019 2158 reformatione
1039 2123 1124 2156 statiis
1143 2124 1233 2157 dietae

157 2163 292 2196 Ecclefiae
303 2162 458 2194 efficaciter
470 2162 614 2195 laborabit.

194 2202 368 2240 conservet,
385 2202 446 2233 &c-

230 2240 299 2272 Dat.
315 2240 388 2279 apud
405 2239 552 2278 Eborum,
571 2249 617 2271 10.
634 2239 682 2271 die
694 2239 874 2279 Septembris.

27 2392 45 2410 0
62 2392 120 2420 m·
500 2370 529 2399 ²¹5·
547 2373 608 2405 Pro
629 2369 731 2405 eodem
752 2372 867 2407 Eleae.

13 2431 145 2500 Αξξῗῑ),
158 2456 420 2528 ΡΑΡΛῈΒως,
438 2457 511 2502 sce„
888 2498 894 2504 ,
918 2499 923 2504 .

35 2513 120 2545 1317,
197 2533 226 2565 V
257 2496 411 2565 {afficiebaris
423 2495 534 2566 acSule3
549 2494 609 2532 &c.
628 2495 770 2566 μιέὶςρέζα,
785 2494 867 2565 ὅςας
884 2495 939 2534 1b1,·
964 2534 983 2565 d
1184 2535 1223 2566 'd‘

12 2548 65 2575 ⁴¹²²·
227 2544 324 2580 “¹⁰³¹'’
370 2543 458 2605 iffi..
468 2545 790 2614 ffccfeiafflzessipffi
804 2543 1229 2612 VZEthissfiessnvfiiffinssrElssssne

12 2587 94 2651 215}st
157 2582 442 2652 {trigemiffgnggticula'
462 2597 707 2657 &ea'defiderans
716 2611 871 2657 declinare:
889 2612 961 2656 disti
983 2613 1067 2643 etiam
1088 2597 1233 2656 opposito³

160 2661 204 2696 res
215 2661 271 2696 „pro
287 2659 363 2690 parte
377 2651 444 2691 susi,
461 2650 565 2682 utfinis
583 2651 643 2696 tam
658 2651 745 2695 dilato
767 2659 886 2696 negotio
909 2659 1089 2696 imponatur,
1104 2661 1183 2690 jam,
1201 2660 1232 2696 ut

160 2689 328 2760 {ieissiific'ffissg
329 2690 445 2768 ''³531ae
457 2690 484 2722 se
496 2689 683 2729 dispositioni,
701 2689 779 2729 super
792 2686 875 2722 distis
895 2690 1122 2730 objectionibus,
1140 2691 1234 2722 totali-

194 2766 279 2806 Nos,
293 2768 342 2798 etsi
357 2767 475 2807 pluries,
492 2766 553 2803 &c-
572 2774 604 2799 ut
609 2766 695 2808 fiepra
709 2767 743 2798 de
757 2767 841 2799 verba
855 2767 897 2799 ad
907 2766 1033 2799 verbum.

197 2804 266 2836 Dat.
285 2813 314 2836 ut
333 2806 420 2845 supra.

258 2937 319 2971 Ad
338 2937 598 2988 Archiepiftopum
622 2944 869 2989 Magantinum,
895 2941 932 2977 de
958 2942 1127 2978 Credentia.

168 3022 309 3079 REX,
327 3023 541 3056 venerabilium
554 3024 670 3057 Christo
691 3026 780 3064 Patri,
797 3027 931 3060 Domino
953 3026 988 3059 P.
1002 3028 1105 3060 eidem
1125 3030 1234 3069 gratia,

208 3099 214 3105 ι
245 3062 431 3108 Archiepisco
451 3074 471 3096 o
488 3064 679 3104 Maguntino,
695 3065 773 3096 Sacri
787 3066 904 3105 Imperii
915 3077 965 3105 per
977 3066 1165 3100 Germaniam
1177 3069 1235 3100 Ar-

168 3099 398 3142 chlcancellario,
469 3110 546 3142 tem,
563 3103 598 3134 &
617 3103 732 3135 sincerae
748 3103 908 3136 dsseffionis
923 3103 1068 3140 aflectum.

204 3138 331 3170 Accessit
347 3140 382 3184 ad
399 3151 450 3172 nos
462 3140 620 3181 johannes,
646 3142 713 3173 lator
729 3142 920 3182 praesentium,
937 3153 1008 3175 cum
1029 3144 1127 3176 literis
1141 3144 1238 3177 vestris

167 3176 203 3208 de
220 3175 387 3226 Credenti},
403 3180 445 3224 ὃς.
459 3181 541 3224 nobis
562 3190 596 3211 ex
612 3189 686 3221 parte
706 3180 796 3226 vestri
813 3181 902 3221 aliqua
917 3181 1042 3221 exposuit
1060 3184 1090 3214 in
1111 3182 1237 3224 secreto,

167 3216 1091 3300 Ψῧεῗὲῐὲῗξυῖἲάὲζέἓῖἓἐξαξοὸῗὲἱὲζῗῗὶἓὲξὲἱῗιῗῗωῑ,
1109 3261 1238 3294 ware«,

167 3291 300 3339 Cantuar.
316 3293 557 3339 birchiepiscopo,
575 3306 623 3334 per
638 3296 739 3327 vestras
752 3297 861 3337 literas,
879 3306 909 3329 ut
930 3298 1133 3339 intelleximus,
1150 3300 1237 3332 serio-

167 3330 412 3374 fiushexplanastis,
428 3342 479 3363 nos
501 3333 594 3364 eidem
610 3334 833 3374 Archiepiscopo
853 3336 981 3368 nostram
999 3337 1079 3376 super
1091 3338 1149 3370 hoc
1166 3341 1239 3372 indi-

168 3379 295 3414 cawmus
315 3369 503 3410 voluntatem,
519 3372 602 3403 vobis
624 3383 673 3411 per
690 3373 813 3405 eundem
827 3374 996 3415 literatorie,
1015 3376 1061 3408 vel
1081 3387 1130 3418 per
1149 3378 1239 3410 Nun-

170 3417 230 3439 cios
245 3407 450 3445 exponendam.

206 3447 355 3485 Qiocirca
376 3445 573 3490 Paternitatem
587 3448 709 3481 vestram
727 3460 859 3488 rogamus
881 3452 915 3483 &
932 3454 1097 3492 requirimus
1116 3464 1151 3485 ex
1172 3454 1242 3487 affe-

168 3484 235 3530 ξω)
252 3487 378 3530 quatinus
396 3485 466 3524 hiis,
483 3496 546 3530 quae
559 3486 649 3518 dietus
660 3488 740 3520 Pater
756 3490 838 3521 vobis
850 3499 901 3530 per
910 3491 1062 3531 Nuncios,
1085 3491 1130 3525 seu
1151 3494 1242 3527 literas

170 3526 329 3563 intimabit,
344 3523 430 3555 fidem
442 3523 531 3555 velitis
546 3525 685 3557 credulam
701 3527 840 3559 adhibere.

209 3561 278 3594 Dat.
295 3563 368 3603 apud
387 3562 535 3602 Eborum,
550 3562 666 3597 decimo
683 3566 728 3598 die
745 3567 932 3606 Septembris.

19 3027 147 3063 'Ann.D.

37 3076 122 3108 ¹317.

16 3110 68 3136 An.
93 3116 136 3135 11.

16 3149 47 3174 E.
66 3154 93 3173 2.

22 3183 110 3220 Claus.

22 3230 66 3251 ιι.
79 3225 110 3250 Ε.
127 3231 152 3249 2.

13 3268 56 3294 jn.
71 3261 153 3289 20.d.

34 3725 160 3758 Ama-D.
175 3701 224 3734 De
244 3698 436 3746 Dafiordiis,
461 3703 538 3733 inter
562 3700 690 3734 Barones
711 3702 858 3751 Qinque
881 3706 1030 3739 Parmam

1045 3733 1056 3750 ‚
1088 3709 1125 3746 ὠ·
1146 3708 1242 3742 Flan-

526 3747 658 3795 drenfts‚
681 3750 890 3795 reformandis.
1115 3758 1119 3763 ’

61 3773 146 3806 1317.

34 3806 148 3870 “g-⁷¹23*
183 3833 268 3891 ΚΕ
276 3832 326 3878 X,
343 3834 450 3865 Nobili
462 3834 552 3873 Viro,
570 3834 705 3879 Domino
717 3834 756 3879 R.
776 3836 885 3870 Comiti
899 3839 1053 3880 Flandriae',
1070 3840 1180 3874 AmiCO
1193 3842 1244 3876 suo

35 3879 168 3915 clausu,
258 3871 413 3911 cariffimo,
430 3874 542 3904 salutem
556 3883 625 3904 cum
640 3873 791 3905 dileehone
804 3876 919 3909 sincerii.

37 3920 69 3944 E.
86 3928 112 3946 2,
130 3928 165 3946 m,
191 3947 197 3953 ·
218 3910 330 3955 Nobis,
360 3922 400 3954 ‘ro
415 3911 591 3956 expeditione
604 3911 722 3956 Guerrae
738 3912 841 3958 nostrae
856 3915 962 3948 Scotiae
976 3918 1121 3954 agentibus
1135 3920 1166 3950 in
1181 3930 1244 3959 par-

42 3963 86 3983 21,
102 3956 128 3985 a,
177 3948 251 3990 tibus
269 3950 332 3979 bon
367 3951 417 3979 bus
439 3951 538 3995 Regni
557 3950 643 3981 nostri
678 3955 935 3996 rumorunnotuit,
960 3955 1012 3985 hiis
1031 3955 1146 3996 diebus,
1165 3959 1245 3998 quod

181 3992 253 4016 inter
263 3985 383 4020 Barones
395 3989 430 4020 &
445 3988 590 4022 Homines
603 3974 713 4022 nostros
727 3989 865 4031 Quique
880 3991 1017 4026 Portuum
1031 4003 1065 4026 ex
1079 4004 1157 4035 parte
1171 3998 1247 4038 unzi,

2241 103 2322 144 135

1253 163 1286 205 ὃς
1302 162 1409 194 Gentes
1426 165 1525 209 vestras
1539 176 1572 196 ex
1590 167 1688 207 alterii,
1706 169 1836 206 quaedam
1858 168 2035 202 dissensiones
2049 171 2083 203 &
2095 170 2244 205 discordiae
2264 173 2317 206 sus·
2338 168 2412 199 Alm-
2426 169 2466 204 D.

1253 209 1388 240 citantur,
1399 213 1441 246 ,εὶς
1456 204 1555 241 quibus
1568 206 1653 241 taedio
1666 207 1807 238 afficimur
1823 210 1852 238 in
1866 209 2043 240 immensum.
2362 216 2446 248 ¹317·

1291 238 1341 276 Et,
1359 250 1421 283 quia
1434 250 1505 282 inter
1519 242 1651 273 Subditos
1663 245 1770 276 nostros
1784 246 1818 277 ὃς
1832 247 1936 278 vestros
1949 256 2047 286 pacem
2066 249 2100 280 δε
2115 249 2320 290 concordiam,
2343 249 2407 275 ΕΜ·
2423 251 2449 275 ²·

1252 276 1330 313 super
1347 279 1571 323 quibuscumque
1582 281 1735 322 *discordiis
1755 286 1787 315 &
1809 287 2052 326 contentionibus,
2070 286 2216 319 reformari
2237 290 2319 327 cupi-

1253 324 1317 343 mus
1336 316 1386 358 &a
1397 318 1505 356 ioveri,
1532 320 1671 357 mumius,
1695 323 1863 354 venerabiles
1879 324 1988 363 Patres,
2012 326 2064 356 ΚΑΙ.
2090 325 2318 358 Cantuariensem

1252 351 1521 392 Archiepiicopum,
1538 356 1741 394 &johannem
1757 360 1893 392 Eliensem
1912 362 2085 402 Episcopum
2099 364 2316 397 Thesaurarium

1253 390 1396 433 nostrum,
1414 394 1447 422 :id
1463 392 1584 436 Barones
1602 395 1635 424 &
1656 395 1795 429 Homines
1809 401 1918 431 nostros
1934 403 2069 441 Qinque
2085 403 2222 435 Portuum
2245 413 2318 442 prx-

1252 427 1395 475 didwrum
1404 452 1414 475 2
1433 430 1467 474 ad
1482 431 1670 475 inhibendum
1684 435 1721 464 eis
1742 437 1775 466 &
1797 437 1924 470 districte
1938 442 2177 480 praecipiendum,
2195 451 2229 473 ex
2244 450 2320 481 parte

1254 466 1366 505 nostra,
1383 478 1421 498 ne
1434 468 1484 506 ipsi
1500 469 1662 512 hommibus
1676 482 1708 502 ac
1724 472 1837 505 subditis
1853 477 1948 507 vestris
1962 480 1998 510 de
2015 479 2140 510 Flandria
2153 483 2321 520 dampnum,

1252 512 1299 548 aut
1313 515 1469 551 gravamen
1477 507 1589 554 aliquod
1599 532 1608 547 ,
1625 519 1659 540 ex
1672 511 1762 548 aliqua
1775 514 1874 553 causa,
1892 516 1991 547 inferre
2004 518 2170 556 praesumant
2190 519 2239 550 sub
2255 529 2321 557 gra-

1253 553 1282 587 yi
1298 542 1474 589 forisfactura
1486 545 1594 584 nostra,
1612 557 1695 585 quam
1711 550 1781 586 ipsos
1805 551 1943 584 incurrere
1958 557 2102 596 volumus,
2120 557 2140 588 fi
2162 557 2320 596 hujusmodi

1255 581 1467 614 inhibitioni&
1480 594 1624 627 praecepto
1639 589 1852 625 contempserint
1867 592 1988 624 obedire.

1293 620 1424 665 Vestram
1448 631 1530 665 igitur
1552 623 1716 655 Amicitiam
1745 626 1897 658 affectuose
1920 633 2086 668 requirimus
2111 634 2144 664 &
2171 643 2307 670 rogamus

1254 667 1380 702 quatinus
1394 660 1573 704 consimilem
1590 662 1788 694 inhibitionem
1808 665 1840 695 &
1856 677 2029 708 praeceptum
2042 671 2136 702 vestris
2153 664 2264 703 subditis
2279 659 2322 705 fa:

1255 706 1352 736 cratis,
1370 708 1407 728 ne
1420 698 1601 744 ipfi1subditis
1621 701 1722 731 nostris
1745 703 1967 744 quibuscumque
1989 719 2036 746 per
2050 710 2190 750 Terram,
2207 711 2252 743 vel
2271 721 2321 750 pet

1257 734 1358 774 Mare,
1378 736 1533 781 dampnum
1546 737 1658 781 aliquod
1674 739 1792 772 inferant
1805 742 1851 772 seu
1866 753 2027 780 gravamen.

1297 773 1335 805 Et
1351 783 1395 813 ut,
1413 775 1489 819 super
1504 775 1712 820 dissensionibus
1725 779 1757 809 &
1771 779 1911 812 discordiis
1922 784 2078 824 praedietis,
2095 787 2164 818 inter
2176 788 2324 820 nostros&

1258 812 1363 844 vestros
1376 814 1499 844 subditos
1515 814 1583 858 hinc
1606 815 1672 846 inde
1687 826 1816 860 perpetua
1832 829 1883 858 pax
1904 822 1937 851 ὃς
1953 825 2106 854 concordia
2122 826 2323 866 reformentur,

1260 851 1394 896 quosdam
1408 852 1444 883 de
1458 851 1570 897 vestris,
1587 864 1655 884 cum
1668 854 1816 898 suffimenti
1830 858 1962 894 potestate
1978 861 2114 892 tractandi
2129 864 2163 894 de
2177 865 2306 903 dampnis

1259 890 1327 934 hinc
1341 890 1406 921 inde
1421 891 1505 930 datis,
1524 892 1563 936 &.
1578 903 1610 923 ea
1623 893 1808 933 pacificandi,
1828 906 1982 934 pacemque
1998 908 2157 938 perpetuam
2172 888 2326 934 reformanz

1259 927 1306 966 di,
1325 929 1359 959 ad
1374 938 1461 967 partes
1477 931 1606 975 Angliae,
1618 931 1640 975 .s¹
1658 932 1778 976 placeat,
1794 933 1988 965 transmittatis:
2006 938 2038 967 ὃς
2055 947 2123 976 ηοε,
2141 940 2175 970 ad
2187 942 2326 979 inquiren-

1259 967 1328 997 dum
1348 967 1384 998 de
1397 968 1524 1006 dampnis
1538 969 1696 1013 praedietis,
1714 972 1746 1002 ὃς
1762 972 1795 1001 ad
1813 972 1923 1010 plenam
1940 975 2100 1006 &celeiem
2114 977 2244 1015 justitiam
2259 980 2325 1011 inde

1259 1006 1382 1050 dampna
1393 1006 1473 1044 passis
1487 1008 1694 1048 exhibendam,
1712 1010 1849 1048 quosdam
1869 1011 1961 1043 fideles
1980 1013 2092 1044 nostros
2110 1016 2140 1045 in
2162 1016 2241 1048 brevi
2263 1028 2329 1056 pro-

1261 1054 1394 1082 ponimus
1410 1044 1557 1083 assignare.

1299 1082 1347 1113 De
1360 1084 1458 1121 pannis
1477 1087 1565 1122 vero,
1584 1085 1685 1123 Vinis,
1701 1086 1734 1117 &
1755 1086 1812 1117 aliis
1827 1086 1937 1126 Donis‚
1953 1100 1969 1119 a
1989 1089 2131 1122 Gentibus
2152 1091 2262 1132 vestris,
2282 1104 2329 1131 per

1262 1119 1370 1165 Gentes
1386 1122 1405 1141 ²*
1422 1122 1529 1153 nostras
1542 1124 1613 1166 apud
1623 1123 1795 1162 Crasduum,
1810 1126 1843 1157 δε
1857 1126 1882 1156 la
1899 1127 1963 1166 Rye
1984 1128 2062 1165 (sicut
2073 1130 2170 1160 vestrae
2184 1134 2332 1163 continent
2366 1123 2385 1143 '¹‘
2407 1122 2464 1152 ῙῘῘ·

1262 1158 1382 1203 Literae,
1399 1171 1465 1204 quas
1478 1161 1560 1205 nobis
1580 1161 1721 1200 Magister
1740 1163 1882 1202 johannes
1896 1165 2037 1205 Boerlike,
2056 1167 2138 1199 Villae
2153 1169 2249 1207 Ypren
2264 1170 2333 1201 Cle·
2384 1162 2452 1191 ⁶⁶⁶·

1262 1208 1354 1237 ricus,
1379 1200 1515 1243 exhibuit)
1542 1200 1679 1240 spoliatis,
1700 1203 1745 1233 vel
1770 1202 1891 1239 ipsorum
1913 1204 2113 1245 aestimatione,
2139 1209 2264 1245 quatinus
2282 1219 2332 1247 per

1261 1236 1442 1276 processum,
1460 1239 1525 1269 inde
1546 1240 1690 1282 habitum,
1708 1240 1754 1271 vel
1775 1241 1810 1271 de
1832 1251 1928 1280 nove,
1946 1243 1965 1272 fi
1980 1244 2090 1274 necesse
2112 1245 2209 1285 fuerit,
2227 1247 2334 1278 haben-

1264 1275 1352 1314 dum,
1368 1276 1508 1320 dampna,
1531 1277 1613 1308 dietis
1633 1278 1775 1310 Gentibus
1790 1279 1886 1310 vestris
1908 1281 1993 1319 illata,
2012 1282 2140 1313 constare
2162 1287 2261 1322 poterit
2278 1286 2336 1319 effe

1264 1313 1354 1352 clara,
1372 1315 1595 1353 restitutionem,
1613 1317 1658 1347 vel
1678 1317 1762 1348 aliam
1782 1317 1996 1350 satisfactionem
2014 1331 2243 1362 competentem,
2258 1325 2334 1362 juxta

1265 1361 1396 1396 rogatum
1420 1353 1560 1393 vestrum,
1577 1354 1636 1385 fieri
1660 1355 1810 1395 faciemus5
1827 1358 1864 1387 ita
1886 1358 1963 1396 quod
1981 1367 2015 1389 ex
2035 1359 2110 1398 hoc,
2125 1370 2173 1400 per
2195 1361 2254 1392 Dei
2272 1372 2337 1400 gra-

1263 1400 1350 1429 tiam,
1369 1393 1474 1422 merito
1491 1394 1649 1431 reputabitis
1663 1405 1714 1425 vos
1728 1403 1885 1426 contentos

1298 1428 1456 1471 Praeterea,
1470 1432 1533 1470 quia
1548 1431 1663 1463 Inimici
1671 1432 1760 1466 nostri
1772 1433 1851 1464 Scoti
1860 1436 2040 1474 nituntur,ut
2052 1438 2232 1477 accepimus,
2251 1449 2337 1477 quan-

1262 1475 1323 1498 tum
1340 1468 1453 1512 possunt
1464 1492 1474 1507 ,
1492 1479 1562 1500 cum
1576 1470 1670 1501 vestris
1684 1471 1808 1502 Subditis
1821 1472 2026 1510 Colligationes
2047 1475 2138 1505 facere
2152 1486 2185 1507 ac
2202 1477 2287 1516 inire,
2303 1487 2337 1509 ac

1261 1506 1420 1544 Hommes,
1439 1507 1611 1547 Armaturas,
1636 1510 1670 1540 ὃς
1687 1510 1825 1541 Vidiualia
1839 1512 1876 1542 de
1884 1512 1979 1543 Terrfi
1993 1512 2100 1551 vestri,
2122 1524 2175 1551 pro
2189 1516 2252 1553 ipsis
2267 1525 2341 1546 con-

1261 1553 1302 1575 tra
1316 1554 1368 1585 iios
1383 1545 1416 1575 &
1433 1545 1525 1576 fideles
1544 1547 1654 1577 nostros
1671 1549 1863 1579 confortandis
1875 1550 1909 1581 ὃς
1933 1551 2106 1590 muniendis,
2124 1562 2262 1593 exrraere,

1300 1582 1428 1614 Vestram
1444 1585 1691 1624 benevolentiam,
1708 1587 1744 1617 de
1759 1587 1813 1625 qua
1827 1588 2013 1628 confidimus,
2031 1600 2163 1628 rogamus
2177 1591 2338 1632 specialiter,

1262 1621 1297 1652 &
1313 1631 1347 1652 ex
1367 1623 1470 1661 corde,
1488 1632 1571 1661 prout
1590 1625 1652 1655 alias
1672 1626 1822 1656 recolimus
1844 1637 1893 1657 vos
1916 1629 2047 1667 rogziffe,
2066 1632 2191 1667 quatinus
2213 1641 2342 1662 amorem

1265 1661 1299 1692 ὃς
1315 1661 1520 1705 concordiam,
1538 1663 1610 1693 inter
1623 1662 1732 1693 nostros
1747 1664 1947 1702 Progenitores
1963 1667 1996 1698 &
2012 1668 2137 1707 vestrOS,
2155 1680 2170 1699 a
2188 1669 2285 1708 longis
2297 1680 2343 1701 re-

1264 1700 1378 1744 troathis
1394 1702 1567 1744 temporibus
1582 1701 1691 1732 habitos
1705 1703 1737 1734 &
1753 1703 1870 1734 servatos
1887 1705 1968 1745 (quos
1984 1706 2054 1736 inter
2072 1716 2124 1737 nos
2139 1707 2172 1738 &
2188 1719 2239 1740 vos
2261 1710 2344 1750 cupi-

1267 1748 1330 1768 mus
1344 1739 1540 1770 mvrolabiliter
1556 1740 1705 1778 observari)
1726 1751 1796 1771 cum
1810 1741 1860 1772 dili
1880 1744 1953 1774 entia
1968 1744 2063 1776 debita
2083 1746 2284 1787 ponderantes,
2301 1748 2346 1778 di-

1206 1786 1229 1816 t,
1267 1775 1380 1817 stridte,
1398 1777 1432 1808 &
1449 1777 1498 1808 sub
1514 1780 1593 1815 gravi
1609 1778 1803 1818 forisfae‘tura,
1821 1783 1868 1811 vel
1884 1783 1918 1812 ris
1940 1782 2030 1814 velitis
2050 1784 2197 1822 injungere
2215 1785 2346 1826 subditis,

1267 1825 1303 1846 ne
1319 1816 1368 1854 ipsi
1381 1815 1466 1860 dictis
1481 1816 1610 1848 Inimicis
1630 1817 1749 1856 nostris,
1768 1819 1804 1849 de
1827 1819 2018 1860 victualibus,
2037 1821 2207 1862 Armaturis,
2222 1826 2267 1855 seu
2288 1824 2347 1856 aliis

1267 1853 1438 1899 necessariis,
1456 1855 1623 1886 Succursum
1636 1857 1756 1896 aliquem
1771 1856 1873 1888 faciant
1888 1866 1933 1889 aut
1952 1859 2092 1892 solamen:
2113 1871 2168 1892 nec
2189 1872 2259 1894 cum
2283 1863 2346 1901 ipsis

1266 1892 1417 1931 ahqualiter
1432 1896 1650 1926 communicent
1663 1896 1701 1925 de
1715 1896 1835 1926 eisdem:
1853 1898 1889 1928 ita
1907 1899 1983 1935 quod
1997 1907 2030 1929 ex
2046 1900 2103 1931 hoc
2119 1910 2201 1931 amor
2222 1902 2255 1932 &
2270 1911 2346 1932 con-

1269 1932 1367 1976 cordia
1391 1933 1523 1976 praelibati
1542 1934 1613 1964 inter
1636 1944 1686 1964 nos
1704 1934 1738 1965 &
1758 1944 1827 1973 vos,
1845 1935 2008 1975 nostrosque
2028 1938 2061 1968 &
2080 1938 2186 1970 vestros
2204 1939 2346 1979 subditos,

1269 1971 1383 2039 liinfcu&
1398 1971 1480 2010 inde,
1500 1971 1648 2003 foveantur
1663 1973 1697 2004 &
1712 1983 1939 2006 manuteneantur
1958 1975 2079 2007 strie‘tius
2099 1978 2134 2008 ὃς
2157 1978 2346 2009 inviolabilius

1269 2019 1299 2039 in
1345 2017 1419 2040 turo.

1285 2087 1290 2091 ι
1308 2047 1389 2090 Qid
1407 2056 1517 2086 autem,
1534 2047 1613 2086 super
1627 2049 1792 2092 lpraemisYiS,
1809 2050 1897 2082 vestra
1912 2051 2004 2083 facere
2018 2053 2176 2084 decreverit
2194 2053 2349 2092 provideri·-

1270 2094 1307 2116 tia
1322 2086 1544 2125 Circumspecta,
1563 2087 1645 2117 nobis
1671 2088 1822 2120 rescribere
1843 2090 1932 2121 veliiis
1959 2101 2009 2129 per
2030 2092 2206 2130 praesentium
2225 2093 2346 2131 portito-

1269 2133 1342 2154 rem.

1305 2162 1372 2194 Dat.
1389 2163 1462 2202 apud
1480 2162 1627 2203 Ebomm,
1644 2163 1762 2197 decimo
1779 2167 1860 2197 tertio
1878 2165 1924 2198 die
1939 2166 2120 2206 Septembris.

1397 2305 1448 2336 De
1471 2301 1641 2346 Custumis,
1664 2315 1686 2336 a
1709 2303 1834 2337 Clericis
1859 2306 2029 2352 conjugatis
2050 2304 2214 2352 exigendis.

1270 2387 1352 2446 RE
1362 2386 1393 2418 X
1413 2386 1631 2431 Constabulario
1644 2387 1694 2418 suo
1709 2388 1922 2429 Burdegalensi,
1939 2391 1988 2429 qui
2004 2400 2080 2422 nunc
2094 2390 2153 2430 est,
2170 2390 2217 2423 vel
2231 2390 2279 2430 qui
2292 2400 2346 2429 pro
2362 2380 2439 2413 Ann-
2453 2382 2496 2413 D4

1344 2434 1477 2464 tempore
1490 2425 1590 2464 fuerit,
1610 2426 1733 2457 salutem.
2384 2430 2469 2462 ¹317-

1307 2464 1349 2496 Ex
1363 2465 1562 2503 insinuatione,
1579 2464 1748 2496 dilectorum
1765 2467 1798 2498 &
1812 2465 1936 2498 fidelium
1954 2466 2116 2499 nostrorum
2126 2467 2346 2507 ‚Consulum&
2361 2464 2414 2487 Aa.
2429 2470 2472 2489 ¹¹·

1269 2502 1468 2534 Universitatis
1489 2502 1621 2534 Civitatis
1642 2504 1772 2543 Agenni,
1797 2506 1981 2536 intelleximus
2002 2507 2080 2545 quod
2104 2507 2218 2546 quidam
2240 2506 2348 2538 Clerici
2362 2503 2391 2526 E.
2410 2508 2437 2526 2·
2492 2539 2496 2544 ,

1270 2543 1436 2580 conjugati,
1455 2540 1645 2580 Mercatores,
1663 2543 1697 2573 &
1712 2544 1775 2582 alii,
1793 2545 1856 2575 vina
1872 2546 1976 2575 venalia
1991 2546 2026 2575 ad
2044 2545 2149 2576 Villam
2158 2545 2347 2583 Burdegalen-
2366 2538 2430 2574 Vasc.
2452 2546 2497 2566 ¹¹·

1270 2580 1330 2611 sem
1345 2581 1502 2619 frequenter
1515 2580 1675 2619 adducunt,
1699 2582 1733 2612 ὃ(
1754 2592 1804 2612 nos
1818 2583 1925 2613 ibidem
1941 2584 2042 2614 debitis
2057 2582 2221 2615 Coustumis
2235 2584 2348 2616 defrau-
2363 2580 2393 2604 13.
2419 2585 2444 2603 2-
2457 2585 2496 2611 me

1272 2619 1337 2650 dare
1358 2619 1549 2662 multipliciter
1569 2620 1783 2659 machinantur,
1809 2622 2009 2658 praetendendo
2031 2622 2058 2653 se
2073 2646 2083 2661 ,
2105 2631 2151 2653 tan
2173 2633 2237 2653 uam
2260 2621 2350 2653 Cives
2366 2624 2409 2652 ¹7-
2423 2615 2447 2642 d*

1270 2656 1399 2689 Civitatis
1412 2657 1572 2696 praedietae,
1590 2658 1776 2689 Libertatibus
1796 2660 1831 2690 δε
1848 2659 2075 2691 immunitatibus
2096 2661 2158 2699 ejus
2171 2671 2217 2692 ern
2239 2660 2350 2692 Civita-

1269 2698 1303 2727 tis
1317 2697 1438 2734 gaudere
1459 2696 1579 2735 debere,
1602 2697 1669 2728 licet
1695 2698 1725 2728 in
1745 2697 1936 2736 supportandis
1954 2700 2103 2738 oneribus,
2121 2700 2207 2730 dieiae
2228 2698 2349 2731 Civitati

1269 2735 1519 2773 incumbentibus,
1536 2745 1596 2765 non
1610 2737 1830 2767 communicent
1842 2738 1872 2768 in
1888 2738 1981 2778 aliquo
1994 2748 2062 2769 curn
2070 2738 2193 2777 eisdem,
2210 2738 2347 2777 &,quod

1270 2774 1387 2842 deterikiks
1400 2773 1459 2814 est,
1477 2774 1598 2805 aliorum
1612 2775 1677 2805 vina
1689 2774 1857 2815 quandoque
1873 2776 2011 2809 advocant
2024 2776 2069 2807 sua
2084 2776 2156 2817 effe,
2173 2785 2203 2808 ut
2217 2777 2256 2808 sic
2277 2777 2349 2808 libe-

1272 2823 1304 2844 re
1319 2823 1355 2843 cu
1383 2820 1524 2844 umentur.

1310 2850 1395 2890 Nos,
1421 2851 1592 2895 advertentes
1614 2861 1673 2881 non
1691 2851 1749 2882 esse
1772 2852 1933 2884 consonum
1958 2854 2060 2884 rationi
2086 2853 2164 2892 quod
2190 2853 2350 2893 hujusmodi

1271 2888 1378 2921 Clerici
1391 2891 1552 2928 conjugati,
1572 2891 1619 2928 qui
1634 2890 1670 2920 de
1682 2891 1754 2922 vinis
1772 2891 1930 2931 hujusmodi
1945 2894 2139 2931 neootiantur‚
2157 2891 2201 2923 seu
2221 2903 2349 2924 mercan-

1270 2927 1386 2973 dizatit,¹
1405 2939 1422 2959 a
1438 2927 1614 2973 praestatione
1632 2928 1834 2961 Custumarum
1847 2953 1857 2969 ,
1883 2941 1948 2970 quas
1969 2917 2014 2962 alii
2036 2931 2211 2962 Mercatores
2233 2931 2348 2963 solvunt

1270 2966 1401 3037 dssvsms
1413 2967 1480 3006 suis,
1497 2967 1678 3008 excusentur,
1695 2968 1729 3000 &
1743 2970 1889 3008 praeeipue
1901 2970 1951 3001 ubi
1969 2970 2092 3001 aliorum
2109 2969 2182 3001 Vina
2202 2969 2344 3001 advocant

1272 3016 1289 3036 e
1313 3016 1329 3036 e
1354 3016 1402 3037 ua·

1308 3030 1406 3075 Vobis'
1417 3043 1584 3076 mandamus
1606 3044 1705 3085 quod,
1729 3045 1821 3077 habita
1838 3046 1873 3077 ad
1890 3046 1948 3078 hoc
1966 3046 2188 3077 consideratione
2201 3070 2211 3085 ‚
2237 3046 2273 3076 ab
2291 3045 2346 3076 hu-

1268 3083 1391 3122 jusmodi
1414 3081 1534 3114 Clericis
1551 3085 1723 3122 conjugatis,
1741 3084 1946 3116 Mercatoribus
1966 3085 2002 3116 de
2029 3085 2127 3123 Vinis‚
2152 3094 2200 3123 per
2221 3083 2294 3122 ipsos
2311 3082 2348 3114 ad

1272 3121 1383 3153 dietam
1408 3121 1563 3152 Civitatem
1583 3122 1727 3161 adductis,
1758 3123 1839 3154 causi
1859 3123 2051 3154 Mercimonii
2069 3122 2236 3161 exercendi,
2251 3122 2320 3152 sicut
2336 3132 2353 3153 a

1274 3162 1382 3192 caeteris
1395 3159 1620 3200 Mercatoribus,
1638 3160 1806 3192 Custumam
1830 3162 1995 3201 praedictam
2018 3161 2108 3192 modo
2122 3160 2218 3191 debito
2232 3161 2350 3198 exigatis

1276 3199 1308 3237 (si
1330 3198 1454 3231 videatur
1480 3200 1562 3230 vobis
1576 3199 1606 3230 id
1628 3198 1707 3238 poffe
1728 3199 1787 3231 fieri
1809 3200 1864 3231 fine
1884 3200 2014 3238 tumultu)
2034 3198 2187 3232 fecundum
2213 3198 2300 3229 Foros
2316 3198 2350 3229 &

1275 3237 1496 3269 Consuetudines
1516 3239 1637 3276 partium
1658 3239 1835 3270 earumdem:
1863 3239 2040 3277 providentes
2066 3237 2143 3276 quod
2161 3237 2207 3269 alii
2225 3237 2351 3274 Clerici,

1276 3278 1325 3315 qui
1339 3276 1511 3307 Mercatores
1524 3287 1584 3306 non
1599 3276 1677 3316 sunt,
1695 3277 1728 3308 &
1744 3279 1853 3316 propria
1869 3277 1944 3308 Vina
1964 3277 2007 3307 sua
2029 3277 2136 3307 ibidem
2153 3276 2295 3313 vendunt,
2312 3275 2347 3305 &

1275 3317 1324 3355 qui
1337 3326 1353 3346 a
1372 3315 1550 3354 praestatione
1566 3314 1716 3346 Custumae
1733 3316 1877 3354 praedicitae
1894 3316 2100 3346 immunitatem
2118 3315 2220 3345 habere
2233 3313 2349 3349 debent,

1276 3355 1379 3385 virtute
1401 3354 1542 3392 privilegii
1563 3353 1725 3392 Clericalis,
1742 3355 1859 3385 aliorum
1875 3353 1949 3385 Vina
1971 3364 2032 3384 non
2054 3354 2194 3385 advocent
2216 3360 2348 3394 tanquam

1274 3393 1389 3437 sua,.&
1404 3392 1497 3431 quod,
1523 3393 1573 3431 qui
1589 3392 1668 3431 super
1685 3393 1742 3424 hoc
1761 3392 1911 3432 culpabiles
1933 3393 2051 3423 inveniri
2070 3390 2236 3429 contigerit,
2252 3389 2348 3421 debite

1299 3440 1436 3463 uniantur.

1277 3442 1297 3471 p
1313 3469 1382 3502 Dat.
1400 3469 1474 3509 apud
1493 3469 1639 3510 Eborum,
1656 3469 1772 3502 decimo
1789 3469 1864 3501 sexto
1881 3469 1928 3501 die
1943 3468 2125 3508 Septembris.

1974 3547 2026 3575 Per
2041 3543 2122 3584 ipfiaem
2139 3546 2245 3582 Regem.

1278 3684 1329 3717 De
1351 3682 1592 3717 Proclamatione
1607 3680 1752 3727 facienda
1770 3681 1861 3727 staper
1883 3678 2094 3727 depraedatione
2120 3677 2352 3719 Cardinaliusn.
2366 3711 2435 3744 Am
2458 3710 2502 3742 D*

1282 3766 1406 3825 REX
1423 3767 1600 3799 Vicecomiti
1617 3765 1765 3804 Eborum,
1782 3765 1904 3797 salutem.
2310 3803 2317 3809 ·
2393 3757 2480 3791 ¹3¹7·

1395 3805 1438 3837 Ex
1453 3806 1539 3837 relatu
1561 3805 1720 3842 accepimus
1737 3805 1874 3849 plurium,
1894 3803 1990 3849 quod,
2028 3811 2142 3849 'aetextu
2166 3794 2481 3856 depraedfflo,{1n.211.

1278 3855 1348 3876 num
1362 3845 1396 3876 &
1410 3843 1592 3882 excessuum,
1609 3852 1657 3881 per
1670 3842 1818 3883 quoidam,
1835 3852 1984 3881 iniquitatis
2017 3845 2066 3873 lios
2099 3844 2133 3874 &
2149 3852 2225 3880 paels
2246 3840 2349 3873 nostrae
2389 3850 2394 3854 ’
2436 3846 2442 3853 ·

1280 3884 1501 3922 perturbatores,
1517 3880 1720 3925 venerabilibus
1741 3881 1885 3920 Patribus,
1901 3880 2062 3913 Gaucelino
2073 3867 2168 3912 ³rimli
2183 3881 2353 3924 Samiorum
2368 3865 2459 3929 Chul?
2469 3910 2484 3926 2

1283 3920 1445 3953 Marcellini
1459 3918 1581 3952 &Petri
1601 3919 1761 3951 Presbnero
1775 3919 1939 3959 Cardinali,
1957 3921 1991 3954 &
2015 3920 2103 3951 Lucae
2115 3920 2228 3952 Sanetae
2251 3917 2354 3961 Mariae
2374 3915 2381 3930 ¹
2392 3914 2413 3931 ¹·
2440 3923 2457 3967 π’
2479 3936 2498 3965 d

1282 3962 1313 3991 in
1327 3960 1383 3992 Via
1396 3958 1450 3990 lata
1463 3958 1600 3989 Diacono
1616 3957 1778 3997 Cardinali,
1798 3959 1816 3978 ²*
1826 3960 1858 3990 &
1874 3959 1950 3997 aliis,
1969 3960 2000 3990 in
2011 3969 2112 3990 eorum
2129 3956 2279 3990 Comitin
2294 3964 2353 3985 exi·
2370 3951 2406 3998 ’ᾗ
2418 3951 2480 4004 ἰὼ
2498 3958 2504 3966 ·

1283 3999 1437 4039 stentibuS,
1460 4007 1548 4036 nuper
1569 3997 1644 4038 apud
1659 3997 1761 4037 Ache,
1777 3998 1846 4031 infra
1866 3997 2021 4030 libertatem
2043 3995 2224 4037 Episcopatus
2244 3993 2353 4063 Deigifisel-
2404 4016 2471 4051 ⁶672
2484 3995 2493 4002 ·

2235 4042 2267 4064 m
2342 4051 2355 4069 ι
