2562 4279
81 346 155 381 Am.
170 334 214 378 D.

79 392 193 461 1,·ἷῖῗῖ

78 1003 158 1034 Ἀητι.
171 1000 215 1032 D.

108 1049 195 1081 1343·

81 1085 135 1109 An.
154 1089 197 1115 ¹7·

81 1124 113 1147 Ε.
133 1128 159 1155 3.

82 1161 155 1185 Rom.
174 1165 218 1192 17·

84 1200 198 1233 E.3.m.

90 2002 221 2041 ‘V.383.

94 2588 231 2623 Ann.12

124 2637 212 2669 1343-

96 2671 151 2696 An.
171 2677 213 2703 17.

96 2715 187 2781 clasii).

102 2792 144 2817 17·
159 2787 188 2810 E.
207 2792 232 2818 3.

96 2826 125 2860 p.
145 2831 171 2848 2.
191 2830 227 2849 m.

100 2859 183 2895 24.d.

829 267 930 310 ET
1014 268 1281 310 ACTA

249 388 254 393 ⁹
268 349 313 417 ΑΞ
327 349 512 383 Securitatem
530 351 705 391 huJusmodi,
722 353 839 385 nomine
851 352 948 384 nostro
970 353 1004 385 δε
1020 363 1074 391 pro
1094 354 1194 392 nobis,
1212 352 1301 384 Reci-

226 396 293 426 pien
314 398 383 428 um,

266 426 396 457 Necnon
411 429 510 459 omnia
524 429 573 459 alia
586 429 621 460 &
638 428 743 466 singula
758 429 933 460 Faciendum
949 428 983 460 &
1004 429 1200 461 Exercendum
1211 453 1219 466 ,
1236 439 1300 470 quae

229 465 260 495 in
274 465 417 502 praemiffis
437 468 471 498 &
493 467 570 498 circa
593 478 626 498 ea
647 467 794 498 necessaria
813 468 859 498 vel
881 476 1019 508 oportuna
1039 466 1159 508 fuerint,
1177 470 1262 499 etiam
1279 468 1300 499 fi

230 502 402 534 Mandatum
415 506 529 542 exigant
541 505 672 543 speciale:

269 541 486 581 Promittentes,
512 554 564 581 pro
585 545 667 574 nobis
684 545 718 575 &
737 543 905 575 Haeredibus
925 542 1028 574 nostris
1060 555 1113 575 nos
1137 545 1247 576 Rarum
1267 545 1302 576 &

230 577 354 610 Gratum
372 581 514 612 habituros
538 582 673 620 quidquid
698 592 747 620 per
771 581 864 612 dictos
887 581 998 612 nostros
1019 566 1216 614 13r0curatores
1230 606 1240 621 ,
1267 584 1300 614 &

230 617 268 648 N
270 619 384 657 uncios,
400 629 518 658 omnes,
534 620 716 659 Duodecim,
729 619 899 656 Undecim,
913 619 1047 660 Decem,
1062 621 1303 661 Novem,Oec0‚

230 655 367 695 Septem,
395 657 468 697 Sex,
487 658 640 697 Quinque,
659 659 804 697 Qatuor,
821 657 865 688 seu
889 657 965 690 Tres
987 669 1102 699 eorum,
1129 660 1240 691 Actum
1257 660 1303 692 vel

233 693 467 766 Gffium·fuerg<
471 697 500 727 in
516 696 680 735 praemissis,
697 697 731 728 &
746 696 871 735 quolibet
885 698 1106 736 praemissorum.

321 743 399 771 cujus
428 749 429 753 =
469 744 496 766 c.

305 770 371 803 Dat.
390 758 463 812 apud
483 772 787 813 Westmonasterium,
806 774 943 806 vicesimo
956 785 1036 806 nono
1049 774 1096 806 die
1109 774 1240 813 Augusti.

230 916 290 951 Ad
308 920 445 964 Papam,
469 915 506 950 de
530 919 626 964 Regno
641 927 695 963 per
716 919 913 952 Excercitum
936 920 1132 966 Provisiirum
1154 919 1279 965 ,ἴηνα-[ἃ.

281 1001 389 1032 APAE
407 1000 487 1040 Rex,
507 1003 567 1035 &c.

335 1038 465 1070 Veritatis
488 1039 638 1072 Debitores
656 1040 718 1073 sunt
738 1041 883 1073 Homines
899 1066 910 1082 ,
935 1042 1090 1081 specialiter
1108 1053 1179 1082 quos
1200 1042 1310 1075 Divina

235 1077 368 1109 Provisio
379 1077 447 1109 fecit
461 1077 574 1117 Reges:
594 1080 712 1117 Regem
728 1081 823 1120 enim,
843 1081 995 1113 commista
1009 1082 1060 1113 fibi
1079 1091 1133 1122 pro
1146 1083 1253 1114 virium
1267 1082 1309 1112 fa-

235 1116 337 1148 cultate
352 1116 510 1157 Regentem
551 1119 739 1157 principaliter
753 1119 835 1150 decet
849 1130 949 1158 regere
963 1120 1137 1159 Veritatem,
1154 1121 1232 1159 cujus
1247 1120 1310 1151 De-

236 1155 295 1201 biti·
302 1155 485 1201 consideratio
500 1142 568 1188 Nos
582 1158 701 1197 invitat,
718 1165 750 1189 ut
766 1157 983 1191 Testimonium
1004 1158 1164 1198 subscriptae
1185 1160 1310 1197 cognitae

236 1202 346 1226 veritati
362 1193 484 1226 Assertio
499 1195 591 1227 nostra
605 1196 682 1227 ferat.

275 1233 371 1265 Novit
392 1234 478 1272 igitur
497 1234 578 1265 Deus
598 1237 696 1267 veritas
716 1233 773 1266 effe
794 1245 912 1275 verum,
932 1236 1010 1274 quod
1028 1237 1089 1266 tam
1112 1235 1261 1274 proceres,
1277 1235 1311 1267 ὃς

236 1272 379 1311 Nobiles,
396 1273 482 1311 quam
499 1272 702 1304 Communitas
717 1273 816 1311 Regni
829 1273 937 1312 nostri,
956 1274 1087 1313 Angliae‚
1106 1284 1194 1312 nuper
1210 1276 1240 1306 in
1248 1274 1312 1306 Ge-

234 1311 319 1342 nerali
335 1310 525 1343 Parliamento
540 1312 636 1343 nostro
650 1312 724 1350 apud
737 1312 1025 1351 Westmonasterium
1040 1314 1225 1352 congregati,

274 1350 458 1381 Attendentes
474 1350 656 1382 Provisorum
669 1350 851 1382 Excercitum
859 1374 870 1390 ,
887 1351 936 1390 qui
950 1351 1090 1389 Regnum
1103 1352 1234 1382 nostrum
1249 1351 1310 1382 An-

237 1388 305 1427 gliae
318 1390 349 1419 in
364 1389 502 1422 excessiva
515 1390 694 1421 multitudine
706 1391 768 1428 jam
783 1390 900 1429 invasit,

276 1427 313 1458 Et
329 1427 529 1467 perpendentes
543 1438 577 1459 ac
588 1427 714 1459 dolentes
723 1428 879 1467 dampnum
894 1428 928 1459 δε
941 1428 1136 1467 praejudicium
1153 1428 1314 1459 intolerabi-

237 1465 292 1504 lia,
311 1476 374 1505 quae
396 1466 477 1497 dicto
493 1466 602 1504 Regno
624 1476 657 1497 ex
679 1466 840 1505 hujusmodi
861 1466 1071 1498 Provisionibus
1089 1468 1151 1506 jain
1172 1478 1315 1506 provene-

237 1513 301 1536 runt
309 1527 320 1543 ,
338 1505 372 1536 &
388 1507 539 1543 provenire
552 1506 705 1543 timentur,
723 1505 894 1544 peramplius
908 1507 939 1536 in
951 1505 1076 1537 futurum
1085 1529 1095 1544 ,

277 1543 314 1574 Et
327 1543 505 1581 Impatientes
519 1543 664 1574 dierorum
676 1544 782 1575 doloris
796 1544 830 1575 &
846 1543 1019 1582 praejudicii,

276 1581 482 1620 Proposuerunt
497 1582 640 1621 querelose
657 1583 690 1614 &
706 1583 830 1614 clamose
843 1583 1013 1613 unanimiter
1027 1583 1061 1614 &
1075 1582 1222 1621 dixerunt,
1237 1582 1316 1620 quod

235 1619 301 1652 talia
314 1620 428 1652 tolerare
442 1620 545 1652 diutius
560 1631 621 1651 non
634 1629 779 1660 poterant,
797 1631 852 1652 nec
866 1621 1014 1652 volebant:

276 1658 313 1689 Et
328 1660 391 1698 quia
405 1659 549 1691 Sanc'titati
561 1659 669 1691 Vestrae
689 1660 730 1699 (ut
742 1660 859 1695 dicitur)
876 1658 917 1691 est
938 1658 1098 1699 suggestum
1115 1658 1212 1697 quod,
1230 1669 1317 1689 vene-

237 1697 334 1728 rabilis
358 1700 387 1729 in
413 1697 530 1728 Christo
552 1698 652 1737 Patet,
675 1698 704 1738 J.
728 1698 931 1730 Cantuariensis
957 1696 1209 1735 ArchiepiscopuS,
1233 1699 1316 1727 totius

239 1736 355 1774 Angliae
370 1736 495 1776 Primas,
514 1737 704 1777 Qerelarum
718 1738 751 1769 ὃ(
774 1737 943 1767 Clamotum
964 1735 1123 1774 hujusmodi
1141 1736 1252 1766 Auctor
1268 1745 1316 1766 ex-

240 1775 310 1815 titit,
329 1774 375 1807 vel
404 1773 517 1807 dederat
542 1776 651 1806 causam
668 1776 738 1815 illis,
753 1776 799 1806 seu
822 1775 901 1813 quod
923 1774 1073 1812 Captionis
1093 1774 1137 1804 vel
1164 1773 1317 1805 Detentio-

238 1815 282 1844 nis
292 1837 302 1853 ,
319 1824 383 1854 quae
397 1813 473 1845 facta
485 1813 547 1844 fore
562 1813 742 1852 praetenditur
763 1814 800 1843 de
817 1813 940 1844 Nunciis
961 1813 1085 1843 Domini
1108 1812 1264 1843 Cardinalis
1280 1813 1317 1844 de

239 1852 355 1891 Garda,
372 1853 463 1885 verbo
477 1852 522 1884 vel
537 1862 624 1890 opere
639 1852 740 1883 Fautor
752 1851 840 1882 fuerat
853 1852 886 1882 ὃ(
900 1851 1064 1884 Promotor.

276 1890 385 1922 Vestrae
398 1890 564 1922 Beatitudini
573 1913 582 1927 ,
596 1889 646 1922 sub
657 1892 748 1922 verbis
755 1890 886 1921 Veritatis
902 1890 1021 1929 Regiae,
1039 1890 1229 1921 contestamur
1237 1888 1316 1929 qued

239 1930 375 1968 praedicta
392 1928 547 1967 Suggestio
560 1928 601 1960 est
615 1931 739 1959 omnino
753 1930 894 1961 contraria
907 1929 1034 1959 Veritati.

279 1968 362 1998 Nam
385 1967 461 1997 idem
477 1967 714 2006 Archiepiscopus
737 1967 788 1998 fuit
810 1967 937 2006 semper,
955 1968 988 1997 ὃς
1009 1966 1065 2005 est,
1083 1967 1113 1997 in
1129 1966 1189 2004 ipso
1211 1966 1316 2007 Regno

242 2006 392 2037 Libertatis
409 2006 429 2025 *
444 2004 646 2036 Ecclesiasticae
670 2005 784 2036 Zelator
806 2006 980 2044 praecipuus,
1003 2006 1036 2037 ὃς
1062 2016 1114 2043 pro
1136 2006 1318 2036 Liberatione

239 2045 369 2082 illorum,
387 2045 436 2083 qui
450 2045 492 2083 (ut
507 2045 680 2083 praedicitur)
705 2046 779 2083 capti
794 2045 1020 2083 praetenduntur,
1040 2044 1092 2076 fuit
1106 2045 1208 2076 efficax
1227 2044 1318 2076 Inter-

243 2092 354 2118 ventor.

277 2121 406 2152 Vestram
421 2122 504 2152 initur
516 2120 709 2152 Clementiam
723 2122 827 2152 votivis
840 2120 990 2153 affeffibus
1002 2121 1190 2160 supplicamus
1204 2130 1251 2160 ut,
1268 2133 1319 2153 ve-

241 2162 277 2192 ris
293 2161 376 2192 dietis
390 2146 490 2191 noilris
503 2161 681 2198 praesentibus
694 2159 750 2190 fide
762 2160 844 2198 dati,
859 2160 954 2192 eidem
974 2160 1216 2199 ArcliiepiscopO,
1236 2160 1319 2191 Con-

242 2199 294 2230 silii
318 2198 405 2229 nostri
433 2198 505 2229 fideli
529 2200 562 2230 &
585 2199 646 2229 utili
668 2198 813 2229 Directori
828 2222 837 2236 ,
865 2209 948 2236 penes
969 2199 1090 2229 vestram
1113 2199 1319 2231 Beatitudinem

244 2238 354 2268 Gratiae
377 2237 476 2267 vestr-„e
498 2238 536 2267 nil
557 2246 666 2276 pereat,
685 2239 752 2276 quin
768 2239 876 2276 potii‘iS,
901 2237 991 2267 nostri
1014 2237 1233 2270 consideratione
1247 2260 1258 2278 ,
1284 2239 1319 2270 ὃ(

243 2286 296 2316 pro
312 2276 479 2306 meritorum
493 2276 605 2307 suorum
620 2276 758 2315 cumulo,
775 2285 908 2313 augeatur
924 2276 957 2308 δε
974 2275 1086 2308 crescat.

281 2314 454 2353 Consewer,
473 2315 534 2345 &c.

281 2352 350 2386 Dat.
369 2353 442 2391 apud
460 2353 763 2393 westmonasterium,
781 2352 921 2387 tricesimo
938 2353 984 2385 die
1004 2352 1133 2392 Augusti.

303 2499 363 2533 Ad
385 2501 499 2548 Regem
524 2496 671 2543 CasteHae,
703 2497 739 2531 de
761 2507 872 2531 mutua
895 2499 1048 2532 Amicitia
1072 2495 1268 2543 confovenda.

249 2592 455 2648 MAgnifico
479 2592 622 2631 Principi,
647 2592 783 2623 Domino
810 2591 943 2630 Alfonso,
961 2591 1020 2622 Dei
1049 2591 1153 2631 gratia,
1177 2591 1326 2631 Castellae,

338 2631 475 2669 Legionis
491 2654 501 2669 ,
520 2632 651 2670 Toletae,
675 2631 796 2661 Galetiae
811 2653 821 2670 ,
847 2631 970 2669 Sibiliae,
997 2630 1160 2669 Cordubae,
1183 2630 1325 2670 Murciae,

251 2670 373 2702 Giennii
388 2693 399 2709 ,
424 2670 458 2703 &
485 2669 633 2707 Algarbii,
658 2670 737 2706 Regi
786 2680 820 2700 ac
845 2667 1007 2700 Comitatus
1028 2668 1151 2699 Molinae
1177 2668 1328 2707 Domino,

250 2709 475 2746 Consanguineo
494 2707 542 2738 suo
566 2706 725 2745 carissimo,
749 2692 923 2746 is'idwardus,
942 2708 1003 2739 &c.
1020 2707 1143 2738 Salutem
1157 2730 1167 2746 ,
1194 2708 1227 2738 &
1251 2708 1329 2746 super

251 2747 389 2779 Inimicos
404 2746 560 2777 Christiani
573 2747 698 2776 nominis
712 2745 831 2776 feliciter
847 2747 1030 2784 triumphare.

290 2785 462 2816 Recolentes
477 2784 647 2814 Amicitiam
666 2783 802 2821 solidam,
822 2794 887 2823 quae
908 2785 980 2815 inter
1002 2783 1123 2815 vestram
1146 2785 1180 2815 &
1204 2784 1329 2816 nostram

253 2824 370 2855 Domos
390 2822 497 2860 Regias
512 2822 605 2858 viguit
626 2822 663 2852 ab
685 2821 799 2859 antiquo
812 2844 823 2860 ,
848 2831 882 2852 ac
904 2821 1056 2858 Sanguinis
1078 2823 1330 2862 neceffitudinem,

251 2863 306 2902 qua
320 2862 446 2893 invicem
459 2861 625 2898 attinemus,
643 2869 759 2890 necnon
774 2859 945 2897 probitatem
959 2860 993 2891 &
1007 2861 1143 2899 gratiam,
1161 2862 1263 2900 quibus
1279 2862 1329 2892 Al-

253 2901 373 2933 tiffimus
399 2910 450 2930 vos
477 2899 604 2937 dotavit,
622 2898 657 2928 de
677 2897 819 2935 prosperis
840 2897 936 2928 vestris
959 2898 1114 2936 gaudemus
1134 2899 1330 2938 Succeffibus3

253 2940 435 2971 desiderantes
450 2940 520 2968 inter
535 2936 602 2967 Nos
617 2937 649 2968 &
663 2935 773 2966 nostros
786 2935 918 2968 Subditos
935 2939 1031 2974 augeri
1051 2937 1200 2969 Amicitiae
1224 2946 1330 2968 mutuae

251 2978 434 3015 firmitatem,
451 2978 485 3007 &
498 2975 706 3014 Impedimenta
719 2973 870 3006 subducere
885 2985 951 3013 quae
964 2975 1074 3014 possent
1095 2977 1241 3008 materiam
1258 2986 1329 3007 con-

253 3019 365 3050 trariam
380 3015 545 3047 ministrare.

293 3056 369 3086 Sane

292 3077 464 3125 Cum'inter
479 3091 612 3130 quosdam
629 3090 762 3121 Subditos
781 3089 903 3129 vestros,
920 3090 1074 3128 praesertim
1094 3090 1277 3130 Marinarios,
1295 3092 1329 3122 ὃς

254 3133 340 3172 alios,
367 3132 401 3163 &
421 3130 530 3162 nostros
550 3129 702 3168 Subditos,
727 3129 785 3159 tarn
810 3128 990 3168 Baionenses,
1014 3131 1101 3169 quam
1125 3130 1279 3168 Anglicos,
1295 3141 1330 3161 ac

253 3171 337 3210 alios,
354 3180 406 3208 pro
418 3169 562 3207 Dampnis
579 3169 612 3200 ὃς
635 3168 764 3206 Injuriis,
782 3167 853 3198 hinc
870 3167 937 3198 iride
952 3191 962 3206 ,
988 3177 1088 3205 praeter
1108 3168 1141 3198 &
1163 3177 1263 3199 contra
1279 3179 1330 3199 ve-

256 3208 342 3240 stram
362 3209 404 3246 (ut
417 3207 598 3243 confidimus)
615 3207 648 3238 &
662 3205 787 3237 nostram
802 3206 976 3238 voluntatem
988 3206 1059 3237 datis
1074 3207 1107 3238 δε
1121 3206 1216 3246 illatis,
1234 3206 1330 3238 Com-

258 3248 394 3316 mclitIionis
412 3247 524 3278 materia
538 3246 570 3277 fit
585 3254 694 3284 exorta,

333 3296 366 3316 os

301 3324 347 3355 Ad
362 3308 526 3354 somentum
536 3322 623 3353 dic‘cae
637 3322 808 3354 Dilefflonis
823 3322 896 3353 inter
911 3332 981 3361 nos,
997 3323 1030 3355 &
1045 3321 1270 3354 communionis
1279 3321 1333 3354 Pa-

258 3362 348 3394 cificae
362 3364 431 3393 inter
445 3360 555 3392 nostros
570 3360 720 3399 Subditos,
737 3361 917 3392 desiderantes
932 3371 1053 3392 omnem
1070 3361 1226 3400 hujufinodi
1236 3361 1332 3392 Com-

259 3402 394 3432 motionis
407 3401 555 3430 materiam
567 3399 752 3429 amicabiliter
764 3400 875 3430 abolere
883 3422 893 3438 ,

298 3439 480 3470 Serenitatetn
495 3437 617 3468 vestram
633 3439 736 3467 attente
757 3447 891 3474 rogamus
906 3446 1039 3475 quatenus
1054 3448 1121 3468 cum
1138 3461 1148 3476 ‚
1172 3437 1281 3470 dilectis
1298 3439 1332 3470 &

259 3477 385 3509 fidelibus
399 3476 516 3514 nostris,
534 3475 663 3506 Henrico
678 3475 793 3505 Derbiae
827 3475 1047 3511 Consangiiineo
1061 3476 1159 3507 nostro
1173 3477 1333 3516 carisiimo,

259 3517 294 3546 &
308 3515 469 3546 Willielmo
484 3514 520 3544 de
537 3514 642 3544 Monte
657 3515 772 3553 Acuto,
811 3524 907 3553 arum,
932 3510 1114 3553 ComitibuS,
1131 3515 1281 3546 vobiscum
1302 3518 1333 3546 in

260 3554 448 3593 Expeditione
462 3552 553 3583 vestri
559 3553 619 3591 jam
633 3553 791 3591 agentibus,

299 3594 427 3633 Qubus,
446 3592 480 3623 &
494 3601 595 3621 eorum
607 3591 700 3629 alteri,
718 3601 768 3629 per
782 3589 846 3622 alias
868 3590 973 3621 Literas
994 3589 1116 3630 nostras,
1135 3591 1171 3622 ad
1193 3592 1333 3623 Tradian-

259 3631 329 3663 dum
345 3632 378 3663 &
393 3629 640 3661 Concordandum
653 3629 731 3667 super
745 3630 802 3660 hoc
819 3629 987 3668 vobiscum,
1006 3630 1039 3660 &
1062 3640 1130 3660 curn
1153 3630 1236 3661 dictis
1259 3631 1333 3661 Sub-

261 3671 326 3701 ditis
339 3670 450 3707 vestris,
468 3668 663 3700 commisimus
677 3669 710 3699 &
721 3667 917 3698 transmisimus
924 3667 1113 3706 Potestatem,
1130 3669 1236 3707 velitis,
1254 3669 1333 3707 super

256 3709 478 3739 ‘Reformatione
494 3706 573 3737 Pacis
588 3707 621 3737 &
636 3707 784 3737 Amicitiae
796 3705 944 3745 firmitate,
960 3708 1032 3738 inter
1046 3706 1150 3737 vestros
1171 3708 1204 3738 ὃ(
1222 3707 1332 3739 nostros

261 3747 394 3778 Subditos
411 3745 555 3784 ineundis,
570 3744 707 3775 Benivoie
723 3744 907 3784 pertractare,
924 3747 975 3783 &,
991 3745 1028 3776 ad
1051 3753 1183 3776 mutuum
1207 3746 1332 3777 vestrum

261 3787 295 3816 δί
310 3786 436 3816 nostpum
451 3783 653 3815 Commodum
665 3785 698 3815 &
708 3783 843 3814 Solarium
852 3807 862 3822 ,
877 3783 956 3821 super
963 3783 1138 3822 pacificanda
1152 3784 1230 3814 dier-a
1238 3784 1332 3815 Com-

261 3826 403 3862 mot‘aene,
421 3834 491 3854 cum
504 3822 587 3854 dietis
608 3821 787 3860 Comitibus,
804 3821 849 3852 vel
870 3831 968 3852 eorum
984 3822 1089 3860 altero,
1112 3821 1238 3853 celeriter
1256 3823 1334 3854 ordi-

262 3866 343 3901 nare,
362 3864 468 3894 Ratum
484 3863 561 3893 enim
576 3861 609 3891 &
626 3860 751 3891 Gratum
766 3860 931 3890 habebimus
946 3861 1082 3899 quicquid
1101 3860 1173 3891 dieti
1188 3860 1335 3901 Comum,

262 3901 308 3930 vel
323 3911 422 3932 eorum
435 3901 519 3938 alter,
537 3900 673 3937 fecerint,
689 3898 734 3929 vel
754 3898 865 3936 fecerit,
884 3900 914 3928 in
926 3899 979 3929 hac
995 3907 1081 3937 parte.

301 3938 370 3970 Dat.
388 3940 461 3979 apud
477 3937 781 3976 Westmonastcrium,
796 3937 939 3968 tricesimo
953 3937 1000 3969 die
1015 3936 1150 3977 Augusti,

1362 266 1393 306 P
1432 269 1476 309 U
1514 270 1546 309 Β
1587 267 1674 313 LI
1714 274 1752 313 C
1787 269 1842 315 A.
2331 286 2404 332 '151

2429 356 2560 393 Anni),

1517 458 1576 492 Ad
1597 463 1703 509 Regem
1728 461 1851 506 castella
1864 491 1872 506 ‚
1892 465 1982 512 sitper
2004 460 2098 498 Nave
2122 469 2217 513 capta,

1347 550 1563 610 MAgmfico.
1579 554 1728 595 Principi,
1754 557 1887 590 Domino
1909 559 2044 599 Alfonso,
2064 561 2121 591 Dei
2142 562 2244 601 gratis,
2265 563 2412 603 Castellae,
2432 563 2508 601 Ᾱῂη,
2523 569 2562 600 Ι).

1380 627 1384 631 ¹
1440 589 1593 633 Legionis,
1618 594 1734 638 Toleti,
1757 596 1897 635 Galiciae,
1917 599 2039 637 Sibssiae,
2062 600 2234 639 Cordubie,
2266 601 2388 633 Murciae
2402 626 2411 642 ,
2453 617 2539 647 1343.

1343 625 1471 671 Gienni,
1491 631 1524 661 &
1539 631 1686 676 Algarbii,
1703 633 1779 669 Regi
1813 646 1845 666 ac
1855 635 2016 667 Comitatus
2028 638 2148 668 Molinae
2160 639 2290 670 Domino
2326 641 2410 671 Con-
2433 651 2486 675 An.
2505 657 2546 683 17.

1342 664 1495 711 sanguineo
1508 668 1556 699 suo
1572 670 1731 715 cariffirno,
1750 657 1922 717 Edwardm,
1941 675 2060 713 ejusdem
2075 678 2180 713 gratia,
2200 678 2262 708 Rex
2284 664 2411 710 I<²ranciae
2433 690 2458 713 E.
2482 695 2509 722 3.

1343 703 1525 773 {calflxtiggliae,
1541 708 1575 739 δε
1589 708 1733 741 Dominus
1745 710 1893 742 Hiberniae
1902 736 1912 751 ,
1928 716 2030 744 votivis
2043 714 2335 751 gloriariSucceffibus
2343 728 2411 748 cum
2435 725 2523 762 claus.

1369 779 1509 824 'Gravem
1523 783 1759 825 Qerimoniam,
1776 787 1873 818 dilecti
1888 788 1990 821 Valetti
2002 790 2039 820 &
2049 790 2216 823 Mercatoris
2228 792 2414 832 nostri,G:ir-
2430 772 2466 838 ἵ
2475 784 2491 827 ἰ
2498 766 2562 829 ,ΕῃΞ

1345 818 1376 849 fii
1393 819 1519 866 l-lernaut
1532 822 1568 853 de
1584 823 1710 867 Verger,
1726 825 1763 855 de
1779 825 1991 859 Vicecomitatu
2006 829 2042 858 de
2056 828 2127 869 Ort,
2142 831 2173 860 in
2193 830 2305 862 Ducaiu
2319 832 2414 863 nostro
2437 849 2481 867 ιι.
2497 839 2524 867 d.

1345 857 1506 895 Aquitaniae
1505 884 1523 929 (²
1541 861 1714 901 audivimus,
1733 865 1929 895 continentem
1948 874 1995 905 ut,

1382 895 1461 927 Cum
1474 899 1504 939 ip
1516 909 1535 944 e
1546 900 1684 938 quandam
1696 901 1814 933 Navem
1829 902 1906 934 suam
1918 927 1927 941 ,
1948 913 2078 935 vocatam
2094 905 2120 936 la
2139 906 2232 938 Scinte
2248 906 2357 948 Marie,
2373 908 2418 939 di-

1346 935 1427 965 versis
1440 939 1589 982 generibus
1604 938 1885 981 Mercimoniorum,
1900 942 1934 972 ad
1944 953 2002 972 non
2017 944 2165 974 modicum
2175 945 2308 976 Valorem
2317 969 2327 985 ,
2343 947 2417 985 apud

1346 972 1371 1002 la
1387 972 1477 1018 Baye,
1495 987 1523 1006 in
1534 975 1623 1008 Portu
1637 977 1672 1008 de
1688 977 1784 1017 Frete,
1802 979 1874 1010 infra
1887 979 2005 1011 Insulam
2029 982 2063 1011 de
2084 982 2162 1021 ssun,
2180 994 2307 1021 tempore
2321 985 2416 1016 Treu-

1348 1020 1411 1080 gaszs,
1430 1022 1501 1044 inter
1517 1014 1585 1045 Nos
1605 1015 1638 1046 δε
1653 1016 1831 1048 Adversarios
1851 1018 1963 1049 nostros
1984 1019 2112 1050 Francia:
2133 1022 2227 1060 iiiitae,
2252 1025 2357 1054 carcari
2376 1023 2418 1054 fe-

1350 1059 1379 1080 ci
1404 1059 1431 1081 et

1373 1088 1419 1131 ¹Et
1433 1073 1554 1120 Navem
1575 1090 1669 1135 illam,
1685 1091 1910 1137 ficharcatam,
1930 1095 2031 1126 exinde
2053 1096 2137 1134 usque
2157 1106 2245 1135 partes
2268 1099 2417 1130 Norman-

1350 1136 1421 1165 niae,
1438 1127 1473 1159 ad
1490 1127 1526 1157 N
1529 1131 1713 1173 egotiandum
1727 1132 1792 1162 inde
1810 1133 1937 1172 ibidem,
1954 1135 1988 1165 &
2000 1133 2202 1166 Commodum
2215 1136 2294 1167 suum
2317 1138 2422 1168 facien-

1349 1164 1437 1204 dum,
1453 1166 1560 1196 duxiffe
1574 1168 1718 1206 voluisset,

1393 1203 1619 1242 Supervenerunt
1638 1207 1672 1237 ad
1694 1207 1805 1239 dir‘qum
1817 1207 1936 1240 Portum
1955 1211 2127 1248 quamplures
2143 1210 2342 1244 MalefaCtores
2361 1214 2421 1244 Vil-

1350 1241 1442 1272 larum
1462 1243 1499 1273 de
1519 1243 1741 1276 Fonte-Arabiae
1755 1268 1767 1285 ,
1791 1246 1868 1277 Seint
1892 1248 2052 1286 Sebastiam,
2073 1250 2178 1290 Gatary
2229 1252 2247 1270 *Ε
2268 1252 2422 1292 Mortico,

1353 1280 1478 1325 Lagety,
1497 1281 1654 1323 Vermeye,
1681 1283 1807 1323 Gornis,
1826 1284 2002 1323 Portegalac.
2021 1287 2154 1318 Villeiianr
2205 1289 2276 1320 astro
2292 1291 2424 1331 Lai-cdo,

1352 1319 1430 1350 Seint
1444 1320 1558 1364 Ander,
1576 1321 1654 1353 Seint
1668 1322 1810 1362 Vincens,
1828 1323 1864 1364 de
1883 1324 1908 1355 la
1932 1324 2037 1355 Warke
2057 1336 2121 1364 ere,
2148 1328 2262 1358 Abillies
2274 1352 2283 1366 ,
2306 1329 2424 1360 Ari-ibe-

1352 1357 1426 1397 den,
1454 1358 1575 1390 Vineri‘o
1597 1362 1620 1391 la
1643 1359 1786 1399 Croinhe,
1804 1362 1885 1393 Noie
1899 1362 2012 1402 Pount,
2062 1366 2172 1402 ebetre,
2189 1366 2222 1395 &t
2241 1367 2331 1405 Baycn
2361 1367 2424 1398 De-

1354 1406 1437 1441 tnyor
1449 1420 1460 1442 ,
1491 1397 1527 1427 de
1553 1398 1698 1430 Dominio
1728 1400 1820 1431 vestro
1833 1424 1844 1440 ,
1875 1402 1905 1431 in
1933 1400 2044 1432 diversis
2070 1402 2199 1433 Navibus
2215 1427 2224 1442 ,
2251 1405 2286 1435 de
2310 1404 2422 1437 Guerra

1355 1445 1469 1466 munitis
1475 1459 1485 1474 ,

1393 1473 1428 1503 Et
1442 1474 1528 1504 diecae
1543 1474 1644 1514 Navi,
1662 1476 1699 1507 sic
1722 1476 1868 1516 Carcatae,
1888 1477 1996 1508 ibidem
2018 1479 2159 1518 inventae,
2178 1479 2218 1510 Vi
2241 1480 2359 1514 Armati
2382 1484 2427 1512 in-

1355 1512 1496 1550 sultantes»,
1519 1513 1552 1544 &
1574 1524 1635 1544 eam
1659 1516 1864 1555 ingredientes,
1883 1516 2003 1547 Navem
2026 1516 2118 1555 illain,
2137 1529 2205 1548 cum
2231 1519 2338 1549 Attileo
2360 1520 2428 1552 eius-

1355 1551 1438 1589 dem,
1455 1553 1535 1589 pretii
1551 1551 1676 1583 Centum
1692 1553 1725 1584 &
1742 1553 1891 1592 Sexaginta
1914 1555 1947 1585 &
1971 1555 2083 1586 Decem
2100 1557 2251 1587 Librarum
2262 1582 2269 1595 ,
2289 1558 2340 1587 un'i
2359 1554 2426 1589 :Lm

1355 1589 1449 1619 Fretto
1464 1590 1585 1627 ejusdem
1601 1590 1709 1630 Navis,
1727 1592 1802 1630 quod
1819 1593 1844 1623 se
1859 1594 1967 1632 attingit
1980 1593 2014 1624 ad
2027 1594 2174 1633 Sexaginta
2191 1595 2305 1634 Libras,
2323 1596 2356 1626 δε
2373 1598 2428 1627 una

1355 1638 1425 1662 cum
1439 1629 1574 1659 omnibus
1589 1628 1789 1660 Mercimoniis
1803 1633 1831 1661 in
1845 1632 1960 1669 eadem,

1355 1705 1375 1735 b
1392 1665 1559 1706 Videlicet,
1585 1668 1807 1706 Qadringentis
1833 1669 1985 1708 Qiarteriis
2006 1669 2092 1710 Salis,
2111 1672 2190 1708 pretii
2212 1671 2350 1711 Triginta
2378 1673 2429 1704 Li-

1376 1711 1466 1743 sai-um
1477 1727 1486 1743 ,

1393 1743 1527 1780 Triginta
1543 1743 1656 1775 paribus
1668 1743 1808 1776 Platarum
1818 1768 1828 1784 ,
1846 1745 2048 1777 Basmettorum
2063 1747 2097 1778 &
2109 1746 2364 1788 Pisanomm,cum
2377 1760 2427 1781 eo-

1356 1792 1420 1813 rum
1433 1782 1637 1820 adventalibus,
1659 1785 1738 1821 pretii
1756 1784 1889 1823 Triginta
1906 1784 2075 1824 Librarum,

1393 1821 1606 1863 Qiinquaginta
1620 1822 1653 1852 ὅτ,
1669 1823 1803 1860 Qiatuor
1824 1823 1972 1854 Duodenis
1994 1823 2155 1860 Lanarum,
2175 1823 2285 1861 Viginti
2308 1827 2341 1857 &
2362 1838 2428 1864 qua-

1357 1868 1421 1892 tuor
1443 1859 1523 1890 Telis
1541 1883 1552 1899 ,
1578 1860 1612 1891 &
1636 1860 1802 1892 Duodecim
1824 1861 1968 1892 Arbalistis
1983 1884 1993 1901 ,
2019 1863 2101 1900 pretii
2129 1862 2302 1894 Duodecim
2327 1865 2427 1897 Libra⁴

1357 1908 1436 1936 rum,

1400 1935 1503 1967 Pannis
1517 1936 1615 1967 diversi
1631 1936 1749 1974 coloris,
1768 1939 1849 1976 pretii
1863 1938 1996 1976 Triginta
2014 1937 2182 1978 Librarum,

1395 1974 1522 2006 Diversis
1540 1976 1688 2012 generibus
1701 1976 1844 2015 Piscium,
1863 1978 1945 2015 pretii
1962 1977 2139 2015 Quindecim
2154 1978 2305 2010 Librarum
2315 2002 2326 2017 ,

1395 2013 1523 2044 Necnon
1536 2013 1650 2051 Lectis,
1668 2013 1780 2053 Cofris,
1798 2014 1917 2053 Pannis,
1933 2015 2119 2053 &jocalibus
2127 2015 2348 2049 Marinariorum
2363 2018 2431 2057 ejus-

1357 2050 1424 2082 dem
1439 2051 1548 2092 Navis,
1563 2053 1643 2090 pretii
1660 2053 1851 2091 Qiadraginta
1869 2054 2017 2084 Librarum
2032 2053 2237 2093 Stei'lingorum
2246 2079 2256 2094 ,

1396 2090 1538 2129 Inventis,
1556 2100 1692 2129 ceperunt
1706 2092 1739 2122 &
1754 2092 1945 2131 abduxerunt,
1961 2093 1993 2123 ὅ(
2008 2091 2179 2124 voluntatem
2196 2093 2270 2124 suam
2293 2092 2329 2124 de
2348 2093 2433 2125 Bonis

1359 2130 1392 2160 δε
1408 2129 1612 2160 Mercimoniis
1626 2130 1676 2160 illis
1689 2129 1830 2169 fecerunt,
1848 2131 1950 2169 absque
1973 2129 2160 2162 Restitutione
2177 2131 2267 2170 aliqua
2282 2133 2346 2163 inde
2363 2144 2432 2170 prae-

1358 2167 1418 2198 fato
1437 2167 1538 2198 Garsio
1554 2169 1687 2200 haetenus
1701 2169 1792 2208 faCta,
1816 2170 1885 2199 sicut
1901 2179 1949 2207 per
1973 2169 2088 2200 Litteras
2109 2169 2235 2201 Parentes
2257 2169 2433 2201 Castellano-

1359 2216 1425 2237 rum
1440 2207 1473 2237 &
1492 2207 1607 2238 Locum
1621 2209 1780 2238 tenentium
1794 2207 1990 2239 Domitiorum
2005 2207 2041 2238 de
2057 2208 2150 2248 Rays,
2167 2210 2200 2240 ὃς
2215 2209 2251 2239 de
2266 2208 2434 2249 Machecol,

1360 2254 1393 2275 ac
1411 2244 1534 2275 Milonis
1550 2246 1585 2276 de
1598 2246 1707 2285 Toars,
1725 2245 1849 2276 Domini
1862 2246 1896 2277 de
1904 2246 2079 2284 Ponsanges,
2097 2248 2128 2276 iri
2144 2248 2264 2284 partibus
2279 2247 2314 2277 de
2323 2247 2436 2288 Beyng,

1360 2285 1392 2313 in
1407 2283 1487 2314 dicio
1502 2283 1636 2323 Ducatu,
1664 2295 1763 2315 coram
1778 2286 1875 2324 nobis,
1893 2285 1924 2316 in
1944 2284 2117 2316 Cancellatia
2138 2284 2234 2316 nostr&⁴
2250 2285 2383 2325 Angliae,
2402 2296 2435 2317 0-

1362 2321 1461 2353 stensas
1475 2322 1583 2360 plen-iiis
1596 2332 1724 2362 apparet,

1400 2360 1489 2399 Super
1507 2372 1564 2400 quo
1577 2362 1726 2400 praedhstus
1741 2361 1853 2393 Garsius
1867 2362 1951 2392 nobis
1964 2361 2148 2401 supplicavit,
2166 2370 2197 2393 ut
2211 2361 2260 2393 fibi
2274 2362 2310 2394 de
2325 2362 2435 2394 Reme-

1362 2397 1412 2430 dio
1426 2408 1569 2438 oportuno
1583 2401 1730 2438 providere
1743 2401 1861 2431 velimus
1876 2403 1906 2431 in
1920 2401 1972 2431 hac
1990 2409 2083 2439 parte,

1402 2437 1483 2476 Nos,
1503 2440 1550 2477 qui
1566 2439 1694 2470 universis
1707 2440 1741 2470 ὃς
1754 2439 1865 2476 singulis
1877 2438 1999 2469 Subditis
2014 2439 2112 2469 nostris
2133 2439 2226 2470 sumus
2243 2440 2272 2469 in
2287 2440 2436 2471 exliibitio-

1367 2486 1403 2506 ne
1416 2476 1535 2514 Justitiae
1557 2477 1727 2516 Debitores,
1744 2477 1869 2508 volentes
1891 2476 2007 2515 praefato
2027 2477 2129 2508 Garsio
2148 2477 2225 2516 super
2249 2478 2438 2509 Restitutione

1363 2516 1399 2546 &
1419 2515 1645 2553 Recuperatione
1666 2515 1888 2555 Dampnorum,
1905 2516 1956 2546 sibi
1979 2515 2016 2545 sic
2040 2515 2198 2555 illatorum,
2218 2515 2387 2556 subvenire,
2405 2525 2437 2548 ut

1365 2562 1511 2593 tenemur,
1529 2565 1581 2585 vos
1602 2555 1768 2592 requirimus
1783 2555 1815 2585 &
1839 2563 1971 2591 rogamus
1990 2554 2070 2592 quod
2093 2554 2188 2584 eidem
2212 2553 2311 2585 Garfio
2325 2579 2335 2594 ,
2358 2555 2438 2594 super

1368 2591 1597 2630 Recuperatione
1620 2594 1728 2631 Navis,
1745 2603 1778 2623 ac
1801 2593 1964 2630 Bonorum,
1982 2593 2014 2623 &
2037 2592 2302 2624 Mercinioniorum
2324 2594 2436 2624 suorum

1366 2630 1584 2669 praedictorum,
1600 2641 1644 2662 aut
1658 2632 1715 2662 veri
1730 2631 1838 2661 Valoris
1852 2630 2017 2661 eorumdem
2027 2654 2037 2669 ,
2053 2641 2167 2661 necnon
2183 2632 2263 2668 super
2271 2630 2437 2662 Restitutio-

1368 2679 1404 2699 ne
1420 2668 1641 2708 Dampnorum,
1661 2679 1723 2707 quae
1746 2669 1823 2699 idem
1845 2669 1958 2700 Gatiius
1978 2669 2010 2699 ei
2028 2670 2177 2699 occasione
2199 2669 2340 2709 sustinuit,
2358 2670 2439 2700 debi-

1367 2715 1429 2738 tum
1453 2708 1485 2738 ὅ(
1503 2708 1635 2739 festinum
1650 2708 1709 2738 fieri
1724 2709 1815 2740 facere
1830 2708 1917 2738 velitis
1928 2707 2047 2745 Justitice
2065 2707 2337 2747 Complementum,
2355 2716 2438 2746 prout

1367 2746 1435 2776 Nos
1450 2746 1573 2777 Subditis
1589 2747 1686 2777 vestris
1699 2747 1728 2776 in
1744 2745 1817 2777 Casu
1831 2745 1979 2776 Consimili
1994 2745 2054 2776 fore
2068 2745 2170 2775 velletis
2185 2745 2315 2776 faifluros.

1403 2784 1471 2816 Dat.
1485 2786 1559 2823 apud
1574 2785 1878 2822 Westmonasterium,
1895 2783 2017 2815 secundo
2031 2784 2079 2814 die
2094 2783 2275 2822 Septembris.

2446 1258 2562 1296 *V‚384

1400 2930 1447 2962 De
1469 2927 1612 2972 Potestase
1633 2927 1678 2961 ad
1699 2926 1909 2962 Trafsandum
1932 2938 2001 2960 cum
2018 2926 2142 2974 praefhta
2166 2931 2242 2975 Rege
2268 2926 2400 2972 Castellae.

1369 3022 1489 3078 REX
1507 3022 1671 3061 UniversiS,
1690 3022 1837 3060 praesentes
1851 3022 1957 3053 Literas
1970 3020 2149 3060 inspeeturis,
2167 3020 2298 3052 Salutem.
2455 3018 2534 3050 Ann.
2550 3018 2562 3049 I

1462 3062 1561 3092 Sciatis
1576 3061 1655 3100 quod
1672 3061 1757 3099 Nos,
2480 3067 2562 3098 1343.

1407 3099 1456 3131 De
1471 3099 1598 3130 fidelitate
1613 3101 1647 3130 δε
1662 3099 1919 3137 circumspectione
1933 3098 2069 3137 provida,
2086 3097 2252 3128 dsserstorum
2268 3097 2301 3129 &
2315 3097 2439 3129 fidelium
2460 3101 2511 3126 Aa.
2530 3107 2558 3132 ¹7

1369 3139 1530 3169 nostrorum
1545 3138 1667 3168 Henrici
1681 3138 1718 3168 de
1733 3137 1909 3176 Lancastria,
1928 3137 2059 3175 Derbiae,
2076 3136 2285 3173 Consanguinei
2298 3136 2384 3167 nostri
2394 3147 2441 3167 ca-
2462 3139 2490 3161 E·
2514 3145 2538 3171 3-

1369 3177 1484 3215 riffiiiii,
1502 3178 1535 3209 ὃς
1550 3177 1702 3208 Willielmi
1722 3176 1760 3207 de
1774 3176 1884 3207 Monte
1896 3177 2012 3213 Acuto,
2029 3175 2144 3213 Sarum,
2162 3173 2331 3213 Comitum,
2350 3175 2441 3206 confi-
2460 3178 2548 3238 Frang.

1369 3216 1466 3246 dentes
2466 3221 2495 3246 17
2541 3233 2545 3237 .

1409 3253 1455 3285 Ad
1469 3239 1666 3284 ‘'Tractandum
1688 3253 1721 3284 ὃς
1735 3252 1980 3284 Coticordandum
1993 3261 2048 3292 pro
2067 3252 2166 3289 nobis,
2192 3251 2225 3282 &
2243 3251 2365 3281 Snbdiris
2385 3261 2438 3281 no-
2461 3260 2497 3278 m.
2520 3259 2562 3278 ιο..

1370 3292 1448 3331 stris,
1466 3302 1534 3322 cum
1561 3291 1722 3331 Magnifice
1745 3291 1877 3329 Principe
1891 3314 1903 3329 ,
1926 3290 2058 3320 Domino
2082 3289 2221 3328 Alfonso,
2247 3289 2304 3319 Dei
2329 3290 2435 3332 gratia,

1372 3331 1456 3368 Rege
1471 3329 1621 3369 Castellae,
1639 3341 1671 3361 ac
1688 3330 1862 3368 Deputandis
1875 3331 1910 3359 ab
1924 3329 2000 3366 ipso,
2018 3328 2096 3366 supet
2112 3327 2267 3370 Discordiis
2283 3329 2315 3358 ὃς
2326 3327 2439 3357 Dissen-

1371 3369 1481 3400 sionum
1500 3369 1643 3408 Materiis,
1661 3371 1763 3399 exortis
1778 3369 1848 3398 inter
1865 3368 1997 3405 quosdam
2007 3367 2137 3396 Subditos
2148 3367 2228 3404 ipsius
2244 3366 2345 3403 Regis,
2365 3376 2438 3409 prae-

1370 3408 1461 3439 sertim
1479 3407 1663 3445 Marinarios,
1681 3417 1714 3437 ac
1730 3406 1840 3437 nostros
1857 3406 1988 3436 Subditos
2008 3406 2064 3435 tiim
2079 3404 2177 3441 Regni
2199 3403 2285 3447 nostri
2307 3404 2438 3442 Angli-32,

1371 3447 1457 3486 quam
1472 3447 1587 3476 aliarum
1599 3446 1752 3476 Terrarum
1766 3445 1801 3475 de
1816 3444 1956 3475 Dominio
1971 3444 2005 3474 δε
2022 3442 2160 3473 Potestate
2178 3442 2294 3478 nostris,
2312 3443 2345 3473 δε
2368 3452 2439 3480 prae-

1371 3486 1465 3515 sertim
1479 3484 1606 3515 Civitatis
1620 3483 1722 3514 nostrae
1738 3483 1867 3521 Baionae,
1882 3482 2028 3513 occasione
2047 3481 2247 3524 Dampnorum
2268 3481 2301 3511 ὃ(
2324 3480 2452 3524 injuria--

1371 3533 1452 3562 rum,
1469 3524 1538 3553 hinc
1552 3522 1618 3552 inde
1633 3523 1762 3552 datorum
1776 3523 1809 3552 &
1825 3522 1980 3558 illatorum,
1999 3519 2180 3562 amicabiliter
2196 3518 2386 3560 Decidendis‚

1408 3561 1443 3592 Et
1465 3561 1542 3599 super
1562 3562 1623 3598 ipsis
1645 3560 1789 3598 Dampnis
1811 3560 1846 3591 δε
1866 3559 1974 3597 Injuriis
1999 3558 2184 3596 paciiceiidis,
2209 3557 2386 3594 transigendis
2403 3558 2437 3589 δε

1371 3609 1440 3631 com
1482 3599 1578 3630 nendis

1410 3610 1536 3670 Νερὲηοη
1551 3622 1704 3674 ad'Ligam
1717 3637 1751 3667 &
1762 3644 1925 3674 perpetuam
1939 3635 2106 3665 Amicitiam
2115 3655 2126 3672 ,
2146 3634 2214 3664 inter
2224 3633 2312 3671 ipsum
2321 3633 2437 3672 Regem

1371 3679 1404 3709 δί
1419 3677 1480 3708 suos
1493 3676 1643 3714 Subditos,
1659 3676 1692 3706 δε
1709 3675 1774 3705 Nos
1784 3676 1816 3705 &
1832 3675 1942 3704 nostros
1958 3673 2106 3709 Subditos,
2124 3672 2299 3709 ineundum,
2377 3702 2380 3703 a

1406 3715 1443 3746 Et
1455 3715 1490 3746 ad
1503 3725 1551 3752 ea,
1569 3724 1632 3752 quae
1649 3715 1686 3744 iic
1699 3713 1850 3751 Tracti-ita,
1867 3711 2062 3749 Concordata,
2085 3710 2250 3747 pacificata,
2269 3709 2438 3750 Transacta,

1370 3753 1557 3792 Composita,
1570 3754 1602 3783 &
1618 3751 1704 3789 Inita,
1721 3751 1840 3790 fuerint,
1857 3760 2035 3789 quacumque
2055 3750 2206 3779 Securitate
2222 3748 2400 3780 Firmandum
2412 3774 2422 3788 ,

1409 3793 1447 3823 Et
1468 3792 1503 3822 ad
1522 3792 1589 3821 alios
1610 3789 1701 3820 fideles
1724 3789 1849 3828 nostros,
1872 3789 1939 3819 loco
1963 3788 2020 3826 sui,
2045 3787 2077 3818 ad
2104 3788 2241 3824 praemiiiii
2259 3787 2438 3826 faciendum,

1372 3838 1454 3870 prout
1466 3830 1594 3868 expedire
1609 3828 1731 3859 viderint
1747 3827 1990 3864 Substituendum,
2006 3828 2039 3857 δε
2052 3825 2284 3856 Substitutionem
2297 3827 2438 3865 hujusmo-

1394 3872 1403 3900 i
1418 3868 1624 3900 Revocandum

1373 3873 1391 3901 d
1410 3907 1445 3938 Et
1461 3907 1496 3938 ad
1510 3907 1611 3937 omnia
1624 3890 1674 3936 :iiia
1688 3905 1722 3936 &
1737 3903 1842 3944 singula
1854 3902 1996 3941 facienda,
2014 3912 2076 3940 quae
2087 3903 2116 3931 in
2132 3901 2276 3940 praemissis
2290 3902 2437 3932 necessaria

1372 3946 1476 3978 fuerint
1490 3945 1534 3976 vel
1549 3954 1568 3974 ο
1609 3952 1687 3975 rtuna
1696 3966 1706 3982 ,
1725 3944 1811 3973 etiam
1825 3942 1844 3973 si
1860 3941 2028 3972 Mandatum
2043 3942 2155 3984 exigant
2169 3941 2302 3979 speciale,
2386 3978 2390 3983 ι

1411 3984 1535 4015 Praefatis
1548 3953 1728 4020 CiicinitibuQ
1744 3981 1778 4012 &
1793 3990 1892 4011 eorum
1905 3980 1997 4018 alteri,
2015 3989 2048 4010 ac
2063 3979 2233 4018 Substituto,
2251 3982 2282 4023 5&
2301 3977 2436 4023 δαὶ-»βιω-

1373 4025 1408 4056 tis
1418 4047 1428 4062 ,
1445 4023 1480 4053 ab
1495 4017 1572 4060 ipris,
1591 4022 1624 4052 &
1637 4029 1738 4050 eorum
1752 4020 1854 4058 altero,
1873 4018 1984 4056 plenam
1995 4041 2004 4057 ,
2021 4026 2117 4048 tenore
2133 4019 2324 4056 praesentium,
2344 4016 2437 4045 com-

1375 4061 1557 4093 mittimus&
1571 4058 1766 4090 Concedimus
1781 4056 1968 4095 Potestatem;
2045 4090 2048 4091 ⁷
2080 4090 2082 4092 ,
2242 4095 2245 4099 ,
2309 4093 2313 4097 .
2353 4092 2368 4097 ..

1413 4101 1433 4119 ²¹²
1446 4098 1644 4129 Promittentes
1656 4096 1723 4128 Nos
1737 4096 1843 4128 Ratutn
1857 4097 1890 4127 &
1904 4094 2025 4126 Gratum
2041 4095 2181 4139 habituros
2202 4091 2333 4135 qiucquid
2350 4091 2437 4134 iidem
2452 4104 2470 4125 αι
2481 4107 2562 4141 Vde*

1375 4137 1521 4176 Comites,
1538 4136 1582 4169 vel
1596 4145 1694 4168 eorum
1706 4135 1790 4175 alter,-
1808 4140 1842 4169 ac
1856 4130 2057 4173 Substituti'yei
2069 4132 2249 4170 substitutus,
2265 4129 2441 4199 iibipiis,e{ta
2555 4135 2560 4140 ‘
