2562 4279
45 167 124 201 Ann.
139 165 183 198 D.

45 216 109 275 323
118 206 160 272 ¹5

69 1132 86 1150 ⁰
105 1133 164 1160 111.

73 1178 145 1207 592.

55 2062 132 2095 Ann.
144 2059 187 2091 D.

55 2100 172 2170 ff&

53 2183 86 2209 Ε.
100 2188 126 2207 2.

56 2252 102 2286 ivr.
123 2241 169 2284 ⁴10.

56 2298 89 2323 Ε.
100 2304 172 2326 2.m.

193 85 270 125 108
632 64 1278 119 CONVENTION

199 179 234 207 pu
257 168 343 199 nandi
364 168 517 200 nestorium
537 161 708 200 Elee'tionis,
726 158 859 191 carissimi
879 158 986 191 Clerici
1006 157 1111 196 nostri,
1137 152 1269 194 Magistri

242 207 348 238 illielmi
363 201 546 242 de‘Meliom
565 202 653 234 Electi
671 200 818 237 Eborum,
834 199 869 230 &
882 197 995 229 Decani
1017 197 1141 235 Capellae
1162 193 1265 237 nostrae

196 246 344 286 praedietae
367 246 463 284 (quern
479 244 574 280 utique
590 240 721 270 novimus
734 238 846 276 virum,
864 239 969 268 crebris
983 237 1119 268 vii-rutum
1140 242 1267 277 excerci-

196 286 257 324 tiis,
275 284 343 315 Deo
365 285 398 314 &
414 281 549 313 Ecclesiae
562 279 719 316 devotum,
736 277 766 307 in
789 276 979 314 Spiritualium
998 277 1031 307 &
1047 271 1267 311 Temporalium

194 323 436 355 administratione
453 317 709 355 circumspectum,
727 318 879 346 maturitate
902 314 1009 345 confilii
1032 312 1202 355 providum,
1216 319 1268 347 ae,

195 371 227 394 ut
241 372 292 392 vos
308 361 356 400 ipfi
372 359 472 396 nostis,
491 359 519 387 in
530 356 714 392 negotiorum
728 354 887 385 nostrorum
903 354 1061 385 direffione
1073 350 1218 390 perutilem
1232 349 1266 379 &

199 401 323 435 fidelem)
338 398 498 436 erquifitam
515 395 660 425 materiam
675 393 894 432 assumpserunt,
1239 426 1245 431 ο

237 438 282 469 Eo
298 438 424 467 acerbius
437 432 612 471 angebamur
632 433 661 462 in
683 441 796 471 mente,
813 442 870 470 quo
885 431 922 461 de
941 430 1032 462 vestra
1054 429 1222 464 sinceritate,
1237 435 1269 455 in

199 476 386 508 confovendis
401 473 526 505 Ooronae
542 473 576 504 &
592 471 693 509 Regni
704 470 790 502 nostri
801 471 924 509 juribus,
941 480 974 500 ac
989 468 1090 500 nostris
1109 469 1141 498 &
1159 464 1271 510 nostro·

199 525 262 546 rum
287 514 408 551 negotiis
450 511 650 550 rommendis,
673 509 750 549 spem
773 510 961 547 habebamus,
980 508 1054 547 quasi
1076 504 1271 546 peculiariter,

195 555 268 585 inter
285 562 401 583 caeteros
436 551 586 594 rmiorem,
1030 585 1034 590 ι
1247 581 1253 586 ⁹

236 592 356 631 Sicque,
373 599 407 620 ex
423 588 582 628 hujusmodi
597 588 698 628 relatu,
714 597 841 625 eramuS‚
859 596 913 616 nec
933 586 1090 622 inmerito,
1108 588 1274 621 provocati,

199 630 280 668 quod
294 629 327 660 ad
343 639 393 667 ea,
411 638 459 666 per
474 638 538 668 quae
552 637 603 659 vos
615 627 711 658 anxios
727 625 842 657 reddere
858 624 1058 661 credebamus,
1077 631 1196 660 pronam
1212 629 1273 663 rna-

199 679 270 699 num
285 668 434 698 habuimus
446 667 479 698 &
490 674 652 706 extentam,
669 666 740 697 adeo
756 673 786 695 ut
798 663 931 702 religiosis
952 659 1144 693 Cistercienfis
1157 657 1274 701 Ordinis

197 709 248 746 qui
273 708 301 737 in
324 706 433 743 Regno
455 705 553 737 nostro
575 705 690 743 copiosa
715 703 852 734 fertilitate
874 701 1051 737 diffunditur)
1100 708 1165 736 uOS,
1190 695 1274 728 vestri

199 744 458 784 contemplatione,
475 744 569 775 sumus
585 744 709 781 gratiofis
723 742 864 774 favoribus
879 738 1086 782 prosecuti,·di
1099 736 1274 779 posueramus

199 784 305 815 nedum
318 783 444 814 favorem
458 785 569 821 regium
580 783 757 820 subtraxisse,
775 781 813 811 set
831 780 916 810 etiam
928 787 1026 809 contra
1040 775 1128 821 ipsOS,
1148 782 1275 813 quatinus

199 822 370 854 conscientia
387 821 568 861 permisisset,
585 823 643 853 tam
659 822 690 851 in
705 820 805 858 causis,
821 818 906 859 quam
920 818 1017 854 rebus,
1032 824 1155 854 rigorem
1179 822 1275 855 excer-

197 861 299 892 cuisse·
321 869 366 900 ut,
384 862 422 892 fic
437 861 588 899 dispendiis
601 860 704 899 fatigati
714 882 723 898 ,
741 858 845 890 vestros
858 855 981 887 excessus
993 852 1174 894 plangendo,
1191 851 1275 881 nobis

197 899 235 930 de
250 885 334 931 vobis
348 901 556 941 querimoniam
573 899 741 930 detulissent.
993 934 998 938 ι
1035 932 1040 937 ⁴
1243 928 1248 934 .

234 939 362 977 Verum,
382 940 446 977 quia
461 939 553 969 didius
566 933 697 977 EleeTus,
714 936 793 974 cujus
805 935 888 966 dielis
900 935 933 966 δε
948 933 1055 970 scriptis
1075 929 1162 975 fidem
1172 927 1276 973 ⁴certis--

201 977 300 1008 simam
314 979 502 1016 adhibemus,
518 978 578 1016 jam
599 977 711 1014 pridem
733 976 831 1012 nobis,
849 984 899 1013 per
919 973 976 1003 suas
999 971 1137 1013 assertivas
1159 968 1276 1005 litteras,

199 1016 338 1047 indicavit
351 1017 428 1055 quod
443 1026 494 1048 vos
516 1015 601 1046 verba
615 1015 765 1053 praediChr,
784 1023 884 1043 coram
906 1012 989 1042 dicto
1005 1009 1139 1053 Domino
1153 1007 1275 1050 Summo

199 1054 341 1086 Pontifice
356 1056 392 1086 sic
415 1055 533 1093 prolata,
553 1064 614 1084 non
632 1053 739 1084 dixistis
754 1052 915 1089 voluntate,
934 1049 979 1080 vel
1002 1050 1157 1078 intentione
1176 1046 1277 1089 nobis,

199 1093 388 1132 libertatibus,
405 1102 449 1124 aut
466 1093 617 1131 privilegiis
632 1092 755 1130 Capellae
776 1090 880 1121 nostrae
903 1087 1117 1131 praejudicium,
1136 1095 1190 1130 nec
1208 1085 1276 1121 libi,

200 1132 286 1163 diecae
308 1132 461 1163 Eiectionis
480 1132 535 1163 suae
559 1133 676 1170 negotio
691 1155 700 1169 ,
725 1129 905 1160 obstaculum
926 1128 1078 1164 inferendi,
1098 1125 1124 1169 J*
1143 1125 1228 1168 licet,
1247 1131 1277 1166 ut

201 1172 371 1211 praedictum
385 1170 441 1209 est,
463 1169 607 1201 adversarii
622 1170 661 1201 sui
681 1168 823 1208 praedicti,
844 1176 878 1197 ex
898 1166 1003 1197 eisdem
1025 1165 1134 1207 verbis,
1161 1170 1277 1200 impeti-

199 1212 290 1242 tiones
302 1210 353 1240 fibi
366 1209 532 1241 voluntarias
546 1208 772 1246 subornaverint,
790 1214 967 1244 conceptum
989 1204 1080 1235 animi
1094 1211 1217 1242 rigorem
1233 1209 1277 1232 re-

199 1250 366 1281 vocavimus
379 1248 537 1287 plurimum
549 1247 735 1285 complacari,

238 1287 368 1319 Vestram
383 1287 568 1317 dilectionem
591 1287 673 1324 plena
689 1284 782 1316 cordis
805 1282 959 1314 affeetione
979 1281 1117 1324 sinceriter
1131 1279 1276 1323 requiren-

200 1336 259 1367 tes,
278 1328 405 1366 quatinus
418 1327 532 1363 negotia
551 1325 622 1356 dicti
637 1325 744 1355 Clerici
765 1322 852 1353 nostri
873 1323 1009 1360 (quorum
1023 1327 1119 1350 votiva
1132 1317 1276 1362 expeditio

200 1377 262 1397 non
286 1367 380 1396 minus
393 1388 402 1402 ,
426 1366 510 1402 quam
533 1364 698 1394 nostrorum
721 1363 920 1400 propriorum,
945 1359 1043 1402 insidet
1061 1357 1144 1402 cordi
1163 1355 1273 1393 nostro)

200 1405 240 1436 fic
254 1405 362 1442 velitis,
379 1403 481 1434 nostrae
495 1403 742 1443 contemplationis
764 1401 882 1439 intuitu,
899 1400 1014 1431 curiosis
1033 1396 1137 1428 auxiliis
1158 1405 1276 1434 promo—

200 1454 287 1482 vere,
307 1442 386 1482 quod
407 1442 441 1473 ad
457 1441 543 1472 finem
558 1450 702 1482 optatum,
720 1440 800 1471 vobis
818 1439 1017 1476 mediantibus,
1034 1436 1160 1467 celeriter
1176 1435 1277 1473 perdu-

202 1491 319 1521 cantur,
337 1481 471 1520 quodque
484 1480 641 1518 hujusmodi
657 1478 748 1510 vestra
766 1477 928 1509 sollicitudo
943 1477 1026 1508 nobis
1042 1475 1164 1518 praebeat
1179 1475 1277 1517 incen-

200 1522 313 1559 tivum,
331 1520 365 1552 ad
380 1519 523 1559 religiosos
536 1519 620 1550 vestri
635 1518 769 1556 Ordinis,
785 1518 815 1547 in
836 1516 941 1557 Regno
958 1516 993 1547 &
1008 1514 1156 1545 Dominio
1175 1510 1278 1542 nostris

201 1560 385 1598 constitutos,
404 1559 563 1596 benigniter
579 1556 818 1596 pertractandum.
1127 1590 1132 1596 ·
1250 1589 1255 1595 ,

240 1598 363 1630 Gestum
385 1598 464 1628 enim
486 1596 613 1627 vestrum
639 1605 705 1633 erga
721 1594 870 1626 Clericum
896 1592 1028 1635 nostrum
1044 1589 1216 1634 praedit‘hm
1235 1589 1278 1627 (in

199 1639 279 1676 cujus
294 1636 430 1676 prosperis
446 1635 633 1676 gratulamur,
650 1636 684 1666 &
696 1635 827 1672 angimur
842 1634 871 1664 in
884 1632 1015 1668 adversis)
1035 1634 1073 1661 lic
1089 1628 1196 1660 trahere
1210 1637 1278 1672 pro-

240 1677 331 1707 nimus
345 1676 374 1706 in
388 1674 571 1713 exemplum,
589 1683 636 1712 ut,
655 1675 731 1704 circa
743 1671 933 1709 conferenda,
953 1669 998 1700 vel
1011 1667 1180 1706 deneganda
1194 1667 1279 1698 dietis

233 1715 267 1747 eli
290 1714 350 1746 'osis
363 1713 520 1753 beneficia,
538 1723 590 1744 nos
605 1712 703 1744 vestris
717 1711 825 1742 afflbus
840 1709 1063 1741 conformemus.

236 1754 276 1785 Fe
287 1755 366 1785 iciter
381 1753 470 1784 valeat
484 1751 573 1783 vestra
588 1750 738 1782 Paternitas
755 1760 803 1788 per
817 1758 946 1787 tempora
961 1747 1108 1789 diuturna..

236 1792 306 1825 Dat.
321 1791 395 1834 apud
412 1791 622 1832 Notyngham,
639 1790 776 1822 vicesimo
789 1788 866 1819 serito
880 1787 928 1818 die
947 1785 1130 1817 Decembris.

203 1922 262 1958 Ad
282 1921 393 1956 Sanc‘lae
426 1923 542 1956 Mariae
565 1922 597 1952 in
629 1922 752 1952 Portica
785 1915 980 1950 Cardinalem
999 1942 1010 1959 ,
1037 1925 1096 1962 pro
1117 1921 1283 1946 memorato

597 1965 734 2002 Eburum
760 1966 872 1999 Elet'to.

262 2053 400 2089 Enerabili
415 2055 444 2085 in
462 2052 580 2085 Christo
592 2051 684 2091 Patri,
701 2050 837 2082 Domino
851 2049 886 2081 A.
896 2049 954 2081 Dei
970 2047 1078 2088 gratis,
1096 2046 1209 2092 SanCtae
1216 2045 1286 2077 Ma-

203 2064 257 2127 V
280 2098 331 2127 riae
343 2095 373 2131 in
390 2093 507 2125 Porticu
521 2091 679 2123 Presbitero
694 2089 856 2128 Cardinali,
874 2090 973 2120 amico
988 2089 1036 2120 suo
1050 2085 1210 2125 carissimo,
1228 2084 1286 2116 Ed-

204 2134 332 2172 wardus,
350 2133 412 2164 &a
430 2131 564 2170 salutem,
584 2131 616 2162 &
633 2130 748 2161 sincerae
762 2128 922 2159 dileetionis
936 2127 1082 2159 afli-titum.

245 2174 340 2205 Oznni
361 2170 430 2202 fastu
453 2171 606 2201 verborum
630 2168 725 2200 abciso
740 2191 750 2206 ,
772 2177 806 2198 ex
829 2167 934 2206 ingenii
957 2165 1130 2197 confidentia
1157 2166 1233 2204 (quae
1253 2174 1287 2197 ex

204 2213 296 2245 vestra
311 2211 474 2243 Patetnitate
511 2207 711 2248 multiplicium
728 2216 820 2238 rerum
835 2206 869 2237 ὅ(
881 2204 1086 2236 beneficiorum
1100 2205 1288 2244 experientiis,

207 2263 263 2291 prae
279 2251 406 2288 caereris,
423 2233 536 2279 solidius
551 2248 726 2284 imprimitur
738 2244 819 2276 cordi
836 2243 934 2286 nostro
949 2244 1074 2282 quodam
1096 2244 1230 2282 peculiari
1246 2243 1288 2273 af-

206 2290 293 2327 seQu)
326 2290 458 2325 detegere
479 2286 640 2317 censuimus
665 2283 793 2314 nostrum
816 2282 998 2320 Propoiitum
1026 2292 1093 2319 erga
1116 2282 1286 2312 Dominum

206 2328 402 2360 Willielmum
417 2325 454 2356 de
470 2324 605 2362 Melton,
622 2322 749 2353 nostrum
764 2320 913 2352 Clericum
928 2321 1138 2358 praedile6mm3
1154 2329 1253 2358 optans
1274 2329 1290 2349 a

205 2367 296 2400 vestra
317 2363 484 2404 gratitudine
499 2386 508 2402 ,
531 2361 702 2401 frequentius
715 2360 849 2391 haerentis
863 2358 1072 2396 comprobata,
1094 2359 1180 2398 quam
1200 2358 1289 2389 nostri

207 2407 301 2446 potius
319 2406 454 2440 obtentu,
481 2402 532 2432 suis
551 2400 715 2436 langoribus
735 2398 843 2429 mederi
866 2397 944 2435 poffe
964 2399 997 2429 &
1014 2397 1084 2428 velle
1119 2397 1290 2428 confidimus

208 2445 240 2477 id
258 2444 381 2484 pensari,
399 2440 548 2478 videlicet,
567 2438 646 2478 quod
662 2438 759 2476 idem,
779 2435 966 2475 willielmus,
984 2437 1050 2475 qui,
1067 2447 1085 2466 c
1096 2447 1150 2467 arae
1173 2445 1289 2466 memo-

210 2485 262 2516 riae
299 2481 432 2514 Genitori
447 2478 563 2517 nostro,
580 2477 651 2508 dum
663 2477 748 2514 vixit,
768 2485 802 2506 ac
818 2475 899 2505 nobis
920 2475 1040 2512 provide
1063 2474 1149 2506 astitit
1168 2474 1289 2505 consilio

209 2523 244 2555 &
257 2506 331 2552 fi'deli
351 2520 444 2558 (ipsius
457 2517 638 2549 laudabilibus
652 2515 824 2555 exigentibus
837 2512 953 2550 meritis)
976 2524 1033 2551 prae
1055 2515 1162 2544 caeteris
1180 2513 1288 2543 Mundi

210 2560 331 2593 Clericis
342 2558 442 2590 nostris
454 2555 603 2587 affectibus
623 2563 695 2585 nexu
716 2553 897 2592 conjungitur
921 2551 1057 2590 firmiori,
1075 2554 1112 2584 ita
1132 2552 1211 2591 quod
1236 2562 1288 2582 nos

208 2600 290 2638 ipsius
307 2598 473 2638 participare
487 2594 654 2627 successibus
665 2601 838 2631 reputamu8‚
857 2592 914 2622 tam
929 2592 958 2622 in
968 2591 1121 2632 prosperis,
1139 2593 1224 2631 quam
1238 2590 1287 2622 ad-

228 2639 299 2670 ersis.

207 2650 227 2671 v
246 2675 349 2709 Vestra
368 2675 455 2712 igitur
475 2672 542 2704 velit
563 2670 703 2710 probitas,
730 2670 811 2700 nobis
831 2667 902 2707 fida,
919 2668 1026 2700 nedum
1047 2668 1288 2709 contemplatione

208 2714 420 2755 praemifforum
434 2713 467 2744 &
482 2711 587 2749 nostri,
605 2711 698 2741 immo
712 2710 803 2739 verius
812 2707 1016 2748 justitiae,quae
1031 2718 1084 2746 pro
1091 2708 1173 2739 ἀίᾶο
1188 2706 1285 2738 nostro

208 2753 344 2791 clerico,
360 2754 389 2783 in
404 2752 522 2789 negotio
537 2749 613 2788 quod
626 2748 814 2787 prosequitur,
833 2747 1000 2784 interpellat,
1019 2747 1126 2785 ipsum,

251 2793 311 2832 Qii
330 2794 358 2822 in
373 2791 426 2822 hiis
438 2788 641 2820 adversitatibus
654 2786 687 2818 &
723 2784 1064 2824 reffuris,quibusYtalici
1078 2795 1143 2816 eum
1157 2783 1286 2816 afficiunt

210 2832 242 2863 in
255 2831 347 2863 Curia
360 2831 392 2861 &
409 2828 554 2868 affligunt,
574 2826 608 2857 ad
624 2835 676 2856 vos
688 2797 780 2863 frigit,
799 2833 895 2862 utpote
913 2824 947 2855 ad
961 2823 1108 2855 summnm
1130 2825 1158 2854 in
1178 2823 1280 2854 nostris

211 2871 246 2903 &
260 2869 420 2901 nostrorum
437 2865 642 2898 necessitatibus
653 2862 848 2900 defensorem,
867 2863 916 2894 sub
932 2862 1035 2894 umbra
1051 2862 1135 2893 vestri
1151 2864 1286 2901 nominis,

211 2917 242 2941 ut
258 2909 422 2947 accepimus
428 2929 439 2945 ,
456 2905 483 2939 se
497 2903 648 2941 reclinans,
664 2902 772 2941 sperans
789 2902 884 2933 vestro
898 2901 1026 2940 praesidio
1039 2912 1055 2932 a
1077 2901 1202 2933 faucibus
1222 2901 1285 2933 suo-

211 2958 296 2987 rum,
315 2948 408 2977 immo
423 2943 515 2977 verius
528 2941 689 2974 nostrorum
704 2942 773 2978 eripi
787 2940 976 2979 aemulorum,

210 2985 211 2988 ’
247 2986 353 3017 Favore
366 2984 446 3015 solito
458 2981 594 3013 Paternali
608 2980 779 3018 compleffl,
794 2981 826 3011 &
842 2981 898 3018 ne,
915 2980 968 3010 viri
984 2979 1095 3018 providi
1113 2980 1147 3011 &
1160 2977 1286 3019 discreti,

210 3024 344 3059 Decanus
359 3024 392 3055 &
402 3021 574 3062 [Capitulum
589 3018 717 3050 Eborum
732 3018 887 3056 Ecclesiae,

251 3064 334 3104 Qi,
351 3064 403 3101 prcl
417 3060 584 3091 relevatione
603 3057 742 3097 ejusdem,
758 3056 894 3087 Confinio
916 3056 1029 3095 Angliae
1053 3056 1142 3088 versus
1159 3057 1286 3088 Scotiam

212 3104 353 3141 evicinae,
371 3097 519 3137 ufnbstis,
536 3098 570 3128 &
585 3107 667 3134 quae,
687 3106 734 3134 per
749 3095 918 3126 invasionem
933 3095 1103 3134 Scotorum,
1122 3095 1283 3126 nostrorum

213 3141 395 3178 Rebellium,
416 3140 446 3176 iri
469 3137 520 3168 suis
542 3134 761 3166 Poffeffionibus
781 3135 814 3165 &
837 3134 1036 3171 Libertatibus,
1055 3134 1198 3165 modernis
1213 3143 1286 3165 tem—

212 3180 342 3220 poribus,
361 3175 576 3218 patiturlapsum
593 3183 726 3214 gravem,
740 3174 770 3203 in
783 3172 908 3204 eundem
923 3173 1134 3211 willielmum,
1154 3172 1286 3205 Ecclesiae

213 3217 358 3256 praedietae
375 3216 522 3252 Elechim,
539 3215 605 3247 vom
615 3212 661 3243 sua
685 3211 867 3243 concorditer
890 3211 1048 3242 direxerunt
1083 3211 1219 3249 sperantes
1238 3223 1287 3250 per

214 3256 306 3297 ipsum
323 3256 358 3285 ab
372 3253 566 3292 oppressione,
584 3253 632 3283 cui
644 3252 705 3291 jam
720 3250 880 3288 subjacent,
899 3249 1007 3280 felicius
1017 3234 1163 3288 respirare,

253 3296 311 3326 Sua
322 3295 368 3334 pia
380 3293 534 3323 intentione
546 3291 724 3328 frustrentur,
743 3300 796 3319 nec
809 3288 974 3328 obloquium
994 3298 1044 3326 per
1060 3289 1208 3319 nonnullos
1227 3289 1289 3320 suos

215 3333 397 3371 adversarioe,
413 3339 494 3372 atque
510 3329 620 3361 nostros
632 3330 725 3360 immo
742 3329 851 3366 verius,
870 3336 940 3366 quos
954 3336 1006 3357 vos
1019 3327 1102 3357 latere
1115 3337 1176 3358 non
1196 3328 1289 3358 credi-

216 3382 298 3411 mus,
313 3371 462 3403 suscitetur.
886 3404 891 3410 ι

256 3411 308 3449 Et,
334 3411 401 3441 licut
416 3409 453 3440 de
467 3408 568 3446 vobis,
585 3415 646 3446 prce
666 3406 786 3442 caeteris,
806 3403 940 3434 fiduciam
958 3404 1083 3440 gerimus
1100 3404 1287 3444 ampliorem,

215 3458 300 3488 penes
323 3448 486 3479 Dominum
509 3446 661 3477 Summum
682 3444 852 3475 Pontificem
869 3444 927 3477 (cui
947 3442 1090 3472 efficacius
1125 3453 1182 3482 quo
1203 3443 1289 3481 possi-

219 3496 299 3524 πως,
325 3487 402 3525 super
424 3487 482 3516 hoc
502 3485 650 3521 dirigimus
671 3482 768 3521 scripta
788 3481 892 3519 nostra)
912 3480 1031 3519 instare,
1047 3465 1192 3520 nostrique
1215 3491 1289 3512 con-

219 3525 398 3562 templatione
419 3534 484 3555 eum
508 3523 656 3560 inducere,
673 3523 726 3552 viis
747 3522 779 3553 δε
803 3519 896 3550 modis
915 3521 1066 3558 omnibus,
1092 3530 1161 3558 quos
1181 3521 1213 3551 in
1232 3520 1286 3552 hac

219 3572 294 3601 parte
309 3562 396 3593 vestra
408 3563 536 3593 discretio
550 3562 640 3602 potius
654 3561 765 3591 noverit
776 3559 936 3597 aileffivos,
955 3566 1000 3598 ut,
1016 3559 1057 3588 ob
1070 3558 1213 3589 honorem
1226 3568 1289 3599 per-

219 3601 293 3632 sonae
309 3601 377 3639 suae,
395 3603 441 3639 qui
456 3600 580 3631 nostram
595 3608 721 3630 mentem
739 3599 895 3637 plurimum
913 3597 1083 3635 honorabit,
1101 3607 1213 3628 necnon
1235 3607 1287 3635 pro

218 3640 359 3670 securitate
375 3640 406 3670 ὃ(
420 3639 602 3677 tranquilitate
618 3638 704 3668 nostri
719 3638 806 3668 animi
822 3646 904 3674 arque
921 3635 1031 3675 Regni,
1049 3635 1181 3666 Eletlturn
1195 3636 1285 3673 ipsum

220 3677 373 3715 Ecclefiae,
388 3679 434 3708 cui
453 3677 579 3714 eligitur,
600 3677 632 3707 &
653 3679 682 3707 in
704 3676 761 3715 qua
783 3685 868 3707 unam
890 3674 1057 3712 personam,
1082 3675 1165 3705 nobis
1185 3673 1288 3721 fidam,

221 3717 304 3746 nobis
321 3715 432 3753 expedit
452 3716 503 3746 hiis
521 3716 619 3746 diebus
639 3715 757 3753 habere,
781 3715 914 3751 dignetur
936 3713 1101 3744 auctoritate
1124 3711 1289 3751 Apostolica

220 3753 382 3793 praeficere,
401 3754 433 3785 &
448 3763 556 3793 creare,
571 3754 604 3784 &
620 3763 703 3792 eum,
722 3764 776 3793 pro
796 3753 954 3783 directione
974 3752 1157 3789 negotiorum
1176 3751 1288 3781 nostro-

220 3802 305 3829 rum,
322 3792 356 3822 ad
372 3801 422 3822 nos
436 3793 574 3823 remittere
589 3793 715 3823 celeriter
739 3793 771 3823 ὅ(
794 3791 912 3822 feliciter
936 3790 1119 3829 expeditum,
1138 3791 1290 3830 quoniam,

219 3840 253 3862 ex
268 3830 400 3873 omnibus
414 3830 511 3860 mundi
523 3833 660 3869 negotiis,
679 3842 743 3870 quae
756 3840 807 3860 nos
821 3838 957 3868 tangunt,
975 3829 1011 3859 de
1026 3829 1075 3860 illo
1090 3829 1184 3898 §ipsius
1198 3829 1290 3861 lauda-

218 3869 324 3902 bilibus
336 3869 509 3905 exigentibus
528 3871 640 3907 meritis)
660 3879 787 3900 rumores
804 3877 894 3905 gratos
909 3869 1038 3899 libentius
1055 3879 1089 3898 au
1110 3869 1219 3899 iremus.

258 3906 327 3939 Dat.
341 3906 414 3945 apud
426 3906 637 3947 Notyngham,
653 3909 791 3940 vicesimo
802 3907 880 3938 sexto
893 3907 941 3938 die
956 3906 1138 3938 Decembris.

1309 63 1439 117 ES,
1494 63 1885 114 LITERAE,

2399 142 2532 179 Ann.D.

2191 213 2198 219 ,
2217 211 2221 215 .
2432 192 2445 213 1
2473 185 2516 216 16.

1309 235 1593 271 *AdWillielmum
1616 235 1652 271 de
1674 236 1760 282 Testa
1779 236 1974 270 Cardinalem
1990 236 2081 284 fhper
2104 237 2300 284 Expeditione
2310 249 2384 286 prae-
2401 193 2516 290 qul'liz’

1735 286 1809 319 dicii·
1833 287 1943 320 Elem.
2418 283 2510 336 593ss

1311 367 1515 438 VEnerabili
1536 373 1564 403 in
1586 371 1703 403 Christo
1726 371 1818 411 Patri,
1840 371 1977 403 Domino
1999 371 2056 404 W.
2078 371 2137 403 Dei
2159 373 2250 410 grati&
2263 396 2273 411 ,
2295 373 2386 405 Tituli
2410 362 2533 397 Ann·D·

1361 448 1365 453 .
1387 410 1484 441 Sancti
1507 410 1615 442 Ciriaci
1639 413 1668 442 in
1689 412 1822 449 Termis,
1840 410 1998 442 Presbitero
2018 410 2159 442 Cardinali
2172 434 2183 450 ,
2213 411 2321 443 Amico
2338 412 2387 443 suo
2429 404 2513 442 13¹⁶·

1311 448 1455 518 {karissimo
1470 471 1481 488 ,
1509 449 1682 489 Edwardus,
1707 451 1768 482 &c.
1793 450 1926 488 salutem,
1949 451 1982 481 ὃς
2006 450 2120 481 sincerae
2142 450 2301 481 dilectionis
2318 451 2388 482 affe·
2408 445 2467 507 ἔῃ·
2487 448 2527 472 ¹⁰²

1343 497 1404 518 um.
2434 502 2439 508 .
2460 490 2486 508 2.

1350 525 1456 557 Innatae
1469 526 1552 557 vobis
1568 527 1748 565 gratitudinis
1760 527 1848 557 radios
1862 526 1950 557 salutis
1964 527 2135 565 peculiariter
2146 527 2180 559 ad
2195 538 2247 559 nos
2262 528 2388 560 extendi-
2404 523 2475 546 Rom.
2486 518 2520 553 ό·

1312 565 1363 603 tis,
1381 564 1452 595 dum
1466 567 1542 607 circa
1553 576 1603 605 ea,
1623 576 1687 605 quae
1702 566 1829 596 nostrum
1846 565 2006 603 honorem,
2025 575 2058 596 ac
2074 565 2171 604 Regni
2184 567 2272 598 nostri
2285 567 2389 599 statum
2406 561 2448 585 Fr.
2460 567 2503 586 ¹⁰·

1313 602 1477 641 prosperum
1497 606 1644 642 relpiciunt
1659 605 1692 636 ὃ(
1708 604 1904 643 tranquillum,
1922 605 1955 635 δε
1970 604 2005 634 ad
2018 603 2112 635 nostra
2131 606 2316 637 incommoda
2337 608 2392 637 im-
2405 598 2434 622 Ε·
2450 605 2522 633 ²⁰7¹*

1314 641 1458 680 pellenda,
1478 642 1553 673 clam
1572 643 1606 674 &
1665 654 1728 681 am,
1746 645 1874 682 quotiens
1896 644 2118 681 oportunitatem
2134 654 2246 682 captare
2262 645 2392 684 potestis,
2411 643 2438 671 3·
2452 635 2479 663 d*

1315 688 1394 711 tanto
1407 680 1600 712 sollicitudinis
1639 682 1706 713 udio
1717 683 1861 720 laboratis,
1880 681 2123 720 quemadmodum
2137 684 2251 720 operosa
2266 684 2393 716 instantia

1316 720 1413 763 (quam
1423 742 1433 757 ,
1445 720 1523 763 ‘circa
1536 721 1773 763 promotionem,
1791 721 1944 758 praedileffl
1957 721 1990 752 &
2005 720 2147 752 familiaris
2163 721 2269 753 Clerici
2285 724 2393 762 nostri,

1316 756 1469 801 Magistri,
1488 758 1529 787 W
1534 758 1641 789 illielmi
1649 758 1684 789 de
1694 758 1827 796 Melton,
1844 759 1936 790 Eieeti
1944 757 2072 790 Eborum
2082 783 2092 798 ,
2111 769 2144 790 ex
2158 762 2292 792 omnibus
2300 762 2394 792 Mun-

1315 795 1344 840 d.¹
1360 795 1480 840 Clericis
1493 797 1594 827 nostris
1610 797 1756 828 affetfitibus
1770 797 1912 836 specialius
1925 799 2207 838 copulati,relatione
2222 799 2395 831 dileetiCie-

1316 844 1369 865 nei
1384 835 1492 873 nostri,
1511 835 1647 866 Nicholai
1663 836 1699 866 de
1714 836 1914 876 Notingham,
1931 847 1983 866 vos
1996 837 2151 868 adhibuiffe
2165 839 2332 870 attendimus
2345 850 2394 878 pe-

1316 883 1364 902 nes
1381 872 1497 911 Papam)
1516 874 1624 905 indicat
1638 875 1802 913 manifeste,
1821 875 1896 905 unde
1911 876 2009 914 vobis,
2026 887 2060 907 ac
2078 877 2177 907 vestris
2189 877 2333 914 obligatos
2346 889 2398 909 nos

1317 915 1454 949 perpetuo
1479 911 1660 957 profitemur:
1689 915 1804 953 quibus,
1829 914 1949 944 utinam!
1968 915 2037 945 ficut
2058 916 2206 956 cupimuS,
2223 917 2326 948 realem
2347 928 2397 948 va-

1317 950 1423 981 leamus
1435 951 1585 989 rependere
1600 951 1668 982 inde
1684 953 1790 983 vicem.

1339 988 1465 1033 'Verum
1481 1000 1509 1020 ut
1526 990 1613 1020 nostri
1630 991 1659 1020 in
1676 991 1732 1021 hac
1751 999 1826 1029 parte
1841 991 1975 1030 propositi
1993 992 2077 1022 vobis
2091 994 2189 1024 veritas
2204 993 2311 1031 patefiat
2347 995 2386 1025 ne·

1317 1028 1559 1103 ἕὲιώξξςέιίἀὲἳὲιόε
1575 1027 1856 1108 ἀίὲξὶετῖἓνῡεῐῗῃὲζ
1875 1028 2104 1097 ᾕοζῇἓίίυὶυῐη
2121 1032 2245 1068 praefatae
2265 1018 2397 1065 Ebdrutri

1411 1085 1415 1097 ¹
1525 1082 1528 1086 ·
1731 1082 1735 1093 i
2017 1079 2035 1096 a
2071 1080 2134 1098 ¹32.

1356 1105 1441 1145 Nos,
1457 1075 1638 1146 quiejultdrem
1653 1068 1939 1137 lileffi'sucqceffuum
1959 1115 2009 1137 nos
2032 1091 2199 1147 participes,
2216 1109 2276 1140 tam
2296 1112 2328 1140 in
2348 1110 2398 1142 ad-

1318 1145 1420 1190 verfis,
1433 1146 1517 1190 quam
1529 1146 1685 1190 prosperis,
1702 1155 1879 1186 reputat-nus,
1894 1144 2040 1176 mallemus
2055 1147 2085 1176 in
2106 1145 2232 1178 Ecclesia
2250 1148 2297 1187 (ad
2313 1160 2400 1188 quam

1318 1186 1457 1228 canonice
1469 1185 1600 1225 eligitur,
1620 1186 1653 1216 &
1676 1186 1754 1216 cu'us
1775 1184 1934 1223 libertates,
1950 1184 2069 1215 obtentu
2089 1184 2145 1215 suae
2167 1187 2311 1226 personae,
2330 1189 2399 1219 ube-

1317 1233 1373 1254 rius
1385 1222 1519 1262 ampliare
1534 1195 1721 1262 intendimusl
1742 1233 1808 1254 eum
1824 1223 1911 1262 poni3

1355 1261 1486 1293 Vestram
1502 1263 1586 1300 igitur
1608 1262 1797 1294 affe&ionem
1821 1261 1986 1301 instantius,
2004 1272 2062 1301 quo
2083 1263 2246 1303 postumus,
2264 1264 2399 1304 implora<

1318 1309 1380 1331 mus
1395 1302 1537 1340 quatinus,
1558 1300 1618 1336 &c.
1633 1301 1828 1371 prtfflpra,
1846 1301 1926 1341 usque
1941 1301 1998 1331 haec
2009 1299 2097 1331 verba
2135 1305 2196 1333 viz.

1355 1338 1393 1384 Et
1407 1341 1465 1371 hoc
1477 1338 1642 1372 affectamus
1656 1350 1690 1378 pe
1751 1342 1760 1370 i
1775 1340 1812 1370 ab
1826 1340 1978 1379 omnibus,
1996 1341 2044 1380 qui
2058 1324 2185 1372 noslrum
2207 1342 2400 1373 commodum

1317 1387 1434 1416 cupiunt
1449 1379 1482 1410 &
1493 1378 1634 1409 honorem

1361 1416 1558 1449 Paternitaterr.
1579 1417 1702 1448 vestram
1714 1418 1745 1448 in
1766 1416 1952 1458 prosperitatis
1969 1417 2186 1450 habundantiam
2205 1419 2310 1459 dirigat
2324 1422 2406 1454 Altis-

1317 1455 1401 1487 simus
1417 1456 1450 1489 &
1467 1456 1623 1487 conservet.

1355 1494 1425 1527 Dat.
1439 1495 1513 1534 apud
1525 1495 1707 1536 Notingham
1715 1518 1726 1535 ,
1744 1495 1884 1526 vicesimo
1899 1494 1975 1525 sexto
1988 1494 2036 1526 die
2047 1494 2232 1528 Decembris.

1319 1635 1379 1665 Pro
1401 1631 1503 1665 eodem
1526 1629 1664 1666 Eborum
1688 1630 1790 1665 Elem
1810 1657 1821 1673 ,
1853 1628 1899 1663 ad
1927 1630 2035 1663 Sanni
2063 1628 2205 1666 Adriani
2227 1634 2403 1668 Diaconum

1757 1679 1965 1714 Cardinalem.

1322 1765 1530 1828 venerabar
1542 1767 1571 1797 in
1586 1764 1702 1797 christo
1717 1763 1811 1804 Patri,
1829 1763 1964 1796 noriano
1976 1764 2023 1796 N.
2046 1764 2105 1797 Dei
2121 1766 2229 1805 gratia,
2247 1766 2344 1801 sanai
2358 1768 2402 1802 A·
2417 1755 2496 1787 Ann-
2511 1753 2562 1795 Di-

1405 1806 1492 1836 driani
1511 1805 1645 1836 Diacono
1659 1803 1822 1844 Cardinali,
1841 1805 1964 1843 Amico,
1983 1805 2046 1836 &c.
2441 1795 2527 1835 13¹6.

1359 1844 1523 1882 Praegandis
1539 1843 1698 1875 affectionis
1719 1843 1810 1874 radios
1826 1843 1860 1873 ad
1882 1853 1932 1874 nos
1948 1843 2095 1874 extenditis
2131 1843 2220 1884 dum,
2238 1854 2338 1878 contra
2352 1857 2402 1879 ve-
2417 1838 2471 1863 An.
2494 1842 2541 1864 ¹⁰⁴

1323 1884 1386 1916 strae
1401 1884 1535 1915 Nationis
1549 1883 1712 1921 indigenas,
1730 1892 1801 1922 pr0,
1820 1882 1919 1913 nostro
1936 1882 2072 1923 Clerico,
2086 1867 2224 1914 Domino
2237 1885 2402 1918 Willielmo
2421 1878 2450 1902 E.
2473 1882 2500 1901 ²·

1324 1924 1361 1955 de
1385 1922 1518 1961 Melton,
1542 1922 1695 1962 disputatis,
1721 1920 1968 1960 quemadmodum
1989 1921 2035 1953 sua
2048 1945 2059 1961 ,
2084 1922 2166 1953 nobis
2189 1922 2258 1954 inde
2282 1924 2406 1964 directa,
2421 1916 2493 1941 Rom.
2509 1909 2562 1946 ά·

1324 1963 1457 2000 scriptura
1471 1962 1592 1992 testatur.
2422 1955 2465 1979 Fr.
2488 1959 2534 1980 ¹0·

1366 2001 1573 2031 Verumtamen
1594 2007 1636 2030 tor
1655 1997 1802 2030 beneficiis
1823 1998 1857 2030 ὃ(
1877 1998 2032 2030 honoribus
2052 1997 2224 2037 frequentare
2241 2010 2292 2031 nos
2307 2001 2340 2032 &
2354 2012 2410 2034 no-
2423 1993 2453 2017 E.
2472 1998 2500 2017 ²·
2517 1991 2562 2024 Μ’·

1329 2039 1398 2070 stros
1415 2038 1505 2069 vestra
1527 2039 1648 2077 probitas
1668 2038 1803 2068 haitenus
1822 2036 1938 2068 assuevit
1974 2046 2043 2076 quot
2063 2037 2181 2075 subjeffl
2202 2039 2288 2069 nobis
2307 2041 2407 2080 populi
2423 2036 2452 2065 5·
2464 2027 2492 2057 d·
2553 2032 2562 2044 ¹

1329 2078 1508 2117 praeconium
1530 2077 1577 2107 vix
1597 2075 1702 2107 sufficit
1724 2076 1878 2112 divulgari;
1897 2086 1935 2106 un
1956 2085 1990 2114 e,
2013 2076 2136 2107 utinam!
2157 2076 2240 2107 vobis
2260 2078 2295 2109 &
2311 2078 2410 2112 vestris

1328 2115 1481 2156 rependere
1496 2115 1591 2146 viceni
1606 2123 1790 2153 congratam,
1807 2122 1836 2144 ut
1848 2122 1994 2152 tenemur,
2012 2113 2118 2145 realiter
2129 2115 2282 2148 valeamus.

1370 2155 1566 2187 Paternitatem
1583 2152 1704 2184 vestram
1721 2152 1785 2183 totis
1798 2151 1946 2183 affectibus
1960 2154 2129 2191 requirentes
2152 2155 2294 2194 quatinus,
2313 2157 2410 2189 conti·

1331 2203 1431 2232 nuato,
1456 2194 1475 2225 fi
1498 2192 1608 2233 placet,
1634 2201 1704 2228 erga
1724 2191 1850 2222 eundem
1870 2190 2003 2221 nostrum
2029 2191 2176 2222 Clericum
2205 2193 2275 2230 (prae
2299 2197 2411 2227 caeteris

1331 2232 1439 2264 Mundi
1455 2230 1575 2262 Clericis
1588 2229 1778 2262 con'unetum
1792 2228 1935 2266 specialius
1949 2228 2034 2259 cordi
2049 2228 2155 2267 nostro)
2178 2229 2237 2261 fido
2260 2233 2411 2275 praefidio,

1331 2281 1381 2309 per
1394 2281 1445 2302 vos
1460 2279 1579 2308 coepto,
1596 2279 1635 2298 no
1663 2269 1685 2298 ri
1701 2266 1957 2305 contemplatione,
1976 2275 2058 2307 atque
2073 2267 2206 2307 justitiae,
2225 2278 2289 2308 quae
2304 2281 2357 2311 pro
2371 2283 2408 2304 eo

1330 2311 1360 2340 in
1377 2310 1510 2349 negotio,
1529 2306 1606 2346 quod
1621 2305 1810 2345 prosequitur,
1826 2305 1999 2343 interpellat,
2022 2305 2110 2336 velitis
2127 2308 2302 2345 interponere
2320 2321 2412 2349 partes

1330 2348 1449 2386 vestras,
1467 2355 1497 2378 ut
1510 2348 1587 2377 idem
1602 2346 1750 2382 negorium
1763 2344 1797 2374 ad
1811 2342 1916 2381 finem,
1934 2344 2016 2374 vobis
2033 2344 2238 2385 mediantibus,
2255 2347 2410 2381 deducatur

1330 2388 1452 2418 celerem
1467 2387 1501 2418 &
1518 2385 1648 2423 felicem,
1664 2384 1701 2413 ita
1717 2382 1816 2423 quod,
1833 2392 1886 2422 pro
1906 2382 2091 2421 tranquilitate
2105 2382 2194 2415 nostri
2206 2386 2311 2425 animi,
2326 2397 2412 2428 atque

1328 2426 1445 2496 ἑζεςηί,
1462 2434 1589 2455 rumores
1603 2423 1640 2454 de
1653 2421 1701 2452 illo
1715 2431 1826 2462 gratos,
1845 2422 2013 2460 quamcitius
2027 2423 2189 2454 commode
2201 2426 2343 2466 poteritis,
2358 2438 2408 2459 au-

1349 2474 1447 2496 lamus.

1367 2504 1401 2534 ln
1418 2501 1544 2534 Ecclesia
1558 2502 1638 2532 enirn
1651 2499 1779 2531 Eborum
1788 2521 1798 2537 ,
1816 2497 1954 2529 Confinio
1970 2498 2079 2538 Angliae
2102 2499 2192 2531 versus
2205 2500 2335 2534 Scotiam
2350 2505 2412 2536 evi-

1331 2544 1423 2581 cinae,
1442 2550 1554 2580 propter
1574 2540 1746 2576 Scotorum,
1765 2537 1927 2568 nostrorum
1943 2536 2124 2576 Rebellium‚
2142 2538 2297 2579 frequentes
2318 2542 2413 2574 incur.

1329 2581 1371 2612 sus
1383 2581 1416 2612 δι
1433 2582 1544 2618 brigas,
1560 2578 1708 2615 sumopere
1733 2577 1817 2606 nobis
1838 2576 1950 2617 expedit
1971 2576 2073 2607 habere
2093 2577 2216 2616 aliquem
2240 2578 2410 2622 Praelaturn,

1330 2620 1367 2651 de
1384 2629 1442 2658 quo
1458 2621 1517 2650 inte
1551 2619 1568 2647 ὲ
1588 2615 1732 2647 confidere
1747 2615 1898 2646 valeamus:
1919 2613 1954 2645 Et
1977 2614 2054 2653 hoc,
2074 2615 2093 2645 si
2109 2616 2216 2655 placet,
2234 2627 2302 2657 vos,
2319 2630 2408 2658 quern

1328 2659 1457 2690 nostrum
1472 2668 1505 2689 ac
1518 2628 1722 2698 {egui-nostri
1737 2654 1876 2684 honorem
1897 2654 1930 2684 &
1945 2653 2136 2686 commodum
2155 2655 2270 2696 diligere
2285 2657 2408 2689 confidi.

1328 2708 1406 2736 mus,
1423 2696 1565 2736 oportune
1579 2693 1670 2725 velitis
1689 2692 1820 2732 pensare,
1839 2693 1873 2723 ὃς
1889 2691 1977 2724 vestra
1991 2692 2098 2732 semper
2117 2694 2203 2725 nobis
2219 2694 2338 2728 scribere
2353 2697 2404 2728 be-

1326 2747 1363 2768 ne
1383 2737 1464 2767 lacita
1483 2732 1670 2766 confidenter.

1390 2774 1580 2811 aremii-atem,
1598 2770 1662 2802 &c.

1364 2854 1434 2886 Dat.
1451 2854 1525 2893 apud
1541 2851 1751 2894 Notyngham‚
1768 2851 1905 2883 vicefimo
1924 2850 2000 2883 sexto
2013 2850 2060 2883 die
2075 2850 2255 2884 Decembris.

1351 2987 1379 3014 ἵ·
1398 2987 1458 3022 Ad
1478 2988 1587 3022 Sanfbae
1610 2985 1736 3034 Agatha
1761 2985 1956 3020 Cardinalem
1974 3012 1985 3028 ,
2009 2987 2102 3032 fhper
2126 2983 2228 3019 eodem
2251 2987 2390 3035 Ilsegotio.
2448 2999 2468 3020 at
2486 3002 2543 3034 111:

1328 3074 1527 3142 VEnerabili
1542 3075 1571 3104 in
1585 3071 1703 3105 Christo
1726 3071 1814 3113 Patri,
1830 3071 1964 3102 Domino
1986 3069 2017 3102 Β.
2031 3069 2143 3101 Sanetae
2159 3071 2280 3108 Agathae
2293 3071 2402 3106 Diaco-
2421 3048 2562 3110 Aiisiil'Dg

1405 3124 1444 3144 no
1459 3113 1618 3150 Cardinali,
1636 3113 1732 3143 amico
1750 3111 1800 3142 suo
1821 3109 1980 3147 cariffimo,
1995 3107 2168 3149 EdwarduS,
2185 3110 2247 3141 &c.
2267 3110 2401 3153 salutem,
2447 3117 2533 3157 1316,

1327 3153 1361 3184 δε
1376 3152 1493 3184 sincerae
1505 3152 1665 3182 dileaestionis
1676 3148 1824 3179 affectum.
2419 3157 2471 3184 An.
2491 3165 2535 3185 ¹0·

1363 3190 1479 3228 Scripsit
1494 3191 1575 3220 nobis
1589 3188 1734 3219 Domirus
1748 3185 1923 3216 Willielmus
1936 3184 1973 3216 de
1989 3185 2124 3225 Melton,
2142 3185 2254 3218 Eled‘tus
2262 3187 2400 3230 Eborum,
2421 3197 2448 3220 Ε.
2477 3203 2502 3222 2.

1328 3229 1422 3260 noster
1442 3229 1570 3259 Clericus
1584 3225 1777 3264 praedilectus,
1792 3223 1868 3262 quod
1885 3234 1955 3263 vos,
1974 3224 2061 3257 nostri
2084 3226 2345 3267 contemplatione,
2362 3239 2399 3260 ne
2419 3235 2490 3260 Rom.
2515 3231 2551 3266 ό·

1326 3267 1398 3298 dum
1413 3268 1521 3306 ipsum,
1540 3276 1608 3296 cum
1623 3264 1669 3294 suti
1682 3262 1805 3302 familia,
1823 3262 1896 3293 infra
1912 3263 2074 3294 Liberatem
2088 3263 2229 3304 vestram,
2246 3266 2277 3295 in
2292 3265 2398 3306 Curia,
2416 3272 2462 3298 Fr.
2485 3280 2529 3300 ιο.

1328 3307 1358 3336 in
1373 3306 1493 3337 Summa
1506 3304 1665 3335 necessitate
1678 3301 1724 3334 sua
1738 3301 1906 3339 peculialiter
1920 3301 2104 3341 receptando,
2124 3304 2290 3341 quinimmo
2306 3314 2398 3344 nego—
2413 3312 2436 3336 Ε
2455 3318 2483 3337 2.
2500 3315 2541 3338 nu

1327 3345 1383 3384 tia,
1401 3355 1464 3382 quae
1479 3343 1671 3382 prosequitur,
1688 3342 1769 3372 omni
1783 3339 1986 3380 sollicitudine,
2003 3341 2059 3379 quai
2072 3343 2214 3382 poteritis,
2231 3351 2404 3382 promoven·
2416 3355 2446 3383 5.
2464 3348 2492 3378 d.

1329 3383 1387 3422 do,
1405 3384 1561 3421 propitium
1575 3381 1699 3419 semper,
1715 3380 1746 3410 in
1761 3379 1812 3410 suis
1825 3380 2075 3418 oportunitatibus,
2092 3389 2143 3411 vos
2164 3380 2214 3411 fibi
2232 3379 2345 3412 redditis
2359 3390 2402 3413 at-

1330 3431 1385 3460 que
1399 3430 1525 3460 gramm:
1545 3419 1620 3459 quod
1638 3429 1698 3449 non
1712 3418 1802 3449 solum
1818 3418 1869 3448 fibi
1887 3416 1963 3456 fieri,
1988 3418 2024 3449 set
2042 3419 2136 3449 veritis
2158 3418 2239 3448 nobis
2250 3418 2396 3457 pensamus

1329 3461 1406 3491 unde
1421 3459 1547 3491 utinam!
1565 3458 1649 3490 vobis
1663 3467 1698 3489 ac
1712 3457 1826 3496 vestris,
1843 3453 1903 3491 &c.
1921 3457 1954 3487 de
1968 3457 2052 3488 verbo
2065 3458 2106 3488 ad
2116 3456 2246 3496 verbum,
2258 3464 2342 3495 prout
2349 3458 2402 3500 fiae-

1322 3506 1386 3538 pra.

1355 3623 1466 3667 Bulla,
1490 3622 1527 3657 de
1549 3625 1675 3670 'Ii-mgis
1696 3624 1797 3654 Scotiae
1815 3633 1870 3668 per
1892 3624 2069 3663 Biennium,
2093 3622 2130 3659 (ῥ’
2155 3618 2373 3665 iffrafforibus

1729 3682 2005 3704 excommunicatis·

1325 3756 1496 3832 johannes
1509 3756 1683 3797 Episcopus,
1699 3755 1790 3788 servus
1810 3756 1962 3789 Servorum
1981 3753 2059 3792 Dei,
2077 3753 2113 3785 ad
2134 3753 2258 3786 futuram
2276 3755 2318 3785 rei
2339 3764 2402 3786 me·
2416 3753 2492 3786 Ann.
2509 3753 2552 3789 D,

1353 3806 1596 3880 ‘sfrotgaliiitsnnobiffi
1613 3833 1680 3866 licet
1690 3833 1923 3880 insufficientibus
1935 3831 2054 3875 meritis,
2072 3829 2107 3875 ad
2126 3829 2308 3868 Apostolatfis
2322 3831 2402 3877 Offi5
2414 3802 2532 3870 afflig}

1331 3883 1432 3917 cium,
1451 3883 1588 3918 occurrit,
1605 3873 1677 3912 quafi
1687 3872 1862 3918 fonststrm,
1880 3870 2104 3938 considffitfignls
2117 3869 2404 3941 flprsrilrffitgirispgditffi,
2418 3876 2450 3901 E.
2469 3880 2496 3901 2.

1331 3911 1717 3996 ²giiii?lsinlr(¹{i;lj}ssiomlic'illeiiit-risis
1725 3910 1909 3982 hffisdldffi
1917 3909 2030 3986 Rddgem
2055 3918 2169 3983 Augure
2192 3921 2350 3987 Illustremr,
2367 3949 2403 3980 &c

1331 3988 1470 4023 dileetum
1484 3989 1591 4021 Filium
1602 3989 1746 4021 Nobilem
1758 3986 1863 4020 Virum
1877 3985 2039 4018 Robertum
2057 3984 2094 4017 de
2107 3985 2190 4023 Brus,
2207 3995 2354 4026 gerentem
2375 3985 2404 4016 ie

2349 4033 2404 4062 1⁷¹0
