2562 4279
55 289 132 321 Ann.
148 288 188 320 D.

56 338 164 397 223232'

55 484 108 510 An.
129 490 172 515 ¹7·

55 525 86 549 Ε.
109 530 134 548 2.

56 563 96 586 Ex
111 561 170 586 Au-

56 605 121 632 togr.

58 636 171 664 ·1v.2.

66 1457 142 1488 Ann.
156 1455 197 1485 D.

89 1504 172 1534 1323.

66 1539 118 1562 Atl.
140 1543 180 1569 17.

66 1578 96 1600 Ε.
119 1583 145 1599 2.

66 1616 138 1639 Rom.
160 1619 204 1644 17.

67 1654 98 1677 Ε.
115 1659 141 1677 2.

67 1697 140 1723 m.7.
156 1687 182 1715 d.

80 2697 211 2731 Λητώ).

106 2746 191 2776 1323.

84 2782 138 2805 An.
156 2785 198 2810 17.

83 2820 113 2844 Ε,
134 2825 159 2841 7..

83 2858 153 2882 Rom.
173 2862 213 2887 17.

84 2913 148 2958 πιό-
154 2912 216 2957 ced.

91 3414 175 3443 *ΙΨ
193 3421 220 3450 3.

88 3501 166 3533 Ann.
179 3499 222 3530 D.

112 3547 196 3578 1323.

86 3582 141 3607 An.
159 3588 202 3614 ¹7·

88 3621 118 3644 Ε.
134 3626 160 3644 2.

120 3655 186 3684 ibid.

789 199 897 241 ET
981 195 1249 238 ACTA

347 386 540 434 Indulgentt'a
560 388 663 432 Papa,
681 385 772 432 fhper
790 383 950 430 Confeſj'bre
969 378 1109 428 eligendo.

246 472 381 503 Ohannes
402 471 573 512 EpiscopuS,
593 472 653 503 &c.
674 470 815 501 carissimo
837 470 865 499 in
889 466 1006 498 Christo
1020 465 1093 509 Filio
1107 460 1270 508 Edwardo,

258 511 337 549 Regi
350 510 466 548 Angliae
479 510 588 546 illustri,
605 509 717 540 salutem
730 510 763 540 &
778 509 804 539 A
827 505 976 537 ostolicam
991 503 1231 535 benedietionem:

246 548 307 580 Piae
328 548 489 580 devotionis
507 547 643 586 affeetus,
659 558 713 587 qua
727 555 791 585 erga
836 554 921 589 eum,
940 545 978 588 &⁸
989 543 1156 585 Romanam
1163 538 1270 584 'Eccless

207 587 274 618 fiam
294 588 387 627 vigere
405 587 556 618 dinosceris
592 588 611 606 *ε
628 586 714 626 digne
725 595 777 615 nos
789 590 909 620 excitat,
924 583 958 613 &
971 581 1098 623 inducit,
1117 587 1147 609 ut
1162 578 1206 608 illa
1218 577 1270 608 tlbl

205 625 301 658 favore
313 625 449 656 benivolo
463 635 555 655 conce
575 634 668 660 amus,
687 633 735 661 per
749 631 830 661 quae,
846 621 915 651 sicut
927 621 975 661 pie
988 618 1139 656 desideras,
1153 616 1270 647 salutem

206 666 329 703 animae,
346 664 415 694 Deo
431 665 571 703 propitio,
587 661 770 700 consequaris.
918 697 923 702 .
970 697 975 702 ι
1000 697 1006 702 .
1041 697 1046 702 1

243 703 292 734 Ut
307 704 312 709 '
334 702 387 732 itur
400 701 487 732 nichil
502 703 531 732 in
544 710 571 732 te
584 700 699 730 humani
713 699 822 738 generis
836 704 954 735 reperlat
967 705 1115 740 inimicus,
1131 704 1179 739 per
1190 692 1272 737 ‚quod

210 750 238 774 te
258 751 309 773 exc
321 739 407 771 udere
425 740 512 772 valeat
530 750 546 769 a
563 737 661 776 salute,
676 738 728 767 tuis
747 737 859 767 devotis
871 735 1116 776 supplicationibus
1130 731 1273 769 inclinati,

209 779 374 812 au&ontate
393 778 444 809 tibi
467 776 644 816 praesentium
667 774 862 815 indulgemus,
885 783 917 805 ut
956 772 1215 813 quandocumque,
1239 770 1272 800 &

209 817 463 857 quotienscumque
475 815 613 851 volueris,
628 813 748 851 aliquem
762 813 912 844 discretum
952 813 1138 851 resbyterum,
1159 809 1273 853 Secula3

209 866 289 895 rem,
313 855 359 887 vel
379 853 548 894 Regularem
562 874 571 889 ,
594 852 626 881 in
648 860 728 882 tuum
749 852 836 882 valeas
857 851 956 890 eligere
975 850 1198 892 Confessorem;
1223 857 1272 886 qul

211 894 248 927 us
261 905 297 925 ue
316 893 352 925 ad
372 894 416 924 sex
428 901 530 929 annos,
548 890 677 928 quotiens
690 891 857 928 expedierit,
875 888 1052 920 confessione
1066 887 1114 919 tua
1127 886 1272 930 diligenter

208 905 320 971 aucdita,
337 930 419 970 poffit
436 930 502 966 tibi,
524 929 604 967 super
625 929 800 968 commissis,
824 929 988 959 auctoritate
1014 927 1109 958 nostra
1126 925 1273 969 Poeniten-

210 973 281 1004 tiam
301 971 442 1009 injungere
464 968 624 1005 salutarem,
640 968 674 998 &
693 968 729 998 de
752 967 942 998 Absolutionis
962 965 1104 996 beneficio
1120 964 1274 1033 ffrowdere

209 1008 350 1048 (etiamsi,
364 1006 441 1047 quod
462 1007 548 1044 absit,
565 1005 628 1036 talia
649 1006 723 1037 forte
742 1006 862 1043 fuerint,
884 1012 997 1045 propter
1018 1014 1118 1048 quae'e
1135 1011 1169 1047 'et
1188 1001 1274 1046 Sedes

210 1046 375 1116 Apiostolica
397 1046 502 1077 metito
525 1044 708 1081 consulenda)
723 1053 810 1084 prout
828 1045 933 1076 animae
953 1051 1010 1075 tuae
1022 1043 1098 1074 saluti
1112 1041 1213 1075 viderit
1226 1049 1273 1071 ex-

232 1096 247 1118 e
267 1094 314 1115 ll‘e.

211 1098 231 1126 Ρ
247 1122 334 1155 Nulli
345 1131 429 1162 ergo,
448 1123 510 1155 &c.

286 1160 355 1192 Dat.
378 1160 515 1193 Avini'on.
535 1161 671 1201 Id.Julii,
687 1160 873 1194 Pontificatfis
886 1160 974 1193 nostri
987 1170 1062 1192 anno
1077 1159 1204 1199 septimo.

561 1239 617 1270 Sub
625 1238 688 1280 filis
693 1238 804 1279 sericis,
820 1237 893 1269 rubei
909 1240 1038 1278 croceique
1053 1236 1152 1268 coloris.

330 1377 379 1408 De
405 1377 536 1408 Rancore
557 1377 644 1421 Regis
662 1385 734 1422 erga
755 1374 987 1421 Wintonienftm
1006 1374 1157 1407 Eleaeimn.

212 1458 425 1520 VEnerabili
447 1461 475 1490 in
497 1460 616 1491 Christo
636 1459 728 1499 Patri,
747 1460 880 1492 Domino
903 1460 938 1491 L.
963 1460 1022 1490 Dei
1044 1460 1145 1499 gratia,
1164 1457 1278 1488 Sanerae

296 1497 399 1528 Mar‘ae
423 1500 452 1529 in
466 1498 522 1530 Via
535 1500 587 1530 lata
600 1499 736 1529 Diacono
748 1499 908 1537 Cardinali,
926 1498 1148 1536 Consanguineo
1166 1497 1215 1526 suo
1230 1505 1276 1524 ca-

213 1536 337 1576 rissimo,
357 1537 529 1578 Edwardus,
547 1538 668 1577 ejusdem
686 1540 786 1578 gratia,
805 1539 866 1570 &c.
884 1538 997 1569 salutem
1008 1560 1017 1576 ,
1037 1539 1070 1568 δε
1087 1537 1199 1566 sincerae
1212 1534 1282 1564 dile-

217 1577 321 1607 &ionis
333 1577 477 1607 astec‘mtn.

254 1614 368 1645 Litteras
384 1615 503 1653 vestras,
518 1616 575 1645 una
589 1625 659 1646 cum
675 1615 757 1646 literis
770 1615 961 1656 quorumdam
978 1613 1153 1645 Amicorum
1168 1610 1283 1641 nostro-

216 1663 280 1684 rum
295 1652 330 1685 de
343 1653 433 1684 Curi&
449 1653 600 1691 Romana,

257 1691 315 1721 Pro
334 1692 509 1732 Reymundo
523 1692 559 1722 de
574 1692 730 1730 Bussolers,
748 1691 868 1730 Nepote
880 1692 912 1722 &
927 1690 1058 1728 Valetto,
1075 1688 1240 1719 venerabilis
1254 1688 1284 1717 in

218 1730 337 1761 Christo
353 1730 454 1768 Patris,
472 1730 593 1760 Domini
609 1730 642 1760 Ρ.
654 1731 744 1761 Tituli
760 1729 855 1760 Sanc'ti
872 1730 1003 1768 Stephani
1021 1730 1048 1758 in
1062 1728 1162 1758 Coelio
1177 1726 1283 1757 Monte

219 1769 367 1800 Presbiteri
389 1768 556 1805 cardinalis,
575 1768 687 1799 Sandiae
707 1768 850 1798 Roman-„e
876 1768 1013 1798 Ecclesite
1033 1766 1062 1797 V
1064 1766 1262 1797 icecancellarii
1274 1788 1284 1803 ,

219 1816 249 1838 ut
263 1808 312 1838 fibi
329 1807 471 1838 Officium
483 1807 630 1837 servientes
643 1805 729 1836 nostri
748 1807 788 1837 adv
799 1807 886 1837 Arma
898 1806 1112 1844 concedere‚&
1128 1805 1176 1835 alia
1191 1804 1285 1834 Emo-

217 1846 357 1914 lunssenga,
375 1845 522 1915 {fficium
537 1844 604 1877 illud
616 1847 833 1884 concernentia,
852 1845 978 1878 exhiberi
995 1845 1087 1876 facere
1104 1852 1284 1881 curaremus,

220 1895 260 1915 no
281 1895 302 1915 is
335 1894 374 1914 ire
405 1895 448 1923 aS,

255 1923 337 1954 Laete
352 1934 417 1954 rece
437 1925 510 1955 imus
528 1934 535 1954 t

256 1961 294 1992 Et
310 1985 319 2001 ,
344 1933 508 2001 interpillas,
536 1963 638 1994 Litcrae
660 1962 790 2003 Magistri
808 1961 945 2002 Johannis
965 1961 1000 1993 de
1021 1959 1173 1999 Stratford‚
1203 1959 1286 1989 nobis

218 2000 409 2039 multipliciter
422 2002 520 2042 ingrati
536 2003 568 2033 &
585 2001 717 2040 infidelis,
732 2001 903 2042 praescntatae
918 2001 1046 2031 fuerunt:

257 2039 300 2070 Ex
314 2049 431 2078 quarum
444 2040 502 2071 visu
518 2041 550 2072 &
565 2041 686 2078 leciurfi,
702 2041 782 2080 ipsius
795 2040 1014 2078 demeritis,non
1030 2038 1087 2068 sine
1101 2037 1204 2076 magni
1220 2046 1287 2067 cau-

219 2077 269 2116 sa,
285 2088 335 2107 nos
357 2078 390 2108 ad
414 2079 472 2109 hoc
495 2079 733 2118 provocantibus,
751 2087 843 2110 tantus
863 2079 950 2108 animi
965 2087 1066 2107 rancor
1082 2077 1113 2107 &
1131 2076 1287 2114 indignatio

223 2125 275 2145 nos
295 2118 479 2155 commovit,
505 2118 584 2156 quod
603 2118 757 2157 supplicatis
776 2127 829 2155 pro
849 2116 928 2146 dicto
950 2116 1063 2146 Valetto
1084 2123 1205 2145 annuere
1220 2123 1286 2157 ‘non

219 2154 365 2193 possumus
383 2155 432 2185 ista
454 2156 536 2193 vice,
551 2157 588 2186 de
609 2166 667 2193 quo
687 2166 739 2186 nos
759 2155 901 2185 excusatos
921 2155 1021 2185 habere
1042 2153 1151 2190 velitis,
1169 2153 1202 2183 ὅ(
1218 2151 1285 2183 illud

222 2193 470 2230 praesatoJolianni
480 2217 488 2231 ,
506 2196 553 2233 qui
567 2194 674 2224 causam
689 2193 723 2224 ad
739 2194 796 2224 hoc
812 2194 848 2223 sic
863 2193 955 2231 dedit,
974 2193 1094 2224 totaliter
1106 2192 1252 2231 imputare.

263 2230 333 2262 Dat.
346 2232 418 2272 apud
433 2232 597 2272 Brustvvyk,
615 2233 732 2277 decimo
746 2233 851 2264 octavo
865 2231 909 2262 die
920 2232 997 2272 Julii.

414 2316 525 2347 Eodem
542 2318 634 2349 modo
654 2319 782 2350 scribitur
804 2318 954 2359 subscritis3
972 2320 1118 2357 videlicet,

264 2396 380 2424 Domino
399 2396 431 2424 G.
457 2394 548 2425 Tituli
569 2398 662 2427 Sancffi
678 2400 777 2427 Ciriaci
796 2400 825 2426 in
844 2399 944 2426 Termis
960 2396 1113 2427 Preshitero
1134 2393 1293 2434 Cardinali,

300 2443 357 2461 cum
367 2432 492 2473 praefato
507 2437 540 2465 P.
560 2436 650 2466 Tituli
664 2437 757 2466 Sandli
774 2435 923 2474 Stephani,

263 2473 381 2501 Domino
397 2474 430 2502 G.
447 2474 554 2504 Sanaae
569 2477 663 2506 Luciae
678 2478 707 2505 in
722 2474 800 2505 Cilice
816 2478 935 2505 Diacono
948 2473 1100 2505 cardinali.

237 2603 297 2637 Ad
312 2607 422 2653 Regem
444 2609 577 2640 Franciae
593 2605 628 2640 de
649 2607 807 2641 Credentia
817 2636 827 2651 ,
845 2608 938 2655 fitper
957 2610 1096 2655 Negotiis
1114 2609 1300 2654 Aquitaniae.

231 2689 449 2751 MAgnifico
466 2691 612 2732 Principi,
627 2692 764 2723 Domino
779 2692 906 2733 Karolo,
927 2692 987 2724 Dei
1003 2693 1107 2732 gratia,
1120 2692 1196 2732 Regi
1211 2692 1234 2722 F
1236 2703 1299 2723 ran-

330 2732 384 2760 ciae
403 2730 436 2760 &
456 2730 595 2761 Navarrae
614 2732 709 2762 illustri
728 2755 737 2770 ,
760 2732 849 2764 Fratri
867 2733 918 2764 suo
940 2731 1096 2769 carisiimo,
1121 2731 1276 2763 Edwardus
1290 2755 1300 2769 ,

232 2769 351 2805 ejusdem
365 2767 469 2812 gratia,
486 2769 552 2813 Rex
563 2769 692 2810 Angliae,
708 2772 768 2802 &Q
782 2771 913 2811 salutem,
930 2772 964 2803 ὃς
977 2770 1103 2802 felicibus
1117 2771 1224 2808 semper
1239 2770 1301 2801 suc-

233 2807 352 2837 ceffibus
366 2807 521 2845 jocundari.

245 2884 249 2888 Ι
269 2844 318 2875 De
332 2846 586 2889 circumspeffione
619 2846 719 2877 rovida
735 2848 768 2878 δε
782 2849 912 2880 fidelitate
925 2847 1172 2886 probatfi,‘dile6ti
1187 2848 1220 2878 ὃς
1234 2847 1302 2879 side-

232 2883 263 2913 lts
285 2883 392 2927 nostri,
417 2885 581 2927 venerabilis
627 2887 689 2916 atris
722 2885 763 2915 H.
786 2887 918 2927 Episcopi
934 2887 1094 2924 Roffensis,
1113 2887 1162 2925 &,
1178 2886 1301 2917 discito-

234 2931 298 2952 rum
323 2921 406 2951 nobis
427 2931 458 2951 m
477 2922 612 2968 Christo,
631 2924 660 2954 S*
683 2908 719 2955 de
733 2924 935 2966 Rammeseye,
956 2926 989 2956 δε
1005 2925 1058 2955 W.
1071 2925 1107 2955 de
1124 2924 1299 2966 Langedon,

235 2960 384 2991 Abbaturn
394 2982 403 2998 ,
417 2959 540 2998 plenarie
556 2962 747 3000 confidentes,

272 2998 365 3043 Ipsos,
380 3007 433 3042 pro
447 2999 613 3042 quibusdam
627 3000 778 3039 Negotiis,
791 3011 842 3032 nos
856 3002 890 3033 &
907 3001 1054 3032 Ducatum
1067 3001 1196 3034 nostrum
1210 3000 1302 3040 Aqui-

232 3045 317 3069 tamae
332 3037 578 3081 contingentibuS,
594 3038 627 3069 ad
643 3048 693 3069 vos
711 3039 842 3070 duximus
855 3040 1036 3070 destinandos
1050 3051 1061 3077 ι,

264 3074 521 3121 ςΜειὲηιῇςριπιεὶῐῐι
544 3076 665 3108 vestram
684 3077 844 3108 affeetuofis
857 3079 986 3116 precibus
999 3078 1194 3118 deprecantes,
1211 3080 1302 3118 quati·

235 3124 289 3145 nus
311 3113 448 3152 praefaus,
464 3113 624 3154 Episcopo,
643 3116 676 3146 &
690 3116 862 3155 AbbatibuS,
881 3117 914 3148 δε
927 3116 1039 3147 duobus
1051 3127 1168 3154 eorum,
1187 3118 1217 3147 in
1233 3117 1301 3155 hiis,

233 3162 300 3191 quae
328 3152 377 3193 ipsi
387 3174 401 3196 ‚¹
411 3153 456 3196 vel
478 3153 538 3184 duo
559 3164 677 3192 eorum,
695 3156 778 3186 vobis
793 3165 827 3185 ex
844 3163 920 3193 parte
933 3154 1028 3186 nostrai
1041 3155 1216 3193 exposuerint
1232 3155 1299 3185 viva

236 3200 330 3260 Ecce,
347 3191 437 3222 vellus
451 3190 851 3262 fidem}n510bi²“23.psaebefe³
869 3195 903 3226 &
916 3193 1082 3233 exponenda
1095 3204 1144 3234 per
1161 3193 1248 3233 ipsos,
1265 3193 1299 3225 &

259 3238 440 3306 Ἓὲῗὲἳζὲᾰ
452 3239 750 3310 siffi‘xysssfiztssss
764 3271 870 3304 oaavo
883 3271 929 3304 die
941 3271 1019 3311 Julii.

372 3402 398 3430 ᾖ
417 3405 476 3439 Ad
497 3408 643 3441 Comitem
661 3409 734 3442 Vale
744 3414 767 3442 n·
776 3436 787 3452 ,
805 3409 898 3454 fitper
912 3408 998 3442 diffls
1019 3410 1166 3455 Mgotiis.

311 3490 376 3522 EX
393 3514 411 3533 ,ξ
429 3491 533 3536 Nobili
555 3491 628 3522 Viro
641 3515 651 3530 ,
676 3492 810 3523 Domino
831 3492 941 3524 Karolo
956 3515 966 3531 ,
989 3493 1100 3524 Comiti
1119 3494 1155 3525 de
1176 3494 1299 3536 Valoys,

323 3529 544 3570 Consanguineo
565 3530 614 3561 suo
636 3531 791 3570 cariffimo,
807 3531 941 3570 salutem,
960 3531 993 3562 ὃς
1014 3532 1126 3563 smeerae
1139 3533 1300 3565 dilectionis

240 3569 527 3639 affglddilnminittamus
547 3607 684 3638 dileffium
703 3609 737 3639 &
750 3607 860 3639 fidelem
873 3606 1021 3645 nostrum,
1039 3610 1227 3640 venerabilem
1244 3610 1299 3642 Pa-

239 3646 760 3716 rtsassffr³t0psms0ffrtr
769 3647 1104 3716 ’‘Eiassssei‘iiffiasszssffizin
1118 3647 1297 3717 Sssssffiians·

239 3722 390 3768 Magnifici
410 3695 567 3762 Priiic’ipis,
586 3709 707 3754 Domini
728 3695 844 3767 quroli’
861 3709 953 3761 Regis
968 3696 1142 3755 1:125&aess
1157 3710 1298 3756 Navarra}

237 3761 364 3797 illustris,
386 3761 488 3793 Fratris
507 3762 596 3793 nostri
618 3761 764 3799 cariffiml,
783 3772 836 3801 pro
849 3763 1014 3801 quibusdam
1031 3763 1180 3803 Negotiis,
1198 3774 1251 3794 nos
1262 3765 1296 3796 &

237 3798 339 3831 statum
354 3800 486 3832 Ducatsis
498 3801 587 3831 nostri
600 3801 729 3841 praedieti
743 3801 987 3837 contingentibus:

272 3837 439 3870 Amicitiam
459 3839 583 3871 vestram
603 3840 758 3870 affeeruose
775 3840 939 3879 requirimus
951 3841 985 3872 &
1000 3848 1147 3879 rogamus,
1166 3842 1296 3877 quatinus

238 3877 372 3913 praefatis,
391 3877 554 3917 Episcopo,
570 3878 604 3909 &
624 3878 801 3915 Abbatibus,
816 3878 849 3908 &
861 3877 972 3908 duobus
984 3888 1084 3909 eorum
1100 3880 1129 3908 in
1141 3879 1210 3917 hiis,
1226 3891 1291 3917 quae

238 3914 308 3952 ips1‚
326 3915 371 3944 vel
392 3915 452 3947 duo
474 3926 594 3955 eorum,
613 3918 695 3948 vobis
717 3916 891 3956 exposuerint
910 3916 977 3947 viva
996 3927 1086 3954 voce,
1102 3916 1189 3947 sidem
1202 3919 1291 3949 velitis

238 3952 384 3982 indubiam
407 3954 555 3994 adhibere,
567 3956 618 3995 &,
634 3966 687 3994 pro
707 3955 885 3992 expeditione
905 3955 1155 3994 exponendorum,
1171 3965 1235 3995 erga
1254 3957 1297 3994 ip-

240 3990 317 4057 sutrxtsg³
324 3989 488 4058 Dotsrgrinum
508 3993 639 4034 Regem,
659 3993 760 4026 nostris
780 3994 927 4033 precibus,
944 3992 1098 4025 efficaciter
1119 3994 1296 4035 interponere

241 4038 273 4066 pa
317 4038 329 4056 S
343 4038 378 4058 VC
418 4040 454 4060 as.

277 4064 343 4098 Dat.
359 4075 391 4096 ut
403 4068 488 4106 supra.

1332 194 1810 240 PUBLICA.
2321 208 2374 249 79

1490 319 1603 350 Eodem
1623 321 1713 352 modo
1732 321 1859 353 scribitur
1874 321 2044 362 subscriptis;
2060 321 2197 354 videlicet.

2391 273 2467 304 Ann.
2480 273 2521 305 D.

2412 322 2495 353 13..,.

2388 353 2456 380 Ἐάν,
2470 362 2496 379 2.

1353 386 1491 417 Gauchero
1505 388 1537 417 de
1553 388 1710 429 Chastelon,
1728 389 1930 430 Constahulario
1947 391 2083 431 Franciae,

1351 425 1452 455 Miloni
1464 427 1495 456 de
1510 429 1631 467 Noyres,
1650 428 1812 468 Marescallo
1824 433 1962 470 Franciae,

1352 464 1470 494 Matheo
1488 465 1519 493 de
1537 467 1574 494 Tr
1590 477 1618 504 e,

1352 501 1465 532 Thomae
1485 477 1717 543 Marjintaynex,

1352 541 1480 580 Johanm'
1494 542 1525 571 de
1543 542 1723 572 Cerchemont.

1340 677 1390 708 De
1420 677 1630 721 Prorogatione
1654 676 1882 757 Treugaeflim«Za
1907 675 2047 710 Subditos
2065 681 2152 726 Regis
2170 682 2207 718 (ῥ’
2227 681 2351 712 Comitis

1809 736 1849 756 an
1872 736 1931 758 rzae.

1321 808 1453 864 REX
1471 811 1608 841 omnibus
1628 809 1740 842 Ballivis
1760 809 1793 841 ὃς
1817 808 1958 840 Fidelibus
1978 811 2046 849 suis,
2063 811 2097 842 ad
2117 822 2203 852 quos,
2228 815 2289 845 &c.
2311 814 2381 845 salu-
2396 807 2473 838 Ann-
2486 807 2531 837 D·

1433 856 1500 879 tem.

1355 883 1454 918 Sciatis
1467 887 1564 927 quod,

1355 923 1437 955 cum
1458 936 1546 965 nuper

1320 960 1456 994 Flandriae
1477 965 1510 995 &

2426 855 2511 885 1323.

2397 889 2451 913 Aa.
2469 895 2479 912 1
2505 905 2513 912 .

1579 926 1614 957 ad
1634 925 1842 967 requisitionem
1863 924 1982 956 Nobilis
1995 927 2075 963 Viri,
2095 926 2237 958 Lodovici
2251 928 2377 960 Comitis
2396 928 2426 950 Ε·
2447 934 2474 951 2·
2486 895 2499 921 7

1533 951 1732 1004 Nivernenfis,
1747 965 1827 995 nobis
1845 963 2019 1004 supplicantis
2035 975 2082 1004 ut,
2099 965 2177 1003 super
2191 966 2376 998 Dissensioni-
2396 966 2415 989 Ρ
2416 969 2446 989 Μ
2451 984 2455 988 -
2471 970 2513 997 ¹7·

1320 1002 1386 1039 bus,
1402 1001 1474 1033 inter
1489 1003 1599 1033 nostros
1612 1005 1646 1035 &
1659 1004 1721 1034 suos
1734 1002 1868 1034 Subditos
1884 1004 2002 1043 exortis,
2017 1004 2163 1043 Treugam
2176 1005 2244 1034 inire
2259 1006 2292 1037 <Sc
2307 1016 2380 1037 con·
2398 1006 2429 1028 E·
2452 1010 2477 1027 2·

1318 1039 1419 1071 cedere
1429 1041 1607 1085 dignaremur
1615 1065 1624 1080 ,

2400 1045 2426 1077 p.
2443 1048 2471 1066 2.

1356 1078 1481 1118 Treugae
1495 1080 1628 1110 ineundae
1640 1080 1833 1118 annuerimus,
1852 1080 1886 1110 &
1899 1080 2120 1112 concesserimus
2130 1081 2280 1118 Treugam
2296 1082 2383 1120 illam,
2403 1087 2439 1106 ⁷⁹³·
2454 1077 2499 1114 233

1322 1117 1409 1156 usque
1430 1117 1463 1148 ad
1486 1117 1602 1149 Festum
1623 1119 1719 1150 Sancti
1740 1118 1890 1149 Michaelis
1909 1120 2045 1158 proximo
2066 1120 2192 1150 futurum
2207 1120 2384 1158 duraturam,

1322 1157 1392 1188 dum
1412 1164 1508 1189 tamen
1526 1157 1654 1198 praefatus
1673 1157 1784 1189 Comes
1808 1156 1927 1188 eandem
1942 1157 2086 1197 Treugam
2099 1159 2129 1188 in
2141 1158 2232 1189 Terra
2249 1158 2386 1190 Flandriae

1322 1196 1460 1235 publicari
1472 1197 1574 1228 faceret
1585 1197 1618 1228 &
1633 1197 1750 1227 firmiter
1761 1196 1917 1227 observari:

1363 1235 1408 1266 Ac
1427 1246 1478 1266 nos
1495 1238 1567 1275 jam,
1584 1236 1619 1266 ad
1638 1235 1820 1266 consimilem
1840 1234 2048 1274 requisitionem
2065 1235 2171 1275 praefati
2183 1234 2326 1275 Comitis,
2343 1235 2386 1267 di-

1323 1272 1401 1304 e'tam
1421 1273 1586 1314 Treugam,
1603 1277 1660 1305 tam
1677 1276 1708 1305 in
1728 1273 1821 1304 Tetra
1834 1273 1880 1304 sua
1893 1273 2048 1311 Flandriae,
2066 1275 2151 1312 quam
2166 1275 2194 1303 in
2212 1274 2259 1304 Re
2279 1285 2318 1305 no
2333 1286 2387 1305 no-

1325 1311 1385 1344 stro
1407 1321 1476 1344 tunc
1497 1313 1684 1354 publicatam,
1701 1312 1784 1352 usque
1806 1311 1841 1342 ad
1860 1312 1971 1343 dietum
1988 1312 2106 1342 Festum
2126 1312 2221 1342 Sanni
2276 1314 2388 1345 ichaelis

1325 1351 1500 1391 duraturam,
1520 1352 1590 1383 ultra
1612 1352 1689 1382 idem
1705 1351 1834 1389 Festum,
1854 1351 1938 1389 usque
1951 1351 1984 1381 ad
1999 1350 2114 1381 Festum
2130 1349 2242 1381 Paschae
2255 1353 2389 1389 proximo

1326 1389 1488 1428 sequentem
1509 1390 1668 1422 duxerimus
1691 1389 1897 1428 prorogandam
1920 1402 1930 1427 ς
1961 1389 2032 1420 dum
2056 1398 2149 1420 tamen
2170 1389 2261 1419 dietus
2282 1389 2390 1420 Comes

1328 1427 1564 1468 prorogationem
1589 1429 1750 1468 hujusmodi
1772 1430 1801 1459 in
1821 1428 1892 1459 terrai
1903 1428 1950 1459 sua
1963 1428 2098 1468 praedieta
2110 1428 2246 1469 publicari
2262 1427 2344 1459 faciat
2358 1430 2391 1460 ὅτ.

1325 1468 1411 1497 etiam
1425 1468 1565 1500 observari
1585 1479 1591 1498 :

1366 1505 1447 1543 Nos,
1470 1507 1597 1537 volentes
1615 1505 1850 1545 Prorogationem
1866 1506 2032 1546 praedffiam
2047 1507 2075 1536 in
2089 1505 2224 1536 omnibus
2235 1505 2393 1544 observari,

1327 1544 1495 1581 suscepimus
1516 1547 1545 1575 in
1561 1545 1664 1576 salvum
1677 1546 1710 1576 ὃς
1725 1545 1853 1575 securum
1873 1544 2061 1575 Condueium
2078 1544 2226 1582 nostrum,
2242 1554 2342 1575 omnes
2359 1547 2392 1577 &

1328 1583 1448 1622 singulos
1462 1582 1655 1620 Mercatores,
1670 1584 1702 1613 &
1718 1584 1800 1621 alios,
1816 1584 1852 1614 de
1864 1582 1941 1613 dieta
1953 1583 2046 1614 Terra
2060 1583 2213 1622 Flandriae,
2231 1584 2260 1612 in
2275 1584 2394 1615 venien-

1329 1621 1369 1651 do
1389 1622 1418 1651 in
1441 1621 1579 1661 Regnum
1599 1621 1746 1660 nostrum,
1764 1631 1832 1651 cum
1854 1621 1939 1652 Bonis
1959 1621 1991 1651 &
2015 1621 2200 1652 Mercandisis
2216 1622 2284 1660 suis,
2302 1623 2331 1652 in
2344 1633 2395 1654 eo-

1330 1660 1397 1690 dem
1412 1660 1568 1699 morando,
1584 1661 1618 1691 &
1640 1661 1812 1700 negotiando
1825 1683 1834 1698 ,
1850 1669 1882 1691 ac
1896 1659 2088 1691 commodum
2103 1661 2183 1691 suum
2195 1660 2342 1699 faciendo,
2360 1662 2395 1693 &

1330 1699 1430 1730 exinde
1443 1699 1476 1729 ad
1493 1700 1605 1737 propria
1616 1698 1763 1729 redeundo
1778 1709 1785 1728 τ

1368 1737 1511 1769 Nolentes
1531 1738 1609 1776 quod
1634 1747 1687 1776 pro
1706 1736 1983 1776 Transgteffionibus
2000 1737 2136 1776 aliorum,
2155 1738 2201 1768 vel
2222 1748 2274 1778 pro
2295 1739 2396 1778 aliqui-

1331 1778 1383 1806 bus
1400 1775 1528 1815 Debitis,
1543 1777 1579 1807 de
1592 1777 1695 1815 quibus
1711 1776 1880 1816 Principales
1894 1776 2065 1815 Debitores,
2077 1776 2123 1807 seu
2139 1776 2320 1815 Fidejuffores
2335 1788 2396 1808 non

1332 1814 1468 1854 existant,
1486 1825 1540 1846 nec
1562 1815 1713 1846 occasione
1731 1813 2013 1854 Transgresiionum,
2039 1823 2103 1846 ante
2122 1815 2186 1846 haec
2208 1824 2336 1853 tempora
2356 1817 2398 1846 fa-

1331 1855 1460 1892 Ctarum,
1478 1862 1577 1885 contra
1595 1854 1746 1885 Tenorem
1768 1852 1864 1884 Cartae
1883 1853 1987 1883 nostrae
2009 1853 2044 1884 de
2057 1853 2172 1893 Stapula
2188 1854 2346 1893 Lanarum,
2363 1855 2397 1885 &

1333 1893 1456 1924 Pellium
1478 1893 1668 1931 Lanutarum,
1686 1892 1766 1922 Bona
1784 1893 1829 1923 seu
1852 1891 2045 1923 Mercimonia
2058 1902 2158 1923 eorum
2173 1893 2243 1923 infra
2259 1893 2396 1932 Regnum

1332 1932 1464 1963 nostrum
1483 1931 1654 1969 arestentur,
1671 1931 1749 1961 dieta
1768 1930 1973 1969 Prorogatione
1994 1931 2031 1962 sic
2051 1932 2190 1969 durante;
2216 1931 2285 1961 dum
2302 1942 2398 1963 tamen

1332 1971 1545 2040 hgprcatoribus
1564 1970 1683 2009 nostris,
1701 1971 1730 2000 in
1749 1969 1826 2001 diist&
1837 1968 1928 2000 Terrfi
1947 1969 2102 2009 Flandriae,
2117 1969 2214 2001 eadem
2229 1969 2398 2001 Immunitas

1332 2021 1352 2041 o
1383 2019 1515 2041 ervetur:

1372 2036 1574 2080 Conceffimi'is
1588 2049 1672 2079 etiarn
1694 2048 1774 2088 quod
1787 2047 1980 2086 Mercatores,
1998 2048 2036 2079 de
2047 2047 2124 2079 dieta
2136 2048 2228 2080 Terra
2242 2047 2378 2078 Flandriae
2387 2072 2397 2087 ,

1333 2087 1367 2117 ὃς
1384 2088 1559 2127 quicumque
1573 2088 1617 2117 alii
1632 2086 1809 2118 Mercatores
1822 2087 2013 2126 Alienigenae,
2032 2097 2163 2125 exnunc,
2181 2097 2249 2117 cum
2265 2086 2349 2117 Bonis
2362 2088 2396 2118 δε

1336 2125 1540 2157 Mercimoniis
1560 2126 1611 2157 suis
1624 2149 1635 2164 ,
1660 2137 1676 2157 a
1699 2126 1805 2165 Regno
1830 2125 1930 2156 nostro
1948 2126 2086 2164 praediCto
2109 2126 2217 2164 (solutis
2238 2126 2305 2155 inde
2322 2126 2400 2165 prius

1336 2164 1484 2196 Custumis
1504 2166 1605 2196 debitis
1624 2166 1657 2196 &
1681 2164 1840 2202 consuetis)
1860 2164 1944 2203 usque
1963 2165 1997 2195 ad
2014 2165 2125 2196 dietum
2147 2164 2262 2195 Festum
2283 2164 2399 2194 Paschae

1334 2203 1369 2234 ad
1391 2213 1479 2244 partes
1499 2203 1691 2235 transmarinas
1708 2224 1717 2242 ,
1741 2204 1917 2241 ubicumque
1937 2204 2079 2234 voluerint
2093 2227 2103 2242 ,
2127 2203 2229 2241 absque
2249 2202 2400 2233 occasione

1335 2242 1381 2274 vel
1401 2243 1611 2284 impedimento
1629 2242 1735 2281 nostri,
1748 2242 1793 2273 seu
1812 2241 2015 2273 Ministrorum
2033 2242 2196 2273 nostrorum
2209 2251 2401 2282 quotumcun-

1337 2291 1409 2321 que,
1426 2283 1535 2314 valeant
1550 2281 1577 2313 se
1589 2282 1751 2320 transferre,

1374 2321 1413 2353 Et
1433 2322 1500 2353 ideo
1515 2322 1599 2352 vobis
1613 2322 1798 2359 mandamus,
1816 2319 1897 2358 quod
1913 2319 2092 2350 Hominibus
2127 2319 2352 2358 Mercatoribus,
2366 2318 2400 2350 &

1337 2360 1414 2398 aliis,
1432 2360 1469 2391 de
1486 2360 1565 2392 dieta
1584 2360 1673 2391 Terra
1687 2360 1710 2390 F
1712 2360 1841 2397 landriae,
1858 2360 1887 2389 in
1902 2359 2044 2390 veniendo
2057 2359 2085 2388 in
2098 2342 2241 2395 Regnum
2254 2357 2402 2396 nostrum,

1339 2409 1407 2430 cum
1428 2399 1514 2430 Bonis
1535 2401 1568 2430 ὃ(
1584 2398 1769 2430 Mercandisis
1783 2398 1850 2435 suis,
1871 2399 1901 2428 in
1915 2397 2018 2428 eodem
2032 2397 2189 2434 morando,
2209 2397 2242 2427 δε
2258 2398 2403 2435 negotian-

1340 2439 1396 2477 do,
1415 2439 1447 2469 ὅ(
1468 2437 1659 2469 commodum
1676 2438 1758 2468 suum
1778 2436 1926 2475 faciendo,
1941 2446 1974 2466 ac
1996 2435 2096 2465 exinde
2115 2436 2148 2465 ad
2162 2435 2272 2475 propria
2287 2434 2405 2465 redeun-

1340 2478 1397 2515 do,
1415 2487 1474 2507 non
1496 2477 1632 2515 inferatis,
1649 2475 1694 2506 seu
1714 2484 1849 2514 quantum
1866 2475 1895 2504 in
1916 2475 1997 2504 vobis
2009 2474 2064 2512 est,
2082 2475 2119 2504 ab
2136 2474 2222 2504 *aliis
2233 2473 2327 2504 inferri
2342 2483 2405 2511 per-

1341 2517 1456 2546 mittatis
1471 2517 1617 2554 injuriam,
1633 2516 1693 2545 &c.
1709 2515 1753 2544 seu
1768 2522 1920 2552 gravamen
1937 2525 1943 2543 :

1380 2555 1432 2593 Et,
1453 2555 1472 2585 si
1491 2555 1559 2594 quid
1584 2556 1622 2585 eis
1641 2554 1817 2584 forisfactum
1840 2552 1938 2591 fuerit,
1958 2552 1985 2582 id
1999 2553 2052 2589 eis,
2071 2551 2127 2583 fine
2140 2551 2284 2590 dilatione,
2303 2552 2408 2582 facietis

1344 2593 1511 2632 emendari,
1536 2594 1569 2624 &
1590 2603 1642 2632 pro
1666 2590 1940 2631 Transgresiionibus
1963 2592 2102 2628 aliorum,
2128 2592 2171 2621 vel
2214 2601 2247 2620 ro
2270 2591 2405 2628 aliquibus

1346 2633 1461 2663 Debitis
1474 2633 1510 2663 de
1526 2633 1627 2670 quibus
1642 2630 1812 2671 Principales
1828 2629 1997 2669 Debitores,
2013 2629 2058 2660 seu
2074 2629 2171 2667 Fideju
2198 2639 2259 2659 ores
2273 2639 2332 2658 non
2347 2629 2406 2658 exi-

1345 2671 1435 2710 stant,
1459 2681 1506 2701 aut
1525 2671 1674 2701 occasione
1696 2668 1981 2707 Transgreffionum,
2004 2677 2068 2698 ante
2089 2669 2153 2698 haec
2172 2677 2299 2705 tempora
2320 2666 2407 2698 faeia-

1345 2720 1427 2749 rum‚
1445 2719 1546 2740 contra
1565 2719 1692 2740 tenorem
1717 2708 1813 2738 Cartae
1836 2707 1940 2737 nostrae
1962 2709 1998 2737 de
2016 2706 2126 2744 Stapula
2148 2706 2301 2744 praediftzi,
2327 2705 2406 2737 Bona

1344 2750 1389 2779 seu
1406 2749 1598 2780 Mercimonia
1612 2757 1711 2777 eorum
1726 2747 1796 2776 infra
1813 2746 1947 2784 Regnum
1962 2744 2091 2776 nostrum
2107 2746 2262 2775 nullatenus
2275 2744 2408 2783 arestetis,

1344 2798 1398 2819 nec
1415 2787 1485 2826 ipsos
1498 2787 1548 2817 hiis
1560 2786 1754 2817 occafionibus
1767 2783 1918 2815 molestetis
1930 2785 1959 2813 in
1973 2785 2067 2823 aliquo
2079 2783 2124 2813 seu
2137 2785 2264 2823 gravetis¹

1381 2827 1522 2857 Volumus
1543 2827 1641 2863 etiam,
1660 2826 1692 2855 δε
1710 2825 1790 2855 vobis
1804 2824 1973 2862 iniungimus
1986 2824 2018 2853 ὃς
2032 2822 2213 2860 mandamus,
2231 2823 2312 2861 quod
2326 2821 2408 2852 Mer-

1344 2874 1466 2902 catores,
1484 2865 1520 2895 de
1533 2863 1609 2894 dista
1622 2863 1715 2894 Terra
1731 2863 1754 2892 F
1755 2862 1884 2900 landriae,
1903 2862 1936 2892 δε
1951 2861 2143 2900 quoscumque
2157 2862 2223 2892 alios
2236 2862 2411 2892 Mercatores

1345 2904 1531 2941 alienigenas,
1548 2913 1677 2939 exnunc,
1703 2911 1770 2931 cum
1792 2900 1876 2931 Bonis
1897 2901 1931 2932 &
1953 2900 2153 2930 Mercimoniis
2171 2900 2238 2939 suis,
2262 2912 2277 2932 a
2300 2900 2409 2937 Regno

1345 2942 1444 2973 nostro
1463 2942 1603 2981 praedicsto
1624 2940 1733 2978 (solutis
1752 2939 1816 2969 inde
1839 2939 1913 2977 prius
1926 2938 2073 2969 Custumis
2088 2939 2187 2969 debitis
2198 2939 2231 2970 ὃ(
2247 2939 2384 2971 consuetis
2398 2940 2408 2973 )

1346 2981 1431 3018 usque
1446 2981 1481 3011 ad
1496 2980 1607 3011 didium
1627 2978 1740 3009 Festum
1755 2977 1886 3015 Paschae,
1906 2977 1941 3008 ad
1956 2986 2043 3015 partes
2053 2978 2259 3015 transmarinas,
2275 2980 2407 3008 ubicum-

1347 3029 1403 3058 que
1421 3019 1579 3055 voluerint,
1597 3018 1697 3057 absque
1719 3017 1924 3057 impedimento
1937 3017 2047 3054 aliquo,
2065 3017 2212 3047 transferre
2226 3017 2407 3053 permittatis,

1347 3059 1416 3089 dum
1431 3067 1527 3088 tamen
1542 3056 1753 3087 Mercatoribus
1769 3055 1885 3093 nostris,
1902 3056 1932 3085 in
1945 3055 2023 3086 dieta
2036 3055 2127 3086 Terra
2140 3055 2162 3084 F
2164 3054 2293 3093 landriae,
2307 3055 2406 3088 eadem

1347 3097 1515 3128 Immunitas
1530 3096 1710 3133 observetur,
1727 3095 1796 3125 ficut
1810 3094 1980 3133 praedictum
1993 3093 2043 3124 est.

1382 3135 1415 3165 In
1423 3135 1535 3203 dcujus,
1555 3135 1616 3165 &c.
1632 3134 1717 3174 usque
1738 3133 1772 3164 ad
1790 3133 1900 3164 dietum
1920 3132 2035 3163 Festum
2055 3130 2167 3161 Paschae
2187 3132 2320 3170 proximo
2332 3133 2415 3168 futu-j

1343 3183 1409 3205 rum
1445 3182 1572 3203 uraturas.

1384 3211 1473 3244 Teste
1486 3211 1568 3253 Rege
1582 3210 1654 3250 apud
1671 3209 1835 3251 Brustwyk,
1848 3210 1980 3241 vificimo
1992 3207 2114 3240 secundo
2129 3207 2175 3238 die
2185 3207 2262 3246 Julii.

1984 3288 2036 3316 Per
2050 3284 2131 3325 ipspm
2143 3287 2249 3323 Regem.

1636 3346 1737 3388 Duppl.

1344 3480 1393 3510 De
1416 3476 1518 3508 Terris
1538 3473 1724 3518 fwisfhfi‘is,
1749 3470 1874 3504 Andreae
1897 3469 1933 3502 de
1958 3461 2208 3508 Hrrcla‘datis‚
2232 3469 2268 3504 ὠ
2288 3463 2328 3498 ab
2345 3466 2405 3513 ipsb

1552 3522 1721 3566 forisfaclis
1748 3523 1877 3552 Antonio
1897 3518 1933 3551 de
1952 3520 2031 3566 Lucy
2047 3514 2183 3558 conceffls.

2426 2474 2556 2511 *1V,4;

2400 3559 2403 3563 ’
2423 3568 2500 3600 Arm.
2511 3569 2554 3601 D,

1346 3611 1401 3665 R

1340 3697 1430 3724 nuper
1446 3687 1510 3718 Rex
1523 3684 1600 3716 dedit
1615 3683 1707 3713 eidem
1724 3682 1850 3711 Antonio
1866 3681 1893 3709 in
1908 3679 2006 3708 Feodo
2018 3676 2160 3713 habenda,

1412 3610 1437 3640 E
1448 3609 1496 3648 X,
1512 3607 1646 3638 vicesimo
1667 3606 1744 3636 sexto
1756 3605 1839 3648 Julii,
1857 3614 1910 3641 pro
1923 3604 2003 3633 bono
2018 3602 2144 3638 servitiO,
2163 3599 2240 3637 quod
2255 3599 2399 3631 Antonius
2448 3617 2533 3649 1323,

1422 3649 1457 3679 de
1473 3648 1553 3686 Lucy
1565 3646 1698 3675 haetenus
1710 3643 1860 3681 impendit,
1880 3642 1948 3672 ultra
1960 3641 2062 3670 Terras
2075 3640 2107 3669 &
2118 3639 2313 3678 Tenementa,
2332 3649 2396 3678 quae
2416 3651 2469 3676 An.
2493 3657 2535 3683 ¹7-

1379 3726 1521 3756 DEDIT
1540 3724 1574 3754 ὃς
1594 3722 1732 3752 Concr,
1745 3727 1847 3755 ςςῐτ,
1866 3727 1918 3757 pro
1940 3718 1966 3746 se
1984 3718 2017 3748 ὃς
2034 3715 2204 3746 Haeredibus
2218 3715 2286 3753 suis,
2304 3715 2398 3747 eidem
2417 3691 2532 3754 iias„

1341 3764 1471 3794 Antonio
1492 3761 1656 3793 Manerium
1678 3758 1713 3787 de
1737 3756 1904 3786 Mcubuvnn
1924 3755 2011 3793 Regis
2027 3778 2036 3793 ,
2056 3764 2124 3785 cum
2144 3753 2321 3785 Pertinentiis
2368 3757 2398 3786 in
2421 3766 2449 3790 E.
2470 3772 2497 3791 2.
2527 3758 2531 3759 ⁷

1341 3802 1490 3833 Comitatu
1503 3796 1769 3830 Westrnerlandize:
1796 3796 1829 3824 ὃς
1845 3794 1881 3824 Μ
1889 3788 2008 3824 ineriuin
2022 3793 2058 3824 de
2072 3791 2234 3831 Grendon,
2252 3803 2323 3825 cum
2335 3778 2402 3825 Fer-

1339 3841 1476 3876 tinentiis,
1496 3840 1524 3868 in
1540 3837 1689 3868 Comitatu
1705 3832 1944 3869 Northumb’iae3

1379 3879 1457 3917 Qirc
1474 3875 1619 3913 quondam
1640 3874 1754 3903 fuerunt
1775 3871 1887 3907 Rogeri
1910 3871 1944 3901 de
1966 3868 2109 3907 lefford,
2125 3879 2213 3909 nuper
2234 3870 2349 3901 Inimici
2366 3872 2399 3901 δε

1340 3917 1466 3949 Rebellis
1486 3915 1590 3953 Regis·7
1605 3914 1639 3943 ὅ(
1658 3920 1738 3949 quae,
1756 3919 1806 3947 per
1820 3910 2025 3939 forisfacturam
2039 3908 2177 3946 ejusdem,
2195 3910 2223 3938 in
2240 3918 2325 3939 manu
2340 3909 2401 3939 Re-

1338 3958 1379 3996 gis
1394 3954 1555 3990 existentia,
1571 3949 1759 3988 postmodum
1774 3948 1839 3978 Rex
1855 3948 1932 3978 cedit
1945 3947 2067 3977 Andreae
2082 3946 2119 3977 de
2132 3946 2254 3985 Harcla,
2271 3948 2303 3978 &
2319 3958 2401 3985 quae,

1340 4004 1390 4033 per
1411 3991 1615 4024 forisfadiuram
1638 3988 1760 4027 ejusdem
1782 3986 1906 4019 Andreae
1918 4011 1927 4025 ,
1957 3987 1988 4016 in
2009 3996 2094 4018 manu
2112 3985 2197 4026 Regis
2217 3993 2286 4016 tunc
2303 3987 2399 4016 exnte-

1377 4040 1408 4061 nt
1427 4043 1433 4050 ·

1341 4043 1411 4100 ruH
1422 4055 1439 4099 Ᾰ
1449 4078 1467 4099 Β
1477 4078 1493 4098 Ε
1502 4076 1524 4097 N
1534 4076 1553 4097 D
1565 4077 1582 4096 A
1603 4067 1636 4096 δε
1654 4064 1686 4095 Τ
1695 4074 1712 4095 E
1722 4073 1770 4095 NE
1779 4073 1802 4095 N
1812 4074 1833 4095 o
1843 4074 1863 4095 A
1882 4063 1975 4094 eidem
1994 4062 2142 4101 Antonio,
2161 4062 2194 4093 ad
2210 4070 2299 4092 totam
2313 4062 2400 4092 vitam

1343 4107 1437 4146 suam,
1455 4107 1491 4139 de
1504 4106 1585 4146 Rege
1601 4105 1634 4137 &
1649 4103 1820 4136 Haetedibus
1834 4103 1938 4144 Regis,
1954 4112 2003 4141 per
2019 4102 2118 4135 eadem
2134 4102 2258 4138 servitia,
2278 4109 2325 4137 per
2339 4107 2403 4167 qu?

1936 4150 1938 4152 ’
2316 4146 2373 4175 prae
2390 4147 2417 4168 aa
