2562 4279
775 149 884 191 ET
966 148 1232 192 ACTA
1314 146 1789 192 PUBLICA⁴

0 240 70 270 Ann.
86 235 126 268 D.
184 239 252 271 Post
267 241 352 272 vitam
365 248 460 272 tamen
474 238 484 269 i
505 236 554 269 sius
570 236 720 275 Dominae,
738 235 790 266 fuit
801 236 962 266 ordinatum
975 235 1074 274 quod,

15 284 98 316 1313.

0 318 60 344 m.
81 324 107 341 2.

51 2789 66 2806 ⁸
87 2788 143 2816 ΠΙ.

70 2835 137 2861 4²2·

184 278 307 311 Praefato
321 279 452 310 Domino
494 277 598 313 omite,
615 275 738 305 solvente
750 275 892 305 annuatim
906 273 1043 305 sexcentas
1055 274 1136 304 libras
1142 273 1207 304 Tu-

143 318 303 349 ronensium
323 316 515 349 executoribus
535 313 689 344 testamenti
710 312 835 351 praefatae
855 312 994 342 Dominae
1017 312 1117 342 Matris
1135 311 1205 350 suae,

143 365 209 393 quae
220 356 355 387 sexcentae
372 356 449 386 libra:
464 354 576 384 venient
589 352 620 381 in
641 350 843 381 deductionem
864 350 940 381 mille
962 350 1128 380 Marcarum
1150 349 1206 379 Ar*

142 396 240 433 genti,
260 405 340 433 quas,
356 394 461 425 ratione
473 390 564 428 dotis,
582 389 680 420 eadem
694 388 823 419 Domina
837 388 920 419 habet
935 389 967 418 in
977 387 1086 419 Affario
1099 387 1135 418 de
1151 387 1206 418 So-

143 434 408 502 nolpffiffitghum
423 467 491 499 ultra
505 463 643 497 sexcentas
654 465 736 509 libras
749 465 891 496 annuatim
910 465 1045 509 compelli
1065 474 1124 509 non
1145 463 1208 505 pos-

148 509 197 547 sit,
215 517 381 540 memoratus
389 515 481 538 tamen
496 504 605 536 Comes
619 505 743 542 promisit
756 504 820 534 dare
838 502 1003 533 sufficientes
1017 512 1159 534 cautiones
1170 502 1207 533 de

151 546 248 578 Bearn.
261 549 295 579 ὅ(
307 549 336 577 in
349 546 442 576 Bearn.
457 544 505 581 qui
518 543 545 573 se
560 542 726 580 obligabunt
743 542 930 582 principaliter
945 541 981 571 de
996 541 1135 572 solvendis
1148 541 1208 571 sex-

152 587 239 616 centis
252 586 328 616 libris
337 582 545 614 Turonensium
558 581 718 617 annuatim,
736 580 871 618 quamdiu
892 580 968 610 dieta
988 579 1118 610 Domina
1131 580 1210 610 vixe-

150 625 202 662 rit,
221 624 275 654 sine
287 621 473 653 diminutione
485 619 569 650 dotis:
590 619 643 657 Et,
660 618 724 656 post
738 619 796 656 ejus
808 619 913 655 vitam,
928 617 1020 661 donec
1037 618 1114 648 mille
1127 617 1210 647 Mar-

148 662 214 730 ichae
237 660 338 692 dotales
360 658 462 690 fuerint
477 660 534 698 ejus
549 657 662 688 ordinio
675 679 685 696 ,
709 657 799 688 modo
816 656 972 695 praedieto,
990 657 1095 696 integre
1119 655 1212 694 perso-

177 709 187 730 t
221 709 228 728 z

158 711 175 731 u
188 710 223 767 {t
237 736 325 767 voluit
336 736 427 767 didius
438 735 582 766 Dominus
597 732 706 765 Comes
720 732 798 772 quod
807 756 818 772 ,
832 732 868 764 de
889 732 1030 764 fractione
1047 732 1213 771 securitatis,

152 776 188 814 fi,
206 775 280 813 quod
296 775 381 813 absit,
398 770 556 811 accideret,
574 772 657 804 stetur
674 773 831 810 juramento
852 771 939 802 dietae
957 771 1096 802 Dominae
1113 771 1213 802 Matris

150 814 221 851 suae,
238 813 258 844 {i
272 814 394 851 viveret3
411 812 474 852 vel,
492 811 525 842 ea
543 817 603 842 non
624 812 754 848 vivente,
770 811 928 849 juramento
947 810 1108 849 dampnum
1126 809 1214 849 paffi,

149 851 195 884 vel
206 854 262 890 ejus
276 850 414 882 Haeredis.

185 888 240 928 Et,
257 890 276 920 fi
291 889 369 920 idem
383 888 493 920 Comes
512 890 620 920 veniret
639 896 737 919 contra
758 887 1008 918 affecuramentum
1025 887 1216 926 praedistum,

153 929 243 959 voluit
260 928 316 966 ipse
329 927 376 966 id,
395 927 472 966 quod
487 927 558 958 dieti
579 927 716 965 Nobiles,
733 926 908 964 Domicelli,
927 926 972 957 vel
991 926 1037 957 alii
1056 924 1216 964 assecurati,

153 968 260 997 ratione
274 966 423 1005 juramenti
438 965 567 1007 praestiti,
583 964 799 1035 seuaKraestandi
818 965 911 1009 eidem
933 964 1066 996 Domino
1088 963 1218 1002 Cornifi,

154 1005 199 1037 vel
213 1005 269 1043 ejus
284 1003 417 1048 Haeredi,
435 1015 511 1035 nunc
526 1004 613 1035 effent
665 1004 745 1043 rffii,
764 1005 875 1042 immo,
894 1013 924 1033 in
938 1003 994 1034 hoc
1011 1002 1093 1042 casu,
1111 1003 1164 1034 tale
1176 1012 1219 1041 Ju-

153 1050 310 1075 ramentum
320 1066 330 1082 ,
346 1043 392 1074 vel
398 1052 571 1082 juramenta,
587 1043 633 1074 seu
648 1042 800 1080 homagia,
817 1052 869 1080 pro
881 1041 978 1081 nullis,
995 1042 1028 1073 &
1048 1051 1107 1071 non
1120 1041 1219 1080 faffis,

152 1080 197 1113 stu
212 1091 271 1111 non
284 1081 410 1120 praestitis
424 1080 591 1113 habeantur:
610 1081 647 1112 Et
657 1091 734 1112 nunc
746 1089 776 1112 ut
793 1089 895 1112 extunc
905 1103 915 1119 ‚
932 1081 965 1112 &
976 1088 1078 1111 extunc
1092 1088 1123 1110 ut
1132 1089 1220 1118 nunc,

152 1119 231 1151 dieta
245 1120 401 1159 juramenta
421 1121 523 1152 remisit
542 1120 636 1151 dictus
653 1119 763 1150 Comes
782 1119 938 1150 Nobilibus
956 1118 1115 1157 antediCtis3
1131 1118 1166 1149 ὃς
1184 1119 1221 1148 ab

153 1158 257 1191 eisdem
269 1159 431 1198 juramentis
463 1159 508 1190 seu
521 1159 663 1196 homagiis
675 1158 792 1189 absolvit
803 1167 851 1188 eos
866 1157 974 1195 penitus
990 1157 1023 1188 ὃς
1039 1158 1164 1195 quitavit.

191 1196 315 1238 ITEM,
331 1182 461 1235 Promisit
475 1197 568 1228 dietus
587 1196 696 1227 Comes
716 1198 866 1234 incartare,
876 1194 1029 1239 ,ratificare9
1045 1195 1222 1240 concedere,

155 1235 190 1267 δε
208 1235 301 1266 facere
322 1233 402 1280 supra
423 1236 458 1267 &
475 1234 546 1266 infra
559 1235 675 1274 scripta,
700 1236 728 1264 in
753 1233 900 1273 praesentia
927 1233 1051 1263 Domini
1076 1233 1223 1277 Senescalh

153 1274 263 1313 Tholi,
281 1270 326 1305 vel
338 1285 354 1304 e
366 1284 396 1305 us
410 1271 624 1312 Commiffarii‚
641 1274 686 1304 seu
692 1272 978 1311 Commiffariorum,
994 1272 1040 1303 vel
1053 1271 1166 1310 alicujus
1175 1282 1223 1311 per

155 1309 323 1344 Dominum
367 1323 453 1352 egem
467 1310 596 1343 Franciae
609 1312 732 1350 deputati
745 1310 790 1342 vel
805 1310 974 1349 deputandi,
991 1311 1024 1342 &
1040 1311 1142 1342 habere
1149 1321 1220 1341 con-

155 1350 350 1421 ἓὲῐέιᾳῐίοιίεὲηο
360 1351 480 1391 ejusdem
496 1351 585 1390 Regis
598 1350 724 1382 Franciae
734 1348 859 1388 illustris,
877 1349 922 1380 vel
937 1360 989 1388 pro
1005 1349 1139 1381 habendo
1158 1359 1223 1381 eam

223 1398 274 1420 iter
296 1401 310 1420 a
351 1401 408 1421 rare

195 1428 231 1459 Et
252 1428 324 1466 vult,
343 1429 377 1459 &
399 1413 511 1467 requirit
529 1428 661 1459 instanter
676 1428 711 1460 δε
735 1422 876 1459 humiliter
902 1426 980 1466 quod
998 1426 1142 1459 Dominus
1162 1427 1225 1458 Rex

161 1465 289 1498 Franciae
300 1469 450 1498 confirmet
461 1468 558 1498 omnia
573 1468 607 1498 &
618 1467 742 1506 singula,
759 1467 790 1496 in
806 1466 935 1505 praesenti
948 1466 1139 1498 Instrumento
1154 1477 1225 1498 con-

160 1513 250 1545 tenta,
268 1505 303 1536 ad
315 1505 547 1544 supplicationem
562 1505 772 1544 cujuscumque.

198 1543 213 1574 Ι
221 1553 244 1574 τ
253 1553 270 1574 Ε
281 1552 324 1583 M,
342 1544 440 1575 Voluit
453 1544 489 1575 sae
525 1544 616 1575 dietus
630 1543 740 1575 Comes
750 1544 777 1575 se
790 1543 868 1581 poffe
881 1543 1015 1581 compelli
1036 1553 1085 1581 per
1107 1542 1224 1574 Curiam

160 1581 240 1620 sigilli
250 1582 410 1622 Senescalli,
426 1583 460 1615 &
500 1583 592 1614 icariae
606 1582 747 1613 Tholanae
755 1606 766 1622 ,
780 1583 814 1614 &
828 1592 876 1620 per
884 1591 1094 1620 quamcumque
1108 1582 1225 1613 Curiam

161 1621 285 1652 Franciae
321 1620 454 1661 Angliae,
479 1621 661 1660 Arragoniae,
685 1621 731 1652 vel
750 1621 835 1651 aliam
853 1629 1068 1659 quamcunque,
1088 1620 1107 1650 si
1129 1629 1227 1651 contra

162 1644 303 1699 praemiffi’
316 1659 433 1698 faceret,
451 1660 497 1691 vel
512 1660 617 1690 veniret
629 1681 640 1697 ,
664 1668 715 1697 per
736 1660 958 1697 occupationem
978 1659 1011 1690 ὅ(
1030 1659 1227 1690 venditionem

161 1699 297 1729 omnium
310 1698 452 1729 bonorum
464 1698 594 1736 suorum,
611 1707 645 1728 ac
660 1699 842 1736 captionem,
860 1699 945 1729 etiam
960 1697 1151 1729 detentionem
1167 1708 1229 1736 per-

162 1736 241 1768 sonae
254 1736 308 1767 suae
320 1736 355 1767 ad
368 1736 502 1774 praedieta
515 1735 659 1773 servanda,
677 1736 710 1766 δε
728 1735 816 1766 dietas
829 1745 928 1774 poenas
935 1736 1064 1773 levandas
1072 1759 1082 1775 ,
1095 1736 1230 1768 ubicum-

164 1785 221 1820 que
235 1774 317 1844 {icerit
324 1775 367 1843 rafib
378 1784 416 1819 eo
428 1775 530 1843 pgfira,
546 1775 580 1806 δε
593 1773 670 1814 quod
683 1775 714 1805 in
729 1774 786 1806 una
805 1773 893 1806 Curia
908 1782 1031 1813 caeptum
1050 1774 1147 1815 fuerit,
1165 1775 1231 1806 alibi

357 1821 385 1843 ci
463 1819 494 1844 it.

166 1823 329 1890 Ρεῗτεειε,
348 1823 522 1882 Fuiffieium
541 1852 614 1882 inter
635 1861 702 1890 eOS,
721 1851 801 1890 quod
816 1851 892 1882 dst‘ka
914 1850 1046 1883 Domina
1060 1861 1120 1882 non
1140 1853 1234 1891 impe-

162 1889 221 1921 diat
236 1888 563 1960 praefatqugtominum
578 1889 725 1922 Comitem
735 1891 766 1921 in
780 1890 953 1930 Albergatis,
971 1890 1029 1929 ipso
1042 1901 1102 1922 non
1117 1892 1234 1923 venien-

165 1937 194 1961 te
208 1936 304 1960 contra
338 1938 355 1958 r¹
396 1939 406 1959 1
437 1939 461 1960 a.

201 1938 349 1998 Praemilliza
364 1975 457 1999 autem
471 1968 571 1999 omnia
582 1968 616 2000 &
627 1967 730 2009 singula
747 1967 924 2007 suprascripta
936 1966 1043 2007 Juravit
1060 1967 1152 2000 dictus
1173 1967 1236 1999 Co-

167 2015 246 2045 mes,
271 2005 305 2037 ad
328 2005 430 2038 Sandta
449 2006 507 2037 Dei
525 2006 696 2046 Evangelia,
722 2006 900 2047 corporaliter
924 2006 1054 2038 manibus
1071 2006 1123 2038 suis
1145 2007 1237 2046 taCta,

165 2052 279 2084 tenere,
296 2045 460 2085 complere,
477 2046 511 2077 &
525 2056 584 2076 non
598 2045 806 2084 contrafacere,
823 2045 867 2077 vel
886 2046 982 2076 venire
997 2053 1046 2084 per
1066 2045 1111 2086 se,
1128 2046 1174 2077 vel
1187 2056 1238 2084 per

168 2083 274 2122 alium,
291 2084 322 2113 in
336 2091 414 2123 toto,
432 2094 487 2115 nec
504 2086 536 2115 in
572 2092 627 2115 arte
641 2084 741 2124 aliqua.

209 2121 306 2152 INsu
316 2129 415 2162 PER,
432 2122 523 2154 dietus
589 2132 665 2162 mes,
684 2124 734 2156 sub
748 2125 851 2155 virtute
866 2132 1017 2163 poenarum
1036 2122 1069 2153 δε
1087 2122 1240 2160 juramenti

171 2160 391 2200 praedictarum,
408 2162 581 2192 renunciavit
598 2162 679 2191 omni
691 2162 762 2200 juri,
784 2161 883 2191 divino
900 2162 934 2191 &
951 2161 1095 2199 humano,
1113 2159 1241 2191 Canoni-

170 2208 213 2230 co
227 2198 260 2230 &
272 2197 379 2237 Civili,
398 2199 431 2230 &
452 2199 586 2229 omnibus
605 2198 703 2238 caufis‚
721 2199 890 2237 rationibus,
905 2198 1126 2237 defensionibus,
1142 2199 1177 2229 &
1194 2205 1242 2230 ex-

174 2237 350 2276 ceptionibus
369 2237 605 2276 quibuscumque,
624 2236 700 2276 doli,
717 2237 834 2276 fraudis,
859 2235 952 2268 metus
973 2237 1073 2277 causa,
1092 2236 1242 2268 restitutio-

173 2277 221 2306 nis
233 2276 262 2305 in
278 2275 436 2314 integrum,
455 2275 490 2305 &
504 2275 562 2305 aliis
573 2275 813 2314 quibuscumque,
830 2275 1033 2314 cujuscumque
1041 2277 1166 2316 generis,
1182 2276 1242 2315 spe-

172 2314 248 2352 ciei,
264 2321 309 2344 aut
324 2312 497 2344 conditionis
516 2313 650 2352 existant,
668 2322 715 2345 aut
734 2315 833 2353 quovis
846 2315 984 2352 nomine,
1000 2314 1046 2345 seu
1066 2314 1211 2345 vocabulo
1228 2323 1245 2346 a

172 2350 626 2422 ffl‘eaiuffi'ssusvssss5035sueffisse
642 2353 848 2422 ”ffssffieiff‘mfsss
866 2361 902 2422 ‘52‘
928 2353 1059 2422 ‘ssfflffisfl'i
1070 2352 1244 2423 affluo,

175 2402 264 2462 exueis
275 2401 370 2469 ‘posset
385 2401 480 2462 venipre
486 2414 508 2470 ,³
513 2430 560 2461 vel
575 2430 602 2461 se
608 2401 711 2469 ajiRJare
719 2403 739 2470 ,¹
747 2401 979 2475 dzsendgrefvel
992 2414 1077 2461 tueri’:
1192 2401 1245 2430 qua

214 2468 320 2501 Volens
334 2469 368 2500 &
386 2470 545 2500 concedens
561 2469 636 2508 quod
654 2475 828 2509 quaecunque
845 2477 983 2508 rationes,
1000 2469 1196 2508 exceptiones,
1213 2469 1248 2502 δε

173 2506 362 2546 defensiones,
379 2508 423 2539 seu
436 2507 642 2546 impedimenta
653 2509 760 2547 aliqua,
776 2508 821 2539 vel
833 2507 945 2546 aliquod
957 2508 1179 2548 praedictorum,
1207 2519 1250 2540 uae

199 2545 288 2578 ostent
305 2548 418 2584 reperiri
435 2547 471 2577 de
487 2547 568 2585 jure,
585 2546 648 2586 usu,
666 2548 711 2578 vel
729 2547 949 2585 consuetudine,
965 2555 1000 2577 ex
1015 2547 1134 2586 quibus,
1157 2558 1193 2580 ve
1220 2558 1250 2579 a-

177 2557 197 2616 li
218 2586 314 2623 uibus,
331 2586 377 2616 seu
399 2585 493 2624 aliquo
515 2594 549 2616 ex
572 2585 651 2625 ipsis,
666 2585 777 2624 possent
795 2586 883 2624 aliqua
898 2585 934 2616 de
953 2585 1098 2623 praemissis
1114 2585 1249 2625 infringi,

177 2624 257 2663 toli,
274 2625 319 2655 vel
334 2623 463 2662 anullari,
481 2624 632 2655 habeantur
650 2625 698 2656 hic
718 2634 772 2663 pro
790 2622 919 2662 expreffis
932 2624 966 2655 δε
981 2623 1162 2663 specificans,
1180 2635 1213 2656 ac
1230 2625 1251 2655 fi

179 2663 317 2703 sigillatim
331 2663 364 2694 &
379 2662 530 2701 specialiter
546 2661 632 2694 essent
650 2664 806 2694 nominatae
820 2664 853 2694 &
868 2661 1009 2700 expreffae.

219 2702 333 2741 Qibus
344 2701 479 2732 omnibus
495 2710 665 2732 memoratus
689 2701 816 2741 Comes,
841 2701 1009 2733 certificatus
1031 2700 1067 2731 de
1087 2702 1172 2732 omni
1189 2700 1252 2740 jure

174 2740 248 2780 -suo,
265 2748 295 2771 ut
310 2740 395 2784 dixit,
413 2739 537 2779 expreffe
550 2742 740 2779 renunciavit3
756 2740 854 2772 nolens
867 2739 895 2786 se
910 2738 988 2782 poste
1003 2741 1044 2771 uti
1060 2739 1210 2784 praedictis.

221 2780 241 2800 ²*
255 2778 306 2817 Et,
324 2779 343 2810 fi
357 2779 445 2818 aliqua
456 2778 622 2818 deficerent,
641 2779 687 2810 vel
703 2778 812 2818 poss'ent
827 2778 909 2816 addi,
925 2787 971 2810 aut
989 2778 1106 2817 suppleri
1121 2788 1173 2817 pro
1188 2789 1254 2810 cor-

185 2818 365 2848 roboratione
377 2818 411 2849 &
424 2818 537 2849 utilitate
552 2817 775 2858 praemifforum,
794 2818 830 2849 ad
845 2817 994 2849 utilitatem
1011 2819 1044 2849 &
1062 2817 1255 2848 commodum

187 2856 395 2893 praemifforum
408 2855 639 2895 assecuratorum,
656 2857 767 2894 poffent
789 2856 853 2887 addi
876 2857 910 2887 &
924 2855 1058 2894 suppleri,
1084 2855 1119 2887 ad
1142 2856 1256 2895 requisi-

187 2895 298 2925 tionem
314 2894 399 2926 dietae
416 2894 555 2926 Dominae
568 2917 578 2934 ,
603 2905 670 2926 cum
688 2894 815 2926 Confilio
829 2895 983 2934 sapientum
998 2918 1008 2934 ,
1029 2895 1175 2926 substantia
1194 2902 1255 2925 non

187 2940 302 2963 mutata.

224 2972 298 3002 Ac'ta
315 2969 425 3002 flierunt
439 2971 504 3003 haec
526 2973 556 3002 in
573 2972 716 3011 praesentia
733 2972 844 3004 discreti
863 2972 925 3003 Viri
943 2971 1060 3003 Arnaldi
1076 2971 1113 3002 de
1130 2970 1255 3012 Beyrhae,

186 3009 422 3041 Locumtenentis
436 3009 579 3047 Praepofiti
603 3011 698 3042 Sancti
716 3011 814 3042 Severi
830 3024 836 3029 ·
892 3012 921 3041 ui
947 3011 1161 3041 Locumtenens
1174 3033 1185 3049 ,
1208 3020 1257 3041 au-

185 3048 329 3092 ctoritate,
353 3048 387 3079 &
412 3057 446 3092 ex
473 3055 549 3092 parte
574 3047 697 3092 Domini
713 3035 863 3088 Edwardi,
913 3048 939 3080 ei
955 3049 1043 3089 gratia
1086 3048 1175 3085 Regis
1193 3048 1256 3079 An-

184 3087 272 3130 gliaej,
290 3087 324 3118 &
342 3085 520 3124 Aequitaniae
547 3085 658 3130 Ducis,
682 3087 718 3117 ad
735 3089 942 3126 requisitionem
958 3087 1030 3118 dieti
1048 3071 1172 3117 Domini
1191 3086 1256 3117 Co-

187 3132 264 3155 mitis
277 3124 362 3163 Fuxi,
377 3125 410 3156 &
421 3125 508 3155 dierae
523 3123 665 3155 Dominae
680 3125 782 3156 Matris
798 3125 869 3164 suae,
886 3127 919 3157 ὃς
937 3127 1057 3157 aliorum
1074 3125 1255 3156 Domicello-

187 3172 253 3193 mm
269 3163 445 3201 praesentium
462 3162 681 3202 praediCtorum,
697 3164 894 3195 auctoritatem
914 3164 990 3195 suam
1008 3163 1173 3202 interposuit
1189 3174 1256 3194 om-

187 3201 271 3232 nibus
294 3201 327 3232 ὃ(
344 3201 454 3240 singulis
477 3202 505 3232 su
527 3201 636 3232 radietis
652 3211 658 3231 :
687 3201 724 3233 Et
739 3213 772 3233 ea
789 3203 886 3233 omnia
903 3203 937 3234 &
954 3202 1058 3242 singula
1072 3202 1255 3242 approbavit,

186 3237 380 3284 confirmavit,
397 3240 430 3270 &
444 3212 608 3285 ratifisscavit3
625 3241 659 3272 &
674 3242 809 3279 praecepit
823 3241 906 3272 dietis
921 3242 1043 3279 partibus
1058 3240 1136 3284 quod
1152 3251 1185 3272 ea
1199 3241 1256 3271 ser-

187 3285 256 3309 vent
271 3277 466 3309 mvrolabiliter
476 3279 509 3310 ὃς
522 3278 624 3317 illaese‚
638 3288 722 3317 prout
741 3279 801 3311 sunt
821 3279 972 3320 promissa,
990 3281 1023 3311 ὃς
1036 3280 1204 3318 aflecurata,
1221 3280 1254 3311 δε

188 3324 321 3347 contenta
336 3317 366 3345 in
380 3316 438 3347 hoc
453 3317 580 3355 praefenti
594 3318 711 3355 publico
722 3317 922 3349 Instrumento.

225 3354 335 3385 Adtum
354 3355 387 3398 in·
400 3353 481 3398 loco,
504 3364 608 3386 vocato
624 3355 774 3393 vulgariter
790 3356 826 3387 de
844 3357 949 3388 Saneto
967 3356 1111 3388 Michaele
1132 3356 1168 3387 de
1186 3355 1256 3388 Cra-

189 3391 242 3423 stes
259 3394 290 3423 in
306 3392 461 3423 Territorio
474 3393 507 3424 &
521 3393 712 3432 jurisdictione
730 3394 823 3426 Castri
840 3396 873 3426 &
891 3395 974 3426 Villae
992 3395 1028 3426 de
1046 3395 1123 3426 Bona
1141 3395 1255 3435 Garda,

189 3431 315 3462 Domini
332 3430 423 3461 Ducis
441 3431 598 3469 Aquitaniae
615 3432 744 3470 praedieii
759 3456 770 3473 ,
796 3443 844 3465 21.
863 3433 911 3465 die
930 3435 1046 3465 introitu
1071 3434 1170 3465 mensis
1187 3434 1258 3473 Sep-

191 3470 324 3509 tembris,
342 3470 429 3500 Anno
446 3468 570 3500 Domini
589 3480 675 3511 1312.

196 3559 200 3561 >
228 3546 382 3584 Regnante
398 3549 514 3576 Domino
531 3546 649 3587 Philippo
666 3551 734 3587 Rege
751 3552 892 3587 Franciae;

199 3604 201 3606 -
228 3587 346 3615 Domino
362 3585 506 3615 Edwardo
523 3587 591 3622 Rege
608 3587 739 3627 Angliae,
756 3591 832 3618 Duce
851 3591 1053 3628 Aquitanniae3'

230 3625 264 3653 R.
283 3623 402 3654 Abbate
418 3625 512 3655 Sancti
529 3626 651 3662 severii,

555 3699 654 3732 Testes
671 3701 750 3742 hujus
765 3704 805 3734 rei
821 3702 896 3743 simt,

235 3780 367 3810 Dominus
384 3782 470 3810 Bern.
493 3779 525 3809 de
542 3778 660 3819 Burofflo
677 3777 752 3808 miles
762 3800 773 3819 ,

233 3820 413 3855 Berengarius
431 3819 464 3848 de
481 3817 612 3857 Aurifio,

233 3857 379 3887 Arnaldus
397 3857 428 3886 de
446 3856 574 3896 Aurifio,

234 3896 294 3925 Odo
311 3896 343 3925 de
361 3896 499 3933 Sediraco,
517 3893 673 3924 Domicelli.

205 3947 210 3951 ·
237 3934 320 3962 Bern.
337 3937 414 3963 Wuu.
433 3934 464 3962 de
480 3933 587 3965 Abbia.
605 3932 730 3972 Juratus
748 3928 786 3966 ῤ’
801 3933 918 3969 Burgen.
937 3935 1044 3969 Cortex,

237 3970 370 4011 Magister
389 3971 536 4001 Menala'us
553 3973 586 4002 de
602 3971 736 4012 Castetino
752 3972 820 4001 Can.
837 3970 952 4008 Jaccen.

207 4022 212 4026 ·
240 4010 372 4039 Dominus
391 4009 555 4040 Guillielmus
573 4013 689 4052 Sequerii
706 4012 809 4047 Legum
827 4009 946 4048 Dotion,

239 4046 337 4076 Petrus
352 4048 498 4086 Reymundi
515 4048 670 4090 Inolmeril,
687 4051 768 4081 Cives
784 4045 880 4085 Thale,

277 4084 349 4116 nm.
367 4087 409 4116 ΙΙ.
427 4088 461 4118 P.
475 4087 502 4119 Ῐ.

2251 162 2304 206 43

1279 235 1456 274 Randulphus
1474 237 1506 265 de
1522 235 1673 274 Drulheto,
2328 229 2459 272 AmMDa,

1279 273 1378 303 Vitalis
1395 274 1572 312 Sabaterius‚
1590 272 1735 312 Burgenser
1752 274 1845 304 SanHi
1862 275 1982 310 SeverH,
2288 306 2291 309 Ι
2348 284 2434 315 13¹3·

1277 311 1410 350 Magister
1433 315 1582 341 Garnerius
1606 314 1682 341 Petri
1705 313 1737 341 de
1761 311 1900 341 Asarnilla
1926 312 2061 340 Notarius
2077 308 2250 351 Tholofiznae,
2267 310 2305 347 ὠ·
2329 316 2437 342 Edva„

1345 354 1434 380 Curia-²
1452 349 1536 386 Sigilli
1552 350 1705 387 Senesc'alli,
1726 350 1764 384 &o
1782 353 1895 380 Wcariae
1911 348 2074 389 Tholosanae.

1281 388 1413 457 Maggstjr
1428 387 1596 455 qullielmus
1614 390 1646 417 de
1664 388 1776 427 Beosta,
1795 391 1930 419 Notarius
1948 391 2035 419 Curiae
2055 391 2171 418 Bearnii
2183 411 2194 428 ,
2217 386 2256 424 ῤ’
2272 389 2305 418 de

1364 436 1434 456 ava
1472 437 1545 455 erra.

1282 503 1318 534 Et
1335 510 1411 541 ego,
1425 502 1545 541 Julianus
1558 501 1683 540 Denfus,
1701 502 1834 533 Publicus
1847 503 1943 533 Sanffl
1958 503 2061 534 Severii
2072 502 2226 542 Notarius,
2239 512 2310 543 prce3¹

1243 541 1327 572 dietis
1342 542 1468 578 interfui,
1491 541 1542 578 &,
1559 541 1592 570 ad
1606 541 1811 578 requisitionem
1826 541 1963 572 Dominae
1985 541 2164 581 Comitissoe,
2184 543 2310 573 Domini

1245 579 1388 618 Comitis,
1405 581 1439 611 &
1454 579 1683 609 Domicellorum
1698 579 1898 616 praedic‘torum
1908 602 1916 617 ,
1934 591 1967 609 ac
1984 580 2020 610 de
2034 581 2165 611 mandato
2181 583 2311 619 praedicti

1245 617 1361 650 Arnaldi
1377 618 1412 648 de
1425 618 1550 656 Beyries,
1570 617 1681 647 Locum
1693 617 1809 647 tenentis
1824 617 1969 654 Praepositi
1979 620 2073 650 Sancti
2087 620 2191 651 Severii
2207 620 2311 658 praedi-

1247 657 1304 695 (sti,
1321 656 1454 694 praediCta
1478 656 1577 685 omnia
1596 655 1659 685 mea
1682 665 1767 684 manu
1790 657 1899 692 propria
1918 656 2025 695 scripsi,
2050 659 2190 696 publicavi
2208 662 2238 690 in
2257 660 2314 690 hoc?

1246 695 1363 734 publico
1380 694 1586 732 Instrumento,
1603 702 1725 731 meoque
1741 692 1820 722 solito
1838 694 1943 730 signavi
1963 697 2050 732 ligno.

1284 734 1318 764 In
1335 732 1528 764 testimonium
1547 730 1753 769 praemissorum
1772 738 1822 760 nos
1841 730 1980 769 praemisilz
1993 755 2002 770 ‚
2026 736 2120 766 omnia
2139 737 2171 767 &
2191 736 2229 766 sin
2253 732 2314 775 ula,

1249 779 1442 810 acceptantes,
1459 771 1613 808 laudantes,
1632 770 1665 800 ὃς
1687 769 1886 812 approbantes,
1904 769 1937 799 ad
1960 772 2094 808 majorem
2117 774 2201 805 fidem
2274 783 2314 805 te«r

1249 811 1418 841 stimonium
1431 809 1598 840 eorumdem
1611 807 1728 847 praesens
1746 806 1877 845 scriptum
1896 808 1976 846 figilli
1994 810 2081 840 nostri
2099 814 2258 844 munimine
2273 812 2315 843 fed

1248 850 1340 881 cimus
1351 849 1536 879 communiri.

1287 887 1356 918 Dat.
1375 886 1514 917 Pontisare
1527 894 1575 925 27.
1592 885 1639 916 die
1652 884 1746 924 Junii,
1764 884 1851 915 Anno
1866 883 1993 915 Domini
2009 895 2093 927 1313.

1290 963 1356 996 Nos
1370 972 1461 995 autem
1471 987 1481 1002 ,
1498 962 1532 994 ad
1548 962 1754 1001 requisitionem
1769 961 1987 1000 praedictorum,
2005 961 2127 994 Comitis
2141 964 2318 998 &Comitiss

1253 1004 1304 1041 sae,
1323 1002 1462 1042 praemiffa
1478 1003 1579 1032 omnia
1593 1002 1626 1032 ὃς
1641 1000 1745 1037 singula
1755 1023 1764 1038 ‚
1781 1002 1812 1034 in
1825 1000 1926 1039 scripto
1940 1001 2077 1038 praediero
2086 1011 2235 1043 contenta,
2254 1016 2318 1043 gra-³

1252 1050 1280 1073 ta
1296 1043 1421 1079 gerimus
1434 1042 1467 1072 &
1481 1049 1613 1079 accepta,
1630 1049 1664 1069 ac
1675 1049 1722 1076 ea,
1742 1040 1876 1081 quantum
1892 1041 1921 1069 in
1933 1040 2016 1070 nobis
2030 1039 2086 1078 est,
2105 1041 2317 1075 confirmamus:

1255 1080 1351 1111 nostro
1367 1081 1401 1111 ὃς
1414 1079 1504 1110 alieno
1520 1080 1548 1108 in
1565 1078 1698 1108 omnibus
1717 1078 1776 1115 jure
1796 1077 1886 1115 salvo,
1904 1079 1937 1109 ὅ(
1952 1079 1987 1108 ita
2001 1079 2097 1118 quod,
2115 1080 2134 1109 si
2157 1082 2187 1110 in
2207 1081 2320 1113 Ducam

1255 1119 1413 1158 praedieto,
1429 1117 1474 1149 vel
1488 1117 1553 1147 alibi
1567 1118 1679 1146 interris
1692 1116 1807 1153 nostris,
1824 1117 1969 1147 occasione
1978 1117 2204 1158 praemissorum,
2220 1122 2323 1157 cogni*

1256 1160 1363 1188 tlonem
1378 1156 1424 1187 vel
1439 1157 1636 1187 executionem
1656 1154 1713 1185 fieri
1729 1156 1895 1193 contigerit,
1912 1157 2044 1192 cognitio
2069 1157 2103 1189 &
2122 1160 2251 1190 executio
2270 1159 2321 1190 hu·

1254 1195 1378 1237 jusmodi
1391 1194 1457 1226 fiant
1470 1205 1519 1233 per
1535 1193 1644 1224 nostros
1656 1193 1802 1224 Officiales
1816 1194 1849 1225 ὃς
1862 1193 2020 1225 Ministros.

1296 1272 1331 1305 In
1349 1272 1426 1311 cujus
1434 1295 1444 1311 ,
1460 1273 1522 1304 &c⁸

1299 1350 1366 1381 Dat.
1385 1349 1458 1389 apud
1474 1348 1608 1381 Pontisar.
1627 1357 1674 1390 29.
1689 1349 1734 1380 die
1743 1349 1829 1389 junii„

1261 1523 1310 1555 De
1328 1518 1467 1568 potestate
1488 1516 1636 1562 commiffiz
1656 1515 1894 1548 parliamentum
1905 1514 2082 1560 inchoandi,
2107 1520 2184 1564 Rege
2203 1516 2329 1564 absente·

1265 1606 1344 1664 RE
1353 1604 1383 1635 X
1402 1604 1431 1635 V
1432 1603 1615 1635 enerabilibus
1626 1603 1656 1631 in
1671 1597 1787 1644 Christo
1802 1600 1943 1639 Patribus,
1957 1601 1984 1640 J.
1999 1601 2189 1634 Barthonienfi
2203 1604 2236 1636 &
2249 1603 2336 1636 Wel-
2356 1611 2431 1643 Αῃῃ,
2447 1611 2486 1643 D,

1338 1644 1421 1682 lensi,
1439 1643 1472 1674 ὃς
1492 1643 1546 1673 W.
1561 1641 1779 1685 Wygornienli‚
1797 1639 1898 1669 eadem
1916 1639 2020 1679 gratia,
2035 1640 2196 1685 Episcopi&
2214 1644 2247 1674 &
2265 1643 2335 1674 dile·
2380 1660 2431 1691 13¹
2458 1675 2464 1681 ,

1267 1682 1319 1714 &is
1341 1684 1375 1714 δε
1396 1681 1523 1712 fidelibus
1542 1679 1610 1718 sui-5,
1628 1678 1761 1708 Gilberto
1780 1677 1815 1707 de
1833 1677 1935 1716 Clare,
1953 1677 2063 1709 Comici
2088 1679 2279 1712 Gloucestriae
2301 1683 2335 1713 δὲ
2358 1659 2453 1718 Am&²

1267 1721 1447 1752 Herefordiae
1460 1720 1587 1758 Nepoti,
1604 1718 1638 1749 δε
1649 1716 1828 1761 Ιοὴρηηίιάε
1849 1716 2006 1756 Britannia,
2024 1717 2138 1749 Comiti
2157 1720 2337 1752 Richemon-
2360 1733 2390 1756 E.
2409 1739 2436 1755 2,

1266 1761 1323 1791 diae
1339 1759 1573 1799 Consanguineo,
1589 1757 1640 1787 suis
1654 1754 1824 1799 karissimis,
1832 1754 1953 1786 salutem.
1971 1794 1976 1799 ἢ
2360 1767 2456 1795 Par.6.

1307 1798 1354 1829 De
1370 1798 1468 1829 vestrae
1481 1797 1615 1827 fidelitatis
1629 1793 1882 1832 circumspeehone
1896 1793 2016 1832 provida
2030 1794 2144 1832 plenam
2157 1797 2188 1827 in
2205 1796 2340 1829 Domino
2364 1809 2420 1833 Ea..
2428 1811 2455 1842 p.
2465 1811 2491 1832 ρ.

1269 1837 1401 1868 fiduciam
1415 1836 1588 1874 optinentes,
1605 1833 1640 1865 ad
1655 1832 1847 1863 inchoandum
1861 1833 1894 1863 &
1903 1833 2127 1876 continuandum
2163 1838 2281 1867 nomine
2289 1847 2342 1867 no·
2364 1853 2400 1872 m.
2411 1852 2437 1880 3.

1270 1877 1327 1908 stro
1360 1875 1596 1911 parliamentum,
1615 1872 1691 1911 quod
1705 1879 1811 1915 nuper,
1828 1879 1891 1901 ante
1908 1869 2063 1915 passagium
2083 1882 2122 1902 no
2161 1884 2211 1905 um
2227 1874 2260 1905 ad
2279 1885 2341 1913 par-

1270 1925 1311 1947 tes
1328 1899 1473 1952 l÷ranciae,
1497 1913 1531 1944 ad
1553 1911 1700 1942 instantem
1718 1910 1889 1948 quindenam
1910 1909 2072 1940 Nativitatis
2091 1911 2190 1943 Sancti
2207 1913 2344 1952 johannis

1271 1953 1420 1992 Baptistae,
1436 1952 1509 1990 apud
1522 1947 1811 1981 Westmonasterium
1824 1948 1994 1992 tenendum,
2012 1947 2132 1980 fecimus
2152 1950 2343 1992 summoneri,

1273 1993 1293 2024 fi
1315 1992 1404 2030 forte,
1422 1990 1516 2029 aliquo
1539 1989 1602 2021 casu
1624 1988 1829 2025 contingente,
1848 1997 1905 2025 quo
1933 1997 2026 2017 minus
2050 1988 2226 2020 inchoationi
2241 1990 2345 2023 Parlia-

1273 2032 1370 2101 {nentail
1386 2028 1566 2105 personalggelr·
1581 2025 1715 2072 'intereffe
1741 2024 1892 2064 poffimus,
1909 2022 2060 2064 fuerimus,
2084 2027 2160 2065 quod
2185 2029 2271 2068 abfit,
2295 2038 2345 2068 per

1293 2071 1332 2101 ies
1371 2070 1379 2098 i
1400 2078 1448 2099 uos
1460 2069 1502 2097 im
1558 2074 1604 2097 iti·

1314 2079 1433 2138 *Vglbis
1446 2106 1550 2144 tribus,
1567 2089 1613 2135 ve]
1631 2102 1740 2134 duobus
1760 2101 1887 2134 vestrum
1894 2101 2025 2141 plenam,
2043 2109 2138 2135 tenore
2151 2103 2328 2143 praesentium
2333 2117 2345 2146 ;

1277 2145 1464 2177 Comittimus
1477 2142 1653 2183 potestatem:

1314 2184 1380 2216 Nos
1391 2191 1486 2215 autern
1501 2190 1558 2214 rata
1569 2180 1735 2213 habebimus
1745 2180 1779 2212 &
1794 2188 1909 2219 accepta
1925 2190 1972 2219 ea,
1989 2190 2052 2219 quae
2065 2190 2114 2222 per
2127 2192 2197 2221 vos,
2214 2189 2268 2216 tres
2277 2206 2287 2223 ,
2302 2182 2348 2217 vel

1278 2223 1348 2256 duos
1361 2220 1504 2261 vestrum,
1521 2221 1640 2252 nomine
1652 2218 1767 2258 nostre,
1784 2218 1842 2250 fieri
1858 2220 2010 2258 contigerit
2026 2221 2057 2250 in
2071 2222 2225 2260 praemiffis.

2384 2105 2404 2127 ’ἓ
2425 2105 2483 2135 1110·

2401 2152 2470 2185 4²3·

1315 2300 1349 2332 In
1362 2301 1457 2339 cujus,
1473 2300 1534 2331 &c.

1321 2376 1430 2409 Datum
1442 2375 1516 2416 apud
1531 2373 1722 2413 Pontisaram,
1738 2374 1834 2412 primo
1848 2372 1894 2404 die
1901 2369 1978 2412 julii.

1761 2453 1814 2481 Per
1833 2453 1927 2480 Breve
1944 2450 1977 2480 de
1987 2453 2103 2489 privato
2122 2449 2220 2490 sigillo.

1284 2529 1362 2593 ET
1379 2530 1544 2564 mandatum
1561 2529 1601 2562 est
1626 2527 1869 2567 Archiepiscopis,
1895 2526 2053 2566 Episcopis,
2068 2527 2248 2573 *Comitib'us-

1909 2583 1954 2590 --
1973 2566 2141 2605 Batonibus,
2161 2567 2356 2606 Mihtibus,&

1286 2610 1422 2641 omnibus
1436 2608 1494 2640 aliis
1507 2607 1633 2639 fidelibus
1646 2606 1685 2637 R.
1699 2606 1733 2637 ad
1749 2605 1851 2636 instans
1870 2604 2090 2636 Parliamentum
2112 2605 2152 2636 R.
2169 2606 2241 2643 apud
2257 2605 2355 2637 West-

1287 2648 1489 2681 monasterium
1512 2646 1664 2677 tenendum
1689 2646 1885 2682 conventuris,
1908 2644 1983 2683 quod
2004 2644 2122 2683 eisdem,
2138 2644 2285 2682 Episcopis
2320 2644 2356 2675 &

1288 2687 1471 2725 Comitibus,
1487 2686 1588 2723 tribus,
1607 2684 1652 2716 vel
1669 2684 1779 2714 duobus
1791 2693 1890 2726 eorum
1899 2705 1908 2720 ,
1926 2682 2009 2721 usque
2022 2682 2173 2726 adventum
2187 2682 2225 2712 R.
2240 2682 2274 2713 ad
2288 2667 2356 2713 par-

1288 2727 1456 2758 liamentum
1482 2723 1650 2762 praediCtum
1665 2745 1675 2762 ,
1700 2723 1748 2769 qui
1766 2722 1818 2751 erit
1835 2731 1864 2751 in
1882 2721 1983 2759 brevi,
2010 2720 2142 2751 Domino
2164 2720 2357 2758 concedente,

1289 2775 1359 2797 cum
1369 2765 1453 2796 omni
1468 2762 1652 2801 Festinantia,
1670 2771 1727 2800 qua
1739 2760 1799 2791 fieri
1811 2760 1930 2798 poterit,
1949 2759 2027 2790 bono
2042 2760 2150 2798 modo,
2167 2761 2198 2790 in
2211 2758 2357 2798 praemiffis

1290 2811 1402 2843 pareant
1418 2804 1452 2835 &
1465 2801 1617 2833 intendant.

1569 2583 1755 2592 ..——-v———·

1328 2879 1362 2912 In
1375 2880 1469 2919 cujus,
1485 2879 1547 2910 &c.

1328 2960 1396 2993 Dat.
1414 2968 1445 2991 ut
1461 2958 1546 2998 supra.

1294 3093 1388 3125 Carta
1409 3088 1594 3137 induigentiae
1605 3097 1660 3134 pro
1680 3086 1870 3132 Seneftallis‚
1896 3086 2013 3131 Bajulis
2025 3113 2034 3128 ‚
2057 3083 2256 3131 Majoribus‚
2284 3078 2361 3128 Offi-

1335 3137 1481 3181 cialibus,
1504 3133 1709 3171 servientibus
1723 3162 1734 3180 ‚
1757 3138 1793 3174 ὠ
1810 3132 1943 3181 fhbditis
1966 3138 2052 3182 Regis
2076 3133 2191 3179 Angliae
2208 3155 2219 3172 ‚
2252 3134 2361 3166 Duca-

1336 3199 1384 3222 tus
1409 3189 1594 3234 Aquitania.

1291 3270 1370 3332 PH.
1388 3269 1448 3305 Dei
1463 3271 1569 3317 gratia,
1586 3270 1759 3315 Francorum
1774 3269 1847 3300 Rex.
1913 3301 1927 3314 ῃ,
2125 3305 2131 3312 ι
2183 3313 2185 3315 Ι
2316 3303 2325 3312 ⁸
2380 3272 2456 3305 Am·
2471 3269 2514 3304 DJ

1368 3313 1485 3344 Notum
1499 3312 1615 3343 facimus
1628 3309 1784 3352 universis,
1796 3306 1976 3352 praesentibus
1992 3306 2026 3338 &
2048 3305 2161 3345 futuris,
2179 3304 2273 3345 quod,
2290 3312 2358 3335 cum
2402 3321 2488 3352 1313·

1292 3351 1364 3383 olim
1378 3351 1413 3383 ad
1428 3361 1504 3382 aures
1519 3350 1641 3386 nostras,
1657 3347 1838 3378 Officiahum
1851 3347 1885 3377 &
1899 3345 2073 3377 subditorum
2089 3344 2269 3381 nostrorum,
2286 3352 2357 3379 prae-
2378 3355 2431 3379 An.
2449 3353 2475 3379 6.

1292 3401 1374 3429 cipue
1395 3388 1586 3429 quorumdam
1610 3385 1825 3424 appellantium,
1849 3385 1907 3415 tam
1930 3383 2058 3415 Ducatfis
2083 3383 2254 3426 Aquitaniae‚
2273 3381 2358 3418 quam
2378 3394 2408 3420 E.
2427 3396 2454 3416 2,

1291 3431 1447 3462 vicinarum
1463 3428 1600 3466 partium,
1618 3423 1735 3462 clamosa
1749 3424 1877 3462 frequens
1890 3423 2035 3453 insinuatio
2046 3421 2204 3460 perduxerit
2216 3419 2360 3449 nonnullas
2379 3432 2419 3455 Ex
2433 3430 2496 3455 Au.-

1293 3467 1512 3504 inobedientias,
1532 3463 1697 3496 commissas
1711 3471 1811 3493 contra
1825 3472 1878 3492 nos
1900 3461 1934 3492 &
1953 3461 2043 3499 ipsos,
2061 3469 2157 3502 graves
2175 3459 2209 3501 ὃς
2230 3467 2358 3502 enormen
2377 3474 2441 3503 togr.

1291 3508 1417 3546 injurias,
1440 3504 1602 3543 violentias,
1620 3502 1756 3539 dampna,
1782 3502 1816 3531 &
1834 3498 2120 3542 gravamina,-nobis
2142 3496 2255 3541 acypsis
2271 3496 2360 3541 illata,
2380 3509 2450 3533 Penes
2458 3505 2515 3536 045

1292 3543 1465 3582 homicidia,
1483 3551 1589 3580 raptus,
1608 3540 1759 3577 incendia,
1777 3539 1810 3569 δε
1823 3540 1943 3576 rapinas,
1981 3537 2134 3578 lurimaque
2152 3534 2205 3578 alia
2225 3533 2361 3565 maleficia
2380 3552 2474 3572 meras»,

1293 3583 1375 3615 fuisse
1389 3590 1540 3621 perpetrata
1557 3589 1607 3619 per
1621 3578 1802 3614 Senescallos,
1820 3576 1943 3614 Bajulos‚
1998 3585 2010 3603 a
2022 3583 2096 3616 ores,
2115 3571 2314 3616 Officialesque
2332 3584 2362 3617 ³7

1294 3623 1365 3661 lios,
1379 3622 1524 3652 servientes
1538 3619 1572 3650 ὃς
1586 3617 1708 3649 subditos
1721 3615 1854 3647 cariffimi
1870 3614 1929 3656 Filii
1948 3613 1981 3642 &
2019 3611 2086 3641 delis
2106 3610 2210 3650 nostri,
2229 3611 2362 3648 Edwardi

1296 3660 1387 3697 Regis
1400 3659 1515 3697 Angliae
1526 3657 1635 3688 illustris
1644 3679 1654 3694 ,
1673 3655 1764 3685 Ducis
1778 3654 1952 3696 Aquitaniae:

1333 3699 1420 3736 Super
1444 3698 1560 3736 quibus,
1576 3696 1619 3726 seu
1641 3702 1742 3724 eorum
1759 3690 1909 3732 aliquibus,
1928 3695 2020 3718 certos
2039 3684 2179 3732 processus
2196 3696 2244 3731 per
2267 3687 2363 3719 Com..

1296 3736 1431 3767 missarios
1452 3735 1578 3772 nostros,
1603 3740 1714 3770 propter
1733 3730 1788 3759 hoc
1812 3730 1840 3757 in
1858 3727 1961 3757 eisdem
1979 3726 2101 3763 partibus
2118 3725 2230 3757 diverlis
2254 3728 2366 3763 vicibus

1296 3775 1446 3806 destinatos
1459 3784 1473 3803 a
1486 3773 1585 3809 nobis,
1604 3771 1663 3800 sieri
1678 3767 1868 3798 mandavimus
1904 3764 1939 3795 ad
1952 3763 2095 3794 sciendum
2115 3764 2135 3794 fi
2156 3764 2241 3795 delata
2263 3766 2364 3804 nobis,

1297 3823 1327 3845 ut
1340 3813 1515 3852 praedicitur,
1532 3820 1597 3840 vera
1612 3807 1713 3843 essent,
1731 3805 1765 3835 &
1779 3788 1985 3842 provid'endum
1999 3802 2076 3841 super
2096 3802 2150 3833 hiis
2165 3813 2215 3841 per
2227 3804 2305 3835 viam
2327 3804 2365 3833 ri-

1299 3853 1374 3890 goris
1382 3849 1510 3889 justitiae,
1527 3847 1573 3879 vel
1588 3845 1650 3876 alias
1663 3852 1693 3874 ut
1706 3842 1830 3886 deceret:
1922 3880 1927 3886 .
2027 3879 2032 3884 ι
2083 3880 2089 3885 -
2192 3880 2198 3887 ι
2223 3880 2228 3885 ⁸
2265 3880 2270 3886 ι

1337 3887 1560 3927 Et,occas10ne,
1568 3885 1613 3915 seu
1627 3891 1660 3912 ex
1673 3881 1755 3912 causa
1766 3880 1907 3911 dietarum
1919 3878 2366 3918 inobedientiarumflnjuriarum,

1300 3928 1495 3961 violentiarum
1511 3945 1522 3962 ,
1548 3921 1748 3953 maleficiorum
1761 3941 1771 3957 ,
1794 3920 1827 3949 &
1851 3918 1971 3949 aliorum
1989 3917 2190 3957 praedictorum
2202 3941 2212 3956 ,
2237 3918 2366 3964 praefatus

1301 3967 1372 3998 Dux
1386 3967 1415 3996 in
1432 3962 1631 3994 forefaeruram
1647 3967 1778 3990 terrarum
1798 3957 1905 3988 suarum
1926 3957 1971 3988 vel
1983 3965 2101 3994 poenam
2116 3957 2216 3995 aliam,
2232 3956 2360 3992 <fierique

1301 4002 1463 4040 Senescalli,
1481 3999 1582 4038 Bajuli,
1600 3997 1742 4036 Majores,
1760 3995 1924 4034 Officiales,
1940 3995 2114 4033 Servientes,
2131 3995 2164 4026 &
2186 3993 2287 4025 subditi
2302 3993 2365 4023 Du-

1302 4045 1343 4075 cis
1357 4041 1497 4081 ejusdem,
1513 4040 1543 4071 in
1557 4036 1735 4069 consimilem
1747 4043 1881 4103 retiatum
1892 4033 2017 4072 suarum,
2033 4033 2078 4066 vel
2095 4042 2248 4072 corporum
2262 4029 2366 4099 ἱοτξξῖ-

1826 4082 1846 4102 2
2306 4090 2324 4098 w
2356 4082 2369 4090 n
