2562 4279
215 141 295 177 160

62 222 139 253 Ann.
155 219 196 251 D.
213 221 293 259 super
314 220 378 250 Hiis
393 243 402 257 ,
433 219 573 250 consuetae
602 217 703 247 vestrae
726 215 935 247 Moderationis
956 214 1115 245 Arbitrium
1138 212 1276 244 insinuare

78 264 165 299 {1337
214 259 343 297 dignetur
361 259 490 288 Summae
504 257 603 287 vestrm:
618 255 805 286 Praeiidenriae
821 254 998 285 Sanffirudo.

251 297 409 327 Conservet
430 306 481 326 vos
504 295 676 332 Altiss'imus,
694 293 728 324 ad
749 293 895 333 Regimen
915 291 1049 323 Ecclesiae
1070 290 1124 322 suae
1143 289 1274 328 Sanitate,

211 345 262 374 per
277 344 403 372 ten·pora
419 334 546 371 prospera
560 335 593 363 ὃς
605 333 746 369 longaeva.

249 374 316 404 Dat.
333 371 405 410 apud
419 371 545 402 Westm.
564 371 681 402 decimo
693 371 740 401 die
754 369 863 401 Martii.

60 301 128 328 Edu.
148 308 172 335 3.

368 495 458 527 Bulla
474 493 510 527 de
528 494 693 537 Provfionc
703 504 758 540 pro
776 491 904 536 Ecclesia
921 491 1116 534 Mrwicensi.

59 583 189 616 Αῃῃ,Ῑ),
211 577 419 640 ΒΕῃεάξᾶυε
441 578 544 624 Episco
565 589 597 610 us
610 602 620 618 ,
648 579 753 610 Servus
774 579 930 623 Servorum
960 575 1045 620 Dei,
1075 574 1218 607 carissimo
1243 573 1274 603 in

56 633 164 691 A1n33171.
209 617 407 696 Apoffffigrcri‘
421 617 515 687 {21:125
519 657 527 685 i
529 617 689 687 ἐὲἲέῑέἶο,
710 618 787 657 Regi
810 617 922 657 Angliae
944 614 1063 654 Illustri‚
1081 613 1222 650 Salutem,
1239 612 1273 644 &

55 706 85 728 E.
104 685 134 736 ⁵3.
163 684 169 690 ⁵
246 694 354 725 Gratiae
369 694 486 726 Divinae
502 694 678 734 Praemiurn,
695 696 729 726 &
749 694 935 736 Praeconium
955 692 1088 723 humanae
1106 689 1209 735 laudiS,
1226 699 1274 720 ac-

55 744 96 766 Ex
119 740 189 775 orig.
207 734 342 772 quiritur,
362 733 399 772 si,
416 743 466 771 per
484 734 627 765 Seculares
648 734 743 765 Princi
766 744 809 772 es,
828 733 1019 764 Eccieiiarum
1041 730 1166 774 Praelatis
1201 738 1275 766 prae-

55 780 81 806 in
102 780 185 806 Turri.
206 773 299 842 ἓεῑιξίςη
316 772 504 842 ΕεεΙεΓιἯυιῃ
518 772 730 805 Cathedralium
782 772 898 812 egimini
915 769 1148 806 Praefidentibus,
1165 751 1275 799 Plonor

228 821 243 841 e
266 819 317 842 itus
329 821 370 842 im
392 821 426 842 en
448 820 517 842 atur.

242 849 350 888 Nuper
365 822 501 888 siquidem
538 850 667 882 Ecclesia
678 850 880 887 Norwicenfi,
897 858 947 888 per
958 847 1089 891 obitum,
1107 846 1193 890 ¹³9¹?ae
1213 853 1275 889 rne-

205 890 321 927 moriae,
339 888 492 920 Willielmi
505 874 639 927 sipiscopi
653 888 850 920 Norwicensis
865 888 926 925 (qui
937 888 967 930 in
982 885 1173 930 P³U¹b½¹3¹11¹⁵
1195 883 1274 929 diem

207 927 305 959 clausit
320 929 492 965 extremum)
509 928 632 959 Pastoris
646 929 745 959 solatio
756 926 903 964 destituta,
922 924 1031 956 Dileeti
1054 924 1135 962 Filii,
1152 922 1274 960 Capitu-

208 966 270 997 lum
284 966 409 1004 ejusdem
423 966 575 1005 Ecclesiae,
595 966 745 997 Dilectum
762 965 864 996 Filium
874 988 883 1004 ,
900 964 1052 1008 Thomam
1063 963 1098 1007 de
1113 960 1274 1006 Hemhak,

211 1004 398 1036 Monachum
414 1006 495 1044 ipsius
510 1005 661 1042 Ecclesiae,
679 1004 796 1035 Ordinis
823 1004 919 1035 Sancii
948 1002 1107 1046 Benedieti,
1127 1011 1175 1046 per
1195 1009 1274 1045 yram

207 1044 422 1082 compromissi,
438 1044 621 1075 concorditer
635 1044 795 1084 elegerunt,
812 1044 860 1082 qui
879 1041 1038 1082 hujusmodi
1058 1039 1220 1078 Eleehoni,
1238 1038 1274 1070 de

205 1083 233 1113 se
249 1082 347 1120 faciae,
365 1082 514 1113 consensit.
1105 1119 1110 1124 ι
1214 1118 1218 1123 ,

244 1121 437 1152 Postmodum
452 1124 524 1152 vero
538 1131 609 1160 nos,
629 1121 788 1153 Vacatione
802 1119 965 1160 hujusmodi
977 1118 1125 1156 fidedignis
1145 1117 1275 1148 relatibus

205 1160 365 1197 ἰιπεΙΙεᾶἐ,
384 1161 527 1198 cupientes
542 1160 636 1191 eidem
650 1160 784 1192 Ecclesiae
795 1160 832 1190 de
844 1159 958 1199 ydoneo
971 1158 1119 1201 providere
1140 1156 1271 1200 Pastore,

205 1198 365 1235 hujusmodi
379 1198 535 1230 Electionis
549 1201 557 1229 i
578 1200 657 1238 nari,
675 1199 872 1230 Provisionem
885 1198 967 1236 ipsius
981 1196 1134 1241 Ecclesiae,
1150 1195 1184 1225 exi
1198 1204 1273 1233 vice,

206 1236 391 1267 Ordinationi
413 1238 446 1268 &
469 1237 559 1276 Dispo
571 1239 651 1268 irioni
672 1237 777 1268 nostrae
799 1238 928 1268 duximus
957 1236 1107 1273 specialiter
1131 1233 1274 1278 reservan-

205 1275 293 1314 dam,
311 1275 494 1306 decernentes
507 1285 610 1307 extunc
629 1277 740 1307 irritum
757 1277 790 1307 δε
806 1275 890 1305 lnane
903 1275 922 1304 si
938 1275 1014 1305 secus
1034 1273 1113 1313 super
1136 1272 1205 1311 hiis,
1223 1281 1273 1316 per

206 1314 421 1353 quoscumque,
440 1317 537 1359 quavis
557 1315 740 1354 auetoritate,
755 1315 869 1345 scienter
889 1313 934 1345 vel
956 1314 1136 1352 ignoranter,
1159 1319 1273 1342 contiti-

204 1360 283 1392 geret
296 1361 452 1391 attemptari
1165 1388 1170 1393 ,

244 1391 290 1421 Ac
305 1392 409 1422 deinde
423 1391 514 1423 dic'tus
529 1392 676 1431 Thomas,
692 1392 895 1424 Reservatione
908 1389 1068 1426 huiusmodi
1091 1389 1126 1433 ad
1146 1397 1203 1426 ejus
1223 1388 1273 1418 de-

204 1429 291 1460 ducta
307 1432 453 1468 notitiam,
472 1430 505 1460 ad
522 1430 718 1467 Apostolicam
734 1431 837 1461 Sedem
856 1429 988 1468 acceffit,
1007 1439 1058 1472 ae,
1075 1427 1197 1466 ejusdem
1206 1426 1273 1457 Ele-

205 1468 309 1500 ‹Stionis
324 1470 439 1508 negotio
454 1469 600 1506 propoiito
614 1470 642 1498 in
659 1468 837 1500 Consistorio
852 1479 951 1500 coram
966 1468 1062 1504 nobis,
1072 1466 1185 1497 tandem
1200 1476 1273 1512 prae-

208 1506 279 1538 farus
295 1507 426 1538 Thomas
441 1508 522 1537 omni
534 1507 612 1546 Juri,
631 1507 681 1538 sibi
695 1509 870 1546 competenti
893 1516 927 1538 ex
949 1506 1099 1537 Electione
1120 1504 1274 1548 praedicta,

206 1555 243 1614 fx
264 1546 345 1576 certis
355 1546 467 1614 sIcausis,
486 1556 546 1577 non
568 1554 663 1577 tamen
681 1546 811 1577 Personae
829 1547 883 1577 suae
902 1547 993 1584 vitio,
1011 1544 1112 1575 nostris
1134 1542 1272 1574 Manibus

237 1594 306 1614 onte
319 1594 352 1614 ce
376 1594 405 1615 it.

217 1594 314 1652 pNos
334 1624 443 1661 itaque,
462 1622 622 1662 hujusmodi
643 1623 779 1654 Ceffione
799 1622 931 1661 admista,
948 1622 984 1652 de
1006 1621 1170 1652 Provisione
1192 1620 1273 1659 ipsius

207 1661 342 1692 Ecclesiae
358 1661 556 1694 Norwicenfis
569 1662 651 1692 celeri
667 1663 699 1693 ὃ(
714 1662 806 1701 felici,
824 1664 862 1692 ne
876 1661 994 1699 prolixae
1006 1660 1170 1691 Vacationis
1183 1660 1274 1704 subja-

205 1708 282 1769 Eelret
303 1700 514 1740 incommodis,
533 1700 658 1733 Paternis
679 1701 713 1733 &
735 1701 850 1732 solicitis
872 1700 976 1732 Studiis
997 1700 1122 1740 cogitare
1146 1708 1273 1736 cepimus

228 1749 255 1769 ii
277 1748 363 1771 enter.

272 1787 283 1809 t
298 1777 417 1810 demum
427 1802 437 1818 ,

245 1816 314 1848 Post
337 1817 582 1849 Deliberationem
598 1842 607 1856 ‚
634 1827 735 1855 quam,
757 1817 795 1848 de
816 1816 998 1859 praeficiendo
1019 1815 1115 1846 eidem
1136 1814 1273 1861 Ecclesiae

209 1854 394 1886 Norwicenli
411 1857 561 1887 Personam
575 1855 672 1887 utilem
687 1857 719 1887 &
734 1858 818 1887 etiam
833 1857 1022 1894 fruituolam,
1040 1865 1111 1886 cum
1132 1854 1274 1885 iratribus

208 1894 308 1924 nostris
326 1895 470 1925 habuimus
485 1895 649 1935 diligentem
659 1918 668 1934 ,

245 1932 291 1962 Ad
306 1956 315 1970 ,
341 1932 490 1963 Dileelum
512 1934 616 1964 Filium
664 1933 826 1964 Antonium
843 1957 852 1972 ‚
876 1933 1010 1965 Elecstum
1031 1932 1271 1971 Norwiccnsem,

207 1969 364 2001 Decanum
378 1971 511 2002 Ecclesiae
527 1957 733 2003 Lincosniensis
743 1997 751 2010 ,
771 1974 799 2002 in
812 1973 897 2003 Sacra
910 1971 1076 2011 Theologifi
1090 1971 1273 2010 Magistrum,

211 2008 396 2047 Capelianum
411 2010 560 2048 nostrum,
579 2013 607 2041 iri
621 2011 787 2042 Sacerdotio
800 2011 1006 2049 constitutum,

243 2049 359 2087 Qiem,
379 2057 462 2087 prout
477 2049 616 2089 fidedignfi
628 2049 779 2081 Relatione
805 2051 998 2088 percepimus,
1019 2047 1142 2079 Morum
1166 2049 1200 2080 &
1219 2048 1273 2079 Vi-

203 2094 241 2117 tae
255 2087 382 2128 insignita
396 2088 541 2127 honestas,
554 2099 587 2119 ac
600 2089 792 2129 Spiritualium
804 2090 837 2120 &
852 2088 1070 2127 Temporalium
1085 2087 1272 2127 providentia,

204 2125 338 2164 pluraque
351 2127 401 2157 alia
415 2127 562 2158 Virtutum
578 2127 666 2158 Dona
680 2127 905 2167 commendant,

240 2164 404 2196 Direximus
420 2166 521 2196 oculos
536 2166 642 2197 nostrae
658 2167 779 2205 mentis,

241 2203 357 2243 Qiibus
378 2205 513 2235 omnibus
533 2205 659 2245 diligenti
679 2204 866 2236 meditatione
886 2205 1018 2244 pensatis,
1033 2204 1069 2236 de
1091 2204 1214 2236 Person-:2
1228 2205 1272 2243 ip-

204 2240 257 2272 sius
281 2242 416 2282 Antonii,
432 2244 531 2281 nobis,
549 2245 584 2275 &
608 2243 713 2274 eisdem
734 2244 891 2283 Fratribus,
906 2245 947 2275 ob
972 2244 1087 2275 suorum
1102 2244 1271 2283 exigentiam

202 2279 394 2320 Meritorum,
411 2283 547 2321 accepta,
571 2282 665 2314 eidem
686 2282 869 2314 Norwicensi
890 2282 1043 2321 Ecclesiae,
1067 2282 1103 2314 de
1126 2282 1272 2314 dictorum

205 2318 334 2350 Fratrum
351 2320 496 2360 Consilio,
513 2321 678 2352 auetoritate
694 2321 865 2360 Apostolica
901 2322 1092 2360 providimus,

240 2357 253 2387 Ι
275 2358 392 2397 sumque
408 2360 570 2390 Antonium
584 2360 622 2390 illi
638 2360 816 2398 praefecimus
829 2362 858 2390 in
900 2361 1047 2398 piscopum
1061 2361 1094 2390 ὅ(
1104 2359 1250 2390 Pastorem
1260 2382 1270 2397 ,

272 2406 350 2427 uram
365 2399 399 2429 &
415 2397 698 2429 Administrationem
715 2399 796 2436 ipsius
812 2397 1010 2429 Norwicensis
1026 2398 1161 2429 Ecclesiae
1175 2399 1224 2428 sibi
1239 2400 1268 2428 in

204 2433 399 2471 Spiritualibus
420 2437 454 2466 &
475 2436 696 2474 Temporalibus
718 2437 842 2475 plenarie
864 2438 1075 2469 committendo
1090 2438 1118 2467 in
1131 2437 1202 2476 Illo,
1221 2439 1269 2476 qui

203 2471 251 2502 dat
268 2472 380 2504 Gratias
390 2496 399 2511 ,
416 2475 449 2505 ὅ(
464 2473 576 2512 largitur
590 2474 717 2504 Praemia.

243 2509 323 2541 Cum
339 2513 451 2550 itaque,
468 2512 517 2544 Fili
533 2511 688 2550 cariffinie,
705 2513 735 2543 sit
750 2512 869 2544 Virtutis
883 2513 966 2551 Opus
980 2513 1037 2545 Dei
1054 2513 1202 2545 Ministros
1221 2515 1271 2545 be-

204 2549 293 2588 nigno
312 2550 411 2581 favore
430 2551 574 2591 prosequi,
592 2561 624 2582 ac
647 2551 706 2583 Eos
723 2552 824 2583 Verbis
837 2553 870 2584 &
883 2552 1027 2591 Operibus
1041 2563 1093 2591 pro
1107 2553 1196 2593 Regis
1210 2553 1269 2584 AE-

203 2589 275 2618 temi
290 2589 381 2627 glori&⁴
396 2591 537 2626 venerari,

240 2626 425 2658 Serenitatem
440 2628 563 2667 Regiam
578 2639 709 2667 rogamus
725 2630 757 2662 δε
772 2629 917 2660 hortamur
930 2631 1048 2667 atterite,
1057 2632 1186 2669 quatinus
1200 2641 1270 2661 eun-

202 2663 270 2694 dem
292 2665 426 2697 Electum
448 2668 481 2698 &
502 2667 645 2705 praefatam
668 2667 888 2699 Norwicensem
911 2668 1085 2707 Ecclesiam,
1102 2669 1158 2699 suae
1180 2668 1269 2699 Curae

203 2702 417 2743 commissam,
434 2705 538 2735 habens
560 2716 614 2743 pro
634 2706 811 2745 Apostolicae
832 2706 910 2737 Sedis
930 2708 964 2738 &
978 2707 1076 2738 nostra
1090 2707 1266 2737 Reverentia

202 2743 435 2784 commendatos,
455 2745 525 2783 ipsos
541 2744 658 2782 benigni
675 2745 778 2776 favoris
797 2745 901 2776 auxilio
924 2746 1110 2784 prosequaris,
1128 2746 1165 2775 ita
1186 2745 1268 2784 qued

203 2779 280 2823 idem
303 2780 434 2820 Electus,
459 2791 516 2813 tuae
538 2782 716 2814 Celsitudinis
736 2784 820 2815 fultus
841 2783 960 2823 auxilio,
982 2785 1011 2813 in
1033 2783 1194 2815 commisso
1217 2784 1268 2814 fibi

204 2817 302 2861 Curiae
318 2819 463 2850 Pastorali's
477 2820 577 2851 officio
593 2821 695 2861 poffit,
715 2821 784 2852 Deo
801 2823 939 2860 propitio,
959 2822 1129 2860 prosperari,
1147 2832 1181 2853 ac
1194 2823 1267 2853 Tibi

203 2857 305 2887 exinde
319 2868 334 2887 a
348 2857 415 2888 Deo
429 2861 557 2895 perennis
570 2860 644 2892 Vitae
660 2860 835 2899 Praemium,
851 2863 884 2892 δε
899 2871 915 2890 a
929 2861 1028 2892 Nobis
1042 2861 1185 2899 condigna
1201 2871 1268 2899 pro-

202 2896 298 2925 veniat
311 2895 399 2926 Aelio
414 2897 586 2927 Gratiarum.

242 2932 310 2977 Dat.
330 2934 466 2966 Avinion.
492 2935 616 2968 secundo
639 2935 703 2968 Idus
723 2936 839 2976 Martii,
865 2937 1050 2970 Pontificatfis
1071 2937 1159 2969 nostri
1180 2938 1268 2970 Anno

205 2979 298 3005 tertia

892 3014 945 3045 Sub
959 3013 1014 3055 filis
1028 3015 1160 3046 canabeis.

206 3133 233 3160 ἓξ
260 3139 308 3170 De
323 3140 489 3182 Prozffione
505 3139 549 3172 ad
565 3140 726 3183 Ecclesiam
741 3142 973 3188 {Vigorniensbm
984 3166 993 3182 ,
1013 3144 1050 3180 (ἐν
1069 3140 1105 3174 de
1125 3143 1267 3188 Transla-

479 3192 556 3221 tione
570 3188 614 3222 ad
629 3189 791 3232 Ecclefiam
810 3190 968 3235 Eliensem.

54 3150 138 3178 ⁸1v.

53 3196 119 3225 733·

53 3270 131 3303 Ann.
146 3273 185 3304 D.
206 3271 414 3332 BEnedidtus
428 3273 709 3312 Episcopus,Servus
724 3274 879 3305 Servorum
897 3274 1122 3313 Dei,cariffimo
1135 3277 1165 3306 in
1179 3276 1267 3307 Chri-

75 3320 160 3352 1337-
276 3310 322 3341 sto
338 3312 361 3342 F
363 3312 430 3350 ili0,
448 3312 607 3351 Edwardo,
625 3312 699 3352 Regi
714 3313 826 3353 Angliae
840 3312 952 3352 illustri,
970 3314 1109 3353 Salutem,
1128 3316 1161 3346 ὃ(
1185 3315 1267 3355 Apo-

52 3354 105 3378 An.
127 3361 167 3378 11.
206 3347 337 3379 stolicam
349 3350 593 3381 Benedietionem.

53 3392 84 3415 E.
106 3398 131 3424 3.
244 3388 290 3418 Ad
312 3388 470 3419 fovendum
491 3391 520 3419 iii
544 3391 661 3420 caritatis
680 3389 830 3421 visceribus
852 3389 1041 3421 Ecclesiarum
1063 3389 1214 3430 Praelatos,
1234 3402 1268 3423 ac

53 3430 95 3453 :Ex
109 3429 168 3454 Ori-
208 3435 256 3455 eos
280 3428 424 3465 praecipue
446 3429 493 3465 qui
513 3428 649 3465 dignitate
664 3427 823 3459 Pontificali
837 3431 1039 3468 praeeminent,
1057 3432 1094 3460 εὸ
1112 3439 1139 3460 tc
1152 3429 1268 3461 fiducia-

52 3466 108 3498 gine
126 3466 151 3492 in
207 3463 259 3494 lius
281 3465 382 3496 nostris
401 3467 530 3503 precibus
550 3467 716 3504 invitamus,
736 3477 813 3505 quo,
831 3469 860 3497 in
877 3467 1026 3498 Bonorum
1043 3469 1209 3499 executione
1222 3468 1267 3498 0-

57 3504 141 3531 Turri.
207 3512 306 3539 perum
315 3526 324 3541 ‚
337 3504 516 3535 Celsitudinis
529 3505 645 3542 Regalis
657 3505 796 3536 affec‘tum
810 3507 978 3536 extimamus
994 3508 1083 3545 magis
1099 3516 1266 3544 promptum

206 3541 363 3582 &facilem
378 3544 520 3580 invenire,
536 3544 659 3573 maxime
673 3544 742 3574 cum
758 3543 832 3581 apud
855 3543 955 3575 Deum
978 3545 1067 3582 (cujus
1088 3543 1199 3575 Praelati
1213 3545 1266 3576 hu-

202 3579 325 3621 jusmodi
347 3581 487 3619 obsequiis
507 3581 691 3621 deputantur)
715 3582 786 3612 Tibi
806 3582 1013 3613 Retributionis
1037 3582 1168 3613 AEternae
1189 3582 1267 3613 Prae-

204 3625 315 3684 Ιῐηιὲζη,
342 3619 375 3650 &
397 3620 469 3657 apud
490 3619 633 3651 Homines
650 3619 751 3651 exinde
770 3620 954 3652 Praeconium
975 3622 1144 3659 proveniant
1161 3623 1266 3660 amplae

216 3664 247 3684 au
270 3666 299 3685 is.

244 3692 348 3730 Nuper
363 3696 497 3733 siqnidem
507 3720 516 3735 ,

243 3728 368 3764 Ecclesia
388 3735 582 3771 wigorniensi
604 3745 738 3775 vacante,
758 3747 811 3773 pro
833 3747 869 3768 eo
885 3737 965 3775 quod
979 3747 1047 3774 nos,
1065 3736 1266 3769 Venerabilem

208 3765 333 3809 Fratrem
349 3794 358 3808 ,
386 3771 552 3815 Magistrum
576 3774 732 3813 Syrnonem
754 3775 894 3806 Eliensem
910 3799 920 3814 ,
941 3785 1010 3806 tunc
1033 3775 1265 3815 Wigorniensem

208 3802 396 3847 Episcopum,
414 3811 478 3842 licet
492 3812 651 3851 absentem,
669 3823 684 3843 a
699 3814 831 3851 vinculo,
845 3824 904 3852 quo
920 3813 1112 3854 Wigornienli
1126 3814 1264 3846 Ecclesiae

209 3843 270 3878 (cui
283 3851 349 3887 tunc
364 3856 487 3883 pinet—rat)
504 3851 664 3889 tenebatur,
682 3851 718 3881 de
733 3852 862 3882 Fratrum
877 3852 1040 3883 nostrorum
1061 3852 1211 3891 Consilio,
1229 3855 1264 3885 ὃς

209 3879 386 3916 Apostolicae
401 3884 543 3917 potestatis
559 3889 746 3928 plenitudine,
765 3890 969 3928 Absolventes,
988 3901 1055 3921 eum
1069 3891 1103 3921 ad
1122 3891 1262 3921 Eliensem

207 3917 380 3957 Ecclesiam,
398 3929 464 3952 tunc
479 3935 625 3956 vacantem
635 3951 644 3964 ,
662 3927 792 3958 duximus
803 3928 1064 3968 Transferendum,
1078 3929 1261 3968 praeficiendo

206 3955 357 4024 ΙΡΞΕΙἜΞΙΗῙ
371 3960 399 3987 in
414 3959 584 3999 Episcopum
599 3966 632 3995 ὃς
646 3965 807 4004 Pastorem,

243 4032 425 4065 Attendentes
446 4036 527 4074 quod
547 4039 650 4078 nullus,
675 4050 776 4079 praeter
795 4041 880 4082 Nos,
904 4043 942 4075 de
964 4043 1154 4077 Ordinatione
1176 4045 1260 4085 ipsius

679 122 1487 173 CONVENTIONES,
1542 121 1931 175 LITERAE,

1318 209 1454 241 Ecclefiae
1479 209 1716 247 Wygomienfis,
1735 209 1772 240 Se
1793 209 1826 240 ea
1847 209 1912 240 vice
1925 208 2115 240 intromittere
2128 217 2252 248 poterat,
2270 219 2323 248 pro
2346 221 2382 242 eo
2403 208 2479 239 Ann.
2496 209 2537 242 D.

1316 248 1398 287 quod
1412 248 1482 279 Nos
1496 248 1562 285 diii,
1581 257 1645 278 ante
1659 247 1821 286 hujusmodi
1831 247 2020 278 Vacationem
2035 247 2157 287 ejusdem
2173 248 2384 280 EcclesiaeWi-
2428 257 2511 288 1337-

1318 287 1494 324 gornienfis,
1520 286 1700 316 Provisiones
1721 287 1854 316 omniurn
1872 284 2062 317 Ecclefiarum
2085 285 2316 326 Cathedralium,
2334 297 2383 327 pei·
2401 288 2468 317 Edu.
2489 298 2515 324 ς.

1315 325 1525 356 Transsationes
1546 324 1740 363 quorumlibet
1759 323 1945 355 Praelatorum
1965 323 2084 362 ipsarum
2097 347 2107 362 ,
2128 326 2247 355 ubicum
2269 336 2304 356 ue
2326 328 2384 357 exi-

1316 363 1469 402 stentium,
1495 373 1543 401 per
1564 363 1632 394 Nos
1653 363 1738 393 factas
1758 363 1865 400 Tunc,
1889 363 1923 393 ὃς
1945 361 2141 400 Imposteriim
2162 363 2253 394 facien
2275 375 2301 394 as
2316 389 2326 402 ,
2349 365 2384 395 ad

1315 403 1380 433 alias
1400 401 1537 433 Ecclesias
1559 400 1757 439 Cathedrales,
1775 401 1865 431 Tunc
1884 409 2030 440 vacantes,
2046 402 2205 432 &inantea
2226 411 2382 442 vacaturas,

1315 440 1501 478 Dispositioni
1520 440 1626 471 nostrae
1648 440 1779 471 duximus
1800 439 2010 478 ReservandaS,
2037 439 2236 471 Decernendo
2257 450 2291 471 ex
2312 450 2382 473 tunc

1315 478 1432 510 Irritum
1447 479 1582 510 &Inane
1597 479 1617 510 si
1635 479 1712 510 secus
1732 479 1812 516 super
1833 479 1903 516 hiis,
1921 487 1971 516 per
1992 478 2198 518 quoscunque,
2217 479 2317 518 quavis
2335 491 2385 511 au-

1313 517 1461 553 ctoritate,
1482 517 1601 549 scienter
1616 517 1662 550 vel
1672 519 1850 557 ignoranter,
1865 517 1966 548 contin
1986 526 2044 547 eret
2057 518 2233 556 attemptari,

1352 555 1423 586 Post
1443 555 1707 595 Deliberationem,
1723 566 1826 594 quarn,
1845 555 1881 586 de
1896 555 1960 586 Prae
1981 554 2086 586 ciendo
2105 554 2241 587 Ecclesiae
2260 557 2384 597 Wigor-

1316 594 1404 625 niensi
1418 594 1542 633 praefatae
1555 593 1708 625 Personam
1721 595 1820 625 utilem
1828 617 1838 633 ,
1851 603 1920 625 cum
1931 593 2011 624 dietis
2027 594 2166 625 Fratribus
2178 595 2329 627 habuimus
2341 596 2386 627 di-

1315 634 1335 663 li
1356 641 1452 664 entem
1487 633 1607 663 demum
1621 633 1674 671 ad,
1691 632 1830 664 dileetum
1845 633 1963 671 Filium,
1981 632 2133 663 Thomam
2153 633 2189 664 de
2207 634 2384 674 Hemehale,

1316 643 1450 703 Effectum
1458 657 1714 715 ’XVigorriienserm
1733 671 1916 703 Monachum
1929 671 2063 703 Ecclesia:
2078 671 2291 712 Norwicensis,
2307 673 2385 705 ordi-

1315 712 1358 742 nis
1372 710 1471 742 Saneti
1483 709 1646 747 Benedicti,
1663 719 1693 739 in
1707 709 1874 741 sacerdotio
1889 710 2093 749 constitutum,

1356 748 1415 780 Cui
1437 748 1597 787 Religionis
1611 747 1706 786 zelus,
1726 748 1884 780 Literarum
1899 748 2012 780 scientia
2045 749 2120 782 Vitae
2134 750 2291 790 munditia,
2310 749 2385 782 Mo-

1316 797 1382 819 rum
1394 786 1541 825 honestas,
1558 785 1721 830 prudentia,
1739 787 1931 825 Spiritualium
1944 789 1978 820 &
1992 772 2214 829 T²emp0raiium
2230 789 2384 827 providen-

1316 828 1373 866 tia,
1391 836 1424 858 ac
1442 824 1649 895 mmdflljcmm.
1659 824 1777 856 aliarum
1791 826 1927 857 virtutum
1939 828 2039 858 merita
2052 827 2063 865 (
2084 836 2149 858 rout
2163 837 2197 858 ex
2212 829 2290 859 claris
2311 827 2382 860 fide-

1315 864 1460 935 diqnisque
1474 864 1523 895 Te
1550 873 1663 894 imoniis
1676 864 1851 902 accepimus)
1866 863 2039 897 laudabiliter
2063 866 2250 906 uffragantur,

1369 905 1493 935 ntuitum
1507 903 1658 933 direximus
1673 901 1781 933 nostrae
1798 904 1919 942 mentis,

1353 943 1470 982 Quibus
1485 942 1620 972 omnibus
1631 939 1727 972 debita
1741 940 1926 972 meditatione
1938 943 2070 983 pensatis,
2083 944 2120 976 de
2131 944 2255 976 Persona
2264 944 2312 976 sui
2325 944 2383 977 Ec-

1315 982 1406 1013 clefiae
1419 981 1472 1012 Wi
1492 979 1612 1011 orniensi
1626 979 1766 1024 praefatae,
1779 979 1816 1010 de
1828 978 1953 1018 ipsorum
1975 981 2103 1014 Fratrum
2125 983 2271 1023 Consilio,
2285 986 2386 1017 aueto-

1315 1022 1393 1052 ritate
1406 1020 1474 1058 Apo
1500 1019 1593 1056 olici,
1609 1018 1806 1058 providimus,

1352 1059 1544 1098 Eundemque
1558 1058 1710 1089 Thomam
1723 1055 1766 1088 llli
1782 1056 1965 1096 praefeeimus
1979 1059 2010 1089 in
2030 1058 2208 1100 Episcopum
2229 1062 2263 1093 &
2283 1061 2385 1093 Pasto-

1315 1109 1376 1130 rem

1352 1123 1461 1169 Ci’iram
1476 1138 1509 1169 &
1523 1136 1804 1168 Administrationem
1819 1135 1891 1166 illius
1904 1136 1953 1166 sibi
1963 1159 1972 1175 ,
1981 1136 2040 1168 tem
2049 1137 2384 1178 inSpiritualibuS,quam

1313 1178 1347 1246 ⁴ignc
1357 1176 1601 1245 ἷετξιροτῖἐίὺυεῖ
1618 1176 1743 1216 plenarie
1758 1175 1987 1214 committendo,
2005 1176 2034 1206 iri
2047 1175 2110 1215 Eo,
2128 1177 2178 1215 qui
2192 1177 2239 1209 dat
2257 1178 2384 1217 Gratias,

1371 1226 1400 1246 ai·
1421 1224 1476 1245 itur
1521 1226 1618 1246 raeniia

1352 1225 1539 1286 Cofifidentes
1561 1240 1669 1293 quod,
1701 1252 1827 1284 Dextera
1848 1252 1974 1284 Domini
1997 1252 2047 1284 fibi
2074 1252 2214 1285 assistente
2232 1253 2358 1294 Propitifi
2372 1278 2384 1295 ‚

1313 1292 1449 1330 praedicta
1464 1292 1590 1323 Ecclesia
1603 1292 1834 1333 wygornienfis,
1849 1302 1899 1330 per
1912 1293 1995 1330 ipsius
2008 1292 2138 1323 Thomae
2154 1293 2306 1333 diligentiae
2318 1295 2386 1326 Stu-

1314 1332 1394 1362 dium
1409 1332 1666 1370 circumspectum,
1681 1332 1770 1363 salutis
1785 1332 1819 1362 &
1833 1331 2017 1369 prosperitatis
2031 1332 2155 1369 suscipiet
2168 1333 2350 1364 incrementa.

1354 1372 1431 1409 Quia
1446 1372 1548 1409 igitur,
1566 1370 1619 1401 Fili
1631 1370 1786 1409 cariffime,
1805 1370 1923 1401 Virtutis
1936 1369 2019 1409 Opus
2034 1370 2098 1400 fore
2111 1370 2264 1401 dinoscitur
2282 1371 2386 1403 Eccle-

1314 1408 1363 1439 sias
1376 1410 1410 1440 δε
1423 1409 1554 1440 Personas
1569 1407 1797 1447 Ecclesiasticas,
1813 1408 1969 1452 praesertim
1986 1408 2144 1440 Pontificali
2158 1409 2292 1448 dignitate
2313 1420 2385 1448 prae-

1314 1447 1401 1486 ditas,
1427 1449 1553 1487 benigno
1573 1447 1670 1479 favore
1690 1448 1838 1487 prosequi,
1854 1456 1887 1479 ac
1908 1446 1962 1479 Eas
1982 1446 2086 1479 Verbis
2107 1449 2141 1480 ὃς
2165 1447 2310 1488 Operibus
2330 1459 2386 1488 pro

1314 1486 1362 1517 Re
1383 1488 1403 1516 is
1421 1486 1537 1518 AEterni
1572 1486 1643 1517 ioria
1658 1487 1801 1525 venerari,

1374 1527 1536 1556 eremitatem
1584 1527 1677 1564 egiam
1691 1535 1822 1566 rogamus
1838 1526 1871 1557 &
1885 1524 2034 1557 hortamur
2047 1527 2154 1558 attente
2182 1527 2313 1565 quatinus
2326 1536 2388 1558 eos-

1313 1563 1397 1601 dem,
1418 1564 1551 1595 Eleemm
1573 1565 1607 1596 &
1629 1564 1822 1596 Commiffam
1835 1564 1885 1594 sibi
1901 1564 2143 1605 Wygorniensem
2158 1549 2334 1604 Ecclesiam,
2348 1566 2387 1597 sic

1314 1602 1414 1633 habeas
1430 1613 1483 1641 pro
1496 1602 1594 1634 nostri
1608 1603 1643 1634 &
1656 1604 1738 1642 ipsius
1751 1603 1830 1635 Sedis
1845 1604 2018 1642 reverentia,
2033 1605 2064 1634 in
2084 1614 2187 1635 eorum
2209 1605 2386 1643 oportunita-

1314 1642 1405 1680 tibus,
1424 1642 1587 1680 propensius
1599 1642 1837 1680 commendams,
1857 1641 1938 1680 quod
1954 1642 2046 1674 dietus
2066 1642 2198 1681 Elec‘tus,
2216 1651 2272 1674 tuae
2296 1642 2387 1674 Celsi-

1314 1681 1417 1710 tudinis
1434 1681 1518 1712 fultus
1531 1680 1653 1719 auxilio,
1672 1682 1700 1711 in
1716 1680 1869 1712 commissa
1883 1681 1933 1712 sibi
1946 1679 2027 1713 Cure
2042 1680 2189 1713 Pastoralis
2202 1681 2304 1713 Officii
2321 1691 2390 1721 pos-

1314 1719 1364 1757 sit,
1382 1719 1451 1750 Deo
1466 1720 1606 1758 propitio,
1623 1718 1730 1750 assidue
1744 1719 1913 1760 prosperari,
1931 1730 1964 1750 ac
1978 1721 2030 1751 tibi
2043 1721 2145 1752 exinde
2166 1731 2182 1751 a
2203 1721 2389 1753 Retributore

1316 1758 1461 1788 bonorum
1476 1760 1610 1788 omnium
1626 1759 1756 1795 perennis
1770 1758 1847 1789 Vitae
1863 1757 2020 1789 Praemium
2035 1759 2219 1798 rependatur,
2234 1760 2268 1792 &c
2281 1761 2298 1791 ὲ
2318 1758 2389 1791 Νο-

1316 1796 1358 1826 bis
1372 1796 1514 1835 condigna
1532 1798 1679 1834 proveniat
1695 1796 1784 1828 Aetio
1799 1796 1975 1827 Gratiarum.

1351 1834 1418 1866 Dat.
1438 1835 1576 1866 Aviriion.
1594 1836 1622 1873 ij.
1641 1834 1684 1866 Id.
1705 1835 1824 1873 Martii,
1843 1834 2029 1867 Pontificatfis
2043 1835 2133 1867 nostri
2149 1835 2238 1867 Anno
2255 1836 2371 1869 Tertio.

2407 1967 2424 1984 *
2441 1967 2497 1995 Iv:

1378 2044 1456 2084 EX,
1474 2045 1593 2077 Dileetis
1607 2047 1641 2079 ὃς
1655 2047 1800 2079 Fidelibus
1813 2047 1884 2086 suis,
1901 2045 2059 2084 Ranulpho
2070 2045 2106 2077 de
2121 2045 2234 2085 Dacre,
2250 2046 2338 2080 Petro
2351 2049 2388 2081 de
2405 2042 2534 2073 AssstDl

1393 2085 1505 2129 JI'iliol,
1523 2087 1557 2118 &
1572 2086 1717 2118 Clementi
1730 2086 1767 2117 de
1787 2087 1927 2125 Skelton,
1945 2085 2080 2117 Salutem.
2430 2090 2520 2122 1337-

1350 2122 1449 2155 Sciatis
1463 2125 1544 2163 quod
1554 2148 1564 2164 ,
2405 2124 2458 2149 An.
2477 2131 2487 2148 1
2496 2130 2520 2149 1·

1350 2160 1431 2193 Cum
1445 2162 1543 2194 datum
1559 2164 1591 2195 iit
1604 2164 1689 2195 nobis
1704 2164 1838 2204 intelligi,
1880 2163 1940 2195 uod
1954 2163 2056 2194 diversi
2071 2162 2234 2203 Homines,
2251 2165 2289 2195 de
2302 2166 2389 2203 parti-
2407 2163 2436 2186 Ε·
2458 2169 2486 2196 3·

1313 2200 1366 2230 bus
1386 2200 1423 2231 de
1451 2200 1604 2242 Eskedale,
1630 2203 1827 2241 Ledeiesdaie,
1877 2203 2053 2241 withesdale‚
2078 2202 2324 2243 Walughopdaie,
2352 2205 2386 2236 &
2404 2202 2424 2226 Ρ
2423 2205 2451 2226 ‘³²
2456 2220 2461 2226 -
2483 2208 2492 2226 ¹
2502 2200 2528 2226 ’ἶ
2535 2239 2538 2246 ,

1312 2238 1448 2270 Bretellau
1469 2240 1507 2279 h,
1525 2241 1635 2280 Scotis,
1653 2242 1780 2273 Inimicis
1795 2243 1829 2274 &
1844 2242 2012 2273 Rebellibus
2025 2240 2142 2280 nostris,
2180 2243 2207 2272 ui
2219 2243 2255 2272 de
2272 2242 2385 2274 Guerra
2405 2241 2434 2264 E.
2447 2243 2500 2274 34²·
2512 2246 2538 2272 ¹·.

1313 2286 1413 2308 contra
1463 2289 1495 2309 os
1508 2280 1730 2320 insurrexerunt,
1747 2281 1809 2312 sunt
1823 2281 2027 2318 Adhaerentes,
2039 2279 2144 2318 eosque
2167 2281 2254 2318 aepius
2266 2281 2386 2313 scienter
2404 2285 2439 2303 '⁷²-
2459 2284 2505 2314 33·

1312 2317 1346 2348 &
1368 2317 1528 2349 voluntarie
1548 2319 1755 2360 Receptantes,
1775 2318 1882 2358 Eisque
1905 2320 2085 2357 Armaturas‚
2101 2319 2255 2358 Vfftualia,
2271 2321 2305 2352 &
2320 2321 2387 2360 alia,
2403 2314 2447 2343 ⁴10?
2450 2334 2461 2350 s

1312 2365 1366 2392 pro
1381 2366 1484 2387 eorum
1499 2357 1710 2389 Sustentatione
1722 2359 1755 2390 &
1770 2357 2012 2396 Confortatione,
2029 2357 2119 2388 indies
2129 2358 2334 2397 ministrantes,
2355 2361 2387 2390 in

1312 2393 1403 2424 nostri
1420 2394 1633 2434 Contemptum
1649 2398 1682 2428 ὅ(
1696 2397 1914 2435 Deceptionem
1927 2396 2122 2435 manifestam,

1350 2432 1494 2465 Nolentes
1509 2435 1665 2473 praemiffa,
1684 2435 1704 2465 si
1723 2444 1878 2474 perpetrata
1889 2436 2010 2474 fuerint,
2028 2435 2184 2474 relinquere
2196 2436 2352 2475 impunita,

1349 2471 1559 2511 Affignavimus
1573 2473 1634 2504 Vos
1647 2475 1680 2505 &
1695 2472 1781 2505 Duos
1795 2474 1943 2512 vestrum,
1957 2474 2133 2513 Justiciarios
2153 2473 2265 2503 nostros
2283 2473 2317 2504 ad
2338 2476 2383 2506 in-

1312 2512 1500 2550 quirendum,
1518 2522 1568 2551 per
1583 2512 1800 2544 Sacramentum
1814 2513 1980 2544 Proborum
1995 2511 2194 2555 &Legalium
2216 2510 2385 2544 Hominum

1312 2549 1349 2579 de
1367 2549 1589 2596 Communitate
1610 2552 1647 2582 de
1668 2551 1866 2596 Rokesb'urgh·
1881 2552 1915 2582 &
1936 2550 2076 2595 DunfriS,
2091 2549 2153 2593 tam
2169 2549 2240 2593 infra
2255 2550 2383 2582 Liberta-

1311 2596 1444 2669 ‘3583ss
1447 2597 1566 2658 5¹13}ss
1574 2597 1908 2665 235‘9342312553333
1923 2588 2024 2656 fflii}
2036 2587 2099 2656 {5¹13ss
2113 2588 2384 2670 ffiffssf‘gnffeiffi&

1312 2664 1430 2694 scienter
1443 2665 1477 2695 &
1491 2666 1649 2696 voluntarie
1664 2665 1873 2705 Receptantes,
1893 2665 2075 2708 Armaturas,
2090 2663 2245 2708 Victualia,
2262 2666 2296 2696 &
2318 2667 2383 2705 alia,

1312 2712 1367 2739 pro
1384 2712 1486 2733 eorum
1500 2702 1708 2734 Sustentatione
1719 2704 1753 2735 &
1769 2702 2009 2741 Confortatione,
2028 2702 2242 2742 Ministrantes,
2258 2705 2303 2735 vel
2317 2706 2385 2736 mit-

1312 2748 1419 2779 tentes,
1438 2741 1483 2772 seu
1498 2743 1572 2773 mitti
1588 2742 1738 2780 facientes,
1754 2743 1788 2773 δε
1801 2742 1838 2772 de
1860 2741 2023 2780 praemissis,
2040 2742 2177 2772 omnibus
2199 2743 2233 2773 &
2253 2742 2385 2783 singulis,

1310 2779 1419 2817 plenius
1434 2782 1583 2811 veritatem
1593 2804 1603 2819 ,

1348 2818 1479 2849 Necnon
1499 2819 1533 2849 ad
1555 2818 1695 2857 praemiffii
1711 2819 1884 2852 audiendum
1905 2820 1939 2851 &
1960 2819 2184 2858 terminandum,
2203 2821 2237 2851 &
2258 2820 2386 2852 debitam

1313 2855 1499 2888 Punitionem
1512 2857 1549 2889 de
1561 2859 1615 2888 hiis
1633 2860 1716 2896 (quos
1728 2859 1764 2888 de
1778 2857 1925 2896 praemiffis
1939 2858 2091 2896 culpabiles
2117 2859 2237 2889 inveniri
2257 2861 2386 2899 contige-

1310 2895 1369 2965 ἓτέὶ
1374 2896 1538 2928 faciendum
1550 2896 1707 2928 secundum
1723 2896 1835 2936 Legem
1847 2899 1880 2929 &
1901 2896 2149 2928 Consuetudinem
2168 2898 2291 2936 partium
2310 2909 2385 2937 prae-

1331 2945 1338 2964 i
1372 2945 1468 2965 arum:

1349 2973 1387 3004 Et
1405 2973 1472 3004 ideo
1485 2975 1568 3005 vobis
1582 2974 1764 3013 mandamus,
1781 2975 1862 3014 quod
1871 2998 1881 3013 ,
1899 2974 1933 3005 ad
1946 2982 2040 3005 certos
2055 2973 2124 3004 Dies
2136 2974 2170 3005 &
2193 2973 2290 3013 Loca,
2309 2984 2384 3013 quos

1312 3011 1422 3051 Vobis,
1441 3012 1486 3043 vel
1503 3012 1575 3044 Duo
1589 3013 1738 3051 vestrum,
1755 3013 1790 3044 ad
1805 3014 1862 3044 hoc
1877 3013 2070 3053 provideritis,
2088 3012 2230 3056 praemifla
2242 3014 2382 3045 omnia&

1310 3050 1414 3090 finguia
1429 3050 1552 3089 faciatis,
1571 3052 1606 3082 ὅ(
1619 3053 1748 3091 expleatis
1761 3054 1790 3083 in
1805 3052 1899 3083 forma
1923 3050 2058 3090 praedicta
2091 3051 2193 3081 facturi
2215 3051 2282 3094 inde
2301 3052 2382 3091 quod

1308 3089 1343 3120 ad
1359 3089 1502 3128 justitiam
1522 3092 1660 3129 pertinet,
1678 3091 1833 3122 secundum
1859 3090 1970 3133 Legem
1990 3089 2023 3120 δε
2048 3074 2296 3133 Consuetudinem
2317 3100 2382 3128 par-

1308 3130 1380 3198 tiudrn
1392 3128 1616 3198 ίρτιιέξίἑῖῗυπις
1634 3129 1711 3161 salvis
1732 3129 1814 3159 nobis
1840 3128 2098 3166 Amerciarnentis,
2116 3129 2150 3159 ὃς
2165 3128 2239 3167 aliis,
2253 3128 2288 3158 ad
2311 3128 2381 3160 Nos

1310 3177 1340 3197 in
1361 3179 1377 3197 e
1423 3177 1437 3197 e
1471 3176 1525 3197 anti
1548 3178 1588 3198 us.

1344 3177 1550 3236 Maiidavimus
1575 3207 1653 3236 enim
1675 3204 1903 3236 Vicecomitibus
1931 3203 2034 3234 nostris
2055 3203 2256 3236 Comitatuum
2278 3205 2380 3246 praedi-

1308 3244 1442 3281 ἂοτυτη,
1461 3243 1560 3281 quod,
1578 3244 1612 3274 ad
1627 3252 1720 3274 certos
1733 3243 1804 3273 Dies
1820 3243 1853 3272 &
1868 3242 1966 3281 Loca,
1987 3253 2057 3280 quos
2073 3243 2151 3281 Vos,
2172 3244 2217 3275 vel
2236 3244 2308 3275 Duo
2330 3255 2380 3275 ve-

1310 3282 1420 3320 strsim,
1438 3281 1487 3311 Eis
1511 3281 1579 3311 scire
1599 3282 1716 3319 faciatis,
1734 3282 1832 3312 venire
1854 3281 1957 3312 faciant
1979 3291 2079 3312 coram
2100 3283 2200 3320 vobis,
2225 3283 2271 3313 vel
2292 3282 2380 3314 Duo-

1313 3320 1365 3350 bus
1380 3318 1525 3357 vestrfim,
1544 3319 1609 3350 Tot
1622 3320 1656 3350 &
1671 3320 1758 3350 Tales
1772 3319 1884 3350 Probos
1900 3320 1934 3350 &
1952 3319 2073 3358 Legales
2086 3320 2231 3352 Homines
2243 3320 2278 3352 de
2300 3321 2380 3352 Balli-

1308 3359 1353 3402 vis
1366 3357 1433 3401 suis,
1449 3358 1508 3388 tam
1523 3357 1594 3388 infra
1609 3358 1783 3397 Libertates,
1801 3358 1890 3398 quern
1908 3368 2002 3398 extra,
2019 3368 2070 3398 per
2092 3370 2182 3399 quOS,
2199 3360 2260 3392 &c.
2277 3360 2311 3392 &
2333 3360 2377 3391 in-

1330 3406 1386 3426 uiri.

1309 3406 1328 3435 q
1347 3435 1381 3466 In
1395 3434 1491 3473 cujus,
1509 3435 1569 3466 &c.

1342 3508 1343 3511 Ἴ
1372 3473 1463 3505 Teste
1476 3474 1560 3514 Rege
1573 3474 1647 3513 apud
1662 3474 1972 3515 westmonasterium,
1989 3475 2107 3508 decimo
2117 3477 2195 3508 sexto
2207 3474 2251 3506 die
2268 3472 2380 3507 Martii.⁴

1489 1960 1509 1980 ⁴*
1535 1962 1631 2007 Super
1650 1959 1845 1995 Adhaerentia
1860 1964 1954 1995 ScotIs
1971 1960 2007 1994 de
2022 1960 2215 2007 InquirendO.

1787 3558 1841 3586 Per
1856 3555 1939 3596 ipfhm
1951 3558 2049 3596 Regem
2063 3555 2102 3591 ό·
2116 3553 2270 3586 Concilium.

1361 3692 1419 3723 Pro
1433 3688 1550 3723 Thoma
1566 3689 1602 3723 de
1617 3690 1755 3735 Berkele,
1781 3690 1817 3724 de
1835 3693 2035 3725 Immunitate
2043 3688 2106 3735 fica
2129 3686 2322 3733 adjudicata.

1307 3779 1429 3848 RIDS(
1443 3779 1603 3849 ermibrgci
1621 3779 1656 3811 ad
1674 3790 1760 3820 quOS,
1779 3781 1840 3812 &c.
1856 3780 1991 3812 Salutem.
2389 3788 2465 3821 Αηῃ,
2475 3788 2519 3821 1).·

1429 3827 1505 3848 ciatis
1544 3829 1561 3848 u

1344 3854 1425 3886 Cum
1440 3879 1449 3894 ,
1475 3829 1663 3889 Dil‘tqeetus’&
1684 3857 1784 3888 Fidelis
1805 3856 1902 3888 noster
1915 3879 1925 3895 ,
1949 3854 2081 3886 Thomas
2099 3852 2146 3897 de.
2160 3852 2311 3898 Berkeleye
2332 3853 2369 3886 de
2385 3837 2502 3896 Arpi?

1308 3892 1408 3924 Morte
1429 3894 1556 3925 Domini
1573 3895 1608 3926 E.
1636 3896 1782 3934 quondam
1805 3895 1894 3932 Regis
1917 3894 2048 3937 Angliaz,
2072 3891 2098 3922 P
2098 3901 2161 3922 ΕΗΒ
2181 3892 2294 3932 ¹¹0st1‘12
2317 3903 2367 3932 per
2382 3910 2411 3934 Ε.
2438 3915 2465 3943 3.
2500 3901 2502 3903 ’

1306 3931 1374 3961 Nos
1388 3934 1422 3964 &
1438 3933 1585 3972 Magnates
1598 3934 1697 3972 Regni
1710 3933 1798 3965 nostri
1810 3932 1956 3970 Impetitus
1971 3929 2078 3968 fiiiffet,
2161 3970 2166 3975 ¹
2381 3948 2438 3972 pm·
2459 3954 2469 3971 1
2478 3947 2503 3974 ¹,-

1344 3969 1382 4001 Et
1402 3971 1498 4008 postea
1519 3982 1568 4010 per
1589 3971 1673 4003 Pares
1694 3972 1778 4010 ipfius
1795 3972 1940 4007 Thomae,
1957 3968 1992 3999 &
2012 3978 2063 4007 per
2085 3967 2300 4007 Inquifitionem
2322 3971 2364 4009 (ln
2380 3986 2481 4019 234,
2494 3990 2519 4014 1.'

1305 4018 1407 4047 quam,
1431 4011 1460 4039 iri
1482 4011 1567 4047 pleno
1587 4010 1777 4040 Parliamento
1797 4009 1913 4045 nostr0,
1938 4015 2018 4037 tento
2037 4007 2110 4045 apud
2134 4008 2366 4040 Westmonaste·
2381 4030 2419 4050 m,
2434 4020 2479 4050 23·

1305 4048 1396 4085 rium,
1415 4047 1503 4079 Anno
1519 4048 1616 4088 Regni
1626 4047 1714 4081 nostri
1727 4048 1856 4085 Qiarto,
1873 4046 1900 4076 se
1910 4044 2013 4083 posuit)
2027 4054 2210 4086 compertum
2225 4047 2366 4117 eXtifflstotd
2474 4054 2479 4057 ”

2286 4094 2325 4124 qu
