2562 4279
42 270 118 302 Ann.
132 267 175 298 D.

64 307 147 348 1338.

43 352 111 377 Ην.
132 356 158 383 3.

46 782 181 816 Ann.D.

76 823 161 861 1338.

44 866 97 891 An.
121 872 162 890 12.

43 905 73 930 E.
96 911 121 938 3.

43 939 163 967 Aleman.

48 982 134 1006 12.13.
155 987 181 1013 3.

40 1022 182 1054 p.i.m.2.

43 2089 115 2119 *Ἄ
129 2091 174 2126 67.

758 192 869 232 ET
954 190 1222 231 ACTA

230 279 268 310 Et
291 278 348 309 hoc
371 277 472 315 vobis,
490 278 524 308 &
545 278 679 308 omnibus
699 277 755 307 aliis
776 276 810 307 ὃς
832 276 959 316 singulis,
981 285 1106 314 quorum
1124 273 1254 314 interest,

193 319 327 349 volumus
341 316 398 347 effe
413 326 488 346 nota.

230 355 263 386 In
279 357 372 395 cujus,
394 356 455 386 &c.

232 431 301 463 Dat.
318 430 393 472 apud
406 431 568 469 Andewei·p
577 454 586 468 ,
603 429 740 461 vicesimo
752 428 876 461 secundo
890 428 937 459 die
948 427 1024 466 Julii.

881 507 935 533 Per
947 503 1030 542 ipfitm
1046 506 1152 541 Regem.

197 644 254 675 De·
276 644 451 675 Carcatione
479 643 516 679 (ῤ’
542 637 767 685 Eskippamento
799 639 958 670 Lanarum
982 635 1181 670 accelerandis
1202 647 1256 682 pro

351 688 548 735 Expeditione
564 690 651 733 Regis
670 689 702 719 in
712 683 852 732 partibus
867 687 1105 731 Transmarinis.

200 772 331 828 REX
357 772 506 804 Univerfis
519 773 553 803 &
566 770 678 809 singulis
698 769 856 801 Admirallis
899 770 1142 808 Vicecornitibus,
1161 769 1257 799 Ma'o-

278 811 370 850 ribus,
389 811 516 848 Baiiivis,
536 809 693 846 Ministris,
711 795 1015 851 meinis,ixiagistr1s
1028 811 1062 841 ὃς
1078 809 1183 839 Marrn.
1229 818 1258 837 a-

198 849 298 888 vium,
315 860 348 880 ac
363 850 498 880 omnibus
511 848 569 877 aliis
585 847 724 878 Fidelibus
737 849 805 886 iuis,
823 848 882 878 t‘am
893 849 964 880 infra
981 848 1157 886 Libertates,
1172 847 1258 885 quam

200 896 292 926 extra,
306 888 340 919 ad
353 897 424 926 quos
434 910 445 925 ,
463 888 524 917 &c.
543 885 678 917 Salutem.

235 926 332 956 Sciatis
369 925 445 963 uod,

235 964 316 996 Cum
331 937 414 1001 1303,
432 963 469 993 de
484 962 599 995 Assensu
616 963 818 1001 Prcelatorum,
837 963 870 993 &
885 962 1006 994 aliorum
1021 962 1205 1002 Magnarum,
1224 971 1258 993 ac

199 1001 441 1040 Communitatis,
462 1001 554 1041 Regni
569 1002 673 1040 nostri,
691 1002 726 1032 ad
742 1012 831 1039 partes
844 1002 1053 1032 Transmarinas
1069 1026 1078 1040 ,
1096 1012 1149 1040 pro
1163 1002 1258 1032 Salva-

197 1043 278 1072 tione
299 1039 419 1077 ejusdem
443 1039 554 1080 Regni,
573 1040 748 1079 aliorumque
758 1040 871 1078 Jurium
883 1039 1014 1071 Coronae
1028 1040 1132 1071 nostrae
1143 1063 1153 1079 ,
1172 1041 1257 1070 simus

194 1079 375 1118 personaliter
385 1080 444 1118 jam
478 1079 596 1118 rofecfti,

232 1117 287 1155 Et,
308 1117 389 1156 licet,
408 1119 436 1148 in
451 1140 457 1148 r
474 1119 676 1149 ubventionem
692 1117 884 1156 Eiipensarum
901 1117 980 1156 (quas
1004 1127 1055 1155 pro
1070 1117 1257 1155 Expeditione

194 1155 396 1196 Negotiorum
409 1157 573 1188 nostrorum
589 1157 747 1196 hujusmodi
760 1157 852 1187 facere
862 1166 914 1186 nos
926 1156 1054 1193 oportet)
1071 1157 1180 1195 Viginti
1195 1155 1231 1185 M
1235 1157 1256 1185 i-

190 1195 227 1225 lia
240 1196 399 1226 Saccorum
424 1196 512 1226 Lance
527 1219 537 1234 ,
558 1197 635 1234 juxra
660 1194 886 1226 Conceffionem
896 1219 904 1232 ,
922 1194 988 1224 inde
1001 1196 1083 1224 nobis
1099 1205 1148 1232 per
1163 1194 1256 1224 (116103

190 1232 341 1271 Praelatos,
362 1233 527 1274 Magnam,
545 1245 577 1266 ac
594 1234 861 1271 Communitatem,
879 1232 949 1263 dieii
966 1233 1064 1270 Regni
1081 1256 1090 1271 ,
1109 1234 1137 1262 in
1153 1233 1256 1262 ultimo

190 1271 382 1303 Parliamento
398 1273 516 1312 nostro,
535 1272 607 1311 apud
621 1272 913 1303 Westmomsterium
934 1279 1015 1302 tento
1029 1295 1039 1309 ,
1064 1272 1185 1309 faciam,
1203 1281 1257 1301 no-

188 1311 300 1341 biscum
322 1311 545 1342 ordinaverimus
568 1311 693 1342 habuisse
707 1336 717 1349 ,
742 1310 943 1340 nichilominus
965 1309 1036 1339 Tria
1056 1309 1140 1339 Milia
1152 1310 1257 1340 83000-

188 1359 253 1379 rum
278 1350 369 1380 Lanae
389 1352 436 1380 vix*
458 1353 485 1380 in
507 1350 632 1380 Recessu
646 1349 764 1387 nostro,
781 1349 818 1379 de
831 1349 915 1378 dietis
930 1348 1038 1388 Viginti
1055 1347 1176 1379 Milibus
1188 1348 1257 1378 Sac-

191 1398 314 1426 corum,
330 1388 365 1419 ad
379 1399 450 1427 opus
470 1389 600 1419 nostrum
623 1397 704 1426 capta
723 1388 837 1418 fuerunt
851 1388 884 1419 &
899 1387 1024 1427 provisa,
1043 1389 1169 1425 quamvis
1183 1388 1257 1417 circa

190 1426 392 1496 ¹Pro-»risionem
407 1427 483 1457 illam
498 1426 656 1458 faciendam
665 1426 883 1467 apposuisseinus
896 1425 1072 1464 diligentiam
1088 1436 1175 1464 quam
1191 1435 1258 1464 pos-

202 1476 281 1496 emus

230 1490 379 1542 Per’quod
392 1504 585 1535 ordinavimus
599 1504 680 1543 quod
692 1514 793 1535 omnes
808 1503 896 1535 Lanae
909 1526 920 1541 ,
937 1503 966 1533 in
979 1501 1122 1533 Portubus
1138 1502 1260 1533 Londo-

191 1543 263 1581 niae,
282 1543 442 1574 Sandewici
475 1544 536 1582 Gip
558 1544 640 1574 ewici
683 1543 794 1573 Lennae
809 1566 818 1580 ,
843 1542 941 1572 Sancti
964 1541 1116 1579 Botolphi,
1136 1541 1262 1579 Kynge-

194 1580 270 1612 stoni
284 1582 365 1620 super
380 1567 468 1620 Huls,
484 1583 518 1613 &
571 1582 622 1613 ovi
639 1566 732 1612 dastri
744 1581 822 1618 super
831 1581 963 1621 Tyn-am,
977 1579 1011 1623 ad
1026 1589 1097 1617 opus
1111 1579 1257 1623 nostrum,

193 1622 298 1652 virtute
313 1619 562 1651 Commiffionum
577 1620 754 1658 nostrarum,
772 1620 886 1650 diversis
903 1618 1045 1649 Fidelibus
1059 1617 1159 1648 nostris
1174 1618 1259 1647 faffita-

192 1668 257 1689 rum
271 1682 281 1698 ,
307 1660 446 1697 provisae,
465 1661 499 1691 ὃς
514 1659 549 1691 ad
563 1659 678 1690 eosdem
691 1658 794 1688 Portus
808 1657 956 1694 adducite,
974 1655 1018 1686 vel
1032 1655 1096 1685 alias
1110 1657 1140 1685 in
1155 1655 1258 1685 eisdem

192 1696 317 1728 Civitate
331 1699 366 1729 ὃς
380 1697 478 1737 Villis,
497 1698 554 1730 five
573 1699 602 1728 in
618 1697 746 1727 manibus
768 1695 967 1726 Colleciorum
983 1693 1189 1724 Custumarum
1205 1703 1260 1724 rio—

191 1735 331 1774 strarum,
350 1736 408 1768 five
430 1737 552 1767 aliorum
600 1736 708 1766 ibidem
727 1734 873 1765 existentes
887 1757 897 1772 ,
923 1743 938 1762 a
961 1732 1104 1763 Portubus
1117 1731 1259 1770 praediffls

191 1775 279 1813 usque
291 1774 416 1805 Portum
432 1775 486 1806 Ma
526 1785 551 1806 ae
563 1759 732 1812 Jernemuth
747 1772 885 1803 ducantur
901 1771 933 1801 &
950 1772 1109 1808 carienrur,
1126 1772 1162 1801 ita
1177 1771 1258 1808 quod

190 1823 292 1843 omnes
315 1813 406 1844 Lanae
449 1784 573 1844 raeffiistae
595 1812 648 1843 fint
669 1811 742 1849 apud
765 1810 875 1841 dici-um
894 1809 1015 1840 Portum
1030 1808 1149 1848 Magnae
1159 1809 1260 1847 Jerne-

191 1853 274 1882 muth
288 1860 354 1882 ante
366 1850 424 1882 Cra
452 1853 532 1882 inum
545 1851 644 1882 8311611
659 1849 784 1881 Barthol.
823 1849 938 1879 roximo
953 1847 1149 1884 futurumve]
1165 1849 1193 1876 in
1208 1857 1259 1877 eo-

191 1889 259 1920 dem
276 1889 408 1920 Crastino
423 1889 458 1919 ad
470 1890 620 1927 ultimum,
637 1888 739 1919 exinde
751 1887 785 1918 ad
835 1897 867 1918 os
881 1888 910 1917 in
927 1885 1008 1918 dic'iis
1023 1886 1145 1923 partibus
1152 1886 1260 1916 Trans-

195 1929 309 1959 marinis
322 1929 373 1958 sub
385 1927 471 1959 Salvo
486 1927 644 1959 Conducm
655 1926 794 1958 ducendae
802 1949 813 1965 ,

229 1965 269 1996 Et
284 1965 316 1996 eii
331 1966 367 1997 de
382 1966 464 1998 causa
479 1966 674 1998 mandavimus
691 1965 850 2002 Maioribus
860 1988 869 2002 ,
886 1962 1013 2001 Ballivis,
1031 1963 1064 1994 &
1083 1962 1259 1994 0011001011-

190 2005 244 2035 bus
260 2004 466 2036 Custumarum
482 2005 643 2036 nostrarum
656 2027 667 2043 ,
686 2003 860 2041 singulorum
878 2001 1019 2032 Portuum
1035 2002 1238 2039 praedietorum
1248 2025 1258 2041 ,

192 2043 274 2081 quod
294 2053 396 2074 omnes
420 2043 509 2074 Lanas
533 2044 639 2074 nostras
654 2067 664 2082 ,
689 2044 718 2072 in
742 2040 881 2072 Custodia
902 2041 1027 2078 ipsorum
1041 2039 1261 2079 Cossestorum,

193 2081 239 2112 vel
255 2081 318 2111 alias
337 2082 366 2111 in
384 2081 488 2112 eisdem
510 2081 651 2113 Portubus
676 2081 695 2101 *
712 2079 874 2117 existentes,
896 2081 924 2110 in
941 2079 1090 2117 Navibus,
1108 2080 1138 2109 in
1151 2079 1257 2110 Portu-

194 2120 245 2150 bus
260 2119 421 2158 praedietis,
441 2122 563 2159 carcari,
582 2122 616 2152 &
630 2128 673 2150 tot
686 2118 803 2156 Naves,
822 2127 892 2157 quot
908 2127 960 2155 pro
976 2117 1145 2148 Carcatione
1160 2119 1192 2149 ὅ(
1208 2117 1260 2148 Es-

194 2158 222 2188 ki
226 2167 380 2196 ppamento
393 2159 559 2189 earumdem
572 2159 714 2190 Lanarum
727 2157 887 2188 neceffariae
899 2157 1021 2195 fuerint,
1029 2157 1058 2186 in
1072 2155 1175 2186 eisdem
1183 2155 1259 2187 Por-

193 2198 277 2227 tubus
291 2196 403 2227 arestari
417 2198 535 2236 faciant,

231 2234 271 2265 Et
284 2236 425 2273 quendam
442 2236 574 2267 Probum
589 2235 752 2266 Hominem
767 2235 800 2265 &
816 2233 997 2271 Discretum,
1015 2234 1045 2263 in
1058 2232 1168 2272 singulis
1185 2232 1262 2264 Por-

192 2273 279 2304 tubus
293 2273 446 2313 praedietis,
464 2275 567 2314 eligant
578 2276 612 2306 &
627 2274 780 2311 deputent,
798 2273 832 2302 ad
846 2272 932 2303 (116135
942 2272 1030 2303 Lanas
1046 2271 1133 2309 usque
1146 2272 1255 2302 dietum

192 2312 315 2343 Portum
330 2312 448 2352 Magnae
458 2313 628 2352 jernemuth
638 2336 646 2351 ,
664 2313 697 2343 &
711 2311 813 2342 exinde
825 2311 859 2341 ad
872 2310 957 2349 Nos,
976 2312 1004 2340 in
1018 2312 1140 2348 partibus
1147 2311 1254 2341 Trans-

193 2352 318 2420 1113Ι1ἑ1113,
337 2351 502 2383 ducendum
515 2353 566 2384 sub
581 2351 667 2384 Salvo
680 2350 855 2389 Conduetiu
871 2351 900 2380 in
912 2349 1007 2380 forma
1022 2348 1174 2390 praedieiz‘i‚

270 2400 302 2420 os

217 2429 219 2431 ’
233 2413 420 2459 Adve'rtentes·
435 2430 494 2460 tarn
509 2428 609 2459 Nobis
625 2428 658 2459 &
676 2427 818 2458 Fidelibus
831 2426 952 2465 nostris,
968 2427 1120 2457 nobiscum
1136 2427 1165 2456 in
1183 2425 1254 2456 dieti

194 2467 318 2505 partibus
336 2467 541 2498 Transmarinis
560 2467 620 2505 jam
641 2466 822 2497 existentibus
838 2489 848 2503 ‚
871 2466 957 2504 quam
979 2466 1058 2496 dieto
1082 2464 1188 2504 Regno
1209 2475 1264 2495 no-

196 2505 272 2543 stro,
290 2506 324 2536 &
347 2505 478 2546 Populo,
503 2506 586 2537 nobis
609 2506 757 2543 subjedto,
786 2504 866 2545 posse
891 2503 982 2545 (quod
996 2502 1074 2538 abfit)
1091 2503 1262 2541 Dampnum

195 2544 373 2582 irreparabile
393 2546 508 2576 evenire
523 2569 533 2583 ,
553 2544 603 2575 nisi
617 2545 700 2575 nobIs
714 2543 750 2574 de
766 2543 851 2574 Lanis
866 2542 1007 2581 praedictis
1021 2543 1138 2573 celerius
1151 2542 1266 2573 succur-

198 2591 273 2614 ratur

222 2656 224 2658 ,
239 2606 427 2653 Ac’volentes
442 2621 613 2652 Miffionem
630 2621 773 2651 Lanarum
789 2619 954 2651 earumdem
967 2618 1002 2650 ad
1009 2618 1078 2650 Nos
1093 2619 1187 2650 modis
1200 2628 1267 2649 om-

197 2660 284 2691 ·nibus
319 2661 422 2698 quibus
437 2661 610 2699 poterimus,
627 2659 772 2697 festinare,

238 2684 466 2738 Affi'gnavimus,
485 2698 618 2729 Dilec’tos
629 2698 730 2736 nobis,
746 2697 912 2727 Robertum
927 2695 1036 2727 Howel
1051 2696 1085 2726 &
1102 2696 1266 2727 Robertum

200 2737 238 2767 de
249 2737 405 2776 Watford,
422 2737 603 2775 conjundfim
623 2737 656 2767 ὃς
678 2736 808 2773 divisim,
827 2735 861 2765 ad
881 2745 981 2766 omnes
999 2735 1089 2765 Lanas
1103 2735 1267 2773 praediclas,

201 2777 231 2806 in
245 2775 354 2815 lingulis
371 2775 514 2805 Portubus
529 2775 685 2813 prae’dictis,
701 2773 956 2812 supervidendum,

241 2813 278 2843 Et
289 2813 324 2843 ad
339 2813 544 2844 Carcationem
558 2814 591 2844 &
603 2812 858 2851 Eskippamentum
878 2811 1043 2843 earumdem
1060 2811 1204 2842 Lanarum
1223 2821 1270 2843 ac-

203 2851 404 2890 celerandum,
460 2885 462 2887 ,

242 2890 278 2920 Et
294 2889 328 2920 ad
343 2889 462 2929 Naves,
481 2900 546 2928 quae
559 2890 619 2920 tam
633 2899 687 2927 pro
705 2888 877 2920 Carcatione
891 2889 925 2920 &
944 2888 1166 2929 Eskippamento
1182 2888 1272 2919 dicta-

204 2936 269 2960 rum
283 2928 439 2967 Lanarum,
463 2930 549 2967 quarn
564 2938 616 2966 pro
629 2928 705 2958 salvo
719 2927 877 2959 Condueiu
893 2926 1056 2958 earumdem
1073 2952 1082 2965 ,
1099 2938 1116 2958 a
1129 2927 1271 2958 Portubus

202 2967 369 3007 praedietis,
379 2968 464 3005 usque
477 2968 513 2998 ad
528 2967 638 2997 dictum
652 2966 773 2997 Portum
791 2966 1102 3005 MagnaeJernemuth,
1120 2967 1153 2997 ὃς
1167 2966 1272 2996 abinde

206 3006 244 3037 ad
259 3007 361 3074 nosdad
380 3015 470 3044 partes
481 3005 692 3036 Transmarinas
704 3028 715 3045 ,
731 3004 891 3036 necessariae
906 3005 1026 3043 fuerint,
1043 3004 1220 3035 arestandum
1236 3006 1270 3036 ὃς

206 3055 240 3077 ca
262 3055 305 3075 ien
329 3055 377 3075 um

241 3055 409 3114 llzt'aresta'ri
423 3081 457 3115 δε
474 3083 553 3121 capi,
570 3092 602 3113 ac
616 3082 650 3113 ad
666 3081 775 3112 easdem
789 3081 908 3119 Naves,
925 3080 1083 3120 Magistris,
1100 3082 1273 3120 Marinariis,

209 3122 245 3153 &
267 3121 334 3152 alliis
350 3121 530 3152 Hominibus
543 3145 553 3159 ,
578 3130 650 3157 quot
671 3121 732 3151 tam
771 3131 805 3150 ro
828 3119 1048 3150 Gubernatione
1068 3119 1200 3151 Navium
1214 3120 1272 3150 illa-

209 3169 293 3199 rum,
312 3161 400 3198 quarn
416 3170 469 3198 pro
480 3160 556 3190 salvo
576 3159 736 3190 Condustu
751 3130 898 3190 {lanarum
914 3158 1129 3197 praedictarum,
1144 3159 1272 3199 indigue-

210 3200 285 3236 rint,
303 3198 411 3231 &aliis
425 3199 580 3229 neceffariis
592 3199 697 3229 muniri
710 3197 873 3230 faciendum
883 3219 892 3235 ,

249 3235 289 3267 Et
308 3236 343 3267 ad
364 3236 533 3267 Miffionem
554 3236 718 3268 earumdem
742 3236 884 3267 Lanarum
896 3257 906 3274 ‚
924 3235 1010 3273 usque
1025 3234 1135 3266 dietum
1150 3236 1271 3266 Portum

213 3274 332 3314 Magnae
349 3274 517 3314 Jerncmutb
532 3298 543 3314 ,
566 3275 744 3307 excitandum
757 3299 767 3313 ,
793 3273 1002 3312 festinandum,
1020 3274 1053 3304 δε
1070 3275 1197 3306 celeriter
1212 3275 1270 3306 fieri

211 3313 422 3351 procurandum
430 3337 440 3350 .,

247 3351 292 3382 Ac
303 3353 400 3382 omnia
415 3351 466 3382 alia
480 3353 514 3383 δε
529 3351 648 3390 lingula,
657 3362 707 3390 per
723 3361 787 3391 quae
802 3351 942 3390 praemissa
952 3352 1080 3381 maturari
1097 3353 1130 3383 δε
1144 3352 1271 3383 celeriter

212 3389 337 3427 expediri
347 3398 500 3428 poterunt,
517 3390 697 3428 faciendum,
818 3420 824 3422 .

251 3427 289 3458 Et
302 3427 336 3458 ad
348 3428 453 3465 alium,
471 3427 516 3458 vel
529 3428 611 3466 alios,
630 3428 783 3467 idoneum,
800 3428 847 3459 vel
860 3428 978 3458 idoneos
993 3429 1058 3466 (pro
1073 3429 1173 3467 quihus
1186 3429 1271 3459 iidem

213 3466 360 3497 Robertus
381 3467 424 3497 δε·
437 3466 583 3497 Robertus
603 3466 769 3504 respondere
787 3467 941 3503 voluerint)
958 3466 992 3496 ad
1014 3467 1151 3505 praemissa
1165 3469 1272 3498 facien-

217 3504 289 3536 dum
311 3505 345 3536 &
361 3504 556 3543 exequendum
571 3528 581 3542 ,
601 3506 731 3543 quotiens
746 3504 796 3542 ipsi
808 3527 819 3543 ,
842 3504 887 3535 vel
909 3514 1012 3535 eorum
1033 3505 1146 3543 aliquis,
1165 3507 1198 3537 ad
1214 3507 1273 3537 hoc

215 3553 314 3613 gacare
332 3553 392 3612 Iden
415 3551 549 3582 poterunt
560 3566 570 3581 ‚
595 3543 641 3575 vel
657 3544 781 3581 poterit,
798 3543 866 3573 loco
879 3542 946 3582 suo,
963 3543 1010 3573 vel
1025 3543 1136 3582 alicujus
1152 3555 1273 3583 eorum,

235 3591 338 3620 eputari
360 3592 427 3620 um,
1187 3589 1192 3596 ·

253 3620 324 3652 Nec
346 3630 405 3650 non
427 3619 462 3650 ad
485 3618 721 3657 proficiscendum
746 3629 818 3651 cum
842 3618 945 3649 eisdem
969 3619 1051 3649 Lanis
1072 3620 1164 3651 versus
1185 3621 1272 3651 distas

211 3668 301 3699 partes
314 3658 538 3696 Transmarinas,
560 3658 706 3696 quousque
720 3658 808 3688 Lanae
822 3657 965 3696 praedieiae
979 3657 1014 3688 ad
1029 3668 1082 3688 nos
1096 3661 1243 3698 venerint,

252 3698 291 3729 Et
313 3698 349 3728 ad
375 3697 570 3730 liberationem
590 3696 755 3728 earumdem
777 3696 922 3727 Lanarum
937 3720 948 3734 ,
975 3697 1005 3726 in
1027 3697 1130 3728 eisdem
1151 3697 1274 3735 partibus

214 3736 435 3774 Transmarinis,
452 3736 520 3773 illis,
539 3745 611 3773 quos
625 3734 661 3765 ad
676 3734 764 3766 Danas
780 3735 836 3765 illas
852 3734 960 3765 ibidem
972 3735 1144 3772 recipiendas
1158 3735 1275 3774 deputa-

215 3777 355 3814 verimus,
371 3773 622 3813 supervidendum:

253 3813 365 3846 Damus
378 3822 472 3844 autem
483 3812 606 3851 eisdem,
625 3811 760 3842 Roberto
771 3811 804 3842 &
818 3811 972 3848 Robert0‚
989 3811 1023 3842 &
1035 3821 1135 3842 eorum
1149 3812 1275 3851 cuilibet,

217 3860 252 3880 ac
265 3851 442 3890 Deputandis
462 3852 498 3882 ab
518 3851 574 3889 eis,
592 3852 626 3882 ὃς
647 3859 750 3880 eorum
772 3850 899 3887 quolibet
913 3873 923 3888 ,
941 3851 1071 3888 plenam,
1089 3859 1187 3881 tenore
1202 3861 1275 3888 9130-

217 3889 336 3920 sentium
348 3914 359 3929 ,
382 3890 556 3922 potestatem
575 3888 704 3929 capiendi
723 3889 757 3918 &
779 3887 913 3918 arestandi
934 3898 1035 3918 omnes
1057 3889 1118 3918 illos
1132 3913 1142 3926 ,
1160 3899 1232 3926 quos
1243 3891 1274 3920 in

203 3945 205 3947 ·
217 3927 384 3966 praemiffis,
401 3930 449 3960 vel
462 3928 556 3966 aliquo
569 3926 796 3966 praemifforurn,
815 3927 971 3959 contrarios
985 3927 1142 3957 invenerint
1154 3927 1201 3958 seu
1214 3927 1275 3957 Re-

216 3965 326 4004 1301100,
345 3967 379 3997 &
400 3977 448 3998 eos
471 3966 591 3998 Prisonis
612 3965 714 3996 nostris
737 3964 939 3995 committendi
953 3987 963 4003 ,
986 3964 1095 3995 ibidem
1115 3974 1274 3997 moraturos

214 4003 360 4042 quousque
375 4005 412 4036 de
420 4005 480 4044 ipsis
491 4005 566 4036 aliud
578 4004 738 4035 duxerimus
751 4002 997 4040 demandandum

255 4041 293 4079 Et
313 4041 381 4072 ideo
403 4045 506 4082 vobis,
530 4045 564 4075 &
585 4043 701 4074 cuilibet:
725 4040 854 4076 vestrum
866 4063 875 4079 ‚
906 4041 1057 4072 districtius
1077 4041 1250 4081 injungendo
1264 4066 1274 4081 ‚

215 4079 383 4126 mandamus
396 4081 476 4119 quod
491 4082 595 4116 eisdem
604 4104 614 4122 ,
628 4081 762 4113 Roberto
775 4080 808 4112 ὃς
822 4079 1013 4118 Roberro,&
1024 4089 1127 4117 eorum
1140 4081 1277 4120 cuilibet,

1307 187 1787 236 PUssLI'CA.
2302 207 2354 251 ΞΕ)

1293 281 1327 302 ac
1349 271 1524 320 Deputandis
1545 276 1585 320 ab*
1603 279 1640 307 eis
1655 302 1665 316 ,
1688 279 1722 311 &
1738 289 1840 324 eorum
1856 279 2000 321 quolibet,
2019 283 2049 313 in
2063 282 2205 322 praemiffis
2217 279 2351 316 omnibus

1295 311 1330 341 δε
1344 310 1453 362 singulis
1462 313 1644 359 faciendis&
1657 313 1798 355 explendis
1807 342 1817 357 ,
1836 322 1949 357 pareatis
1962 321 1995 352 δε
2006 322 2167 361 intendatis,
2182 323 2215 354 &
2231 323 2269 352 eis
2280 333 2353 353 con-

1295 348 1413 395 sulentes
1428 351 1481 381 sitis
1496 352 1530 395 ὃς
1545 360 1719 395 auxiliantes,
1739 359 1885 396 quotiens,
1903 360 1937 390 ἃς
1952 360 2064 398 quando
2078 386 2087 399 ,
2106 372 2158 392 vos
2170 383 2180 399 ,
2199 361 2243 391 vel
2257 361 2354 400 aliquis

1297 386 1444 426 vestrum,
1458 398 1507 426 per
1521 395 1608 428 lploS,
1627 391 1792 436 Robertum
1807 397 1839 427 &
1857 397 2091 437 Robcrtum‚vel
2106 409 2207 430 eorum
2220 399 2354 438 aliquem,

1299 424 1344 455 seu
1365 426 1551 471 Deputandos
1571 429 1606 459 ab
1627 440 1665 474 eis
1678 455 1689 475 ,
1713 433 1747 463 &
1760 442 1860 465 eorum
1876 436 2003 474 quolibet
2015 459 2025 475 ,
2043 437 2122 476 super
2133 438 2208 476 hoc,
2225 447 2262 468 ex
2276 446 2354 476 parte

1296 463 1394 494 nostra
1408 468 1512 510 fueritis
1521 476 1684 511 ,praernuniti
1691 491 1701 507 ,

1334 501 1371 532 Et
1384 513 1486 534 ornnes
1500 504 1574 544 ilios,
1593 516 1664 550 quos
1678 507 1781 553 iidem,
1800 509 1992 543 Robertus&
2009 508 2156 544 Robeirus
2167 537 2178 554 ,
2195 514 2240 545 vel
2255 514 2353 552 aliquis

1296 549 1412 587 eorum,
1431 541 1475 585 seu
1492 542 1654 588 Deputandi
1674 546 1710 576 ab
1730 551 1792 584 19113
1807 571 1816 586 ,
1833 550 1877 579 vel
1891 560 1992 580 eorum
2007 552 2119 590 aliquo,
2137 554 2219 583 vobis
2235 553 2354 591 (praefati

1297 577 1492 620 Vicecomites
1507 604 1515 618 ,
1525 619 1529 631 1
1540 581 1636 625 Balhvr
1650 607 1659 620 ,
1678 586 1711 615 &
1728 585 1865 624 Ministri)
1881 589 1925 618 vel
1940 589 2021 620 alicui
2032 590 2176 630 vesti-sim,
2194 600 2224 622 ut
2238 600 2353 622 contra*

1297 626 1353 647 rios
1374 618 1407 648 ὃς
1430 616 1560 649 Rebelies
1580 630 1608 649 in
1629 621 1682 665 hac
1702 633 1796 662 parte,
1816 625 2008 667 liberaverint,
2026 629 2061 658 ab
2076 629 2196 667 eisdem,
2214 629 2350 661 Roberto

1297 655 1331 685 ὃ(
1353 654 1485 700 Roberto
1501 680 1510 695 ,
1536 659 1569 688 ὃς
1589 660 1714 703 quolibet
1735 671 1852 702 eoi-um,
1873 675 1905 694 ac
1922 664 2097 703 Deputandis
2106 668 2142 697 ab
2157 668 2234 705 ipsis,
2253 669 2286 698 &
2301 679 2352 699 eo-

1299 703 1362 737 rum
1379 695 1521 737 quolibet,
1540 706 1693 741 recipiatis,
1714 701 1747 730 ὃς
1763 710 1810 731 eos
1831 704 1859 733 in
1875 701 1995 735 Prisonis
2014 705 2116 736 nostris
2128 705 2202 737 salvo
2216 706 2353 738 custodiri

1297 731 1400 762 faciatis
1415 743 1443 762 in
1456 733 1550 763 forma
1561 736 1723 772 lupi-adicis.

1336 770 1370 800 In
1383 772 1478 810 cujus,
1497 772 1557 802 &c.

1335 845 1425 877 Teste
1441 847 1583 879 Edwardo
1595 848 1682 880 Duce
1696 849 1854 882 Cornubiae
1871 854 1903 884 8<
1918 854 2038 886 Comite
2052 852 2189 896 Cestriae,
2206 858 2278 888 Filio
2291 859 2354 890 Re*

1297 885 1666 964 {gggss‘giziiigojmffustode
1681 888 1795 927 Angliae
1807 914 1816 929 ,
1832 892 1905 929 apud
1920 892 1954 922 N
1957 895 2199 934 ‹Ji-hamptoniain,
2216 898 2355 929 vicesimo·

1690 999 1743 1033 Per
1756 1004 1837 1043 ipsum
1851 1005 1988 1046 Custodem
2003 1006 2041 1043 df»
2056 1015 2142 1038 totum
2158 1011 2309 1041 Concilium

1297 1140 1356 1170 Pro
1375 1136 1469 1170 Villis
1496 1139 1532 1174 (ῤ’
1555 1136 1674 1180 Castris*
1683 1141 1773 1186 Regis
1789 1145 1833 1220 {ln
1852 1145 1959 1221 §cotia
1975 1172 1985 1188 ‚
2017 1144 2053 1178 de
2072 1149 2110 1180 V
2109 1145 2266 1180 finalibus
2283 1157 2354 1195 pro'-

1760 1200 1792 1220 vi
1817 1201 1850 1221 en
1873 1203 1908 1223 15.

1300 1271 1355 1326 R
1368 1269 1452 1314 EX,
1466 1268 1586 1314 Dilec‘tis
1600 1271 1633 1301 &
1649 1271 1791 1303 Fidelibus
1804 1274 1870 1312 suis,
1889 1274 2042 1314 Radulpho
2059 1278 2094 1308 de
2107 1279 2237 1320 Hastyng
2269 1282 2356 1314 Vice-

1376 1318 1485 1352 comiti·
1498 1308 1628 1340 Eborum
1640 1334 1649 1348 ,
1669 1311 1795 1349 Johanni
1814 1311 1850 1342 de
1874 1313 2045 1355 Percebrigg
2059 1316 2175 1349 Clerico
2209 1305 2355 1361 &³Magi-

1297 1343 1355 1375 stro
1364 1346 1487 1384 Johanni
1503 1348 1537 1378 de
1549 1348 1653 1378 Bai-ton
1667 1349 1705 1379 de
1717 1349 1788 1380 Hull
1798 1374 1808 1388 ,
1827 1351 1961 1385 Salutem.
2183 1343 2193 1358 ⁷

1333 1383 1415 1415 Cum
1436 1385 1661 1431 assignaverimus
1675 1398 1735 1431 'vos
1747 1411 1756 1426 ,
1780 1391 1961 1428 conjunetim
1986 1394 2000 1409 ⁹⁶*
2017 1392 2050 1423 δε
2064 1393 2190 1433 divilim,
2207 1396 2241 1426 ad
2256 1407 2355 1428 emen-

1296 1420 1365 1453 dum
1381 1424 1414 1454 &
1428 1425 1653 1463 providendum,
1672 1436 1702 1456 in
1718 1425 1865 1458 Comitatu
1887 1429 2017 1461 Eborum
2032 1455 2042 1469 ,
2067 1433 2126 1462 tem
2141 1434 2212 1464 infra
2227 1435 2355 1467 Liberta-

1296 1469 1353 1500 tes,
1373 1463 1457 1500 quam
1473 1472 1565 1501 extra,
1583 1464 1760 1503 Offlngenta
1775 1466 1927 1505 Qizirteiia
1948 1469 2112 1509 Frumenti,

1299 1537 1386 1578 Vini,

1335 1576 1372 1607 Et
1396 1577 1431 1621 ad
1451 1588 1482 1620 ea
1500 1578 1534 1608 ad
1555 1587 1666 1609 certum
1688 1579 1808 1624 Portum
1830 1581 1993 1614 ducendum
2007 1608 2016 1623 ,
2035 1586 2136 1617 exinde
2150 1587 2234 1626 usque
2250 1589 2358 1620 Villam

1297 1613 1433 1646 Berewici
1452 1620 1530 1660 luper
1551 1617 1691 1647 Twedam
1708 1619 1843 1650 mittenda
1863 1631 1915 1658 pro
1930 1622 2138 1656 Sustentatione
2152 1626 2175 1656 F
2177 1627 2290 1658 idelium
2304 1638 2359 1658 no-

1298 1653 1422 1698 strorum
1437 1677 1447 1691 ,
1471 1654 1735 1698 in'Munitionibus
1755 1657 1924 1689 Castrorum
1945 1661 1978 1692 &
1999 1662 2131 1694 Villarum
2148 1664 2315 1697 nostrorum
2330 1668 2360 1697 in

1298 1693 1420 1729 partibus
1435 1691 1539 1724 Sconae
1554 1693 1729 1724 existentium
1738 1717 1749 1732 ,

1337 1730 1372 1761 Et
1388 1731 1575 1778 postmodum
1591 1733 1758 1776 accipientes
1771 1734 1849 1771 quod
1865 1745 1917 1765 vos
1929 1760 1938 1774 ,
1959 1746 2092 1774 praetexru
2110 1742 2249 1778 cujusdam
2264 1743 2359 1774 Treu-

1298 1777 1341 1816 gfe
1353 1770 1442 1813 ,Usive
1464 1769 1640 1801 sufferentiae
1655 1795 1664 1808 ,
1688 1780 1758 1802 inter
1782 1774 1915 1810 quosdam
1940 1775 2047 1807 Fideles
2068 1779 2181 1810 nostros
2202 1781 2308 1811 &illos
2323 1782 2360 1812 de

1299 1810 1395 1852 beotia
1411 1831 1421 1846 ,
1444 1808 1495 1838 sub
1510 1808 1587 1839 certi
1600 1809 1712 1847 foi-ma,
1731 1810 1816 1848 usque
1828 1812 1862 1841 ad
1877 1822 1989 1844 certum
2002 1822 2112 1854 ternpus
2128 1827 2218 1855 captae
2253 1819 2359 1850 dietam

1298 1845 1494 1877 Provisionem
1507 1848 1599 1877 facere
1635 1848 1667 1878 ὅ(
1685 1848 1822 1880 victualia
1836 1850 1880 1880 illa
1895 1852 1980 1890 usque
1994 1853 2103 1885 (11613111
2119 1855 2146 1887 V
2148 1844 2361 1890 iiiam⁷l3erewi-

1298 1886 1325 1915 ci
1342 1885 1454 1915 ulterius
1468 1886 1579 1916 mittere
1613 1885 1749 1924 istulistis,

1335 1923 1428 1968 Vobis
1441 1924 1663 1968 mandaverimus
1678 1925 1772 1963 quod,
1791 1929 1979 1963 praetermiffis
1992 1932 2127 1962 omnibus
2139 1932 2212 1972 aliis,
2227 1934 2256 1964 id
2281 1935 2360 1973 quod

1298 1961 1335 1992 de
1356 1962 1441 2006 0110113
1462 1961 1636 1993 vidualibus
1655 1963 1866 2001 providendum
1881 1967 2026 2007 existeret,
2048 1971 2105 2000 fine
2118 1971 2253 2003 dilatione
2263 1960 2359 2012 ²aliqua

1298 2000 1460 2044 providerit,
1478 2003 1511 2032 δεῖ
1528 2002 1613 2045 usque.
1629 2001 1731 2045 Portus
1745 2004 1832 2040 magis
1845 2007 2022 2044 propinquos
2035 2007 2101 2039 duci
2116 2009 2150 2040 ὃς
2162 2012 2258 2041 cari-ari
2294 2022 2360 2042 otn-

1297 2049 1400 2108 110ἓο0
1414 2039 1553 2070 1716103113
1566 2039 1699 2078 praedieta
1716 2051 1745 2070 in
1760 2041 1891 2074 Navibus
1905 2046 1972 2081 poni
1987 2045 2126 2085 faceretis,
2264 2035 2276 2050 ²

1313 2117 1319 2122 ι
1365 2086 1394 2116 t,
1412 2077 1448 2108 de
1461 2078 1772 2123 eisdemyietualibus,
1792 2081 1927 2112 Sexcenta
1943 2084 2091 2124 Qarteiia
2106 2087 2271 2125 Frumenti,
2290 2086 2362 2126 Sep-

1299 2124 1425 2160 tingenta
1439 2117 1590 2156 Quarteria
1605 2117 1692 2148 Bi‘asei
1702 2141 1711 2156 ,
1731 2119 1881 2151 Trescenta
1894 2121 2045 2158 Quarteria
2059 2124 2222 2156 Avenarum
2251 2127 2284 2156 &
2293 2126 2362 2157 Tri-

1300 2163 1375 2195 ginta
1388 2155 1476 2200 Dolia
1489 2155 1576 2200 Vini,
1592 2156 1678 2200 usque
1693 2156 1796 2187 Villam
1813 2159 1939 2190 nostram
1953 2161 2195 2201 SandiiJohannis
2208 2150 2245 2196 de
2261 2164 2347 2196 Perth

1301 2194 1461 2232 Receptori
1477 2194 1653 2225 Vustualium
1666 2195 1831 2227 nostrorum
1845 2198 1950 2229 ibidem
1959 2222 1970 2238 ,
2348 2189 2361 2207 ³

1339 2232 1378 2276 Et
1399 2232 1529 2263 Centum
1541 2233 1691 2272 Qiarteria
1706 2235 1852 2266 Frumenti
1868 2261 1877 2274 ,
1905 2235 2033 2269 Centum
2045 2238 2079 2270 &
2092 2241 2190 2279 viginti
2211 2241 2362 2281 Qartetia

1301 2270 1407 2309 Braiei,
1425 2271 1561 2302 Ducenta
1578 2272 1726 2311 Qartei'ia
1740 2274 1922 2315 Avenarum,
1940 2277 1984 2307 sex
1999 2276 2087 2308 Dolia
2102 2279 2186 2317 Vini,
2204 2280 2289 2319 usque
2302 2280 2363 2312 Ca·

1304 2309 1394 2340 strum
1407 2310 1535 2342 nostrum
1549 2310 1588 2354 de¹
1600 2311 1718 2355 Coupre
1731 2313 1760 2342 in
1777 2313 1848 2353 Fyf,
1862 2313 2082 2347 Constabulario
2097 2316 2192 2348 Castri
2207 2319 2293 2357 illius,

1341 2348 1379 2392 Et
1393 2349 1540 2392 'residuum
1554 2349 1727 2380 vietuaiium
1748 2351 1952 2388 praedictorum
1973 2355 2059 2392 usque
2072 2355 2178 2387 dietam
2193 2357 2297 2388 Villam
2309 2353 2364 2388 Be-

1303 2396 1400 2418 rewrci
1408 2410 1418 2425 ,
1437 2387 1593 2425 Receptori
1604 2388 1774 2420 victualium
1789 2389 1952 2422 nostrorum
1965 2393 2088 2432 ibidem,

1321 2465 1327 2470 ⁴
1344 2425 1398 2455 Per
1418 2425 1581 2470 indenturas
1596 2449 1605 2464 ,
1632 2426 1699 2457 inde
1718 2429 1790 2458 inter
1809 2439 1860 2459 vos
1882 2431 1916 2461 &
1932 2430 2109 2470 Receptores
2125 2433 2159 2464 ὃ(
2173 2430 2363 2466 constabula-

1305 2473 1380 2494 rium
1399 2465 1549 2508 praediCtos
1569 2465 1663 2509 modo
1681 2465 1780 2497 debito
1801 2467 1990 2499 conficiendas
2002 2493 2012 2509 ,
2039 2470 2177 2502 liberanda
2197 2474 2362 2511 mitteretis,

1304 2511 1389 2546 prout
1407 2513 1435 2532 in
1454 2502 1666 2546 Commiffione
1684 2505 1717 2535 &
1737 2504 1879 2537 Mandatis
1898 2507 2000 2538 nostris
2012 2532 2023 2546 ,
2046 2510 2128 2540 vobis
2149 2510 2217 2541 inde
2233 2510 2365 2551 directis,

1305 2542 1414 2581 plenius
1427 2551 1606 2579 continetur,

1344 2579 1380 2610 Et
1401 2581 1455 2617 jam
1477 2581 1691 2624 intellexerimus
1707 2581 1791 2625 *quod
1813 2592 1913 2622 magna
1932 2594 1993 2622 pars
2019 2585 2191 2618 Victualium
2210 2587 2365 2625 praediecos

1305 2628 1372 2649 rum
1384 2641 1394 2663 9
1418 2628 1532 2658 propter
1547 2618 1760 2663 Negligentiam
1785 2622 1817 2652 ὃς
1838 2623 2028 2660 Tepiditatem
2043 2624 2182 2664 vestram,
2200 2627 2291 2657 adhuc
2304 2634 2365 2657 non

1307 2657 1471 2696 providetur
1485 2682 1494 2695 ,
1522 2667 1575 2701 nec
1588 2658 1724 2701 Victualia
1745 2658 1834 2697 aliqua
1855 2670 1904 2698 per
1925 2671 1977 2693 vos
1999 2662 2033 2692 ad
2048 2663 2110 2694 loca
2123 2664 2274 2703 praeditsta,
2287 2665 2365 2703 juxta

1306 2697 1432 2740 formam
1456 2694 1674 2726 Commiffioms
1693 2697 1726 2727 &
1741 2696 1945 2731 Mandatorum
1964 2699 2125 2732 nostrorum
2141 2703 2366 2744 praedictorum,

1308 2742 1452 2765 mittantur

1347 2773 1400 2818 Per
1417 2757 1688 2818 quod-quamplures
1706 2773 1812 2818 Fideles
1833 2775 1921 2806 nostri
1937 2800 1947 2815 ⁷
1965 2778 2012 2815 qui
2028 2778 2058 2807 in
2072 2777 2196 2818 CastriS,
2212 2779 2312 2818 Villis,
2327 2779 2362 2811 &

1311 2811 1398 2842 Locis
1420 2811 1519 2842 nostris
1534 2835 1544 2850 ,
1568 2822 1597 2841 in
1611 2812 1691 2842 dictis
1707 2814 1828 2849 partibus
1841 2814 1961 2853 Sentiat,
1979 2817 2058 2853 super
2073 2817 2145 2847 salvs
2161 2815 2301 2849 Custodia
2314 2828 2366 2849 οο-

1310 2850 1443 2880 rumdem
1457 2851 1621 2887 extiterunt,
1639 2860 1654 2879 a
1669 2849 1879 2883 Munitionibus
1894 2852 2079 2892 Castrorum,
2098 2854 2200 2894 Villae,
2217 2858 2251 2888 &
2266 2857 2366 2888 Loco-

1309 2899 1374 2919 rum
1388 2889 1500 2918 illorum
1510 2912 1520 2926 ,
1538 2898 1591 2925 pro
1606 2888 1721 2932 (10106111
1737 2888 1909 2922 1Ι1611131111111
1932 2892 2111 2931 hujusmodi,
2126 2894 2313 2934 recesserunt,
2331 2897 2366 2926 &

1310 2927 1408 2971 eadem
1430 2925 1554 2971 Castra,
1581 2927 1669 2965 Villa,
1686 2928 1719 2958 &
1745 2927 1824 2958 Loca
1842 2952 1852 2967 ,
1874 2939 1909 2960 ex
1929 2931 2009 2961 causa
2025 2931 2178 2972 praedicta,
2196 2935 2226 2963 iri
2239 2933 2368 2971 periculo

1310 2965 1479 3010 Perditionis
1496 2964 1616 3009 ,existunt
1630 2977 1641 3003 3
1663 2965 1739 2995 unde
1760 2966 1915 3003 plurimum
1929 2971 2151 3010 conturbamur,
2169 2973 2202 3003 &
2214 2995 2225 3010 ,
2242 2982 2295 3003 nec
2311 2973 2367 3002 iin-

1312 3015 1433 3041 merito,
1451 3013 1576 3034 intimius
1591 3013 1828 3044 commovemur,

1349 3043 1442 3073 Vobis
1458 3043 1553 3082 igitur,
1572 3042 1622 3072 sub
1638 3041 1787 3082 Periculo,
1806 3044 1883 3081 quod
1898 3046 2052 3084 incumbit,
2071 3048 2104 3077 ὅ(
2117 3048 2167 3078 sub
2181 3047 2370 3079 Forisfaeiura

1312 3082 1446 3112 omniurn
1462 3104 1471 3119 ,
1494 3090 1558 3119 quae
1578 3080 1658 3110 nobis
1675 3081 1837 3125 'forisfacere
1862 3086 1987 3121 poreritis
2003 3108 2012 3123 ,
2037 3085 2183 3116 districtius
2198 3087 2368 3126 injungimus

1313 3121 1346 3151 &
1368 3120 1529 3164 mandamus
1541 3142 1550 3157 ,
1574 3119 1654 3164 quod
1672 3119 1700 3149 id
1713 3143 1722 3157 ,
1748 3120 1768 3150 fi
1790 3122 1868 3158 quod
1884 3122 1920 3152 de
1935 3122 2110 3154 Victualibus
2125 3123 2262 3162 praediffis
2274 3124 2368 3155 adhuc

1313 3158 1523 3196 providendum
1537 3158 1646 3196 existat,
1664 3158 1722 3188 sine
1735 3159 1867 3190 dilatione
1883 3161 1991 3199 aliqu-52,
2010 3163 2067 3192 tam
2082 3162 2117 3192 de
2133 3162 2303 3193 victualibus
2316 3172 2366 3202 per

1314 3196 1503 3227 willielmum
1517 3196 1553 3226 de
1567 3196 1741 3235 Dunstapel,
1757 3199 1858 3228 virtute
1871 3197 2089 3230 Commisiionis
2109 3199 2214 3231 nostrae
2227 3224 2237 3239 ,
2263 3201 2313 3231 sibi
2329 3201 2367 3232 de

1312 3235 1487 3266 Vistualibus
1500 3257 1518 3278 ,⁸
1534 3245 1587 3273 pro
1606 3234 1735 3265 Paffauio
1754 3235 1855 3266 nostro
1877 3237 1967 3268 versus
1988 3247 2078 3276 partes
2091 3238 2318 3277 Transmarinas,
2337 3240 2368 3270 in

1313 3274 1415 3304 eodem
1429 3272 1577 3303 Comitaru
1591 3261 1771 3311 provid'3ndis
1785 3274 1885 3313 factae,
1904 3277 1991 3313 quam
2006 3277 2041 3307 de
2053 3277 2109 3307 aliis
2122 3278 2152 3307 in
2166 3276 2313 3308 Comitatu
2334 3278 2367 3314 il-

1313 3314 1359 3350 lo,
1378 3313 1437 3343 tam
1458 3312 1528 3342 infra
1551 3312 1705 3343 Libertates
1718 3337 1727 3350 ‚
1746 3313 1832 3351 quam
1852 3322 1926 3343 exna
1940 3339 1949 3352 ‚
1974 3316 2031 3345 emi
2049 3315 2083 3346 δι’.
2102 3317 2260 3354 provideri,
2279 3318 2313 3347 &
2327 3314 2363 3347 ad

1315 3352 1418 3382 Portus
1433 3352 1519 3389 magis
1554 3352 1709 3389 ropinquos
1721 3351 1786 3381 duci
1801 3352 1834 3381 &
1850 3354 1961 3391 cariari,

1351 3390 1515 3430 Omniaque
1556 3389 1663 3420 ic‘tualia
1678 3389 1810 3427 prtedi-sta
1823 3391 1852 3419 111
1863 3389 1994 3422 Navibus
2007 3392 2092 3430 poni,
2112 3392 2146 3424 &
2160 3392 2244 3431 usque
2253 3389 2369 3432 Castra,

1314 3428 1417 3459 Villam
1427 3452 1436 3464 ,
1455 3430 1487 3458 ὥς
1503 3428 1584 3458 Loca
1597 3428 1746 3467 praedicta,
1765 3427 1832 3457 duci
1847 3429 1880 3459 ὃς
1896 3430 2006 3467 cariari,

1352 3467 1396 3497 Ac
1419 3466 1629 3503 Receproribus
1649 3467 1682 3497 δε
1704 3464 1924 3497 Constabulariis
1937 3465 2120 3506 Castrorum,
2138 3467 2238 3506 Villae,
2257 3469 2291 3500 &
2306 3468 2368 3500 Lo-

1313 3515 1414 3537 corum
1430 3505 1647 3543 praediCtorum‚
1665 3515 1714 3543 per
1729 3504 1910 3544 indemnitas,
1928 3508 1994 3536 inde
2010 3508 2080 3536 inter
2102 3517 2153 3537 vos
2174 3508 2207 3538 δε
2220 3507 2291 3544 ipsos
2304 3507 2367 3538 Re-

1315 3554 1442 3582 ceptores
1457 3545 1490 3574 &
1507 3542 1753 3581 Constabularios,
1773 3545 1892 3581 qnie,&
1908 3545 2081 3583 cujusmodi,
2097 3544 2236 3575 victualia
2250 3546 2294 3576 illa
2307 3546 2368 3577 fue-

1315 3585 1386 3620 rint,
1405 3583 1438 3613 &
1453 3583 1574 3624 pretium
1590 3581 1777 3619 corumdem,
1796 3584 1986 3620 continentes,
2004 3583 2193 3613 conficiendas
2208 3606 2217 3621 ‚
2231 3585 2260 3614 in
2275 3583 2370 3615 forma

1316 3623 1345 3652 su
1367 3622 1439 3651 eritis
1461 3620 1586 3658 expreisa
1598 3644 1606 3658 ,
1634 3620 1742 3650 liberari
1761 3620 1863 3650 faciatis
1883 3621 1918 3650 ad
1940 3631 2011 3658 opus
2026 3621 2156 3651 nostrum
2169 3621 2368 3654 custodienda:

1314 3632 1390 3690 dicHt-ii
1399 3658 1533 3700 Treuga,
1551 3659 1596 3689 seu
1611 3657 1822 3701 Commillique
1835 3659 1928 3689 nostra
1950 3660 2099 3697 praedicffffi,
2117 3660 2237 3698 praefato
2248 3660 2372 3692 Williel-

1315 3708 1366 3729 mo
1379 3697 1414 3728 de
1431 3698 1605 3728 Victualibus
1619 3720 1628 3735 ,
1648 3708 1701 3734 pro
1719 3697 1851 3729 Pau-mio
1866 3697 1964 3728 nostro
1988 3698 2125 3735 praedi-sto
2140 3720 2150 3736 ,
2174 3698 2372 3739 providendis,

1313 3746 1360 3768 aut
1383 3736 1564 3774 quacumque
1583 3736 1635 3765 alia
1651 3735 1860 3765 Commillione
1873 3760 1882 3773 ,
1909 3735 2094 3767 Ρ10106110110
2108 3738 2153 3768 vel
2167 3736 2326 3777 Mandaro,
2341 3739 2372 3769 in

1315 3776 1487 3806 contrarium
1502 3774 1580 3803 saetis
1589 3797 1599 3812 ,
1617 3784 1676 3803 non
1688 3772 1881 3812 obstaiitibii83

1354 3813 1463 3844 Damus
1484 3821 1577 3842 autem
1593 3813 1674 3841 vobis
1685 3836 1696 3850 ,
1713 3813 1747 3843 &
1763 3812 1878 3842 cuilibet
1892 3811 2040 3851 vestrum,
2058 3822 2159 3844 tenore
2172 3813 2371 3854 praesentium,

1315 3851 1486 3882 Potestaiem
1499 3849 1635 3880 arestandi
1650 3851 1683 3880 ὃς
1698 3850 1826 3888 capiendi
1839 3850 2162 3889 Naves,competente3
2174 3863 2227 3892 pro
2243 3853 2371 3885 Dactio-

1314 3900 1351 3920 ne
1371 3890 1404 3920 &
1426 3888 1594 3931 Circatione
1610 3887 1784 3919 Vicffmalium
1801 3889 2003 3925 praedic-*iorum
2024 3890 2109 3928 usque
2128 3891 2192 3922 loca
2211 3892 2346 3938 praedieta
2358 3915 2369 3931 ‚

1315 3937 1432 3958 necnon
1451 3926 1595 3957 Homines
1607 3949 1618 3964 ,
1643 3926 1703 3956 tam
1724 3925 1877 3966 Magistros
1897 3929 1930 3958 ὃς
1953 3927 2122 3959 Marinarios
2135 3953 2145 3968 ,
2171 3940 2257 3968 quarn
2278 3932 2345 3961 alios
2359 3953 2370 3967 ‚

1314 3976 1367 4005 pro
1383 3965 1599 3996 Gubernatione
1619 3963 1751 3996 Navium
1766 3966 1965 4002 praedietarum
1980 3988 1990 4004 ‚
2013 3966 2046 3997 &
2059 3967 2136 3998 salvo
2149 3967 2306 3999 conductu
2321 3967 2373 3997 Vi·

1315 4004 1449 4035 &uanum
1466 4002 1634 4034 eorumdem
1655 4002 1748 4034 versus
1768 4012 1857 4041 partes
1880 4005 2045 4043 praedictas,
2062 4006 2241 4045 necessiirias,
2259 4008 2287 4036 in
2301 4006 2371 4036 loeis

1316 4043 1388 4073 infra
1402 4042 1581 4072 Comitatum
1595 4041 1764 4079 praedietum
1780 4065 1789 4079 ,
1816 4042 1865 4072 ubi
1879 4043 1979 4073 melius
1995 4044 2128 4081 expedire
2139 4045 2279 4083 videritis,
2296 4053 2370 4082 quo-

1316 4083 1387 4114 tiens
1401 4090 1473 4119 opus
1484 4080 1580 4119 fueris,
1603 4080 1637 4112 &
1650 4081 1733 4111 nobis
1747 4080 1888 4150 vingbitur
1902 4081 2051 4122 expedire,
2344 4117 2367 4151 F

2371 284 2445 322 Anii.
2455 283 2500 323 ᾖ,

2398 336 2481 376 1338³

2373 376 2437 403 Edv.
2457 381 2483 410 3.

2378 1288 2502 1324 Αηηί).

2397 1333 2480 1373 1338,

2372 1375 2425 1399 An.
2446 1382 2489 1399 12.

2374 1414 2403 1437 Ε.
2427 1420 2451 1447 3.

2132 1471 2216 1502 Milic
2232 1474 2355 1513 Qirte-
2373 1453 2446 1514 {⁰¹1
2465 1458 2508 1515 ¹5,ss

1297 1501 1336 1529 ria
1356 1500 1443 1531 Brasei
1459 1524 1470 1540 ,
1496 1501 1580 1532 Mille
1611 1503 1760 1542 Qaneria
1782 1506 1946 1537 Avenarum
1962 1532 1971 1546 ,
1995 1510 2028 1539 ὃς
2051 1509 2245 1550 Quadraginta
2267 1513 2356 1544 Dolia
2380 1535 2392 1559 7
2423 1497 2434 1523 3

2379 1547 2505 1591 ³1='v.‹58=
