2562 4279
10 185 87 218 Ann.
103 183 146 214 D.

10 232 129 298 εἳιὶῗζ.

19 1225 97 1258 Ann.
112 1224 152 1256 D.

42 1274 128 1304 1330.
152 1297 155 1299 ,

20 1309 74 1333 An.
90 1314 119 1338 4.

20 1347 51 1371 Ε.
74 1352 99 1379 3.

21 1381 89 1418 Vasa.
108 1390 138 1416 4.

23 1424 56 1447 E.
73 1429 99 1456 3.
118 1429 154 1446 m.

23 1458 138 1523 ῬΙ-ἐσθ’.

26 1543 94 1571 433·

157 112 215 152 44

156 183 192 214 de
218 183 315 214 Seintz
330 206 338 221 ,
373 181 498 212 Domini
528 180 565 211 de
596 178 736 209 Pomeriis
753 200 763 216 ,
783 177 897 215 plenam
919 174 1054 208 fiduciam
1076 184 1221 215 reportan-

160 231 199 253 tes
208 245 218 259 ³
631 255 636 260 .
932 255 937 260 .
1183 255 1187 260 .
1205 254 1210 260 .

197 260 244 290 Ad
267 258 443 290 tra&andum
458 280 467 295 ‚
492 266 545 293 pro
566 255 650 285 nobis
664 277 674 292 ,
692 255 726 286 ὃς
740 253 841 285 nostro
857 264 977 285 nomme
1013 253 1226 298 cum'Comiti-

159 299 212 328 bus
247 295 414 334 Baronibus,
432 297 467 326 &
478 296 536 324 aliis
552 293 709 323 Nobilibus
723 317 732 330 ,
752 292 957 331 cujuscumque
971 277 1158 339 Condmoms
1179 292 1225 339 vel

160 323 254 367 Statim
273 335 390 365 existant
404 357 414 372 ,
439 333 518 371 super
539 330 798 362 confoederatione
851 333 885 363 ὅτ.
899 332 1068 371 Alligantia,
1084 341 1118 362 ac
1134 330 1226 362 Mora

161 375 208 405 suit
223 374 371 403 nobiscum
388 372 422 402 ad
435 371 611 401 Terminum
627 369 720 407 Vitae,
738 370 785 414 vel
798 354 971 417 kinnorum,
1178 408 1186 416 .

197 412 234 443 Et
242 411 275 441 ad
283 409 515 442 conveniendum
527 418 597 440 cum
612 409 650 439 eis
661 408 699 439 de
712 417 796 439 certis
804 408 828 439 F
829 409 995 448 eodis,tam
1008 418 1062 447 pro
1077 407 1122 447 se,
1138 417 1225 447 quarn

161 450 339 482 Hominibus
354 449 422 487 suis,
682 485 687 491 ⁸
838 486 843 492 ι
937 485 947 495 A
1161 486 1166 491 η

198 489 236 519 Et
255 487 290 518 ad
312 498 343 518 ea
358 511 368 526 ,
387 497 452 525 quae
467 485 506 517 slc
521 484 690 517 concordari
703 487 875 525 contigerit,
894 496 1077 525 quacumque
1092 484 1225 516 firmitate

219 526 323 557 andum

162 527 237 596 valllvdt
261 564 296 595 ad
315 549 412 595 o’rnnia
434 563 486 594 alia
505 563 539 595 &
561 561 665 602 singula
677 562 860 602 faciendum,
878 574 944 603 quae
959 563 1111 596 necessaria
1125 562 1230 593 fuerint

162 605 191 635 in
203 603 367 642 praemissis,

201 643 332 681 Eisdem,
947 681 952 686 ¹
1125 680 1130 685 .
1158 679 1163 685 ,

198 681 323 720 Johanni
337 681 371 712 sc
384 678 562 717 Gullielmo,
581 677 696 717 plenam
712 686 813 711 tenore
827 679 1007 718 praesentium
1020 687 1230 711 committimus

163 718 353 751 Potestatem:

202 758 409 789 Promittentes
427 756 498 788 Nos
518 756 630 787 Rarum
651 757 686 788 &
705 756 835 788 Firmum
856 756 1001 788 habituros
1023 755 1161 795 quicquid
1182 766 1233 794 per

163 797 313 836 praefatos,
327 796 494 836 Johannem
509 797 543 827 &
556 794 765 834 Guliielmum,
783 795 970 833 Tradiatum,
990 795 1231 838 Concordatum,

161 837 199 868 &
215 835 359 867 Vallatum
372 835 458 866 fuerit
471 835 501 865 in
515 833 674 874 praemiffis,
693 834 727 865 ὃς
738 833 867 872 quolibet
877 835 1100 872 praemistorum.

204 912 239 944 In
253 913 349 953 cujus,
363 913 425 944 &c.

204 989 276 1022 Dat.
294 989 368 1031 apud
382 987 564 1027 Wodestok,
581 986 718 1019 vicesimo
733 986 852 1026 septimo
866 987 913 1019 die
927 986 1040 1027 Aprilis.

197 1131 258 1165 Ad
274 1133 438 1177 Afagnates
453 1131 490 1167 ὠ
515 1130 751 1161 communitates
771 1130 962 1174 Aquitaniae,
989 1128 1025 1162 de
1045 1129 1214 1166 Credentia.

172 1221 300 1280 REX
326 1221 434 1253 Nobili
453 1220 526 1252 Viro
548 1220 581 1252 &
602 1219 691 1251 Fideii
711 1220 779 1260 suo,
798 1238 876 1246 ----
893 1221 1069 1254 Vicecotniti
1083 1223 1236 1265 Benangia-

246 1271 329 1300 rum,
349 1260 483 1291 Salutem.

212 1299 398 1330 Laudabilem
417 1298 544 1330 Gestum
566 1297 692 1328 vestrum
713 1307 778 1337 erga
798 1297 935 1329 Domum
949 1299 1076 1330 nostram
1093 1300 1236 1340 Regiam,

173 1338 233 1368 tam
249 1337 470 1379 Progenitornm
485 1336 665 1373 nostrorum,
683 1337 770 1374 quam
788 1336 891 1368 nostris
910 1339 1103 1378 temporibus,
1122 1341 1156 1371 &
1169 1351 1237 1380 qua-

172 1376 234 1408 liter
255 1388 309 1415 pro
328 1377 540 1408 conservatione
562 1374 686 1413 ipsorum
706 1376 740 1405 &
762 1375 928 1406 nostrorum
948 1376 1062 1416 Jurium
1078 1379 1239 1417 frequenter

174 1416 354 1453 exposueritis
367 1417 446 1445 variis
463 1414 601 1445 Periculis
610 1413 672 1444 Vos
685 1413 718 1443 &
732 1413 848 1452 Vestra,
865 1414 1048 1446 assistentium
1063 1416 1161 1448 Nobis
1169 1418 1240 1449 No-

174 1454 275 1486 bilium
291 1457 310 1474 *⁵
327 1454 458 1494 patefecit
470 1452 580 1483 assertio
590 1475 600 1490 ,
623 1453 657 1484 &
680 1451 735 1490 ipsa
746 1454 787 1483 rei
800 1453 941 1486 evidentia
952 1456 1087 1493 operibus
1100 1467 1241 1496 compro-

173 1494 259 1524 bavit.

212 1531 343 1563 Vestram
366 1531 452 1568 igitur
473 1529 627 1560 Fideiitatis
647 1528 847 1561 Constantiam
867 1532 972 1563 merito
988 1535 1240 1573 commendantes,

175 1571 259 1602 vobis
274 1570 408 1601 volumus
427 1578 531 1599 notum
555 1567 613 1598 effe
633 1567 733 1607 quod,
751 1569 800 1599 etsi
815 1570 939 1601 multum
955 1572 1037 1602 cordi
1053 1573 1155 1604 nostro
1171 1574 1242 1604 inse-

175 1609 266 1648 derit,
284 1610 318 1640 &
339 1607 455 1638 insideat
478 1608 508 1637 in
528 1607 678 1646 praesenti,
705 1607 818 1638 bonum
841 1609 874 1640 &
897 1610 1076 1649 tranquillum
1097 1611 1242 1652 Regimen

174 1647 307 1678 Ducatfis
326 1646 415 1677 nostri
436 1646 597 1685 Aquitaniae
611 1669 621 1684 ,
646 1647 680 1677 ὃς
703 1655 735 1676 ut
754 1655 841 1677 errata
861 1647 987 1687 ibidem,
1006 1649 1025 1680 si
1040 1660 1105 1688 quae
1120 1651 1241 1691 fuerint,

175 1686 272 1717 debite
285 1687 480 1726 corrigantur,
497 1693 613 1725 propter
628 1683 837 1723 Impedimenta
850 1694 946 1717 tamen
975 1698 1038 1726 qua:
1054 1690 1242 1729 nobis,post-

175 1735 264 1763 quam
287 1724 490 1756 Gubernacula
511 1724 609 1761 Regni
627 1724 716 1754 nostn'
736 1723 922 1763 suscepimus,
941 1710 1134 1759 diversimode
1148 1739 1241 1760 emer-

175 1764 267 1796 serunt
275 1785 285 1802 ‚
304 1773 364 1794 non
377 1764 520 1802 potuimus
535 1762 679 1801 hucusque
692 1763 840 1805 complere
853 1774 903 1801 per
915 1766 1013 1796 omnia
1025 1776 1093 1798 vota
1111 1767 1214 1798 nostra.

213 1802 252 1833 Et
274 1803 404 1840 quamvis
425 1811 510 1840 penes
526 1800 646 1831 Curiam
667 1801 793 1831 Franciae
809 1824 818 1839 ,
843 1812 894 1839 per
907 1802 1066 1842 solempnes
1082 1805 1238 1846 Nuncios,

177 1841 303 1872 multum
317 1840 521 1877 insteoerimus,
539 1849 571 1870 ut
584 1848 689 1870 exortae
702 1839 770 1870 hinc
784 1839 852 1870 inde
872 1840 1034 1874 Discordiae
1046 1843 1091 1874 vizi
1108 1847 1244 1876 amicabi-

116 1917 117 1920 ,
176 1880 197 1911 li
212 1880 368 1920 sopirentur
383 1903 393 1918 ,
413 1888 526 1918 Jamque
539 1878 576 1908 de
590 1878 690 1908 eadem
706 1878 789 1909 causa
802 1879 964 1917 hujusmodi
976 1880 1012 1911 N
1015 1884 1115 1913 uncios
1129 1884 1163 1914 ad
1178 1895 1243 1915 ean-

176 1918 244 1949 dem
259 1917 376 1948 Curiam
388 1917 550 1948 duxerimus
562 1915 759 1955 destinandos,
776 1918 809 1948 &
820 1918 962 1956 speremus
975 1921 1074 1960 quod,
1092 1921 1162 1953 Deo
1174 1933 1243 1962 pro-

176 1958 249 1996 pitio
259 1980 268 1994 .,
286 1956 416 1996 Negotia
429 1955 474 1986 illa
487 1954 521 1985 ad
538 1956 648 1986 bonum
663 1956 770 1986 exitum
786 1955 979 1997 deducentur,

215 1994 359 2026 Mittimus
374 2003 470 2025 tamen
481 1993 515 2025 ad
529 2004 579 2025 vos
588 2018 598 2032 ,
616 1993 751 2025 Dileetm
765 1995 799 2025 &
813 1994 921 2026 Fideles
932 1997 1063 2037 nostros,
1077 1998 1243 2037 Johannem

176 2032 277 2073 Darcy
297 2032 323 2063 le
345 2032 443 2074 Cosyn
457 2056 466 2072 ,
491 2034 525 2063 ὃς
547 2032 752 2077 Guillielmum
767 2032 804 2063 de
816 2033 929 2073 Seintz,
950 2035 1119 2068 Dominum
1133 2039 1169 2070 de
1184 2039 1243 2071 Po-

176 2073 286 2110 meriis,
304 2072 404 2110 quibus
425 2071 620 2102 Intentionem
636 2071 732 2103 cordis
747 2070 837 2103 nostri
856 2075 1035 2114 aperuimus,
1054 2076 1135 2115 super
1150 2079 1244 2110 diver-

175 2111 209 2143 fis
249 2120 314 2149 quae
326 2110 396 2142 Nos
411 2119 549 2149 tangunt,

213 2134 276 2180 <los
291 2157 423 2187 rogantes
438 2150 574 2188 quatenus
590 2148 693 2180 eisdem
706 2172 716 2187 ,
730 2148 858 2188 Johanni
871 2151 906 2183 &
922 2150 1111 2194 Guillielmo,
1130 2156 1160 2186 in
1175 2156 1242 2197 hiis,

175 2197 241 2227 quae
255 2190 338 2219 vobis
358 2188 454 2218 dicent
475 2197 509 2218 ex
532 2196 608 2226 parte
627 2187 744 2227 nostri,
763 2188 852 2219 fidem
868 2189 1012 2222 credulam
1029 2194 1189 2234 praebeatis,
1208 2197 1242 2228 &

176 2235 349 2265 conceptam
364 2226 589 2258 Benivolentiam
605 2237 672 2265 erga
685 2226 770 2266 Nos,
789 2229 823 2259 ὃς
836 2227 966 2269 nostros,
985 2230 1073 2262 taliter
1093 2235 1244 2266 continua-

177 2275 224 2304 re,
242 2267 275 2298 &
290 2276 309 2296 o
332 2275 413 2296 erum
429 2265 556 2297 efficacia
568 2265 782 2304 demonstrare,
803 2266 949 2307 studeatis,
983 2270 1044 2300 uod
1058 2273 1086 2301 in
1100 2272 1244 2312 hiis,quae

178 2304 279 2335 vestris
292 2276 411 2335 [sonori
423 2304 456 2336 &
470 2305 577 2336 utilitati
593 2306 750 2336 convenire
762 2304 940 2346 videbimus,
992 2309 1154 2348 bligatiores
1167 2311 1245 2344 effici

178 2342 332 2374 debeamus
345 2343 522 2381 temporibus
536 2344 694 2382 oportunis.

214 2418 292 2450 Data
305 2419 379 2460 apud
392 2417 576 2458 Wodestok,
595 2419 733 2451 vicesimo
749 2420 869 2458 septimo
884 2422 930 2452 die
944 2422 1059 2461 Aprilis.

313 2494 428 2526 Eodem
443 2496 533 2528 modo
548 2497 712 2528 mandatum
728 2494 770 2526 est
784 2495 958 2537 subscriptis3
976 2500 1122 2541 videlicet,

216 2573 370 2601 Vicecomiti
383 2574 602 2612 Benangiarum.

176 2609 308 2649 Johanni
323 2611 354 2640 de
367 2610 473 2652 Greyly.

178 2651 261 2679 Petro
275 2648 308 2678 de
320 2652 472 2680 Ganareto.

179 2690 280 2725 Rogero
294 2687 325 2717 de
341 2692 494 2719 Ganareto.

178 2727 277 2756 Pontio
291 2729 408 2757 Domino
422 2728 455 2757 de
469 2727 619 2768 castellion.

177 2764 311 2794 Arnaldo
325 2765 356 2795 de
370 2766 398 2795 la
412 2768 519 2797 Laude.

180 2801 331 2832 Guillielmo
355 2807 502 2845 Amaneny
520 2807 552 2836 de
567 2806 689 2848 Madely.

178 2844 252 2871 Avo
265 2844 380 2872 Domino
395 2844 427 2873 de
442 2843 571 2883 Roasano.

178 2880 322 2910 Bernardo
335 2882 361 2910 E
358 2881 473 2920 scufflzni
487 2883 518 2912 a'e
525 2886 688 2921 Loginrano.

179 2917 324 2948 Gaillardo
338 2921 455 2950 Domino
471 2922 503 2950 de
517 2924 688 2953 Lamh‘rano.

177 2959 263 2986 Petro
276 2956 390 2988 calcula·
405 2962 521 2989 Domino
542 2960 574 2990 de
588 2962 691 2991 Poden-

771 2576 888 2605 Domino
903 2576 934 2605 de
952 2577 1057 2615 Pugele.

770 2614 886 2643 Domino
901 2616 934 2644 de
949 2617 1067 2656 Bynket.

769 2654 886 2682 Domino
899 2655 931 2683 de
947 2656 1091 2693 Podmges.

731 2689 862 2757 Argzaldo
884 2692 917 2722 de
932 2693 1062 2733 Mersuno
1078 2698 1195 2727 Domino
1211 2698 1243 2728 de

790 2740 876 2759 anna.

728 2767 810 2796 Petro
826 2768 857 2797 de
872 2772 1014 2800 Marzano
1022 2794 1032 2809 ,

765 2807 882 2836 Domino
896 2808 928 2837 de
944 2812 1043 2839 Monte
1058 2809 1153 2841 Oliva.

728 2846 811 2874 Petro
824 2846 952 2876 Arnaldi
966 2848 998 2877 de
1012 2851 1174 2890 quidum,

728 2886 757 2912 V
758 2886 883 2913 icecomiti
895 2886 928 2914 de
941 2889 1025 2916 Oria.

727 2921 858 2989 Joganni
872 2924 903 2953 de
917 2924 997 2955 Malo
1012 2928 1104 2956 Leone
1124 2930 1241 2959 Domino

789 2971 864 2991 irros.

207 2995 273 3041 saco
281 3020 292 3034 ‚
728 2998 878 3045 Guillielmo
895 3002 1023 3032 Arnaldi
1037 3004 1069 3034 de
1081 3007 1184 3044 Sants,

177 3032 486 3112 ἓνανιιζίνῖἔοᾶἔεέιῖἔὲῗι.
731 3040 1043 3109 Sassznsscbrzlgigassgsse
1059 3083 1138 3111 Hets.

177 3110 321 3141 Gaillardo
334 3113 366 3141 de
378 3112 525 3153 Lanbesco,
730 3115 812 3144 Petro
828 3116 955 3148 Arnaldi
967 3120 999 3148 de
1007 3122 1109 3149 Tartar
1123 3123 1239 3152 Domino

177 3150 321 3179 Bernardo
335 3151 366 3180 de
382 3151 411 3180 la
424 3155 531 3190 Sparre.

175 3190 208 3218 T
203 3186 329 3218 alit-ando
342 3190 373 3218 de
389 3189 511 3220 Gramel.

217 3228 334 3256 Domino
348 3228 380 3256 de
394 3227 506 3268 Erfixco.

213 3267 331 3294 Domino
345 3266 377 3295 de
391 3269 508 3297 Urnone.

215 3305 332 3333 Domino
348 3307 455 3334 Montis
468 3307 594 3337 Ferandi.

768 3154 800 3181 de
814 3155 934 3185 Urtubie.

768 3194 884 3222 Domino
897 3195 929 3223 de
940 3197 1023 3225 Garo.

727 3231 856 3260 Martino
877 3235 966 3263 Samii
986 3237 1102 3265 Domino
1125 3236 1158 3266 de
1177 3239 1238 3267 Do-

767 3269 894 3308 mesayne.

767 3309 883 3338 Domino
898 3309 930 3338 de
942 3310 1113 3352 Dofferayno.

213 3344 333 3372 Domino
343 3343 376 3373 de
390 3342 419 3373 la
432 3348 451 3373 S
468 3355 540 3376 arre.
727 3346 883 3384 Raymundo
903 3348 1051 3379 Guillielmi
1072 3352 1188 3380 Domino
1203 3351 1236 3380 de

212 3382 332 3411 Domino
345 3382 378 3412 de
391 3353 512 3422 Gaffiuo.
764 3383 898 3415 Dollebik.

211 3421 329 3450 Domino
343 3420 375 3450 de
388 3421 561 3461 Mateplane.
727 3423 879 3463 Reymundo
891 3424 921 3454 de
937 3425 1078 3465 Meuffeus.

213 3459 331 3493 Domino
343 3459 376 3489 de
388 3459 541 3499 Baffilade.
727 3463 804 3499 Lupo
819 3464 957 3499 Rei-gandi
972 3466 1004 3493 de
1019 3464 1164 3503 Burdegal.

212 3497 330 3527 Domino
344 3499 376 3528 de
389 3498 559 3529 Arbenates.

213 3535 339 3565 Dominae
380 3541 472 3568 Matae
501 3541 627 3569 Dominae
656 3538 690 3568 de

251 3576 420 3611 Bragiriaco.

727 3502 809 3529 Petro
837 3502 964 3533 Arnaldi
985 3506 1100 3534 Darans
1121 3506 1237 3534 Domino

764 3538 797 3567 de
810 3541 950 3578 Mundieg.

765 3580 882 3607 Domino
897 3580 929 3608 de
943 3583 1035 3610 Luxe.

176 3609 327 3641 Guillielmo
368 3616 515 3655 Reymundi
547 3617 578 3647 de
610 3620 688 3648 Cavo
727 3616 871 3646 Gaillardo
883 3618 915 3646 de
928 3618 1020 3657 Castro
1036 3621 1108 3655 Pugo
1122 3621 1237 3649 Domino

214 3652 328 3689 Monte,
763 3655 794 3684 de
806 3657 931 3686 Proiano.

214 3689 330 3718 Domino
341 3691 373 3720 de
386 3691 514 3731 Ousjnge,
764 3696 880 3724 Domino
896 3695 927 3725 de
942 3695 1041 3725 Sanno
1055 3695 1151 3725 Paulo.

216 3726 330 3756 Domino
345 3731 376 3758 de
392 3732 529 3762 Pomeriis.

215 3764 330 3794 Domino
347 3768 378 3796 de
391 3768 415 3797 le
431 3773 490 3800 Seu.

216 3801 356 3833 Bernardo
377 3809 466 3837 Berne
487 3809 556 3839 disto
569 3809 685 3849 l'Ast’ffl'-

178 3839 330 3873 Reymundo
360 3845 484 3875 Arnaldi
514 3844 640 3879 Domino*
654 3850 687 3880 de

216 3879 352 3913 Gergeres.

174 3916 285 3943 Deuoto
300 3919 412 3947 Domino
427 3921 459 3949 de
472 3923 590 3955 Sidirak.

210 3955 329 3983 Domino
343 3956 375 3983 de
388 3958 479 3995 Castro
494 3963 585 3992 Novo.

211 3993 330 4024 Domino
347 3994 378 4024 de
391 3997 528 4035 Caupena.

725 3734 876 3772 qumundo
902 3734 935 3766 de
959 3737 1041 3764 Batz
1067 3737 1183 3765 Domino
1203 3734 1235 3765 de

763 3775 848 3802 Sorte.

762 3813 878 3841 Domino
893 3812 925 3841 de
941 3811 1078 3842 Polloant.

724 3849 856 3879 Arnaldo
870 3854 988 3880 Domino
1003 3851 1036 3880 de
1051 3853 1166 3881 Poiana.

724 3890 832 3917 Garciae
847 3889 972 3919 Arnaldi
986 3889 1019 3919 de
1032 3888 1162 3920 Navales
1176 3892 1235 3920 Do-

763 3929 832 3955 mino
849 3928 881 3957 de
893 3931 974 3958 Sant-

724 3964 828 4004 Dtffino
844 3967 876 3999 de
889 3966 983 4007 Castro
996 3967 1080 4004 Pago.

759 4005 876 4037 Domino
891 4005 925 4038 de
937 4010 1043 4036 eamr.

1298 175 1416 204 Domino
1432 174 1465 205 de
1480 173 1559 215 Tilly.

1301 215 1417 242 Domino
1429 213 1461 243 de
1473 216 1573 242 Fauas.

1264 252 1413 281 Armando
1426 252 1457 281 de
1469 256 1591 282 cazans.

1263 292 1380 319 Domino
1403 289 1552 320 Guillielmi
1579 292 1714 321 Aimerics‘
1741 289 1774 319 de

1301 328 1432 358 Berbota.

1263 366 1394 396 Arnaldo
1409 367 1560 398 Guillielmi
1573 368 1605 399 de
1619 367 1745 398 Dudans.

1264 408 1413 436 Amaneno
1427 407 1460 437 de
1473 406 1588 446 Foffato.

1262 443 1393 473 Arnaldo
1407 445 1440 474 de
1454 449 1552 475 Monte
1564 444 1670 485 Pestlto-

1265 484 1348 511 Petro
1361 482 1393 511 de
1410 487 1601 523 Mouncaump.

1265 519 1418 551 Guillielmo
1431 524 1548 552 Domino
1560 524 1593 553 de
1606 526 1684 553 Cavo
1693 525 1777 552 filon-

1305 566 1343 588 te.

1268 597 1288 617 '¹‘
1308 601 1426 628 Domino
1435 599 1588 640 Reymundo
1599 600 1741 631 Durandi.

1268 639 1384 666 Domino
1396 638 1520 667 Berardo
1534 639 1566 668 ck
1583 638 1613 668 la
1626 642 1713 669 Breto
1720 641 1779 668 Do-

1306 679 1377 705 mino
1391 677 1423 706 de
1439 679 1535 706 Variis.

1268 713 1402 753 Busc'zntio
1415 717 1531 744 Domino
1544 716 1575 745 de
1588 715 1748 746 Tumbeben.

1270 751 1422 782 Guillielmo
1437 753 1471 782 de
1481 753 1595 784 Gelard.

1270 791 1422 831 Reymundo
1438 793 1577 822 Bernardi
1590 793 1622 822 de
1636 792 1756 832 Sentafe.

1271 829 1415 869 Ramfrido
1423 833 1540 860 Domino
1552 831 1585 861 de
1593 834 1668 869 Bago
1677 835 1783 862 Monte.

1274 870 1404 908 Nasauco
1419 869 1451 898 de
1466 869 1611 909 Sabynaco.

1271 909 1388 936 Domino
1402 907 1533 938 Arnaldo
1544 909 1576 938 de
1592 907 1727 948 Dulforti.

1273 944 1405 975 Arnaldo
1420 946 1452 975 de
1467 945 1555 984 Pugil.

1272 983 1424 1014 Guillielmo
1439 988 1585 1025 Amaneny
1601 985 1633 1015 de
1646 985 1786 1026 Muffi’da-

1309 1033 1342 1052 no
1357 1023 1390 1052 de
1401 1022 1536 1063 Bleynaco

1272 1061 1403 1092 Arnaldo
1416 1062 1447 1091 de
1461 1066 1586 1093 Cimone.

1272 1099 1404 1140 arnaldo
1418 1103 1556 1132 Bernardi
1571 1102 1604 1132 de
1615 1101 1746 1141 Preffaco.

1273 1137 1382 1180 Basos'lo
1397 1142 1512 1171 Domino
1525 1141 1558 1171 de
1572 1141 1656 1171 Podio
1670 1138 1786 1171 Galliel-

1309 1189 1355 1208 ms.

1309 1220 1426 1247 Domino
1439 1218 1471 1247 de
1482 1221 1601 1258 Tuyoza.

1270 1255 1421 1286 Theobaldo
1435 1257 1467 1285 de
1483 1257 1610 1297 Genfizco.

1272 1295 1379 1333 Majori
1393 1318 1403 1334 ,
1426 1294 1542 1334 Juratis
1554 1320 1564 1335 ‚
1590 1295 1629 1332 ό·
1643 1299 1696 1326 toti
1710 1299 1787 1326 Com-

1309 1337 1441 1363 munitati
1458 1337 1593 1364 Civitatis
1608 1333 1756 1373 Burdegal.

1273 1374 1329 1402 Ma
1335 1372 1381 1401 'ori
1386 1371 1531 1446 ,gumtis
1539 1398 1548 1411 ,
1572 1378 1687 1404 Centum
1703 1376 1787 1404 Pari-

1330 1422 1359 1440 us
1368 1435 1377 1450 ,
1452 1415 1506 1441 toti
1519 1415 1714 1443 communitati
1728 1411 1787 1443 Vil-

1311 1449 1346 1479 lae
1361 1451 1393 1479 de
1407 1452 1506 1480 Saudo
1520 1450 1642 1482 Milione.

1274 1488 1370 1518 Probis
1379 1489 1538 1519 Hominibus
1551 1488 1590 1525 ὠ·
1604 1493 1658 1521 toti
1664 1495 1788 1521 commu-

1313 1530 1401 1557 nitati
1420 1531 1448 1557 V
1450 1527 1505 1558 illae
1520 1529 1551 1558 de
1567 1529 1703 1560 Libarna.

1275 1566 1383 1605 Majori
1397 1590 1407 1604 ,
1432 1566 1548 1605 Juratis
1563 1591 1573 1607 2
1591 1567 1630 1603 (ῤ’
1645 1572 1700 1598 toti
1713 1572 1791 1598 Com-

1314 1609 1444 1635 munitatt
1457 1609 1485 1635 V
1488 1605 1543 1636 illae
1557 1608 1589 1637 de
1605 1610 1696 1646 Burgo
1704 1606 1792 1647 ficpra

1313 1647 1410 1673 Mare.

1273 1682 1370 1712 Probis
1377 1682 1540 1713 Hominibus
1554 1683 1592 1719 ὠ
1605 1688 1658 1714 toti
1666 1688 1789 1715 Commu-

1311 1725 1399 1751 nitati
1414 1725 1442 1752 V
1443 1721 1498 1751 illae
1515 1723 1546 1752 de
1561 1722 1656 1753 Blaia.

1275 1761 1383 1799 Majori
1396 1783 1407 1799 ,
1432 1760 1565 1801 Juratis,
1584 1760 1622 1796 ό·
1645 1765 1698 1791 toti
1713 1765 1789 1792 Com-

1312 1802 1443 1829 munitati
1458 1802 1487 1829 V
1486 1799 1541 1830 illae
1560 1802 1657 1831 SanHi
1671 1800 1791 1831 Macha-

1312 1848 1355 1868 ru.

618 86 1427 140 CONVENTIONES,
1481 85 1876 134 LITERAE,

1813 171 1910 202 Probir
1917 172 2078 202 Hominibus
2090 173 2129 209 ὀ·
2141 181 2194 208 toti
2202 183 2322 212 Commu-
2338 176 2416 208 Ann.
2426 174 2468 212 D.
2513 207 2516 209 .
2554 176 2555 179 ¹

1850 213 1936 240 nitati
1950 213 1978 240 V
1977 209 2033 241 illae
2047 214 2126 244 Podii
2139 218 2255 250 Mrelli.
2333 225 2439 257 {1330-

1812 248 1967 288 Conficlibus
1995 248 2034 283 ᾤ’
2056 255 2110 282 toti
2125 256 2323 290 Communitasi
2336 265 2403 292 Edv.
2425 269 2451 298 3.

1850 290 1879 317 V
1877 287 1933 318 illae
1948 288 1981 317 de
1995 290 2076 321 Pene.

1812 329 1867 356 Ma
1874 326 1937 366 'ori,
1955 325 2090 367 Juratis‚
2111 333 2225 362 centum
2238 335 2322 365 Pari-

1868 375 1899 394 us
1912 388 1922 404 ,
1948 364 1987 401 &
2001 370 2056 395 toti
2070 370 2265 402 Communitati
2277 378 2323 404 Ci-

1851 406 1954 433 vitatis
1966 405 1999 433 de
2011 407 2111 436 Baion.
2173 439 2177 442 ,

1813 441 1930 481 Juratis
1944 440 1983 477 ὠ·
1994 447 2049 472 toti
2057 447 2254 478 Communitati
2267 448 2325 480 Vil-

1851 479 1885 510 lae
1897 481 1929 510 de
1941 484 2006 511 Ax.

1814 518 1931 559 Juratis
1953 517 1993 555 ό·
2007 521 2222 554 Habitatoribus
2239 527 2270 555 V
2269 523 2325 557 illae

1853 559 1948 588 Samii
1960 562 2074 590 severii.

1816 597 1935 636 Juratis
1952 596 1991 632 ὠ·
2007 599 2223 631 Habitasoribus
2239 605 2270 633 V
2268 601 2324 634 illae
2340 610 2356 627 ⁴¹⁵
2374 612 2427 638 lv.

1854 636 1886 665 de
1901 639 1981 665 Bona
1996 639 2104 669 Garda.
2342 658 2411 686 434.

1818 675 1913 706 Probis
1920 676 2081 707 Hominibus
2093 676 2133 713 ὠ·
2145 682 2199 710 toti
2206 683 2330 712 Commu-

1855 718 1941 745 nitati
1957 718 1985 744 V
1985 715 2040 746 illae
2052 717 2085 747 de
2100 720 2183 749 Genu.

1818 753 1914 783 Probis
1932 755 2093 785 Hominibus
2112 755 2152 792 ἐν
2173 762 2226 788 toti
2249 761 2330 789 Com-

1858 794 1991 871 {imitati
2003 797 2033 824 V
2031 794 2086 825 illae
2106 797 2138 826 de
2152 799 2222 826 Mas
2240 796 2330 829 beatae

1891 835 2004 863 uiteriae.

1821 870 1919 899 Probis
1925 871 2087 902 Hominibus
2101 871 2140 907 ὠ»
2152 877 2206 904 toti
2211 877 2334 909 Commu-

1860 912 1947 938 nitati
1957 909 2039 940 Villae
2054 912 2087 940 de
2100 915 2176 943 Seint
2190 917 2215 943 G
2211 913 2279 954 yuh.

1822 947 1918 976 Probis
1937 949 2098 979 Hominibus
2120 949 2158 986 (ἔν
2180 957 2232 982 toti
2252 956 2334 982 cum-

1861 989 1991 1017 munitati
2005 987 2088 1018 Villae
2102 990 2134 1020 de
2148 990 2306 1031 Hastinges.

1823 1023 1918 1054 Probis
1935 1026 2096 1057 Hominibus
2122 1027 2162 1064 ῤ’
2180 1033 2234 1060 toti
2255 1033 2335 1060 Com-

1860 1064 1993 1093 manituti
2011 1068 2040 1095 V
2039 1064 2095 1097 illae
2107 1069 2204 1099 Sandli
2218 1068 2335 1108 Johan-

1861 1103 1902 1129 nis
1914 1103 1947 1131 de
1961 1104 2050 1133 Sardo.

1823 1138 1918 1169 Probis
1939 1141 2103 1172 Hominibus
2123 1140 2161 1179 ὥ·
2181 1149 2234 1175 toti
2255 1149 2334 1176 Com-

1860 1181 1993 1246 }mmitati
2005 1183 2034 1210 V
2031 1180 2088 1211 illae
2102 1181 2134 1212 de
2146 1186 2244 1215 lilonte
2256 1187 2337 1216 Acu-

1876 1227 1898 1247 o.

1824 1255 1921 1285 Probis
1942 1257 2105 1289 Hominibus
2126 1258 2165 1294 ὠ·
2185 1264 2238 1291 toti
2258 1264 2336 1292 Com-

1862 1299 1993 1326 munitati
2004 1300 2034 1327 V
2033 1296 2088 1327 illae
2095 1298 2199 1329 Herbae
2204 1303 2334 1332 Feneriae.

1824 1332 1931 1364 Thomae
1945 1336 2093 1367 Sabaterii.

1825 1371 1980 1404 Guillielmo
1994 1374 2138 1415 Rostandi.

1825 1413 1909 1442 Petro
1926 1414 2095 1454 Majensizni.

1824 1451 1976 1491 Reymundo
1991 1455 2117 1485 Martini
2129 1454 2161 1485 de
2174 1455 2274 1485 Sanao
2287 1456 2339 1485 P-e-

1863 1496 1917 1520 tro.

1825 1527 1956 1567 Johanni
1970 1532 2085 1568 Begerii.

1829 1570 1956 1598 Dominae
1972 1569 2118 1610 Markcjfiae
2133 1570 2166 1602 de
2178 1570 2285 1603 Sol-erio..

1830 1609 1914 1637 Petro
1928 1608 2085 1639 Lamberti.

1830 1647 1974 1677 Bernardo
1986 1648 2018 1678 de
2032 1647 2156 1688 Aylano.

1831 1687 1980 1716 Amaneno
1994 1687 2027 1717 de
2042 1686 2165 1725 Aylanq.

1827 1727 1979 1755 Laurentio
1993 1726 2024 1755 de
2038 1726 2124 1757 Biele.

1827 1761 1956 1801 Jahanm·
1968 1764 2001 1793 de
2014 1764 2101 1796 Biele.

1829 1801 1960 1832 Arnaldo
1973 1806 2063 1833 Saucii
2080 1804 2113 1834 de
2127 1806 2213 1835 Luco.

1828 1839 1958 1879 Johanni
1970 1842 2002 1871 de
2017 1841 2127 1882 rastede.

1321 1967 1371 1999 De
1387 1969 1479 2000 Statu
1497 1969 1672 2015 Aquitaniae.
1685 1979 1741 2016 per
1758 1970 1905 2001 Comitem
1925 1965 2077 2002 Cornubiae
2096 1968 2300 2014 reformando.

1277 2051 1341 2113 R

1350 2051 1376 2082 E
1386 2051 1435 2092 X,
1452 2049 1572 2084 Dilectis
1584 2055 1618 2086 &
1633 2053 1777 2085 Fidelibus
1789 2053 1858 2091 suis,
1877 2052 2002 2092 Majori,
2017 2052 2138 2092 Juratis,
2152 2053 2283 2085 Centum
2291 2054 2346 2086 Pa-
2360 2049 2438 2082 Ann-
2452 2050 2493 2083 D.

1360 2092 1437 2122 ribus
1446 2116 1456 2130 ,
1474 2093 1574 2124 &toti
1589 2091 1802 2124 Communitati
1809 2092 1939 2123 Civitatis
1951 2092 2007 2123 suae
2019 2092 2056 2123 de
2069 2091 2192 2131 Baiona,
2211 2093 2345 2125 Salutem.
2389 2099 2476 2130 1330-

1315 2128 1502 2162 Laudabilern
1525 2131 1652 2162 Gestum
1673 2131 1801 2163 vestrum
1822 2140 1887 2171 erga
1905 2130 2044 2162 Domum
2073 2131 2203 2162 nostram
2221 2131 2345 2174 Regiam
2359 2131 2410 2156 An-
2425 2139 2456 2166 4·

1278 2164 1340 2203 &a
1357 2176 1388 2198 ut
1413 2178 1480 2208 upra
1494 2168 1573 2210 uflyue
1585 2170 1624 2201 ibi
1637 2171 1788 2209 oportunis
1799 2193 1809 2209 ‚

1316 2207 1468 2240 Caetertim
1477 2227 1487 2247 ,

2357 2171 2388 2196 Ε.
2411 2177 2439 2204 3.

1827 2178 1891 2200 tunc
1898 2170 1948 2211 fic.
2359 2207 2426 2235 Ihm*

1317 2247 1395 2287 Qia
1405 2248 1616 2288 ordinavimus,
1633 2248 1773 2280 dilectum
1793 2248 1922 2279 Fratrem
1941 2248 1974 2279 δε
1989 2247 2117 2279 Fidelem
2129 2248 2279 2288 nostrum,
2293 2249 2348 2289 Jo-

1277 2284 1403 2316 hannem
1414 2287 1450 2317 de
1464 2287 1579 2318 Eitham
1588 2311 1598 2326 ,
1618 2287 1769 2319 Comitem
1784 2287 1961 2326 Cornubiae,
1978 2297 2047 2317 cum
2060 2288 2185 2325 pluribus
2203 2288 2348 2328 Magnati-

1276 2323 1348 2362 bus,
1365 2326 1400 2356 &
1414 2325 1594 2365 Nobilibus,
1612 2327 1646 2357 ad
1659 2336 1749 2366 partes
1757 2325 1889 2357 Ducatfis
1901 2325 2049 2365 praedieki,
2069 2327 2345 2364 proseformatione

1278 2362 1373 2394 Status
1390 2364 1530 2402 ejusdem,
1551 2366 1581 2395 in
1597 2367 1730 2404 proximo
1745 2364 1899 2403 destinare,
2227 2403 2239 2412 ..
2293 2404 2298 2409 ¹

1316 2401 1458 2434 Volumus
1473 2403 1569 2441 quod,
1587 2406 1608 2434 si
1622 2415 1686 2442 quae
1701 2415 1752 2443 per
1765 2404 1955 2435 Senescaiiurn
1975 2403 2108 2435 nostrum
2122 2403 2258 2447 Ducatus
2272 2413 2345 2448 ejus-

1277 2440 1362 2479 dem,
1381 2441 1426 2472 seu
1449 2441 1516 2472 alios
1535 2441 1687 2474 Ministros
1708 2442 1820 2474 nostros
1841 2443 2056 2482 quoscumque,
2073 2443 2103 2472 in
2116 2441 2202 2472 vestrl
2215 2442 2346 2481 ptaeJudi-

1278 2480 1357 2510 cium
1376 2480 1422 2510 seu
1443 2489 1611 2521 gravamen,
1631 2482 1737 2514 fuerint
1751 2490 1928 2520 attemptata,
1947 2491 1997 2519 per
2011 2480 2137 2524 eundem
2150 2479 2278 2510 Fratrem
2293 2491 2350 2511 no-

1278 2517 1369 2549 strum
1391 2521 1522 2556 congrue
1541 2520 1728 2552 emendentur
1740 2544 1750 2558 ‚
1776 2521 1810 2551 &
1831 2520 1866 2550 ad
1886 2520 1997 2550 Statum
2011 2518 2144 2562 debitum
2159 2518 2347 2558 reducantur3

1278 2557 1312 2587 &
1326 2558 1439 2588 interim
1452 2558 1532 2596 super
1546 2558 1693 2597 praemiffis
1707 2559 1798 2591 velitis
1811 2559 2004 2597 aequanimiter
2013 2556 2155 2588 suffinere.

1314 2632 1385 2665 Dat.
1407 2642 1440 2665 ut
1454 2633 1541 2672 supra.

1434 2759 1485 2791 De
1504 2759 1618 2791 Annuo
1634 2757 1727 2803 Censiae
1744 2761 1871 2791 Summo
1890 2757 2026 2803 Pontifici
2033 2757 2191 2804 solvenda.

1280 2845 1337 2901 R
1346 2843 1371 2874 E
1380 2842 1570 2892 Xotnnibus
1578 2867 1589 2884 ,
1606 2843 1640 2875 ad
1654 2854 1743 2883 quOS,
1759 2844 1820 2875 &c.
1838 2843 1972 2875 Salutem.

1377 2882 1476 2914 Sciatis
1493 2884 1573 2921 quod

1314 2920 1415 2960 Cum,
1433 2921 1530 2953 dileffl
1550 2908 1729 2954 Mercatores
1748 2921 1863 2960 nostri,
1885 2921 1980 2953 Dinus
1998 2921 2118 2966 Forsetti
2131 2944 2142 2959 ,
2160 2921 2196 2952 &
2207 2920 2286 2951 socii
2302 2920 2342 2952 sui
2357 2922 2484 2956 Ann.D;

1277 2957 1452 2991 Mercatores
1465 2960 1501 2991 de
1515 2961 1657 2993 Societate
1677 2960 1836 2992 Bardorum
1857 2961 1894 2992 de
1911 2961 2070 3004 Florentia,
2086 2968 2193 3001 nuper,
2203 2958 2248 3002 ‚de
2262 2969 2344 2990 man-
2375 2972 2464 3003 1330.

1275 2997 1343 3029 dato
1357 2998 1457 3030 nostro
1469 3000 1604 3032 solverint
1641 2999 1764 3031 Dilectis
1777 3000 1811 3031 &
1825 2999 1849 3030 F
1850 3000 1967 3031 idelibus
1981 2998 2083 3029 nostris
2095 3019 2107 3036 ,
2124 2996 2286 3028 Willielmo
2304 2998 2341 3029 de
2351 3005 2404 3030 An.
2420 3012 2451 3038 4.

1276 3035 1386 3068 Monte
1407 3038 1504 3070 Acuto
1521 3062 1531 3078 ,
1553 3040 1587 3071 &
1606 3024 1822 3070 bartholomaeo
1842 3039 1880 3069 de
1901 3035 2072 3082 Burgbersih
2091 3037 2176 3073 (quos
2202 3046 2296 3081 nuper
2306 3037 2342 3068 ad
2353 3044 2382 3068 Ε.
2403 3050 2428 3077 3.

1274 3073 1442 3108 Dominum
1469 3077 1625 3110 Summum
1653 3075 2062 3111 Pontificemdestmavrmus)
2083 3074 2198 3112 Septem
2230 3074 2312 3106 Milia
2326 3098 2338 3116 ,
2351 3082 2410 3106 Pas.
2431 3088 2461 3115 4.

1275 3115 1475 3156 Qingentos,
1489 3117 1639 3157 Triginta,
1656 3118 1690 3149 δε
1705 3117 1760 3147 Sex
1797 3115 1933 3159 Florenos
1947 3112 2019 3143 Auri
2033 3112 2070 3144 de
2084 3112 2244 3158 Florentia,

1768 3139 1907 3184 bommo
1915 3182 1917 3186 ,
1926 3151 2050 3183 Summo
2062 3150 2197 3183 Pontifici
2211 3152 2338 3184 valorem
2350 3165 2387 3182 m.
2402 3155 2448 3184 28.

1313 3154 1361 3185 Ad
1379 3155 1548 3186 solvendum
1569 3156 1639 3187 inde
1658 3154 1750 3186 eidem

1274 3191 1360 3224 Mille
1379 3195 1400 3214 ²*
1419 3193 1587 3225 Marcarum
1601 3217 1612 3232 ,
1636 3195 1666 3224 in
1686 3200 1796 3230 partem

2349 3121 2484 3154 E.3.p.1.

1818 3190 1974 3222 Solutionis
1991 3189 2100 3221 Census
2113 3215 2123 3229 ,
2142 3200 2231 3229 quem
2245 3192 2338 3222 eidem
2348 3194 2365 3209 ’¹³
2382 3194 2440 3221 IV.

1273 3231 1398 3262 Summo
1418 3231 1555 3263 Pontifici
1576 3232 1731 3268 debemus,
1747 3231 1781 3260 &
1797 3229 1938 3261 residuum
1953 3229 2142 3261 Fiorenorum
2155 3229 2270 3261 illorum
2283 3241 2338 3269 pro
2351 3239 2419 3269 435.

1273 3268 1319 3299 Ex
1340 3270 1409 3300 ensis
1421 3271 1545 3307 ipsorum
1560 3268 1712 3299 Willielmi
1725 3269 1758 3299 &
1772 3267 1973 3299 Bartholomaei
1982 3291 1992 3306 ,
2119 3307 2124 3313 ⁸

1338 3317 1372 3337 ro
1386 3309 1488 3346 quibus
1503 3308 1620 3346 quidem
1634 3307 1657 3337 F
1658 3308 1761 3338 iorenis
1775 3306 1966 3338 conceffimus
1977 3306 2086 3338 solvere
2099 3306 2206 3338 eisdem
2220 3306 2338 3339 Merca-

1273 3346 1402 3393 toribus,
1417 3345 1520 3385 Mille,
1535 3346 1718 3384 Trescentas‚
1738 3347 1772 3378 &
1786 3344 1918 3390 Decem,
1937 3348 1970 3378 &
1985 3345 2069 3377 0610
2087 3345 2205 3384 Libras,
2223 3346 2257 3377 &
2272 3345 2342 3389 Sex-

1272 3383 1370 3414 decim
1383 3384 1513 3424 solidos,
1527 3384 1751 3425 Sterlingorum,
1771 3383 1920 3424 videlicet,
1940 3395 1995 3424 pro
2004 3385 2130 3425 Floreno
2140 3384 2213 3415 Tres
2225 3383 2338 3415 Solidos

1272 3422 1306 3453 δε
1319 3422 1375 3452 Sex
1392 3422 1551 3463 Denarios,

1315 3461 1400 3500 Nos,
1419 3461 1557 3494 Volentes
1570 3463 1708 3494 securitati
1719 3461 1847 3501 ipsorum
1863 3461 2064 3507 Mercator-um
2077 3463 2109 3494 in
2120 3460 2263 3529 hfflrte
2269 3468 2339 3504 pro-

1273 3500 1387 3538 videre,
1405 3501 1526 3532 fatemur
1541 3501 1612 3533 Nos
1626 3502 1716 3533 teneri
1729 3500 1833 3531 eisdem
1849 3500 2062 3533 Mercatoribus
2075 3511 2106 3531 m
2116 3508 2136 3536 p
2161 3537 2166 3541 Ι
2203 3497 2256 3528 <ihs
2263 3497 2337 3542 Mil-

1273 3539 1316 3576 le,
1333 3539 1495 3570 Trescentis
1530 3542 1564 3573 &
1579 3539 1714 3579 Decem,
1730 3540 1765 3570 &
1777 3539 1859 3570 Οᾶο
1874 3539 1983 3579 Libris,
2001 3540 2036 3571 &
2050 3537 2207 3580 Sexdech·
2217 3535 2336 3574 Sohdis,

1273 3586 1308 3608 ex
1329 3577 1412 3609 causa
1432 3589 1464 3616 pr
1511 3579 1584 3618 iCtfi,
1602 3580 1637 3610 ὃς
1657 3581 1695 3609 eis
1716 3578 1836 3608 mndem
1859 3580 1990 3616 pecuniae
2012 3578 2174 3621 summam?
2199 3584 2232 3603 ln
2247 3573 2333 3605 Festo

1274 3615 1474 3655 pentecostes,
1492 3619 1628 3656 proximo
1640 3617 1756 3655 futuro,
1773 3617 1881 3649 solvere
1894 3617 2086 3656 promittimus
2097 3614 2177 3644 bona
2194 3611 2259 3642 fide.

1310 3655 1344 3685 In
1359 3657 1454 3694 cujus,
1471 3658 1532 3688 &c.

1310 3692 1400 3725 Teste
1413 3693 1497 3734 Rege
1510 3694 1584 3734 apud
1596 3693 1781 3733 Wodestok,
1799 3693 1938 3726 vicesimo
1952 3692 2060 3723 ofiavo
2073 3689 2120 3721 die
2134 3687 2246 3728 Aprilis.

1779 3773 1833 3801 Per
1846 3774 1939 3800 Breve
1952 3767 1984 3798 de
1997 3769 2118 3797 Privato
2132 3764 2231 3803 sigillo.

1273 3846 1330 3908 E

1339 3847 1370 3877 T
1388 3848 1552 3880 mandatum
1575 3848 1617 3879 est
1637 3847 1825 3887 Thesaurario
1846 3848 1880 3878 &
1893 3844 2050 3887 Baronibus
2071 3842 2107 3874 de
2117 3841 2283 3881 Scaccario,
2300 3854 2335 3876 ac

1352 3885 1519 3917 Camerariis
1533 3885 1639 3928 Regis,
1656 3889 1736 3926 quod
1751 3885 1855 3923 eisdem
1868 3882 2098 3919 Mercatoribus,
2115 3881 2161 3913 vel
2173 3891 2275 3913 eorum
2281 3883 2336 3920 AQ-

1272 3927 1388 3954 tornatis
1403 3926 1433 3954 in
1453 3926 1506 3957 hac
1527 3936 1605 3964 parte
1619 3949 1630 3965 ,
1653 3926 1743 3956 dictas
1766 3924 1851 3955 Mine
1865 3946 1876 3961 ,
1898 3920 2082 3967 Trescentas,
2101 3920 2135 3951 &
2149 3918 2283 3968 Decem,
2300 3921 2335 3952 &

1272 3961 1371 4001 Οξὶο,
1387 3963 1485 3995 Libras
1496 3987 1507 4003 ,
1531 3966 1566 3996 &
1584 3965 1736 4003 Sexdecim
1750 3961 1879 4005 Solidqs,
1895 3969 1927 3989 m
1940 3958 2022 3988 ἀιᾶο
2036 3957 2121 4002 Festo
2130 3982 2141 3998 ,
2158 3959 2195 3990 de
2209 3959 2231 3990 'I
2240 3960 2337 4003 hesau-

1274 4010 1309 4031 το
1331 4000 1419 4042 Regis
1438 4003 1566 4041 solvam
1590 4002 1636 4036 vel
1650 4001 1730 4041 quod
1744 3999 1870 4039 praefau,
1888 3996 2084 4038 Thesauganus
2096 3998 2130 4030 ὃς
2144 3997 2282 4036 Ramnes,
2297 4007 2338 4028 eis

2252 4045 2337 4073 Gom}
