2562 4279
716 145 828 187 ET
913 144 1177 186 ACTA

23 237 97 269 Ann.
111 233 152 264 D.
171 233 254 272 licae,
271 242 366 272 parere
380 235 613 274 contempserint,
628 242 679 264 vos
690 242 754 270 eos,
772 231 806 262 &
821 239 921 261 eorum
937 229 1109 274 quemlibet,
1125 239 1195 273 quos
1207 237 1242 274 ex

52 281 135 314 1317·
173 283 268 312 nunc,
285 282 315 304 ut
334 283 367 304 ex
390 284 474 314 tunc,
500 272 799 307 excommunicamus,
823 277 1084 312 excommunicatos
1107 268 1241 311 publice,

22 315 88 343 κάν.
109 321 135 338 2.
172 311 271 342 diebus
286 312 451 344 Dominicis
465 314 497 344 ὃ(
514 311 642 348 Festivis,
660 309 767 346 pulsatis
781 317 942 345 companis,
960 307 993 337 &
1005 305 1126 349 candelis
1141 315 1243 336 accen-

173 349 222 388 fis,
239 350 400 389 ubicunque
412 352 493 383 vobis
506 348 652 387 expediens
666 347 725 377 fore
741 346 897 383 videbitur,
916 346 1066 389 nuncietis,
1084 345 1117 375 &
1133 344 1243 374 denun-

174 388 243 418 ciari
277 399 311 419 ac
325 390 360 420 ab
374 390 506 420 omnibus
520 388 618 418 evitari
631 386 713 416 artius
729 385 849 420 faciatis,
872 382 959 420 ipsam
976 382 1085 424 insuper
1105 392 1243 419 aggrava-

175 411 402 496 }uridsegitentiam
417 435 498 465 prout
513 425 701 456 inobedientia
714 432 813 454 eorum
828 422 969 459 exegerit,
986 422 1019 451 &
1040 421 1112 451 radii
1132 421 1244 459 qualitas

189 475 223 495 ua
242 475 257 495 e
278 473 308 496 it.

216 502 270 542 Et,
288 504 363 534 utin
382 504 435 533 hiis
448 501 644 539 impedimenti
656 500 701 531 vel
715 498 852 530 obstaculi
870 496 1018 541 cujuslibet
1033 496 1144 528 tollatur
1157 506 1244 528 occa-

177 541 235 580 si0,
250 551 349 572 omnes
362 542 395 572 &
411 540 550 578 singulos,
567 539 670 570 eisdem
688 539 825 569 Fratribus
836 537 977 573 homagio
992 536 1025 566 &
1036 537 1199 574 juramento
1213 535 1245 565 fi-

178 579 296 610 delitatis
317 579 441 609 astrictos
454 601 464 616 ,
487 579 523 608 ab
546 578 683 614 homagio
705 578 738 608 ὃς
755 577 912 614 juramento
936 574 1111 614 hujusmodi,
1137 584 1194 613 quo
1211 573 1246 605 ad

180 617 337 656 praemiffii,
354 617 462 654 penitus
476 616 651 647 absolvendi:
1015 653 1020 657 .

217 656 263 687 Ac
277 654 422 684 inhibendi
437 654 552 686 firmiter
566 656 603 684 ne
617 651 778 698 quisquam,
796 652 832 682 de
855 659 979 694 σεῖ’-ξω,
996 651 1116 689 eisdem,
1135 651 1249 681 Rober-

180 701 213 725 to
228 694 261 724 &
274 692 418 723 Edwardo
433 693 518 724 Fratri
532 693 607 731 ejus,
626 702 656 722 in
670 691 811 729 praeditstis
826 691 995 729 excellibus,
1013 690 1058 721 vel
1078 700 1178 720 eorum
1198 689 1248 720 ali-

180 741 239 770 quo
252 730 358 768 faveat,
376 739 469 769 pareat
482 730 529 761 vel
543 730 681 761 intendat:
1207 767 1212 771 ι

217 769 263 799 Ac
276 767 459 807 dissolvendi,
477 769 633 807 vacuandi,
652 767 791 806 irritandi,
809 767 842 798 ὃ(
855 766 1007 798 revocandi
1021 776 1119 797 omnes
1134 765 1250 797 Passio-

178 816 243 846 nes,
261 806 473 845 obligationes,
491 806 774 845 Confoederationes,
792 807 825 837 &
841 805 1045 844 Colligationes
1057 806 1093 835 ab
1107 805 1169 842 ipsis
1184 805 1251 835 Fra-

178 846 282 884 tribus,
298 846 332 877 &
345 846 394 876 sibi
407 846 628 884 adhaerentibus,
646 846 679 876 ὃ(
699 845 869 883 quibuslibet
887 844 945 875 aliis
958 844 1175 883 quomodolibet
1197 844 1251 873 ini-

179 892 235 921 taS,
256 885 423 922 'urament0,
440 884 485 914 vel
500 893 666 922 quacunque
678 884 732 914 alia
744 882 876 914 firmitate
890 883 1014 914 vallatas:
1052 922 1057 926 ἡ

256 932 289 952 ec
303 932 360 952 non
375 922 408 952 &
423 922 560 953 relaxandi
574 922 751 961 hujusmodi,
768 923 802 953 &
829 921 961 960 quaelibet
980 921 1031 952 alia
1047 928 1219 960 juramenta,
1236 930 1252 951 a

182 960 394 999 quibuscunque
415 961 534 998 praestita
545 984 554 1000 ,
574 971 623 999 per
637 971 701 1000 quae
717 961 828 1000 possent
848 961 972 991 excessus
993 961 1091 990 nutriri
1106 959 1252 998 praediCti,

182 1009 217 1030 ac
233 999 326 1029 debita
343 999 379 1029 de
393 999 446 1030 illis
465 999 632 1039 satisfadtio,
658 1000 691 1030 δε
709 1006 917 1037 occupatorum
942 998 1077 1030 restitutio
1101 998 1254 1036 impediri,

183 1044 267 1075 prout
280 1046 311 1067 ea
323 1036 478 1069 secundum
498 1038 599 1071 Deum
619 1039 741 1071 videritis
755 1037 946 1078 dissolvenda,
962 1037 1124 1075 vacuanda,
1147 1037 1254 1067 irritan-

184 1076 220 1106 da
253 1074 299 1105 seu
313 1077 398 1107 etiam
412 1077 567 1108 relaxanda:

220 1097 259 1144 Et
271 1113 380 1153 insuper
394 1115 552 1153 inquirendi
566 1125 666 1147 contra
679 1115 769 1154 ipsos,
788 1115 953 1146 Robertum
968 1115 1001 1146 &
1016 1112 1206 1151 Edwardum,
1222 1113 1256 1143 &

182 1151 321 1190 quossibet
335 1154 417 1191 alios,
433 1154 469 1184 de
484 1154 613 1194 dampnis
626 1155 694 1186 datis
714 1154 872 1192 Ecclesiiis,
891 1153 1086 1191 Monasteriis,
1105 1151 1258 1189 Religiosis

182 1190 253 1221 locis
267 1213 277 1228 ,
297 1201 331 1222 ac
354 1191 556 1224 Ecclesiasticis
572 1192 772 1224 secularibusve
795 1192 934 1230 personis,
951 1202 985 1222 ac
1010 1191 1071 1221 illos
1098 1191 1131 1221 &
1156 1200 1257 1220 eorum

184 1229 340 1266 quemlibet
355 1231 388 1261 ad
404 1231 626 1262 satisfaciendum
638 1231 732 1262 debite
744 1231 780 1261 de
794 1230 896 1261 eisdem
905 1253 914 1269 ,
933 1240 983 1268 per
995 1229 1138 1260 censuram
1154 1228 1257 1259 Eccle-

186 1267 399 1337 fiasticsslran&
423 1270 482 1301 aliis
501 1270 638 1309 remedis,
659 1269 695 1300 de
721 1270 822 1308 quibus
847 1269 930 1300 vobis
946 1269 1076 1306 expedire
1101 1267 1259 1305 videbitur,

182 1316 252 1337 com
309 1317 344 1337 en
366 1319 389 1338 1·

222 1316 299 1376 NPon
316 1332 445 1378 obstinte
458 1347 477 1378 fi
490 1347 546 1386 eis,
563 1346 610 1378 vel
624 1356 724 1377 eorum
744 1346 895 1385 aliquibus,
913 1357 927 1376 a
947 1345 1019 1376 Sede
1041 1343 1210 1382 Apostolicfi
1228 1344 1259 1375 sit

186 1383 345 1424 indultum,
363 1386 412 1416 sub
424 1396 589 1424 quacunque
603 1385 716 1423 forma,
734 1385 780 1416 vel
795 1386 986 1423 conceptione
1002 1382 1260 1422 verborum,quod

187 1422 335 1462 interdici,
351 1423 476 1462 suspendi
510 1426 555 1456 vel
577 1425 824 1455 excommunicari
841 1425 937 1462 quavis
959 1423 1104 1453 autoritate
1120 1432 1179 1453 non
1194 1432 1260 1460 pos-

189 1460 258 1499 sint,
273 1462 307 1492 &
323 1462 444 1500 qualibet
463 1447 516 1494 aflai.
531 1463 617 1494 didiae
631 1462 708 1493 Sedis
721 1462 911 1501 indulgentia,
930 1461 1051 1499 generali
1074 1461 1119 1491 vel
1132 1461 1262 1499 speciali,

188 1499 377 1539 cujuscunque
392 1503 492 1532 tenoris
507 1502 619 1541 existat,
637 1511 686 1539 per
699 1511 801 1540 quam,
820 1501 995 1546 praesentibus
1015 1509 1074 1530 non
1089 1499 1262 1537 expressam,

189 1538 235 1568 vel
251 1538 369 1569 totaliter
384 1550 443 1570 non
457 1540 607 1580 insertam,
623 1539 743 1572 effectus
757 1550 853 1571 earum
866 1539 999 1577 impediri
1020 1538 1124 1569 valeret
1139 1547 1264 1576 quomo-

187 1575 296 1607 dolibet
309 1577 356 1608 vel
370 1577 492 1618 differri,

225 1615 316 1646 Vobis
336 1617 371 1647 ὃς
386 1617 511 1648 vestrum
525 1617 658 1656 cuilibet,
676 1617 786 1656 plenam
801 1616 836 1648 &
854 1616 973 1647 liberam
991 1614 1178 1646 concedimus
1192 1636 1202 1653 ,
1223 1622 1267 1645 te-

190 1663 261 1684 nore
275 1655 470 1694 praesentium,
486 1656 656 1687 facultatem.

57 1688 79 1710 .
96 1689 150 1718 111·
231 1691 328 1731 '‘¹“Dat-
346 1693 492 1733 Avinion,
510 1703 531 1734 4
546 1693 612 1725 Kal.
628 1693 748 1733 Aprilis,
766 1691 948 1724 Pontificatus
961 1691 1050 1722 nostri
1062 1691 1150 1722 Anno
1164 1691 1268 1729 primo.

76 1730 146 1760 622.

937 1768 990 1799 Sub
1000 1767 1054 1809 filo
1073 1769 1181 1801 canabi.

391 1914 440 1945 De
463 1911 639 1958 Epifiopatu
661 1888 875 1956 Herefhrdenst
884 1910 1057 1958 fhpplena'o.

194 1996 394 2065 VEnerabili
407 1998 436 2027 in
457 1997 575 2029 Christo
588 1997 664 2028 Patri
681 1997 814 2028 Domino
836 1997 889 2028 W.
914 1997 972 2028 Dei
986 1997 1089 2037 gratia,
1109 1997 1184 2029 tituli
1198 1997 1269 2029 San-

272 2036 312 2066 &i
328 2036 435 2067 Ciriaci
450 2038 481 2066 in
494 2037 611 2067 Termis
625 2036 782 2067 Presbitero
797 2035 958 2075 Cardinali,
975 2039 1072 2067 amico
1092 2037 1142 2068 suo
1162 2036 1269 2067 kariffi-

195 2082 262 2112 mo,
279 2074 446 2112 Edwardus,
463 2075 562 2105 eadem
579 2075 681 2113 gratie,
702 2074 767 2105 Rex
778 2074 911 2113 Angliae,
927 2076 990 2106 &c.
1006 2075 1138 2114 salutem,
1155 2076 1189 2105 δε
1213 2075 1270 2105 sin-

198 2123 272 2144 cerae
286 2112 444 2143 dileffionis
456 2112 604 2144 affetff’tum.

233 2150 445 2182 Considerantes
464 2151 606 2189 dispendia
620 2174 630 2189 ,
675 2161 718 2181 uae
740 2150 972 2188 Progenitoribus
994 2150 1093 2182 nostris
1111 2152 1144 2182 &
1168 2152 1271 2191 nobis,

197 2190 299 2221 exaffis
320 2190 515 2228 temporibus,
538 2199 572 2220 ex
592 2190 658 2221 rebe
681 2191 744 2220 'one
764 2189 949 2220 Wallensium
971 2192 1130 2229 evenerint,
1148 2200 1208 2220 non
1226 2191 1271 2220 in-

198 2229 300 2260 merito
315 2228 469 2258 excitamur
483 2228 517 2258 ad
533 2238 581 2266 ca,
601 2238 651 2266 per
666 2238 729 2267 quae
744 2227 835 2258 dietus
850 2228 967 2266 populus
981 2239 997 2259 a
1010 2228 1062 2259 suis
1074 2229 1273 2260 temeritatibus

196 2267 285 2300 valeat
298 2267 457 2334 cohgrceri,
476 2265 569 2296 modis
583 2267 616 2297 &
631 2267 684 2298 viis
698 2267 797 2305 quibus
811 2268 979 2306 poterimus,
997 2267 1180 2305 procuranda.

272 2314 358 2336 uamo
380 2314 441 2335 rem

237 2306 385 2382 &sarantes
398 2327 744 2382 per’circumspeetionem
759 2342 909 2381 providam
917 2366 927 2381 ,
944 2343 1041 2374 dilecti
1056 2343 1164 2374 Clerici
1177 2345 1211 2376 &
1223 2343 1274 2375 Se-

200 2384 312 2413 cretarii
334 2381 440 2420 nostri,
457 2381 587 2422 Magistri
601 2381 732 2413 Thomae
751 2381 787 2411 de
809 2380 977 2420 Cherleton,
992 2383 1059 2421 juris
1082 2381 1184 2413 Civilis
1205 2382 1275 2413 Pro-

199 2420 324 2458 fessoris,
341 2420 361 2450 fi
373 2419 430 2458 ipse
444 2421 580 2458 regimini
594 2420 728 2452 Ecclesiae
740 2419 953 2451 Herefordensis
972 2421 1047 2459 (quae
1058 2421 1118 2459 jam
1134 2431 1183 2459 per
1198 2431 1276 2452 mor-

199 2467 275 2498 tem,
293 2460 377 2490 bonae
389 2461 555 2498 memoriae,
572 2458 725 2498 Richardi‚
743 2468 831 2497 nuper
846 2458 976 2497 Episcopi
997 2460 1056 2490 loci
1075 2459 1162 2497 illius,
1178 2459 1276 2491 Pasto-

201 2498 239 2529 ris
252 2497 293 2528 est
313 2497 410 2528 solatio
429 2497 557 2529 destituta
600 2498 633 2529 &
657 2508 720 2535 quae
741 2498 771 2527 in
793 2497 926 2528 Marchizi
946 2497 1061 2528 Walliae
1081 2499 1202 2533 situatur)
1227 2509 1276 2537 per

202 2536 368 2567 Dominum
390 2536 546 2567 Summum
561 2520 732 2567 Fontificem
752 2544 945 2575 praeponatur,
964 2536 1050 2574 ipsam
1069 2536 1224 2568 Ecclesiam
1247 2539 1277 2568 in

202 2574 392 2613 Spiritualibus
402 2575 436 2606 &
450 2575 670 2613 Temporalibus
683 2574 798 2605 salubria
814 2574 950 2612 suscipere
968 2577 1158 2615 incrementa,
1175 2587 1208 2607 ac
1225 2586 1278 2614 po-

203 2613 305 2684 pulum
318 2613 404 2682 difstae
417 2613 518 2658 Terrae
530 2614 645 2645 Walliae
659 2615 696 2645 ab
711 2612 860 2645 insolentiis
871 2613 986 2653 retrahi,
1003 2614 1037 2645 &
1050 2615 1079 2644 in
1093 2616 1168 2652 pacis
1182 2615 1279 2646 dulce-

224 2663 271 2684 ine
283 2663 341 2683 con
353 2662 432 2682 ovcri

242 2691 344 2723 Eidem
365 2675 499 2723 Doniino
519 2691 642 2722 Summo
663 2689 797 2722 Pontifici
818 2701 868 2730 per
887 2691 993 2722 nostras
1014 2691 1133 2723 Litteras
1152 2691 1280 2723 duximus

205 2729 434 2770 supplicandum,
451 2732 592 2769 quatinus,
618 2729 763 2768 praemiffis
782 2729 895 2768 paterna
917 2730 1100 2761 sollicitudine
1123 2731 1279 2770 meditatis,

204 2769 394 2807 provisionem
408 2767 494 2799 dietae
507 2768 641 2800 Ecclesiae
654 2768 823 2807 dispositioni
836 2768 891 2799 sua:
905 2768 1053 2807 dignetur,
1071 2770 1125 2800 hac
1143 2771 1207 2801 vice
1215 2792 1225 2808 ,
1244 2769 1280 2800 de

207 2806 347 2845 potestatis
362 2806 543 2845 plenitudine,
551 2807 686 2839 reservare
695 2807 745 2846 3&
753 2806 829 2838 faeffi
836 2807 1018 2838 reservatione
1025 2808 1201 2848 hujusmodi,
1210 2817 1280 2847 prae-

209 2844 321 2875 dietum
343 2844 519 2881 Magistrum
533 2846 682 2876 Thomam
707 2847 805 2884 (quem
825 2847 917 2877 virum
939 2848 1074 2877 novimus
1096 2846 1280 2895 industrium,

209 2883 268 2914 vita
280 2883 313 2913 &
326 2883 451 2915 moribus
466 2885 704 2924 comprobatum,
721 2884 872 2915 litterarum
890 2884 1007 2916 scientis
1020 2885 1186 2924 praeditum,
1203 2887 1280 2917 fama

207 2920 363 2960 pollentem
395 2922 544 2953 virtutibus
556 2924 711 2962 insignem,
729 2924 805 2953 acin
820 2923 976 2954 commiffis
991 2923 1124 2962 fidelem,
1142 2925 1281 2962 quietiam

209 2960 247 2991 de
260 2944 420 2990 Nobilibus
435 2958 601 2991 Parentibus
619 2962 752 2992 oriundus
767 2961 875 2999 existit,
891 2962 925 2992 &
949 2962 1051 2992 multos
1070 2963 1154 2993 habet
1174 2963 1282 2993 ibidem

208 2998 247 3029 de
259 2998 308 3029 suo
323 3007 426 3035 genere
439 2998 563 3029 Nobiles
576 3000 610 3030 &
625 2999 785 3038 Magnates)
805 3001 836 3031 in
849 2999 997 3031 Praelatum
1016 3001 1160 3039 praedi&ae
1180 3001 1283 3033 Eccle-

210 3037 258 3069 fiae
273 3036 415 3074 praeficere
429 3037 462 3068 &
475 3036 630 3067 Pastorem.

247 3074 380 3106 Vestram
395 3076 480 3112 igitur
494 3075 737 3113 benevolentiam,
754 3075 790 3106 de
811 3076 867 3114 qua
906 3077 970 3108 lene
990 3076 1179 3117 confidimus,
1195 3086 1285 3110 atten-

212 3113 243 3143 te
257 3114 422 3152 requirimus
436 3115 470 3145 &
484 3124 634 3153 rogamuS,
653 3115 779 3152 quatinus
792 3124 861 3152 erga.
896 3116 986 3146 iCtum
1007 3115 1172 3147 Dominum
1197 3116 1283 3148 Sum-

213 3159 297 3182 mum
311 3151 500 3192 Pontificem,
518 3162 549 3183 ut
564 3154 637 3183 votis
653 3152 756 3183 nostris
775 3161 876 3184 annuat
890 3155 919 3184 in
936 3154 989 3184 hac
1008 3163 1102 3193 parte,
1119 3164 1214 3185 amore
1229 3166 1285 3186 no-

215 3188 263 3220 stri
276 3191 453 3229 interponere
464 3191 569 3230 velitis,
586 3201 654 3222 curn
668 3192 814 3230 efficacia,
867 3201 918 3223 rtes
936 3191 1055 3232 vestra53
1071 3193 1157 3224 talem
1177 3194 1211 3225 &
1223 3202 1286 3225 tan-

215 3236 296 3267 tam,
311 3228 331 3258 fi
343 3229 452 3269 placet,
470 3231 546 3261 circa
564 3231 623 3261 hoc
638 3240 734 3261 curam
750 3232 783 3262 &
803 3231 830 3261 d'
846 3232 978 3268 ‘gentiam
1000 3240 1188 3271 apponentes,
1204 3233 1285 3272 quod

216 3265 314 3313 vestris
331 3268 431 3298 exinde
447 3268 642 3308 beneplacitis,
659 3268 760 3309 debitis
779 3271 1027 3309 oportunitatibus,
1052 3270 1150 3301 fortius
1168 3270 1285 3310 astringi

216 3313 323 3335 merito
336 3305 494 3337 debeamus.

253 3342 321 3374 Dat.
337 3343 515 3384 Londoniae,
535 3354 581 3386 30.
593 3344 640 3376 die
652 3344 761 3377 Martii.

44 1988 122 2023 Ann.
136 1987 177 2020 D.

64 2037 152 2069 1317.

43 2071 98 2096 An.
120 2078 163 2096 10.

44 2111 78 2135 E·
98 2115 125 2134 2.

45 2149 107 2173 Rom
112 2164 119 2170 .
126 2141 160 2177 &-

46 2186 90 2212 Fr.
119 2192 162 2210 10.

49 2225 80 2249 Ε.
101 2230 126 2247 2.
141 2230 178 2250 m.

50 2268 79 2287 ι.
97 2258 124 2287 d.

270 3496 362 3529 Bulla
384 3496 421 3530 de
443 3496 664 3545 Archiepisbopo
689 3501 863 3548 CaffiHeffi,
883 3513 938 3549 per
960 3505 1075 3550 Papam
1093 3505 1225 3551 provtssv.

69 3594 145 3628 Am,-
158 3594 200 3629 D.
247 3580 384 3628 Ohannes
401 3582 573 3622 Episcopus,
591 3583 683 3628 servus
698 3585 840 3630 servorum
860 3585 918 3618 Dei
952 3588 1095 3620 carissimo
1118 3590 1148 3620 in
1167 3589 1286 3622 Christo

90 3644 175 3675 ¹317·
264 3619 323 3666 filio
344 3622 507 3667 Edwardo,
522 3621 603 3660 Regi
626 3623 741 3662 Angliae
762 3624 878 3665 illustri,
896 3610 1007 3658 salutem
1030 3629 1063 3659 &
1086 3627 1286 3666 Apostolicam

71 3676 185 3740 {gi-”23⁰⁸
200 3660 577 3744 'Befr‘idairffiissegir’nitum,
595 3700 628 3730 &
642 3699 753 3745 illarum
764 3703 910 3743 operibus,
928 3703 1078 3742 praesertim
1094 3705 1170 3736 circa
1183 3705 1286 3738 Eccle-

71 3751 112 3776 Εχ
126 3753 184 3779 Au·
221 3740 268 3772 sias
282 3739 315 3770 &
336 3749 433 3784 earum
449 3738 616 3783 MinuirOS,
633 3737 818 3784 favorabiliter
837 3743 1014 3781 exercendis,
1033 3743 1115 3774 decet
1139 3742 1288 3776 Celsitudi-

71 3793 134 3826 ,ομ
222 3788 292 3809 nem
306 3777 431 3823 Regiam
454 3778 550 3808 haberi
568 3778 703 3822 continue
718 3777 884 3822 studiosam,
902 3783 1025 3812 maxime
1041 3791 1109 3812 cum
1130 3791 1163 3812 ex
1184 3782 1241 3814 hoc
1260 3784 1287 3814 ei

221 3816 412 3887 prgqiglrdiubio
425 3817 459 3848 &
480 3816 684 3886 ὶῖἑῐῑιιειὼᾶιοηιε
703 3815 806 3847 divmae
819 3820 988 3859 praemium,
1005 3820 1038 3850 &
1060 3819 1145 3850 laudis
1158 3821 1288 3853 humanae

221 3866 242 3894 p
349 3866 400 3886 um
411 3866 483 3894 acqu
556 3866 577 3885 r.
845 3893 856 3903 Α
999 3897 1005 3902 ¹

211 3935 217 3939 “
250 3971 256 3975 Ι
291 3933 343 3971 ‘ae,
361 3931 499 3977 Mauritii*
512 3917 723 3977 Archiepisco'i
743 3917 913 3963 Caffelleiisis
950 3933 1069 3978 Pastoris
1083 3919 1225 3978 ²regimine
1239 3915 1289 3969 de:

223 3893 385 3962 mo{udum
402 3893 539 3933 siquidem
562 3892 701 3925 Cassellen
733 3891 858 3924 Ecclesia
893 3904 942 3933 per
956 3895 1069 3927 obitum
1119 3896 1205 3929 bonae
1227 3909 1275 3930 me

224 3967 334 4009 stitutii,
350 3971 447 4002 dileeh
468 3971 531 4015 Filii
695 3941 832 4014 iJecanus
853 3971 887 4001 &
902 3956 1067 4019 Capitulum
1088 3973 1210 4012 ejusdem
1232 3975 1290 4007 Ec-

223 4006 312 4050 clesiae
474 4009 596 4040 diversos
605 4033 615 4048 ,
630 4017 697 4040 vota
712 4009 758 4040 sua
770 4019 800 4039 m
816 4008 969 4041 Discordia
982 4010 1035 4041 diri
1058 4019 1135 4042 entes
1145 4035 1156 4052 ,
1166 4013 1291 4046 Venera—

221 4044 309 4076 bilem
323 4045 448 4083 Fratrem
467 4046 597 4081 nostrum
613 4047 789 4088 johannem,
806 4045 1019 4090 Corkagensem
1031 4020 1221 4092 Episcopum,
1238 4063 1291 4093 po·-

1268 140 1746 186 PUBLICA.
2270 161 2351 199 119

1281 227 1655 302 gilgzlg’.ff-Yffiissr-um
1676 230 1828 261 Thomam
1849 229 2095 262 Archidiaconum
2118 230 2199 271 ipsiis
2220 232 2352 265 Ecclesiae
2366 230 2495 309 &inl—7?

1321 303 1376 347 Et,
1391 303 1457 333 licet
1482 304 1595 348 quidam
1616 304 1758 337 Canonici
1780 307 1902 346 ejusdem
1926 307 2061 339 Ecclesiae
2083 318 2136 347 pro
2159 308 2354 341 Postulationis
2366 310 2432 337 Edv·
2451 317 2476 335 22

1284 351 1416 380 negotio,
1434 342 1657 373 Archidiaconus
1677 348 1744 375 vero
1766 346 1894 383 praefatus
1914 357 1968 384 pro
1990 347 2144 378 Eleffionis
2159 365 2260 369 -———
2280 359 2354 386 pra:-

1284 380 1378 423 dietae·
1395 381 1514 416 negotio
1530 381 1720 424 prosequendo
1743 384 1915 421 personaliter
1935 385 1969 417 ad
1990 386 2094 417 Sedem
2110 386 2307 424 Apostolicam
2326 387 2353 418 se

1284 417 1412 448 duxerint
1424 418 1627 449 conferendos:

1319 457 1399 503 Qua
1413 464 1510 486 tamen
1524 457 1616 500 diCtus
1633 457 1855 491 Archidiaconus
1869 463 1952 492 omni
1962 463 2035 502 juri,
2050 463 2127 501 quod
2144 463 2193 494 sibi
2216 464 2300 495 fuerat
2320 473 2354 495 ex

1285 494 1332 525 sua
1346 494 1488 539 Elellione·
1500 498 1647 533 quaeiitum
1656 519 1666 535 ,
1685 500 1951 539 renunciavitlibere
1967 504 1997 532 in
2014 503 2160 541 manibus,
2181 503 2355 534 Venerabilis

1287 533 1385 577 Fratris
1401 532 1508 577 nostri,
1526 533 1559 563 N
1563 534 1644 564 icolai
1668 534 1799 573 Episcopi
1823 537 1974 577 Ostiensis,
1997 542 2243 572 renunciationem
2265 542 2356 580 hujus-

1288 571 1371 615 modi
1395 572 1566 602 admittentis
1580 595 1589 611 ,
1614 573 1649 603 de
1674 575 1807 604 mandato
1831 575 1947 615 nostr0,
1972 578 2021 609 sibi
2049 579 2125 610 faCto
2148 580 2266 610 oraculo
2282 583 2357 612 vivae

1287 620 1376 642 vocis.

1328 649 1408 693 Nos,
1424 649 1575 693 postquam
1591 649 1663 687 apud
1679 649 1783 693 Sedem
1799 650 1886 687 ipsam
1900 652 2067 693 aliquamdiu
2087 655 2139 687 fuit
2162 658 2191 688 in
2214 657 2295 695 ipsius
2309 667 2360 688 ne-

1290 696 1371 724 gotio
1386 687 1575 725 postulationis
1590 689 1751 725 processum
1761 711 1770 726 ,
1789 687 2010 722 Postulationem
2025 694 2145 726 eandem
2167 698 2248 726 certis
2268 705 2302 726 ex
2314 698 2361 735 ju-

1291 726 1337 756 stis
1350 727 1436 756 causis
1656 726 1786 757 duximus
1799 727 2002 760 admittendam
2011 753 2021 768 ,
2038 732 2130 771 sicque
2145 734 2245 765 eadem
2260 734 2362 766 Eccle-

1293 765 1328 796 sia
1342 764 1513 794 Cassellensis
1528 764 1618 795 adhuc
1632 765 1686 795 suae
1701 765 1825 795 remedia
1840 767 2002 802 provisionis
2016 772 2149 807 expectat,

1330 802 1348 822 ³*
1367 803 1433 832 Nos
1448 804 1552 842 igitur,
1570 803 1739 834 attendentes
1752 802 1893 841 dispendia
1913 808 2024 845 gravia,
2039 818 2101 845 quae
2118 811 2205 842 solent
2239 813 2362 844 vacanti-

1293 842 1345 871 bus
1360 840 1491 871 Ecclesiis
1618 860 1622 861 ν
1655 843 1804 872 vacatione
1816 842 1924 873 diutina
1939 847 2103 884 provenire,
2121 859 2154 878 ac
2169 835 2311 888 prtiprerea
2325 851 2362 882 de

1294 880 1454 917 provisione
1475 879 1555 918 ipsius
1567 879 1700 911 Ecclesiae
1714 879 1902 918 CassellensiS,
1921 892 1956 911 ne
1971 884 2124 920 prolixioris
2146 891 2296 919 vacationis
2311 890 2361 920 de-

1294 919 1432 948 trimentis
1450 918 1571 956 exposita
1592 927 1765 957 remaneret,
1781 918 1898 949 sollicite
1916 922 2090 960 cogitanteS,
2110 923 2166 963 post
2186 927 2368 959 deliberatio-

1295 966 1363 987 nem
1371 966 1484 998 ‚qquam
1507 956 1543 986 de
1564 957 1745 994 praeficiendo
1770 956 1862 987 eidem
1886 957 2018 989 Ecclesiae
2043 961 2186 997 personam
2207 966 2347 1004 ydoneam

1297 1005 1360 1033 quae
1375 996 1426 1025 sibi
1447 993 1572 1033 praeesset
1586 995 1726 1026 salubriter
1740 996 1773 1026 ὃς
1787 994 1942 1035 prodesset,
1961 1007 2030 1028 cum
2053 998 2153 1030 nostris
2168 1001 2303 1035 Fratribus
2317 990 2366 1036 haz

1297 1034 1412 1064 buimus
1428 1033 1615 1072 diligentem,
1632 1034 1667 1064 ad
1689 1033 1887 1064 Venerabilem
1909 1051 2033 1058 -ω--
2053 1037 2251 1070 Guillielmum
2293 1043 2365 1073 olim

1297 1071 1473 1110 Episcopum
1495 1071 1687 1103 Ossoriensem
1700 1095 1710 1111 ,
1742 1074 1772 1102 in
1794 1072 2050 1112 Archiepiscopum
2080 1065 2277 1109 Caffellenserii
2303 1081 2367 1111 Ele-

1299 1110 1398 1148 ἂυπι,
1413 1110 1590 1140 consideratis
1603 1112 1764 1142 muneribus
1779 1112 1951 1149 gratiarum,
1970 1114 2070 1150 quibus
2083 1115 2230 1152 personam
2245 1118 2319 1148 suam
2335 1119 2367 1148 il-

1298 1149 1388 1178 larurn
1410 1149 1555 1179 Dominus
1578 1149 1771 1187 multipliciter
1794 1149 1957 1188 insignivit,
1982 1152 2112 1191 quodque

1298 1186 1474 1217 laudabiliter
1493 1187 1530 1217 de
1549 1188 1649 1218 virtute
1672 1187 1858 1226 proficiscitur
1879 1188 2019 1219 ardentius
2039 1191 2068 1220 in
2088 1193 2240 1232 virtutem,
2255 1205 2316 1233 quo
2334 1204 2368 1225 ex

1301 1226 1460 1257 mutatione
1475 1226 1544 1257 illius
1558 1226 1594 1257 ad
1608 1227 1707 1258 altiora
1727 1227 1838 1258 noverit
1856 1226 1884 1256 se
1898 1236 2083 1268 promotum,
2101 1230 2253 1263 direximus
2272 1233 2370 1264 oculos

1300 1264 1404 1295 nostrae
1417 1266 1526 1295 mentis.

1339 1304 1453 1342 Quibus
1476 1303 1610 1334 omnibus
1634 1303 1730 1334 debita
1748 1319 1849 1325 —-—
1868 1303 2071 1344 confideratione
2092 1307 2204 1344 pensatis
2217 1333 2227 1347 ,
2251 1311 2340 1349 ipsum
2356 1322 2372 1344 a

1303 1342 1437 1381 vinculo,
1453 1352 1511 1381 quo
1522 1342 1664 1373 tenebatur
1678 1342 1813 1374 Ecclesiae
1828 1341 2000 1381 Ossoriensi,
2023 1345 2071 1375 cui
2091 1353 2158 1376 tunc
2173 1356 2286 1384 praeerat
2298 1373 2307 1388 ,
2323 1351 2373 1382 ab-

1303 1381 1454 1419 solvimus,
1472 1381 1506 1412 &
1519 1380 1553 1411 ad
1569 1381 1713 1420 praefatam
1733 1381 1889 1412 Ecclesiam
1905 1380 2102 1414 Castellensem
2117 1384 2302 1418 transtulimus
2338 1389 2375 1420 de

1304 1419 1430 1450 Fratrum
1453 1419 1658 1457 praedffiiorum
1679 1420 1825 1458 Consilio,
1842 1420 1876 1450 &
2036 1421 2211 1460 plenitudine
2234 1411 2375 1462 potesiatis

1305 1458 1488 1527 graeficiendo
1505 1457 1595 1496 ipsum
1617 1457 1666 1495 ipsi
1687 1458 1824 1489 Ecclesiae
1842 1457 2001 1490 Caffellenfi
2017 1460 2048 1490 in
2066 1460 2324 1501 Archiepiscopum
2342 1467 2375 1496 &

1331 1496 1471 1535 astorem,
1488 1496 1594 1534 sibique
1609 1496 1718 1533 Curam
1731 1497 1764 1528 &
1779 1496 2062 1529 Administrationem
2077 1500 2159 1538 ipsius
2168 1501 2301 1533 Eccleiiae
2308 1503 2378 1534 Cas-

1306 1535 1420 1565 sellensis
1435 1535 1557 1573 plenarie
1570 1536 1798 1574 committendo,

2398 796 2482 827 *HL

2406 837 2472 872 623.

1934 1535 2053 1568 liberam
2074 1539 2263 1571 concedendo
2281 1542 2332 1572 sibi
2348 1543 2381 1572 li-

1307 1574 1431 1604 centiam
1452 1573 1487 1604 ad
1499 1573 1643 1611 praefatam
1662 1573 1859 1604 Caffellensem
1877 1573 2032 1606 Ecclesiam
2047 1577 2218 1618 transeundi,
2235 1579 2317 1612 firma
2335 1581 2382 1619 spe

1306 1611 1467 1650 fiduciaque
1477 1620 1601 1642 tenentes
1617 1612 1697 1651 quod
1716 1613 1799 1651 (cum
1810 1612 1841 1643 fit
1861 1614 1905 1643 vir
1920 1614 1987 1644 vitae
2004 1614 2146 1647 laudabilis
2152 1640 2163 1656 ‚
2181 1617 2215 1648 &
2234 1620 2382 1651 conversa-

1307 1652 1393 1681 tionis
1406 1650 1531 1695 honestae
1540 1673 1554 1696 ,ι
1566 1650 1720 1696 litterarum
1732 1651 1847 1696 scienti&
1858 1651 2003 1691 praeditus,
2021 1663 2136 1685 morum
2154 1655 2318 1689 Nobilitate
2332 1659 2381 1689 de-

1309 1699 1411 1759 &5233
1425 1689 2129 1773 &¹2sieilgfffifflei320sltssssa&eiici‘ssffgifflffissff
2145 1695 2384 1771 ἑέἑῖῗὲἰῗῗὲὲ

1310 1766 1439 1805 fragante
1452 1766 1566 1806 divmsi,
1583 1767 1721 1798 salubriter
1735 1768 1768 1798 &
1785 1767 1914 1806 prospere
1925 1767 2073 1806 dirigetur.

1350 1806 1500 1844 roirca
1515 1805 1658 1843 Regalem
1680 1805 1882 1837 Celsitudinem
1901 1816 2034 1844 rogamus
2049 1809 2083 1840 &
2103 1808 2248 1842 hortamur
2267 1814 2387 1853 attente,

1311 1847 1438 1882 quatinus
1451 1844 1572 1875 eundem
1587 1844 1863 1884 Archiepiscopum,
1879 1846 1912 1877 ὅ(
1935 1846 2093 1878 Ecclesiam
2115 1849 2166 1879 fibi
2185 1852 2388 1891 commissam,

1311 1884 1416 1914 habens
1431 1893 1482 1921 pro
1493 1883 1605 1923 nostrii,
1622 1884 1656 1914 &
1670 1883 1792 1922 ejusdem
1808 1884 1887 1914 Sedis
1902 1885 2056 1917 reverentia
2067 1889 2296 1928 commendam,
2314 1899 2387 1928 prae-

1310 1923 1405 1953 sertim
1421 1923 1451 1952 in
1467 1922 1677 1961 recuperandis,
1691 1922 1876 1961 ampliandis,
1894 1924 1927 1954 ὃς
1939 1924 2134 1956 conservandis
2138 1926 2245 1964 juribus
2258 1928 2325 1967 suis,
2344 1929 2384 1960 sic

1311 1970 1339 1992 te
1352 1961 1414 1999 ipsis
1435 1960 1565 1991 exhibeas
1586 1960 1770 1992 favorabilem
1786 1961 1819 1992 &
1835 1961 1989 2000 benignum
2004 1986 2014 2002 ,
2039 1965 2118 2003 quod
2134 1965 2212 1996 idem
2233 1966 2387 2006 Archiepi-

1313 2000 1488 2038 scopus,per
1509 2007 1565 2029 tuae
1584 1999 1718 2030 auxilium
1740 2000 1857 2037 gratiae,
1875 2001 2063 2032 commissum
2077 2003 2136 2038 ,sibi
2159 2003 2293 2035 Ecclesiae
2316 2016 2387 2043 prae-

1312 2038 1399 2068 dierae
1421 2039 1551 2075 regimen
1568 2037 1654 2075 possit
1676 2037 1768 2068 utilius
1788 2047 1950 2077 excercere,
1969 2047 2054 2078 tuque
2076 2042 2201 2072 divinam
2223 2042 2389 2074 Misericor-

1312 2076 1406 2120 diam,
1425 2075 1569 2120 nostram,
1586 2076 1620 2106 &
1633 2075 1720 2105 dietae
1734 2075 1811 2106 Sedis
1823 2076 2061 2117 benivolentiam,
2079 2078 2167 2110 valeas
2182 2081 2302 2118 proinde
2320 2083 2389 2113 ube-

1313 2125 1366 2145 rius
1380 2123 1542 2151 promereri.

1354 2152 1423 2184 Dat.
1441 2152 1577 2184 Avinion.
1599 2151 1662 2183 Kal.
1682 2152 1802 2191 Aprilis,
1818 2151 2001 2185 Pontificatfis
2016 2154 2104 2186 nostri
2119 2155 2205 2187 Anno
2217 2159 2321 2196 primo.
2361 2173 2366 2195 ,>

2049 2231 2141 2271 Sigillo
2157 2234 2264 2275 avulft.

1317 2356 1522 2403 Dispenfhho,
1542 2365 1597 2402 pro
1623 2352 1727 2389 liberis
1741 2357 1829 2401 Regis
1849 2357 1880 2387 in
1894 2355 2003 2388 Gradu
2015 2355 2166 2403 prohibito
2183 2361 2391 2396 Maritandis.

1313 2441 1482 2513 JOhannes
1498 2440 1668 2480 Episcopus,
1687 2440 1787 2471 Servus
1803 2438 1953 2472 Servorum
1968 2441 2044 2480 Dei,
2063 2443 2206 2475 cariffimo
2222 2447 2252 2476 in
2277 2445 2392 2479 Christo
2411 2454 2476 2486 Am
2500 2453 2533 2485 D

1319 2521 1342 2553 B
1366 2479 1616 2550 Ρίἓιέὶξὶάωετάο,
1633 2479 1710 2517 Regi
1724 2479 1839 2517 Angliae
1851 2479 1970 2520 illustri,
1988 2480 2122 2521 salutern,
2139 2484 2173 2514 &
2191 2484 2388 2523 Apostolicam
2440 2478 2542 2534 13’17,⁰

1344 2530 1395 2551 ene
1416 2530 1424 2549 1
1458 2529 1563 2549 ionem.

1356 2559 1476 2589 Eximiae
1496 2557 1666 2588 Devotionis
1676 2554 1811 2595 affectus,
1828 2567 1915 2595 quem
1933 2567 1999 2595 erga
2017 2568 2086 2598 nos,
2106 2561 2140 2591 &
2158 2560 2323 2594 Romanam
2339 2563 2395 2596 Ec-
2413 2538 2525 2599 {ainzim

1321 2598 1431 2628 clesiam
1449 2597 1550 2627 habere
1568 2595 1734 2634 dinosceris,
1752 2605 1929 2633 promeretur
1944 2605 1992 2635 ut,
2010 2598 2157 2635 personam
2179 2608 2254 2631 tuam
2270 2603 2396 2639 Aposto-
2414 2615 2454 2638 fx
2468 2614 2526 2639 Au..

1319 2637 1369 2667 lici
1388 2635 1492 2666 favoris
1509 2634 1681 2673 plenitudine
1698 2634 1910 2674 prosequentes,
1927 2636 2075 2673 petitiones
2087 2644 2145 2668 tuas
2165 2639 2200 2670 ad
2214 2641 2395 2673 exauditionis
2415 2656 2478 2686 mgr.
2520 2643 2528 2647 ⁴

1321 2675 1441 2713 gratiam
1461 2674 1612 2711 benignius
1625 2673 1811 2704 admittamus

1360 2712 1443 2744 Cum
1460 2713 1570 2751 itaque,
1587 2712 1655 2742 sicut
1670 2711 1847 2742 Celsitudinis
1868 2719 1924 2742 tuae
1938 2714 2038 2751 petitio
2060 2714 2142 2745 nobis
2163 2717 2283 2754 exposita
2303 2721 2398 2751 conti-

1321 2752 1425 2791 nebat,
1441 2751 1525 2790 aliqui
1537 2750 1716 2781 Excellentiae
1731 2758 1787 2781 tuae
1804 2748 1977 2789 Compares,
1992 2753 2045 2782 tibi
2063 2753 2150 2792 gradu
2170 2755 2315 2792 prohibito
2332 2769 2392 2789 non

1322 2791 1489 2829 conjundti,
1507 2791 1606 2829 quibus
1621 2789 1701 2828 Filii,
1717 2788 1762 2820 seu
1782 2788 1861 2819 Filiae
1873 2797 1928 2820 tuae
1942 2790 2075 2822 decenter
2089 2792 2196 2823 nubere
2218 2795 2343 2836 valeant,
2361 2797 2397 2829 de

1323 2829 1401 2860 facili
1415 2837 1536 2868 neqeant
1551 2829 1690 2867 inveniri,

1362 2868 1430 2899 Nos
1467 2868 1596 2905 precibus
1612 2865 1715 2904 Regiis
1731 2866 1761 2896 in
1777 2865 1832 2897 hac
1849 2875 1925 2905 parte
1941 2866 2131 2900 favorabiliter
2145 2880 2297 2904 annuentes
2330 2883 2399 2905 cum

1324 2907 1407 2938 dietis
1424 2891 1499 2937 Eiliis
1516 2907 1548 2937 &
1558 2906 1677 2950 Filiabus
1692 2904 1858 2949 au&oritate
1870 2905 2048 2946 praesentium
2061 2908 2261 2950 dispensamus,
2269 2897 2400 2944 ut'iidem

1324 2945 1404 2983 Filii,
1422 2945 1456 2976 &
1475 2945 1552 2975 Filiae
1569 2943 1774 2988 perseum-sibi
1792 2952 1888 2983 quarto
1905 2945 2059 2985 affinitatis,
2079 2947 2123 2978 vel
2148 2949 2401 2988 Consanguinitatis

1322 2984 1409 3028 gradu
1425 2983 1602 3022 conjunffls,
1615 2983 1823 3021 impedimento
1840 2982 1978 3015 affinitatis
2013 2986 2057 3015 vel
2075 2985 2330 3025 Confimguinitatis
2345 2990 2397 3021 hu-

1321 3022 1448 3092 ,ki'ismodi
1476 3032 1534 3053 non
1559 3020 1689 3052 obstante
1704 3044 1714 3060 ‚
1743 3021 1819 3065 licite
1846 3021 1952 3060 poffint
1978 3007 2221 3058 svlatrimonialiter
2248 3027 2403 3066 copulam

1352 3061 1459 3100 rolem,
1475 3060 1675 3099 suscipiendam
1694 3069 1729 3091 ex
1749 3059 1911 3099 hujusmodi
1930 3060 2124 3095 Matrimoniis
2138 3087 2149 3103 ,
2173 3064 2330 3103 legitimam
2349 3066 2400 3097 de-

1328 3107 1482 3131 cernentes.

1364 3138 1448 3169 Nulli
1464 3148 1536 3175 ergo
1552 3138 1693 3176 omnino,
1707 3137 1770 3168 &c.

1364 3176 1434 3208 Dat.
1451 3177 1581 3209 Avinion
1598 3175 1665 3207 Kal.
1680 3175 1768 3215 April.
1787 3175 1974 3208 Pontificatus
1991 3177 2079 3208 nostri
2097 3178 2183 3210 Anno
2198 3179 2302 3218 primo.

1717 3252 1772 3284 Sub
1783 3252 1844 3294 filix
1853 3251 1947 3293 sericis
1956 3253 2036 3293 flavi
2053 3254 2179 3296 rubeique
2193 3254 2294 3287 coloris.

1328 3379 1473 3414 Inhibitio
1504 3394 1540 3414 ne
1568 3379 1690 3428 aliquid
1709 3389 1903 3426 attemptetur
1923 3389 2027 3413 contra
2050 3384 2260 3428 exemptionem
2284 3380 2395 3415 libera-

1657 3439 1729 3464 rum
1752 3428 1941 3475 Capellarum
1971 3432 2064 3476 Regis.

1323 3514 1492 3589 JOhannes
1511 3514 1682 3554 Episcopus,
1700 3514 1790 3545 servus
1808 3513 1951 3546 servorum
1970 3513 2043 3551 Dei,
2063 3512 2205 3544 cariffimo
2227 3513 2258 3544 in
2277 3513 2395 3547 Christo
2412 3521 2490 3554 Αῃῃ,
2503 3521 2546 3554 D,

1375 3554 1447 3584 Filio
1465 3553 1618 3592 Edvardo,
1634 3553 1717 3593 &Regi
1735 3552 1850 3590 Angliae
1864 3552 1981 3590 illustri,
1999 3551 2129 3590 salutem,
2146 3552 2179 3582 &
2194 3552 2392 3591 Apostolicam
2430 3570 2514 3600 1317.

1330 3591 1573 3623 Benediftionem.
2412 3606 2464 3629 An.
2483 3611 2528 3629 10·

1364 3631 1463 3662 Tanto
1483 3631 1637 3669 benignius
1655 3629 1830 3673 Celsitudinis
1853 3636 1908 3659 tuae
1934 3628 2061 3665 precibus
2083 3628 2243 3666 benignum
2269 3631 2395 3669 imperti.
2412 3644 2441 3667 13.
2454 3650 2478 3667 ,η

1329 3679 1393 3700 mur
1417 3669 1571 3708 assensum,
1604 3669 1622 3688 ²*
1641 3676 1745 3706 quanto
1780 3675 1851 3696 inter
1874 3665 1968 3708 Reges
1995 3667 2028 3696 &
2052 3665 2196 3710 Frincipes
2226 3667 2401 3702 Christianos
2434 3678 2452 3697 ῆι
2470 3679 2526 3705 1113

1329 3716 1357 3739 te
1370 3708 1514 3746 specialius
1527 3709 1556 3737 in
1572 3707 1702 3737 Domino
1718 3713 1873 3742 reputamus
1889 3703 2023 3734 diledmm
2038 3704 2140 3735 Filium
2155 3706 2189 3736 &
2202 3705 2351 3740 devotum.

1365 3746 1438 3777 Tuis
1458 3747 1549 3784 itaque
1568 3744 1809 3783 supplicationibus
1828 3741 1953 3773 inclinati
1973 3742 2126 3773 distrifflus
2148 3744 2309 3777 inhibemus
2324 3770 2334 3787 ,
2360 3758 2397 3779 ne

1329 3783 1397 3815 ullus
1408 3784 1588 3821 Ordinarius,
1607 3791 1651 3813 aut
1666 3782 1749 3812 etiarn
1766 3780 1935 3820 Delegatus,
1954 3781 1999 3812 vel
2014 3781 2229 3823 Subdelegatus,
2247 3785 2276 3815 in
2291 3785 2396 3824 Capel-

1329 3823 1366 3853 las
1389 3822 1495 3859 Regias
1509 3823 1543 3852 &
1558 3821 1687 3851 Oratoria
1705 3829 1820 3856 earum,
1842 3819 1976 3850 Ecclefiae
1996 3820 2139 3852 Romanae
2154 3822 2321 3854 immediate
2335 3825 2399 3855 sub-

1326 3861 1400 3899 jeita
1410 3883 1420 3899 ,
1437 3860 1482 3890 seu
1495 3858 1659 3890 Canonicos
1673 3858 1718 3888 vel
1731 3856 1874 3888 servitores
1889 3858 2028 3897 ipsarum,
2046 3868 2145 3890 contra
2164 3868 2294 3892 tenorem
2310 3864 2397 3901 privi-

1329 3900 1469 3936 legiorum
1482 3907 1515 3927 ac
1532 3897 1768 3934 indulgentiarum
1788 3896 1963 3934 Apostolicae
1982 3896 2077 3936 Sedis,
2093 3901 2399 3932 excommunicationis

1330 3937 1375 3969 vel
1391 3935 1531 3967 interdidti
1550 3935 1712 3966 sententiam
1726 3934 1823 3965 audeat
1836 3935 2034 3975 promulgare,
2050 3935 2095 3967 seu
2115 3936 2229 3976 aliquod
2250 3937 2313 3977 ipsis
2327 3949 2397 3969 onus

1331 3976 1496 4014 imponere,
1514 3973 1590 4011 quod
1607 3973 1663 4004 aliis
1675 3974 1809 4011 exemptis
1821 3972 1952 4004 Ecclesiis
1963 3984 2023 4005 non
2036 3975 2179 4007 consuevit
2196 3979 2304 4015 iiispoiii
2313 4001 2323 4016 ,
2339 3977 2399 4007 abs-

1331 4024 1386 4052 que
1402 4013 1533 4044 mandato
1553 4011 1633 4056 Sedis
1647 4011 1825 4057 Apostolicae
1841 4012 1965 4050 speciali,
1984 4013 2062 4053 quod
2083 4015 2239 4054 expressam
2262 4015 2343 4047 faciat
2362 4014 2397 4044 de

1334 4052 1503 4085 inhibitione
1515 4050 1674 4089 hujusmodi
1687 4058 1872 4082 mentionem.
2314 4084 2399 4121 Num

2450 3719 2516 3751 624.
2545 3751 2550 3758 ι
