2562 4279
188 129 238 158 12

41 201 120 232 'Ama
134 197 176 230 D·
225 198 281 232 Per
292 197 369 240 quod
382 197 493 230 dietum
512 192 669 236 passagium
685 194 814 226 nostrum
832 200 904 224 tunc
924 189 986 236 fieri
1002 198 1063 220 nori
1077 188 1180 229 poterit
1193 185 1253 217 ullo

66 238 151 279 1338.
190 239 297 278 modo,
315 237 390 270 unde
405 237 555 274 miramur,
570 235 603 266 &
614 257 625 273 ,
648 242 703 263 nec
724 232 859 263 inmerito
873 253 883 267 ,
907 230 1062 276 plurimum
1083 235 1254 273 commove-

44 280 112 307 δεῖν.
130 287 155 316 3.
190 288 271 316 mur,
288 274 439 316 praesertim
454 273 523 305 ciim
538 296 548 312 ,
571 280 606 303 ex
627 271 760 303 dilatione
780 270 852 301 dicti
869 268 989 308 Passagii
1008 265 1114 310 nostri,
1132 265 1255 308 dampna

190 317 280 357 gravia
295 315 394 352 nobis,
411 314 445 345 &
460 312 542 343 dieto
557 310 664 351 Regno
676 309 776 341 nostro
789 332 801 350 ,
824 308 939 348 possent
953 306 1044 346 (quod
1061 304 1141 342 abiit)
1161 303 1254 335 verifi-

235 355 252 384 li
265 363 295 384 er
308 353 434 384 evenire:

191 363 331 429 mblbbis,
350 392 380 420 in
402 389 456 420 fide
477 389 510 420 &
531 387 696 418 Dileeiione
708 410 718 426 ,
739 387 840 426 quibus
862 386 946 416 nobis
966 383 1255 429 tenemini,'ne·cnon

191 431 240 461 sub
253 428 429 460 forisfactura
443 427 588 458 Omnium
602 436 668 464 quae
681 427 765 457 nobis
777 426 938 457 forisfacere
948 430 1088 465 poteritis,
1104 419 1255 450 distridhus

193 470 270 507 injun
291 467 366 498 endo
377 490 388 506 ,
413 465 579 496 mandamus
597 464 677 504 quod
696 474 798 496 omnes
815 464 915 495 Naves
931 485 942 502 ,
965 462 1024 492 t'am
1042 469 1166 504 minores
1189 466 1254 495 quae

191 507 263 537 ultra
315 516 358 536 are
371 505 483 536 transire
496 511 646 544 poterunt,
664 503 751 543 quam
766 502 891 541 Maiores
905 525 915 540 ,
938 502 968 531 in
982 498 1095 535 singulis
1111 496 1254 540 Portubus

191 546 226 577 δε
243 545 328 575 Locis
342 543 483 584 praedietis
497 565 507 580 ,
531 544 587 573 five
606 542 711 573 fuerint
731 543 803 573 infra
822 541 996 584 Libertates,
1018 538 1074 568 sive
1087 544 1181 581 extra,
1199 543 1255 573 iarn

192 583 338 614 existentes
350 582 387 618 (fi
400 579 533 613 nondum
545 581 669 612 arestatae
683 582 802 618 flierint)
815 581 871 611 fine
885 579 1017 610 dilatione
1030 575 1156 613 arestari,

229 621 268 653 Et
283 622 368 652 etiam
381 630 481 652 omnes
492 620 556 651 alias
567 619 684 659 Naves,
698 621 758 659 jam
769 619 908 655 absentes,
924 626 993 648 curn
1006 615 1039 645 ad
1055 613 1168 644 eosdem
1183 609 1256 641 Por-

192 658 285 692 tus'&
301 660 381 691 Loca
394 659 518 690 reduci&
529 659 650 698 fuerint,
667 659 790 690 similiter
804 657 931 696 arestari,
1041 692 1057 698 ..
1228 688 1244 694 ..

230 698 267 729 Et
281 708 324 729 eas
338 698 528 737 Hominibus,
550 697 723 737 Armaturis,
741 697 915 729 victualibus
930 719 940 735 ,
961 695 995 726 &
1013 692 1072 723 alus
1086 688 1259 722 Necessarns

191 737 267 768 bene
280 738 314 768 &
328 736 499 767 sufficienter
515 738 635 775 muniri,

229 776 338 814 Easque
350 785 467 814 omnes,
484 775 522 806 sic
537 776 659 806 munitas
670 797 679 813 ,
698 774 732 805 &
747 784 800 811 pro
817 772 1029 812 eskippamento
1043 768 1212 809 Equorum,
1227 772 1259 795 ut

191 815 387 853 praemittitur,
406 823 509 853 paratas
522 837 532 853 ,
556 813 590 844 ad
611 814 722 845 dietum
737 812 858 843 Portum
877 810 994 849 Magnae
1010 805 1177 846 Jernemuth
1190 805 1258 849 duci

190 853 309 893 faciatis,
320 853 399 893 juxta
411 853 534 885 formam
549 854 583 885 &
597 852 734 883 effe&um
752 852 911 883 Literarum
930 847 1088 878 nostrarum
1108 843 1260 886 praed16ta-

191 901 269 923 rum:

227 929 270 961 Ita
282 929 361 969 quod
375 930 486 962 eaedem
501 929 620 968 Naves,
634 927 806 960 considerata
820 926 954 958 arduitate
973 923 1173 992 Negfftffimm
1185 930 1259 966 prae-

188 969 351 1009 dierorum,
369 968 454 1007 Nos,
478 970 511 1001 ὅτ
528 969 731 999 Defensionem
747 991 756 1006 ‚
779 976 811 997 ac
826 965 1017 996 salvationem
1067 971 1131 1001 egni
1155 960 1258 998 nostri,

190 1008 364 1047 aliarumque
376 1009 530 1040 Terrarum
550 1007 726 1045 nostrarum,
744 1006 778 1038 ὃ(
795 1005 909 1043 Juriurn
929 1002 1057 1049 Coronae
1076 999 1199 1044 nostrae,
1219 999 1257 1043 fic

190 1048 294 1077 contin
314 1048 440 1086 entium,
456 1048 507 1077 sint
521 1046 627 1076 ibidem
643 1056 657 1076 a
678 1046 724 1076 die
743 1044 857 1075 Paschae
870 1067 880 1083 ,
905 1050 1038 1081 proximo
1053 1047 1209 1083 praetento,
1227 1047 1258 1067 in

190 1095 283 1116 unum
342 1086 436 1116 ensem
451 1085 486 1115 ad
508 1085 640 1115 ultimum
656 1107 666 1122 ,
690 1092 775 1123 prout
794 1083 876 1114 vobis
891 1091 939 1120 per
958 1079 1027 1110 Nos
1041 1080 1074 1110 &
1089 1077 1258 1108 Concilium

192 1124 323 1155 nostrum
337 1125 442 1165 plenius
453 1123 495 1154 est
510 1123 686 1163 injuntstum:
922 1160 926 1164 Ι
1177 1154 1181 1160 ¹

230 1163 356 1194 Scientes
367 1163 445 1202 quod
453 1185 463 1202 ,
477 1163 495 1193 si
511 1163 539 1193 in
553 1160 700 1202 praemiffis
712 1159 844 1192 faciendis
855 1158 1043 1199 negligentem
1056 1155 1102 1187 vel
1115 1153 1257 1185 remissum

189 1211 244 1233 vos
258 1203 409 1242 contigerit
420 1201 555 1241 inveniri,
573 1211 622 1240 pet
635 1200 711 1240 quod
724 1199 837 1230 dicium
858 1197 1021 1242 Parsagium·
1035 1194 1166 1240 nostrum
1188 1192 1257 1223 ultra

190 1238 268 1270 diem
283 1239 381 1280 illum,
400 1240 498 1271 colore
512 1240 604 1279 aliquo
619 1238 772 1277 exquisito,
789 1236 918 1277 impediri
934 1243 1036 1280 poterit
1045 1232 1195 1273 aliqualiter
1210 1231 1256 1261 vel

190 1278 311 1318 differri,
330 1279 364 1310 ad
381 1289 449 1316 vos,
467 1279 501 1309 δε
514 1279 600 1317 alios,
615 1279 664 1316 qui
678 1277 745 1307 inde
758 1276 908 1314 culpabiles
922 1274 1026 1305 fuerint
1047 1272 1093 1304 vel
1108 1270 1258 1308 Rebelles,

192 1318 262 1349 ficut
275 1319 306 1348 in
321 1318 379 1350 hoc
391 1318 454 1350 casu
468 1317 566 1355 decet,
585 1318 734 1356 capiemus.
948 1352 953 1357 .

231 1355 344 1387 Damus
355 1365 451 1388 autem
471 1357 553 1387 vobis
568 1377 578 1394 ,
603 1357 637 1387 &
652 1354 699 1384 De
721 1354 827 1385 utandis
848 1362 864 1383 a
884 1352 967 1383 vobis
980 1373 990 1389 ,
1012 1350 1143 1395 plenam,
1160 1356 1258 1392 tenore

214 1395 389 1434 mesentium,
407 1394 579 1425 Potestatem
592 1394 689 1433 capien
710 1394 765 1424 i&
776 1391 909 1424 arestandi
926 1399 1028 1434 omnes
1046 1388 1107 1419 illos
1142 1396 1214 1432 quos
1227 1396 1258 1417 in

190 1404 249 1465 {ac
263 1443 339 1473 parte
350 1435 503 1465 contrarios
514 1433 673 1463 inveneritis
687 1432 732 1463 seu
747 1431 880 1462 Rebelles
916 1439 949 1473 ac
963 1428 1073 1473 diuitum
1089 1411 1257 1471 biegonum

191 1473 345 1512 aliqualiter
359 1471 545 1510 impedientes
557 1494 567 1510 ,
591 1471 625 1502 &
642 1480 689 1501 eos
703 1470 823 1501 Prisonis
836 1479 876 1500 no
903 1478 937 1498 ris
956 1466 1144 1503 comittendi,
1162 1475 1193 1496 in
1206 1474 1259 1495 eis-

192 1510 260 1541 dem
278 1520 433 1542 moraturos
451 1509 594 1550 quousque
619 1509 695 1540 aliud
716 1510 751 1540 de
777 1508 880 1539 eisdem
905 1507 1066 1538 duxerimus
1086 1502 1260 1548 demandan—

192 1549 264 1580 dum
280 1561 290 1588 3
314 1559 385 1589 quos
402 1550 486 1580 etiarn
503 1559 553 1587 per
573 1548 768 1579 Vicecomites
784 1546 896 1578 nostros
914 1546 1046 1576 locorum
1058 1567 1067 1583 ,
1092 1543 1142 1574 ubi
1154 1553 1203 1573 eos
1221 1541 1259 1572 fic

191 1587 303 1630 arestari
318 1589 486 1627 contigerit,
499 1588 577 1626 juxta
591 1596 722 1618 tenorem
741 1586 880 1617 dietarum
902 1584 1060 1628 Literarum
1072 1581 1260 1627 nostrarum,

192 1627 279 1665 recipi
293 1626 441 1666 volumus,
456 1627 490 1659 &
505 1627 536 1657 in
549 1624 688 1665 Prisonis,
707 1634 737 1656 ut
749 1625 943 1665 praemittitur,
959 1622 1089 1654 detineri.

230 1703 321 1748 „Teste
334 1700 419 1744 Rege
437 1702 511 1744 apud
530 1702 687 1743 Haveryng
704 1711 761 1734 arte
778 1702 871 1734 Boure
885 1724 895 1740 ,
916 1700 1032 1732 decimo
1045 1700 1148 1738 quinto
1157 1698 1204 1730 die
1218 1696 1260 1728 Α-

194 1742 279 1782 pnhs·
877 1786 931 1814 Per
941 1783 1022 1824 ipfhm
1036 1786 1141 1821 Regem.

197 1863 400 1926 COnfimile
415 1862 504 1893 Breve
525 1862 651 1906 dirigitur
665 1860 876 1892 Bartholomaeo
895 1862 931 1892 de
949 1859 1137 1906 Burghersssi,
1157 1857 1260 1888 Admi-

263 1903 330 1932 rallo
344 1902 435 1932 Flotae
450 1901 486 1931 N
488 1911 598 1939 avium,
617 1901 653 1930 ab
669 1899 732 1930 Ore
751 1900 842 1940 Aquae
859 1900 1013 1931 Thamisiae
1026 1923 1034 1938 ,
1060 1898 1152 1930 versus
1171 1904 1261 1935 partes

195 1939 394 1971 Occidentales
429 1939 466 1970 de
479 1939 610 1970 Navibus
624 1939 785 1977 hujusmodi
800 1962 810 1978 ,
835 1940 992 1983 peripsum
1011 1937 1134 1969 arestatis
1149 1937 1183 1968 &
1202 1943 1261 1967 are-

196 1978 315 2017 standis,
333 1964 410 2017 apud
422 1978 550 2012 Orewell
564 1978 600 2010 ad
612 1977 726 2009 dietum
739 1977 817 2009 diem
831 1978 897 2009 duci
911 1978 1054 2010 iaciendis.

234 2054 321 2088 Teste
335 2055 464 2096 utsupra.

877 2136 932 2164 Per
950 2132 1032 2174 ipsitm
1049 2133 1156 2171 Regem.

479 2288 575 2333 Super
591 2283 749 2330 defensione
762 2285 866 2331 Infidae
883 2286 982 2321 Veaae.

200 2379 348 2437 REX,
367 2380 488 2412 Dileciis
500 2380 533 2412 &
553 2379 694 2411 Fidelibus
715 2381 766 2411 suis
780 2404 789 2420 ,
829 2381 933 2412 ohanni
952 2380 987 2412 de
1001 2381 1183 2422 Langeford,
1200 2383 1263 2415 Cu-

172 2424 179 2431 ·
268 2420 342 2451 stodi
355 2419 450 2451 Castri
461 2419 500 2449 sui
513 2419 551 2449 de
565 2417 727 2449 Caresbrok
763 2421 791 2449 in
853 2420 896 2451 ula
910 2420 1004 2451 Vasta
1018 2444 1029 2460 ,
1051 2421 1264 2453 Bartholomaeo

148 2462 154 2468 “
199 2458 236 2490 de
249 2458 319 2497 Isle,
336 2457 552 2490 &Theobaldo
567 2456 684 2495 Ruffei,
699 2443 832 2501 Salutem.

159 2498 166 2505 ”
237 2497 314 2536 Qiia
325 2497 499 2536 quamplures
512 2495 659 2534 homines,
673 2495 709 2526 de
723 2497 844 2535 partibus
858 2497 891 2528 &
910 2496 1056 2529 Dominiis
1070 2498 1094 2529 F
1095 2500 1215 2539 ranciae,
1234 2500 1265 2530 in

201 2534 312 2567 diverfis
331 2536 429 2567 Galeis
446 2535 480 2565 &
499 2534 630 2565 Navibus
643 2558 653 2574 ,
677 2533 757 2575 supra
777 2534 861 2579 Mare
878 2536 1106 2580 proficiscuntur,
1126 2537 1264 2578 Regnum

174 2578 181 2583 “
199 2575 330 2608 nostrum
342 2576 374 2606 in
388 2574 509 2615 pambus
521 2573 558 2604 de
571 2572 754 2604 Ponesmutii
770 2573 906 2605 hostiliter
919 2575 1095 2614 invadentes,
1113 2577 1147 2608 &
1160 2577 1265 2608 Incen-

200 2612 261 2652 dia,
278 2612 513 2654 Depraedationes
526 2635 536 2652 ,
561 2612 595 2643 &
610 2612 661 2643 alia
678 2611 801 2643 facinora
816 2614 1023 2652 quamplurima
1045 2615 1150 2646 ibidem
1166 2625 1265 2656 perpe-

199 2660 302 2684 [rantes

234 2690 273 2722 Et
283 2675 342 2729 ja’m
358 2690 437 2729 supra
453 2689 538 2721 Mare
551 2689 641 2720 versus
654 2688 772 2720 Insulam
787 2689 913 2721 nostram
935 2691 1101 2729 praedietam
1124 2692 1150 2722 se
1165 2701 1264 2724 tenen-

197 2731 446 2800 }essgssnitegnctellfflff
460 2729 584 2798 Malial&
597 2728 922 2799 Fadffifavssffifimilia
935 2730 980 2760 vel
993 2731 1100 2769 pejora,
1120 2732 1149 2761 in
1164 2731 1262 2801 ffdem

197 2779 381 2877 13321521153
392 2778 509 2839 2213?ss
520 2776 734 2844 reefssgssheff‘drfi'
753 2778 781 2798 ¹¹¹
824 2776 942 2799 mmm
956 2777 1131 2810 ¹³⁶¹P⁶m¹⁶³
1149 2780 1168 2800 ¹¹
1189 2780 1262 2801 ‘⁶²⁰‘

290 2856 300 2876 s

233 2868 371 2915 Vole'ntes
383 2882 537 2926 defensioni
553 2884 586 2914 δε
600 2883 745 2914 salvationi
760 2883 789 2913 R
849 2885 857 2913 i
877 2883 965 2914 nostri
981 2884 1145 2924 providere,
1163 2886 1197 2918 &
1208 2885 1262 2917 hu-

198 2922 319 2964 jusmodi
332 2921 463 2952 hostilem
479 2932 514 2953 ne
536 2923 631 2952 uitiam
645 2922 791 2962 repellere,
840 2924 943 2953 omino
958 2932 1113 2963 annuente,

234 2962 281 2993 Ac
294 2962 330 2992 de
343 2960 475 2991 fidelitate
485 2971 520 2991 ve
559 2970 574 2991 a
586 2961 787 2998 circumspecta
800 2961 991 3000 confidentes,

236 3000 448 3039 Affignavimus
460 3009 529 3038 vos,
547 3000 726 3029 con'untstim
742 3000 775 3029 &
794 2999 919 3038 divisim,
935 3000 969 3031 ad
982 3000 1200 3034 custodiendum
1212 3003 1262 3035 In-

196 3039 281 3071 sulam
294 3038 459 3079 praedietam
472 3047 573 3069 contra
619 3037 712 3068 ostiles
732 3038 960 3078 Alienigenarum
983 3040 1133 3079 Aggressus
1149 3066 1158 3081 ,
1179 3043 1213 3073 &
1226 3043 1262 3074 ad

199 3077 383 3109 resistendum
402 3076 506 3107 eisdem
525 3075 667 3106 Hostibus
683 3076 784 3106 nostris
805 3086 872 3107 cum
894 3076 977 3108 Posse
999 3078 1098 3111 Insulae
1120 3081 1262 3120 ejusdem,

198 3116 219 3137 ²¹²
234 3116 254 3147 si
268 3115 399 3146 invadere
412 3115 634 3154 praesumpserint
644 3114 765 3145 Insulam
778 3115 967 3154 antedid'tam,
987 3128 1103 3149 necnon
1118 3120 1152 3150 ad
1166 3122 1263 3151 arraia-

199 3154 399 3197 risaciendum
414 3164 518 3185 omnes
536 3153 681 3198 Homines
697 3153 878 3198 defensabiles
894 3154 992 3186 Insulae
1013 3158 1173 3198 praedidiae,
1192 3160 1262 3190 infi‘a

199 3193 353 3224 Libertates
367 3193 401 3224 &
415 3201 507 3232 extra,
522 3193 582 3223 tam
602 3191 712 3222 Milites
731 3192 764 3223 &
783 3192 946 3232 Armigeros
959 3217 968 3233 ,
992 3197 1075 3234 quam
1097 3197 1164 3227 alios
1177 3208 1264 3238 quos-

200 3241 345 3270 cumque,
361 3232 395 3263 &
409 3231 503 3262 Armis
514 3231 745 3269 competentibus
757 3254 766 3269 ‚
792 3240 875 3269 prout
890 3231 922 3262 ad
938 3232 1040 3264 statum
1054 3235 1200 3271 cujussibet
1214 3247 1264 3266 eo-

200 3280 265 3301 rum
279 3271 413 3308 pertinet,
428 3271 531 3300 muniri
545 3270 721 3307 faciendum,
739 3271 775 3300 ita
790 3270 868 3309 quod
884 3270 934 3308 ipfi
947 3294 957 3308 ,
980 3272 1016 3302 fic
1029 3275 1133 3304 arraiati
1149 3275 1182 3305 &
1200 3285 1264 3305 mu-

201 3310 253 3341 niti
269 3331 278 3345 ,
294 3308 403 3347 semper
421 3309 548 3347 prompti
566 3309 617 3339 sint
637 3309 670 3339 &
684 3309 770 3346 parati
789 3309 824 3339 ad
843 3308 1078 3346 proficiscendum
1097 3313 1264 3352 vobiscum,

200 3349 235 3379 &
248 3346 374 3378 vestrum
389 3347 530 3386 quolibet,
550 3356 602 3384 pro
613 3347 774 3377 defensione
787 3346 884 3378 Insulae
904 3348 1048 3385 praediCtae
1062 3374 1071 3388 ,
1094 3359 1193 3382 contra
1206 3351 1266 3382 Ini—

201 3386 293 3416 micos
308 3384 419 3416 nostros
431 3385 598 3424 praediecos,
617 3385 636 3415 si
653 3386 725 3416 mala
740 3385 784 3416 vel
798 3386 922 3416 facinora
935 3387 1025 3426 aliqua
1041 3389 1110 3418 inibi
1127 3390 1266 3421 voluerint

202 3424 1058 3503 ῖὲἔὲῗ3ἶὲιῖςῖἓῖἒεῗκὸἕὲῗέᾎῖἳῑέἓῗξὲἒῗῃῗἐῗέἐὲῗζὲἰιῗζ
1071 3437 1120 3467 pe‘
1133 3437 1202 3468 Μ’
1220 3429 1266 3460 “³¹

471 3486 481 3502 ,
1032 3489 1038 3495 .

241 3500 279 3532 Et

244 3524 324 3578 Qiiia
335 3540 512 3579 quamplures
525 3539 670 3571 Homines
686 3540 808 3578 ejusdem
823 3539 939 3580 Insulae,
958 3542 1017 3571 tam
1036 3541 1144 3573 Milites
1162 3543 1196 3575 &
1212 3543 1268 3575 Ar-

209 3579 325 3617 migeri,
343 3580 429 3618 quam
440 3579 502 3616 alii,
520 3581 568 3618 qui
581 3579 682 3609 Terras
693 3579 727 3610 &
744 3578 928 3610 Poffeffiones
949 3579 1051 3611 habent
1065 3582 1094 3611 in
1109 3581 1228 3621 eadem,
1242 3582 1270 3613 se

210 3616 246 3646 de
261 3627 341 3647 novo
353 3628 367 3647 a
388 3617 523 3656 praedidta
542 3617 647 3655 Insula,
668 3625 699 3648 ut
713 3617 862 3648 didicimus
873 3641 884 3657 ,
908 3625 1096 3658 retraxerunt,
1114 3621 1148 3651 &
1163 3621 1194 3650 in
1213 3620 1270 3652 aliis

209 3655 330 3693 partibus
341 3655 401 3692 jam
416 3665 577 3694 moranmr,
594 3657 624 3686 in
638 3656 761 3693 ejusdem
774 3656 873 3686 Insulae
886 3657 1046 3696 periculum
1059 3658 1255 3698 manifestum,

252 3692 435 3735 Advertenroe
449 3694 537 3732 mala,
550 3704 615 3734 quae
627 3704 661 3724 ex
681 3695 740 3726 hoc
754 3696 868 3725 evenire
887 3704 1019 3733 poterunt
1032 3719 1042 3735 ,
1065 3696 1098 3726 &
1113 3697 1190 3735 quod
1204 3707 1271 3728 orn—

214 3737 263 3758 nes
274 3731 307 3760 &
320 3732 416 3770 singuli
431 3732 518 3763 dietae
533 3732 647 3772 Insulae,
666 3741 718 3772 pro
732 3734 894 3764 defensione
908 3735 942 3764 &
962 3734 1111 3765 salvatione
1130 3735 1252 3773 ejusdem
1263 3759 1272 3774 ‚

215 3768 274 3796 tam
286 3777 338 3806 pro
351 3769 492 3814 ipsorum,
509 3772 595 3810 quam
607 3771 707 3802 nosti-0
725 3771 888 3803 commodo
904 3773 938 3804 &
956 3773 1068 3804 honore
1082 3796 1092 3812 ,
1118 3773 1154 3805 Se
1164 3775 1197 3806 &
1217 3773 1273 3806 Sua

212 3807 593 3892 expgffigiiilxsrlrmruffirgsujbe
607 3848 763 3892 quemlibet
774 3847 921 3892 vestrfim,
936 3848 971 3879 ad
983 3849 1204 3890 distringendum

215 3880 280 3912 alias
294 3883 522 3918 compellendum
536 3896 588 3916 viis
601 3888 635 3918 &
656 3887 749 3917 modis
762 3910 772 3925 ,
797 3888 898 3925 quibus
912 3888 1010 3918 melius
1027 3899 1060 3919 ex
1118 3890 1122 3894 ’

50 3129 115 3165 ,⁸V.
135 3139 183 3168 ²5·

234 3921 239 3926 ¹
411 3922 415 3926 ι
733 3926 739 3931 .
1117 3899 1156 3920 ire
1171 3851 1275 3920 videi-Si?

219 3927 275 3957 us,
297 3927 397 3949 omnes
410 3921 469 3951 illos
489 3922 524 3952 de
544 3923 634 3955 Insula
653 3924 806 3963 praedufftfi,
824 3926 926 3956 Terras
946 3927 980 3957 &
1001 3926 1046 3957 Po
1071 3927 1187 3958 effiones
1204 3928 1275 3959 inibi

217 3958 366 3996 habentes,
381 3958 414 3989 &
428 3958 455 3988 se
467 3959 502 3990 ab
514 3961 611 3992 eadem
631 3963 797 4004 elongantes
804 3985 819 4002 ,-
837 3963 873 3995 ad
887 3963 1062 3997 redeundum
1075 3965 1111 3997 ad
1126 3966 1213 4006 ipsam
1227 3965 1277 3998 In-

658 95 1435 151 CONVENTIONES,
1490 95 1882 146 LITERAE,

1292 180 1395 221 sulam,
1414 184 1449 215 ὅ(
1464 193 1518 224 pro
1532 183 1681 215 salvatione
1693 183 1815 223 ejusdem
1829 183 1898 215 inibi
1910 181 2155 214 commorandum
2169 184 2180 222 3
2203 180 2275 214 dum
2289 183 2363 224 peri-
2379 175 2455 217 Ann.
2469 185 2513 219 D.

1293 221 1356 252 cula
1368 221 1528 261 hujusmodi
1541 223 1663 254 iminent
1678 232 1709 254 ut
1724 221 1764 253 est
1778 222 1890 253 dffium
1900 245 1909 260 ,
2398 226 2487 267 1338.

1333 259 1371 291 Et
1391 262 1476 292 etiam
1496 261 1530 292 ad
1553 261 1780 299 distringendum
1800 262 1835 292 &
1856 259 2090 300 compellendum
2110 259 2170 290 tam
2189 258 2366 300 Episcopos,
2381 268 2450 295 Eav.
2466 275 2492 304 3.

1295 298 1470 339 Religiosos,
1489 301 1523 331 &
1541 300 1674 331 Personas
1688 299 1909 337 Ecclesiasticas,
1927 301 2013 339 quam
2025 299 2092 328 alios
2107 297 2302 338 quoscumque
2335 299 2366 330 in

1296 336 1388 368 Insula
1402 337 1538 379 praedidia
1550 348 1779 377 commoranteS,
1797 337 1846 369 vel
1860 338 1964 368 Terras
1979 338 2012 368 ὃς
2025 336 2204 367 Tenementa
2219 337 2249 367 in
2315 347 2366 368 ern

1295 375 1446 416 habentes,
1465 378 1499 408 ὅτ
1512 377 1576 408 alibi
1589 377 1721 418 degentes
1735 378 1744 412 (
1767 378 1811 415 ui,
1830 375 2099 407 rationeTerrarum
2113 376 2146 406 &
2156 374 2368 407 Posseffionum

1295 414 1422 454 suarum,
1439 415 1475 446 ad
1490 415 1682 447 defensionem
1697 416 1759 454 ejus
1773 425 1821 446 em
1834 416 1975 450 tenentur)
1988 414 2024 445 ad
2037 413 2243 445 inveniendum
2258 413 2370 445 Homi—

1296 463 1345 483 nes
1360 454 1395 484 ad
1410 454 1513 492 Arma,
1531 455 1682 494 Armatos,
1700 454 1876 492 sagittarios,
1896 454 1931 485 &
1945 453 2029 492 alios,
2047 453 2077 483 in
2091 452 2170 483 dic'ta
2185 451 2293 491 Insula,
2334 462 2369 484 ro

1295 491 1457 523 defensione
1469 493 1557 532 illius,
1571 494 1649 532 juxta
1661 495 1844 532 quantitatem
1856 492 2012 523 Terrarum
2032 491 2066 522 &
2081 489 2293 522 Posseffionum
2319 501 2370 523 ua-

1297 540 1380 569 rum,
1399 541 1465 570 quas
1482 532 1592 563 ibidem
1612 533 1717 564 habent
1729 555 1739 572 ,
1761 540 1860 563 contra
1878 531 2025 561 dierorum
2047 528 2238 561 Inimicorum
2252 530 2369 562 nostro-

1297 578 1362 599 rum
1377 569 1515 608 incursus,
1533 571 1603 601 dum
1617 571 1738 612 pericula
1750 571 1884 609 praedicta
1898 570 1936 600 fic
1954 569 2077 599 iminent
2091 592 2102 607 ,
2125 569 2161 600 &
2172 576 2274 610 prout,
2293 574 2369 601 tem-

1297 607 1414 675 Eoribus
1428 607 1649 677 Progenitorum
1662 609 1842 647 nostrorum,
1860 610 1891 639 in
1911 607 2090 639 Guerrarum
2111 606 2372 640 Commotionibus

1319 655 1360 676 eri
1372 656 1428 676 con
1441 656 1516 677 uevit

1336 684 1375 715 Et
1390 685 1423 715 ad
1438 670 1608 724 capiei'idum
1620 708 1631 724 ,
1657 685 1692 717 &
1712 684 1879 717 seifiendum
1892 686 1922 716 in
1942 694 2062 716 manum
2074 684 2200 716 nostram
2214 707 2225 723 ,
2247 684 2370 724 Terras,

1298 721 1500 762 Posseffiones,
1518 734 1552 755 ac
1568 723 1648 754 Bona
1664 725 1797 755 omnium
1817 724 2019 764 praedistorum
2031 725 2062 754 in
2075 723 2177 755 eadem
2191 723 2298 762 Insula,
2317 725 2367 763 qui

1299 760 1460 800 hujusmodi
1472 761 1618 793 Homines
1629 761 1663 792 ad
1676 762 1782 801 Arma,
1797 763 1946 801 Armatos,
1964 763 2139 803 Sagittarios,
2159 762 2192 793 &
2205 763 2272 793 alios
2286 763 2367 794 inve·

1298 800 1361 830 nire
1371 800 1522 839 deberent,
1541 801 1575 832 &
1590 810 1638 831 eos
1652 800 1685 831 ad
1700 801 1759 832 hoc
1778 802 1965 832 recusaverint
1979 802 2105 832 invenire
2121 813 2132 840 2,
2156 801 2190 832 ὃς
2210 800 2247 832 de
2266 811 2369 832 eorum

1300 837 1428 870 Exitibus
1441 839 1600 877 hujusmodi
1613 838 1775 878 Homines,
1792 849 1828 870 ex
1839 840 1918 871 causa
1930 840 2081 878 praedic'ta,
2095 850 2145 878 per
2159 850 2229 879 vos,
2246 839 2278 871 in
2291 839 2367 879 ipso-

1300 887 1381 916 rum,
1400 877 1502 909 Terras
1513 878 1620 908 ibidem
1642 878 1679 908 fic
1701 877 1882 917 habentium,
1900 878 2062 918 defeetum,
2079 880 2202 910 inveniri
2215 878 2369 918 volumus,

1299 915 1463 948 durantibus
1477 916 1608 957 periculis
1620 916 1783 955 supradictis

1335 954 1374 985 Et
1389 955 1423 986 ad
1437 957 1536 987 omnia
1549 955 1599 986 alia
1613 955 1646 986 ὃ(
1659 955 1762 995 singula
1774 940 1936 999 &iciendum
1951 964 2016 994 quae
2029 955 2064 987 ad
2075 955 2255 988 salvationem
2268 953 2372 988 Insuiae

1299 993 1443 1032 praediCtae
1456 995 1485 1024 in
1498 995 1552 1025 hac
1567 1003 1643 1032 parte
1658 1003 1793 1032 poterunt
1804 1001 1960 1032 pertinere,

1338 1032 1384 1063 Ac
1398 1032 1435 1063 ad
1448 1032 1496 1064 De
1535 1033 1654 1064 tandum
1667 1032 1716 1063 sub
1728 1033 1811 1064 vobis
1823 1033 1890 1063 alios
1904 1055 1915 1071 ,
1938 1042 2008 1072 quos
2021 1031 2189 1065 sufficientes
2201 1034 2234 1066 &
2247 1033 2369 1065 idoneos

1299 1072 1450 1110 noveritis,
1468 1082 1484 1103 a
1518 1071 1657 1112 praemiffi
1674 1073 1774 1103 omnia
1788 1072 1822 1103 &
1838 1070 1956 1110 singula,
1975 1071 2104 1109 quotiens
2119 1082 2192 1111 opus
2209 1073 2309 1113 fuerit,
2326 1073 2368 1104 fa-

1300 1110 1433 1141 ciendum
1442 1134 1452 1149 ,
1470 1111 1505 1142 &
1518 1110 1704 1149 explendum,

1337 1148 1376 1179 Et
1391 1149 1459 1180 ideo
1473 1150 1570 1187 vobis,
1587 1150 1618 1180 in
1633 1149 1702 1180 Fide
1721 1149 1754 1180 &
1777 1147 1939 1188 Ligmntia,
1955 1148 2058 1217 guibus
2070 1149 2152 1180 nobis
2166 1147 2230 1180 estis
2247 1149 2367 1190 astriffi,

1299 1187 1448 1218 districi-iiis
1458 1189 1631 1228 injungimus
1646 1188 1680 1219 &
1695 1187 1878 1226 mandamus,
1893 1189 1954 1226 quo
1990 1196 2066 1217 circa
2081 1188 2223 1227 praemissa
2236 1210 2246 1226 ‚
2270 1190 2367 1221 omnia

1301 1226 1335 1256 &
1349 1226 1387 1257 fin
1409 1226 1467 1265 ula,
1485 1227 1612 1258 facienda
1627 1227 1660 1258 &
1673 1225 1810 1267 explenda
1831 1227 1862 1256 in
1881 1225 1975 1256 forma
1996 1225 2132 1264 praedista
2144 1249 2154 1264 ,
2178 1228 2370 1265 praetermiffis

1299 1266 1381 1295 omni
1406 1275 1436 1296 us
1449 1266 1521 1305 aliis,
1535 1265 1699 1304 intendatis,
1717 1267 1754 1297 ita
1767 1264 1864 1304 quod,
1881 1265 1912 1296 iri
1927 1263 2010 1295 vestri
2021 1264 2179 1304 defectum,
2197 1264 2370 1307 Darnpnum

1299 1303 1346 1334 seu
1363 1302 1527 1335 Periculum
1540 1304 1627 1335 dietae
1641 1303 1740 1334 Insulae
1755 1314 1817 1334 non
1832 1303 1941 1334 eveniat
1956 1303 2016 1333 ullo
2032 1303 2131 1334 modo.

1337 1341 1448 1374 Damus
1461 1353 1575 1382 autem,
1589 1343 1722 1373 universis
1737 1343 1770 1374 &
1783 1342 1823 1373 sin
1848 1342 1915 1381 ulis,
1927 1341 2088 1382 Episcopis,
2097 1341 2271 1383 Abbatibus,
2286 1341 2368 1374 Prio-

1300 1381 1392 1419 ribus,
1411 1380 1595 1420 Comitibus,
1612 1380 1785 1421 Baronibus,
1845 1381 1960 1419 ilitibus,
1978 1381 2011 1412 &
2024 1382 2159 1412 omnibus
2172 1381 2245 1420 aliis,
2267 1381 2304 1412 de
2319 1381 2368 1414 ln-

1299 1419 1355 1450 sula
1368 1420 1520 1460 praedidta,
1537 1430 1571 1452 ac
1592 1419 1769 1452 Vicecomiti
1789 1419 1890 1450 nostro
1910 1419 2137 1459 Suthamptoniae
2151 1443 2162 1459 ,
2184 1429 2281 1451 tenore
2295 1430 2367 1461 prae-

1300 1458 1439 1498 sentium,
1457 1460 1486 1489 in
1501 1459 1636 1490 mandatis
1642 1482 1652 1498 ,
1666 1459 1745 1498 quod
1759 1459 1859 1497 vobis,
1876 1459 1910 1490 ὃς
1931 1457 2058 1490 νείῒῐῦιη
2071 1459 2202 1497 cuilibet,
2220 1468 2253 1490 ac
2267 1459 2369 1498 Depu-

1301 1497 1389 1528 tandis
1402 1508 1417 1528 a
1431 1499 1530 1538 vobis,
1545 1499 1575 1529 in
1590 1497 1736 1537 praemiffis
1749 1499 1784 1530 &
1800 1507 1900 1528 eorum
1920 1497 2070 1537 quolibet,
2095 1506 2208 1535 pareant
2226 1498 2260 1529 &
2275 1499 2368 1530 inten-

1301 1535 1386 1576 dant,
1402 1537 1471 1568 cum
1484 1547 1534 1577 per
1546 1547 1611 1576 vos,
1628 1537 1673 1567 vel
1686 1537 1807 1576 aliquem
1821 1535 1947 1567 vestrum
1956 1559 1966 1575 ,
1984 1536 2029 1567 seu
2040 1547 2056 1568 a
2067 1537 2150 1568 vobis
2162 1536 2369 1578 Deputandos‚

1301 1574 1380 1614 super
1392 1575 1450 1606 hoc
1463 1577 1626 1613 praemuniti
1638 1575 1742 1606 fuerint
1755 1585 1790 1606 ex
1804 1584 1880 1614 parte
1893 1575 2004 1615 nostra,

1340 1613 1385 1645 Ac
1406 1615 1489 1645 vobis
1506 1616 1590 1646 etiam
1605 1638 1615 1654 ,
1640 1615 1674 1646 &
1687 1615 1812 1645 vestrum
1832 1614 1970 1653 cuilibet,
1995 1624 2028 1645 ac
2048 1612 2226 1653 Deputandis
2242 1625 2258 1646 a
2269 1615 2372 1656 vobis,

1301 1652 1415 1691 plenam
1430 1652 1604 1684 Potestatem
1620 1652 1757 1684 arestandi
1773 1677 1783 1692 ,
1808 1653 1843 1685 ὃς
1862 1653 1991 1694 capiendi
2005 1662 2107 1684 omnes
2125 1653 2184 1687 illas
2195 1652 2292 1685 Laioes
2307 1664 2375 1696 per-

1301 1691 1396 1730 sonas»,
1415 1701 1480 1729 quas
1493 1693 1523 1723 in
1537 1693 1590 1723 hac
1609 1700 1686 1732 parte
1704 1691 1900 1723 inobedientes
1917 1693 2078 1723 inveneritis
2098 1691 2142 1723 seu
2157 1690 2290 1724 Rebelles
2301 1717 2311 1732 ,
2334 1695 2370 1726 &-

1301 1739 1345 1759 eas
1368 1729 1488 1761 Prisonis
1506 1731 1607 1761 nostris
1629 1730 1854 1769 committendi,
1878 1732 1908 1761 in
1925 1730 2027 1762 eisdem
2050 1740 2205 1763 moraturas
2226 1731 2373 1773 quousque

1301 1768 1376 1799 aliud
1388 1768 1424 1799 de
1435 1770 1474 1800 eis
1485 1769 1646 1800 duxerimus
1657 1768 1897 1800 demandandum.

1338 1806 1373 1838 In
1386 1808 1484 1847 cujus,
1501 1809 1561 1840 &c.

1302 1883 1428 1964 pri‘sszste
1440 1883 1525 1926 Rege
1538 1885 1613 1927 apud
1631 1883 1789 1926 Haveryng
1808 1893 1865 1917 atte
1883 1883 1977 1917 Boure
1989 1907 2000 1924 ,
2023 1883 2141 1917 decimo
2156 1886 2257 1925 quinto
2267 1885 2315 1918 die
2327 1883 2371 1918 A-

1922 1993 1977 2022 Per
1988 1990 2070 2032 ipfiam
2083 1994 2188 2030 Regem.

1306 2069 1401 2132 ET
1415 2069 1580 2116 mandatum
1595 2069 1820 2102 estVicecomiti
1831 2068 2058 2109 Suthamptoniae
2067 2091 2077 2108 ,
2095 2068 2172 2108 quod
2185 2067 2306 2114 eisdem,
2320 2069 2376 2109 Joss

1373 2109 1478 2149 hanni,
1495 2109 1728 2149 Bartholomaeo,
1747 2110 1781 2140 ὅ(
1795 2108 1972 2139 Theobaldo
1986 2132 1996 2146 ,
2021 2108 2056 2139 &
2069 2117 2171 2139 eorum
2190 2107 2322 2148 ciiihbet,
2341 2117 2381 2146 ac,

1304 2147 1472 2186 deputandis
1484 2149 1521 2180 ab
1533 2150 1585 2188 eis,
1603 2150 1633 2179 in
1647 2147 1811 2188 praemiffis,
1829 2147 1967 2178 omnibus
1979 2147 2013 2178 &
2028 2146 2156 2187 singulis,
2173 2155 2267 2186 paer
2283 2148 2318 2179 &
2330 2148 2378 2179 in-

1305 2187 1497 2257 tenfiitatgmn&
1509 2225 1655 2257 Homines
1670 2225 1864 2257 Defensabilec
1876 2223 1976 2255 Insulae
1998 2223 2143 2262 praedie‘tae
2163 2234 2263 2255 coram
2277 2226 2316 2256 eis
2328 2234 2380 2256 ve-

1305 2264 1369 2295 nire
1383 2264 1464 2296 faciat
1477 2266 1607 2304 quotiens
1622 2267 1656 2297 &
1671 2265 1786 2303 quando
1798 2265 1870 2304 peri
1891 2263 1936 2307 sos
1946 2286 1956 2301 ,
1980 2262 2026 2293 vel
2042 2272 2145 2308 eorum
2157 2262 2282 2303 aliquem
2297 2287 2308 2304 ,
2330 2264 2378 2296 seu

1306 2302 1496 2372 Dezpuglandos
1506 2305 1543 2334 ab
1554 2306 1608 2343 ὦ)
1625 2313 1674 2372 &¹1
1693 2313 1750 2336 me
1763 2303 2362 2379 Rgsgiigxsdenintjfgffiigixgisitufflnholomaeus
2390 2336 2409 2356 ⁴*
2428 2337 2466 2366 V·
2481 2335 2527 2365 ²⁶=

1306 2381 1340 2412 ὅ(
1355 2352 1837 2421 Τὴείεὓὲἓῗιεῗηέεκέοἴυῗῖἑῗίυᾳυίε
1851 2404 1861 2419 ,
1883 2390 1916 2411 ac
1927 2363 2145 2424 ’Deputandsab
2167 2381 2219 2419 eis,
2237 2364 2375 2411 arestave:

1307 2420 1363 2450 rint
1375 2420 1421 2450 vel
1433 2419 1588 2452 arestaverit
1622 2421 1656 2451 &
1668 2421 1694 2450 ei
1707 2419 1887 2450 liberaverint
1899 2418 1944 2450 vel
1958 2418 2136 2457 liberaverit,
2155 2419 2191 2448 ab
2203 2419 2258 2457 eis,
2277 2419 2312 2450 &
2324 2428 2375 2449 eo-

1385 2459 1534 2528 quasis
1591 2442 1817 2529 bewe
1837 2456 2376 2528 aestuas

1344 2508 1384 2567 ἒῖ
1396 2508 1454 2568 {00
1470 2507 1632 2568 ῃὲἷιέιαῗὲζ
1637 2507 1764 2568 1)ηὲἷὶΞῖ
1802 2506 1836 2528 ‘³‘
1853 2507 1881 2528 ¹¹¹
1902 2507 1919 2528 ⁶
2342 2518 2349 2526 ·

1344 2612 1434 2644 Teste
1448 2622 1480 2644 ut
1491 2613 1577 2653 supra.

1953 2688 2009 2717 Per
2020 2684 2105 2726 ipfim
2116 2689 2222 2726 Regem.

1306 2832 1356 2864 De
1380 2828 1556 2876 inquirendo
1577 2828 1670 2876 sitper
1696 2825 1915 2910 Ρνονῗοῇἰᾷκς
1938 2830 1976 2868 ὠ·
2005 2830 2189 2864 Armaturis
2213 2828 2259 2864 ad
2279 2832 2379 2865 Scotos

1806 2889 1821 2910 e
1852 2887 1903 2912 tus.

1307 2966 1365 3022 R
1373 2962 1398 2994 E
1406 2963 1437 2994 X
1453 2962 1632 2995 Vicecomiti
1645 2962 1798 2995 Cumbriae
1810 2963 1945 2996 Salutem.
2387 2963 2465 2996 Ann.
2479 2962 2522 2995 D.

1402 3002 1446 3033 Ex
1467 3003 1653 3034 insinuatione
1673 3003 1863 3042 plurimorum
1878 3003 1912 3034 ad
1932 3002 2063 3034 nostrum
2083 3002 2212 3043 pervenit
2226 3002 2371 3043 auditum,
2411 3003 2497 3043 1338.

1304 3041 1381 3110 {uod
1395 3042 1486 3080 plures
1497 3041 1657 3086 Homines,
1675 3042 1712 3087 de
1725 3041 1826 3073 Balliva
1841 3041 2098 3089 tuahArmaturaS,
2116 3039 2275 3081 Vistualia,
2290 3042 2373 3074 Ferra
2383 3045 2437 3070 An.
2455 3052 2498 3071 η.

1307 3090 1456 3150 Bssiiffi?
1461 3080 1792 3159 ἕυῗῃᾚίζεὲῗᾶῗῶῗὲ
1805 3080 2373 3162 ὶυῗῗῗθεὲοῧῗέεῗυὲῗὲεὲεἳὲἓὲἦέῗῗε
2385 3085 2467 3148 5202·

1306 3168 1339 3189 m
1351 3158 1385 3188 ad
1400 3165 1488 3196 partes
1503 3158 1626 3196 Scotiae,
1664 3167 1697 3188 ro
1711 3157 1908 3188 sustentatione
1973 3157 2183 3188 confortatione
2203 3158 2375 3198 Scotorum,
2388 3162 2420 3186 E·
2439 3167 2465 3196 3·

1308 3196 1493 3227 Inimicorum
1509 3197 1543 3227 δε
1557 3196 1647 3227 Rebel
1659 3197 1719 3226 ium
1741 3195 1905 3239 nostrorum
1918 3217 1928 3233 ,
1941 3195 2050 3239 ‚saepius
2068 3196 2208 3228 duxerunt
2220 3220 2231 3236 ,
2256 3197 2290 3228 δε
2304 3197 2373 3229 duci
2386 3207 2423 3225 m.
2437 3204 2483 3225 22.
2495 3193 2522 3223 A.

1307 3235 1453 3273 fecerunt,
1472 3235 1505 3265 &
1519 3234 1608 3265 indies
1621 3235 1747 3272 ducunt,
1765 3234 1799 3264 &
1810 3232 1879 3263 duci
1893 3233 2016 3273 faciunt,
2028 3235 2058 3265 in
2069 3233 2160 3265 nostri
2172 3243 2374 3274 contemptum

1307 3273 1549 3341 ffestdisoendium,
1564 3273 1598 3304 &
1613 3280 1712 3303 contra
1723 3271 1927 3303 Inhibitionem
1941 3272 2082 3313 nostram,
2100 3274 2180 3312 super
2200 3273 2259 3306 hoc
2272 3275 2376 3313 pluries

1319 3322 1334 3342 a
1367 3321 1427 3341 am:

1348 3349 1434 3389 Nos,
1448 3348 1608 3388 hujusmodi
1621 3347 1744 3380 Malitiae
1764 3349 1881 3380 obviare
1894 3372 1904 3389 ,
1926 3349 1961 3381 &
1981 3359 2036 3388 pro
2054 3349 2265 3389 Indempnitate
2278 3350 2375 3383 nostra

1309 3389 1389 3426 super
1401 3386 1545 3427 praemissis
1558 3387 1736 3419 Remedium
1748 3397 1923 3426 oportunum
1935 3389 2063 3420 volentes
2076 3398 2237 3430 apponere,
2251 3398 2284 3421 ut
2295 3398 2376 3421 tene-

1310 3427 1461 3495 ?‘ussiffbi
1474 3426 1830 3497 ifffilpssimudfff'ssffle‘
1842 3426 2238 3498 ³³953¹¹²⁶¹¹fi⁰¹¹b¹i32⁰sstbssmm
2252 3428 2286 3497 δέ
2299 3428 2378 3465 ¹⁶g²'

1311 3475 1516 3548 gumpqrogilgis
1528 3504 1567 3534 rei
1580 3475 2022 3549 vtgritasfnilielius[flizi’ritapoteltllt²,a
2039 3476 2196 3543 diiigenags
2201 3475 2378 3573 ῗῃφιιιίξὲἒέἑ

1312 3542 1870 3626 ἓέῗέἷὲζῗέἓιᾞᾝέιῗέξέῗτὲῗὲ
1875 3542 2378 3627 ξὲἔόὲῗὲὲᾏᾚῗὲῗώᾱὲᾙᾳέ

1314 3619 1441 3650 Immicis
1452 3619 1554 3650 nostris
1573 3619 1714 3651 duxerunt
1728 3643 1739 3659 ,
1761 3621 1808 3652 vel
1822 3620 1888 3652 duci
1907 3621 2037 3652 fecerunt
2052 3630 2060 3650 :
2084 3619 2130 3664 &⁸
2157 3629 2219 3658 uae,
2235 3619 2270 3651 δε
2286 3628 2380 3657 cujus-

1314 3658 1412 3697 modi,
1430 3658 1604 3696 Armaturae,
1622 3659 1762 3690 victualia
1775 3682 1785 3698 ,
1810 3660 1855 3691 seu
1875 3660 1927 3690 alia
1944 3658 2109 3690 Neceffliria
2151 3668 2168 3690 a
2181 3657 2316 3689 fuerunt:
2341 3658 2376 3690 &

1313 3698 1360 3727 cui
1375 3697 1420 3728 vel
1431 3697 1533 3736 quibus
1546 3696 1631 3728 dutita
1644 3699 1807 3729 exnterunt:
1824 3699 1858 3730 &
1871 3698 1986 3738 qualiter
1998 3698 2033 3729 &
2045 3695 2215 3741 quomodo,
2226 3734 2233 3740 ι
2321 3735 2327 3741 ι
2377 3738 2380 3741 ἱ

1349 3734 1386 3766 Et
1405 3744 1507 3767 ornnes
1524 3735 1586 3766 illos
1598 3760 1608 3774 ,
1632 3745 1702 3776 quos
1724 3736 1792 3767 inde
1808 3737 1931 3776 judicari
1943 3743 2093 3779 contigerit
2107 3757 2119 3773 ,
2141 3743 2176 3778 ac
2195 3741 2280 3778 etiam
2293 3734 2380 3774 ahos,

1315 3783 1387 3811 quos
1398 3774 1538 3814 praetniffii
1548 3775 1686 3806 inveneris
1697 3775 1846 3814 facientes,
1863 3776 2038 3812 ubicumque
2056 3780 2167 3804 inventi
2175 3771 2297 3810 fuerint,
2315 3778 2378 3804 are*-

1315 3813 1384 3850 stes,
1400 3813 1434 3843 &
1453 3814 1544 3851 capias
1556 3835 1567 3851 ,
1590 3814 1625 3846 ὅτ.
1638 3814 1668 3844 in
1683 3813 1799 3845 Prisona
1812 3812 1908 3845 nostra
1923 3812 1999 3844 salvo
2012 3810 2146 3843 custodiri
2161 3809 2261 3850 fiieias,
2279 3811 2375 3844 donec

1323 3851 1397 3881 aliud
1411 3851 1477 3881 inde
1491 3852 1722 3892 praeceperimus:

1353 3888 1485 3921 Necnon
1496 3890 1535 3921 ad
1547 3889 1661 3929 Equos,
1676 3890 1769 3922 Boves
1816 3889 1924 3922 Currus
1937 3911 1948 3927 ‚
1973 3889 2009 3920 &
2030 3885 2164 3918 CareQas
2198 3886 2316 3932 Naves,
2333 3888 2381 3920 vel

1317 3926 1456 3972 Batellos,
1472 3938 1543 3968 quos
1556 3928 1714 3967 huiusmodi
1728 3912 1868 3973 Vidlualia
1882 3951 1893 3967 ,
1918 3935 1965 3973 aut
1977 3926 2040 3957 alias
2053 3935 2097 3956 res
2111 3947 2122 3964 ,
2141 3908 2180 3956 ad
2190 3924 2278 3972 dietas
2292 3935 2384 3972 part&

1318 3965 1577 4000 scotiae-inveneris
1595 3967 1748 4007 ducentes,
1766 3968 1801 3999 &
1816 3975 1900 3998 etiam
1919 3964 1975 4006 ipsa
1989 3986 2001 4003 ‚
2024 3962 2187 3996 Armaturas
2198 3986 2209 4004 ,
2230 3964 2388 4036 Vistuahg}
