2562 4279
0 206 11 222 l.
24 190 69 225 D.

0 2524 76 2584 3²58:

0 2616 96 2669 ιιι-[218.

17 2695 59 2738 ιὲ.
68 2711 94 2738 d.

85 115 167 156 124.

28 290 47 337 J
89 293 118 320 ἢ*
137 296 186 329 De
206 293 401 335 ΡνοιιτἹὶοηε,
423 303 476 337 pro
496 292 630 338 Aymone
648 290 725 334 (qui
737 287 833 335 postea
849 290 951 322 Comes
969 284 1148 329 Sabaudiae)

403 337 607 374 Praebendario
632 335 669 369 de
696 336 853 383 Strenshll.

12 448 54 476 13·
93 434 181 496 RE
192 435 223 466 X
241 435 374 465 omnibus
394 433 504 464 Ballivis
520 433 552 462 δε
566 431 693 462 fidelibus
705 432 772 470 suis,
787 431 822 461 ad
834 441 922 470 quos,
940 431 1000 462 ὅτε.
1017 430 1152 462 Salutem.

542 84 1349 139 CONVENTIONES,

1405 84 1798 133 LITERAE,

1189 171 1309 209 praefatis
1329 171 1454 202 Nunciis
1476 170 1573 214 vestris
1591 171 1713 202 fecimus
1730 169 1858 214 ostendi,
1876 169 1911 200 &
1930 180 2027 202 earum
2043 167 2169 213 Copiam
2203 184 2255 207 ve-
2267 170 2345 205 Ann.
2359 171 2402 205 D.

1191 210 1256 241 strae
1272 209 1496 250 Magnificentiae
1509 209 1717 253 iiilinuandam,
1734 209 1864 247 liberari,
2177 199 2187 216 ²
2296 222 2380 252 1325.

1231 248 1352 279 Nostrae
1365 249 1593 280 considerationis
1606 249 1743 279 intuitum
1755 256 1968 286 convertentes,
2271 256 2339 281 Eav.
2358 263 2385 281 2.

1232 287 1278 318 Ad
1298 287 1493 318 Traetandum
1514 288 1644 324 ulterius,
1658 287 1738 326 super
1751 286 1912 325 praemiffis,
1931 287 2084 326 praediCtos
2097 288 2191 324 fideles
2202 302 2257 326 noa.

1194 324 1283 365 stros,
1301 326 1438 363 adiunffis
1461 326 1510 356 sibi
1543 325 1652 356 dilectis
1673 326 1708 357 &
1727 324 1853 356 fidelibus
1865 324 1983 362 nostris,
1999 325 2126 364 Johanni
2141 330 2178 361 de
2189 332 2258 364 Sto-

1194 348 1831 441 ¹122}ssanustici²r³ist53¹iffiilssssnii3⁰ssffifflssi
1833 363 2037 433 effidassssifffissn
2043 365 2209 439 'wssfimiff
2222 371 2258 440 ἐξ

1192 440 1268 479 Juris
1288 427 1388 475 Ci'vilis
1436 442 1586 481 rofessbre,
1609 442 1687 481 super
1706 443 1779 472 votis
1791 425 1906 479 nostris,
1924 442 1955 471 in
1975 441 2028 472 hac
2041 416 2262 484 parteffiilgnifis

205 474 282 512 Qia
296 483 329 503 ex
343 472 528 502 Testimonio
541 471 704 508 nccepimus
719 470 774 500 fide
788 469 891 508 digno,
907 470 988 510 qud
1005 470 1102 510 Aymo
1116 469 1153 499 de
1196 479 1366 511 informatos
1381 504 1390 519 ,
1414 482 1451 512 ad
1473 491 1524 512 vos
1545 481 1579 513 ὃς
1593 480 1762 512 Concilium
1782 479 1906 511 vestrum
1926 479 2055 511 duximus
2073 485 2261 518 transmitten-

0 509 48 552 “18
95 512 245 550 Sabaudia,
264 513 357 543 Frater
377 510 499 541 Comitis
518 509 680 552 sabaudiae,
695 506 908 539 Praebendarius
930 508 1098 539 Praebendae
1119 507 1156 538 de

53 547 58 553 '
95 551 272 589 Straneffale,
298 552 327 580 in
350 548 475 579 Ecclesia
496 549 570 579 beati
594 547 668 577 Petri
690 546 839 587 Eborum,
864 547 902 579 de
923 547 1086 585 Dominio,
1109 545 1156 577 vel

92 588 251 628 Potestate,
270 588 316 619 Rc
338 589 358 618 is
370 588 499 618 Franciae
516 597 575 617 non
590 585 700 629 existit,

132 627 269 665 Cepimus
283 629 311 664 ip
322 636 372 656 um
389 627 571 663 Aymonem,
589 624 751 661 Homines,
768 622 886 662 Terras,
904 623 982 661 Res,
1000 623 1156 661 Redditus,

93 666 127 697 δε
147 676 247 696 omnes
265 664 452 696 Poss'effiones
471 664 546 702 suas,
564 665 593 693 in
612 662 826 694 Prote-&ionem
838 664 872 694 &
885 662 1089 693 Defensionem
1102 671 1157 692 no-

92 705 178 736 stram
194 715 200 734 ι

132 743 169 773 Et
191 742 256 773 ideo
279 743 360 773 vobis
383 741 555 772 Mandamus
575 739 655 779 quod
676 739 766 779 ipsum
790 740 971 779 Aymonem,
995 737 1157 777 Homines,

93 781 215 827 TerraS,
233 782 293 812 &c.
311 781 344 812 &
360 780 527 818 defendatis,
543 779 618 809 Non
633 777 796 817 inferentes,
813 777 873 814 &a
908 777 945 809 Et
961 778 980 808 fi
994 777 1079 816 quid,
1094 776 1156 813 (ἶφι.

93 820 122 852 ld
134 817 284 889 Ifflsdliidgiiis
296 858 372 888 enim
387 856 467 895 quod
481 856 555 887 idem
573 855 684 895 Aymo,

131 897 274 929 Praetextu
294 897 407 933 alicujus
428 895 641 933 Ordinationis,
659 904 707 931 per
727 903 778 923 nos
791 893 890 930 fasne,
907 893 952 923 seu
967 892 1090 923 mandati
1106 903 1160 923 no-

96 936 162 974 stri,
176 936 309 975 aliquibus
324 934 442 972 direffi,
459 934 494 964 de
508 933 687 971 Corporibus
700 932 832 962 omnium
847 931 1027 963 Gallicorum
1042 931 1075 961 &
1089 931 1160 961 alio-

96 985 178 1012 rum,
196 974 233 1004 de
254 973 398 1004 Dominio
422 974 454 1004 &
477 971 618 1002 Potestate
635 971 704 1002 dicti
725 970 827 1010 Regis,
845 970 890 1001 seu
909 971 944 1001 de
966 969 1111 1001 Affinitate
1124 971 1158 1001 &

97 1012 356 1044 Confoederatione
373 1010 419 1041 sua
432 1034 442 1049 ,
467 1011 646 1041 existentium
661 1033 671 1049 ,
696 1011 751 1040 una
772 1018 840 1039 cum
863 1009 960 1040 Terris
975 1032 984 1049 ,
1001 1008 1085 1039 Bonis
1097 1031 1107 1047 ,
1124 1010 1159 1040 ὃς

99 1052 215 1083 Catallis
229 1051 281 1081 suis
289 1074 298 1088 ,
315 1050 539 1089 quibuscumque
547 1073 557 1087 ,
575 1047 725 1079 arestandis
732 1073 741 1086 ,

137 1091 171 1121 In
192 1089 332 1127 Persona,
351 1089 449 1127 Bonis,
463 1088 507 1119 seu
527 1087 745 1118 Possess‘ionibus
766 1086 819 1117 suis
831 1085 994 1118 molestetur
1008 1087 1037 1118 in
1049 1086 1161 1127 aliquo,

101 1131 298 1205 ἷωΙΞῐὲζῗιῐιὲῗ
312 1166 374 1197 δίε.
389 1176 437 1204 per
450 1175 539 1196 unum
554 1174 662 1196 annum
676 1164 824 1195 duraturas.

175 1206 266 1238 Teste
281 1205 363 1245 Rege
378 1204 451 1244 apud
466 1204 655 1243 Ranensdale,
673 1203 779 1234 octavo
792 1202 838 1233 die
846 1201 979 1241 januarii.

391 1284 446 1312 Per
459 1281 642 1322 nstimonium
663 1280 706 1309 W
704 1278 809 1309 illielrni
819 1278 851 1308 de
865 1277 1004 1318 Cusbntia.

105 1359 324 1423 consimiles
344 1359 432 1389 literas
453 1358 541 1402 Regis
560 1358 596 1388 de
611 1355 795 1387 Protefflone
810 1355 910 1386 habeat
923 1355 1055 1400 Thomas
1068 1355 1105 1387 de
1117 1355 1167 1404 Sa:

184 1399 299 1436 baudia,
317 1397 524 1428 Praebendarius
545 1395 711 1426 Praebendae
733 1394 769 1424 de
789 1394 968 1434 Novewyk,
991 1405 1020 1425 m
1041 1394 1168 1426 Ecclesia

104 1437 203 1468 Sancti
225 1437 364 1468 winfridi
383 1436 420 1466 de
440 1435 558 1475 Ripon,
576 1435 625 1474 qui
646 1434 683 1464 de
703 1432 848 1464 Dominio
869 1434 915 1465 vel
934 1432 1078 1465 Potestate
1097 1433 1165 1465 dieti

92 1474 198 1513 'Regis
209 1485 269 1506 non
280 1475 380 1506 existit.

141 1514 296 1546 Duraturas
312 1522 342 1544 ut
361 1513 447 1552 supra.

178 1552 268 1585 Teste
280 1560 310 1582 ut
323 1552 410 1591 supra.

531 1590 584 1620 Per
600 1586 785 1628 Testimonium
799 1586 865 1617 dieti
880 1585 1032 1618 Willielmi.

109 1667 176 1730 G
185 1666 307 1698 Alfridus
331 1667 357 1698 le
374 1664 445 1697 Cok
466 1664 503 1696 de
516 1665 642 1696 London
656 1664 743 1695 habet
755 1664 844 1694 literas
857 1663 948 1701 Regis
961 1663 997 1695 de
1010 1663 1172 1696 Protestio-

195 1715 231 1737 ne
250 1714 320 1738 cum
341 1704 486 1744 Clausula,
510 1704 659 1736 Nolumus
672 1725 682 1742 ,
702 1703 764 1734 &c.
782 1712 832 1744 per
851 1712 942 1733 unum
965 1713 1073 1735 annum
1092 1703 1174 1735 dura·-

108 1753 191 1776 (uras.

162 1821 332 1853 Consimiles
355 1820 444 1851 literas
464 1818 552 1858 Regis
571 1816 809 1887 ἀέἕὲἓξεᾶἰοηε
829 1817 934 1850 habent
955 1818 1118 1860 subscripti,

567 1867 595 1888 Vi
642 1867 650 1886 i
702 1878 712 1895 ,

145 1938 243 1967 Adam
266 1936 298 1965 de
312 1938 418 1972 Bran,
437 1936 561 1963 Vicarius
577 1932 698 1971 Ecclefiae
712 1932 745 1962 de
755 1932 889 1973 Benflete.

146 1974 276 2014 Prioriffa
291 1975 399 2003 Sandae
413 1972 509 2002 Elenae
521 1971 600 2011 infra
615 1970 793 2010 Bg'lhopsjgate.

142 2012 270 2053 Priortffiz
286 2011 374 2042 heatae
390 2014 496 2041 Mariae
510 2011 542 2041 de
556 2008 746 2040 clerken-well.

143 2090 246 2122 Abhas
261 2089 292 2119 de
311 2089 440 2119 Wrdon.

147 2127 257 2159 Nichol.
276 2127 412 2167 Sperlyng.

143 2168 274 2198 Ricardus
289 2166 321 2196 de
336 2169 444 2196 Barton
460 2163 578 2205 Perfima
594 2162 715 2206 Ecclefiae
733 2165 764 2194 de
780 2167 889 2195 Sutton.

147 2244 281 2283 Magister
298 2243 430 2274 Robertus
443 2243 475 2273 de
491 2241 599 2273 Baldok
613 2241 727 2281 Junior.

265 2385 324 2420 Ad
348 2389 456 2433 Regem
475 2384 600 2428 castella
613 2384 706 2432 fhper
722 2383 843 2418 Foedere
858 2384 1020 2430 conjugali.

87 2501 93 2507 ,
113 2470 331 2536 SErenissimo
351 2470 478 2510 Principi
491 2493 500 2507 ,
517 2469 574 2500 Dei
594 2469 698 2508 gratia,
714 2468 862 2507 Castellae,
889 2468 1026 2508 Legionis
1056 2469 1174 2509 Toleti‚

173 2512 234 2542 &c.
251 2510 327 2550 Regi
344 2509 462 2547 Illustri,
477 2519 510 2539 ac
528 2508 640 2538 Comiti
656 2506 761 2538 Moliri.
787 2507 920 2538 Domino
955 2492 1174 2548 Confinguineo

114 2551 164 2583 suo
178 2548 320 2581 carlffimo
335 2572 344 2586 ,
366 2547 522 2579 Edwardus
536 2569 545 2584 ,
567 2546 666 2577 eadem
688 2546 791 2586 gratia,
809 2547 869 2578 &c.
888 2530 1030 2586 Saiutem,
1048 2547 1082 2579 &
1101 2547 1175 2579 Suc-

111 2589 219 2627 cessus,
237 2588 344 2625 semper
364 2585 396 2617 ad
413 2594 480 2617 vota
490 2609 499 2624 ,
515 2585 659 2625 prosperos
676 2586 709 2616 &
724 2585 825 2615 felices.

149 2628 269 2668 Qanto
288 2625 469 2663 Benignitatis
489 2623 593 2655 affefhi
616 2623 780 2661 ducimini,
804 2632 836 2654 ut
853 2623 969 2655 Domus
989 2623 1081 2655 vestra
1099 2625 1174 2663 regia

112 2667 224 2698 Domui
253 2666 356 2696 nostrae
371 2687 381 2703 ,
412 2673 461 2703 per
484 2664 559 2693 viam
581 2662 797 2701 propinquitatis
815 2662 1015 2693 contrahendae
1028 2685 1038 2701 ,
1070 2663 1174 2694 interni

111 2707 214 2737 amoris
234 2704 356 2735 Foedere
375 2703 581 2741 conjungatur,
598 2701 633 2732 ad
654 2701 738 2739 Nos,
756 2709 845 2739 nuper
864 2701 899 2731 de
914 2699 1113 2738 Magnitudine
1125 2711 1174 2733 ve-

111 2744 166 2775 stra
187 2743 334 2774 redeuntes
347 2765 356 2780 ‚
380 2741 476 2773 dilecti
496 2741 530 2771 &
554 2739 647 2771 fideles
668 2739 773 2777 nostri,
800 2739 938 2770 Arnaldus
959 2739 1116 2770 Guillielmi
1137 2740 1174 2771 de

111 2782 218 2819 Berne,
238 2781 382 2811 Dominus
403 2780 439 2810 de
462 2779 573 2810 Lescun
588 2802 597 2817 ,
615 2780 648 2810 &
668 2778 805 2817 Magister
827 2777 925 2808 Petrus
947 2777 982 2807 de
1004 2777 1173 2817 Galiciano,

112 2821 312 2852 Thesaurarius
324 2818 418 2849 noster
435 2817 550 2853 Agenni
562 2818 614 2853 (ad
626 2817 804 2848 traditandum
813 2839 822 2854 ,
839 2816 917 2856 super
928 2815 1049 2847 Foedere
1061 2816 1172 2854 Conju-

113 2860 186 2899 gali,
202 2860 272 2889 inter
288 2867 358 2895 vos,
375 2858 409 2888 &
433 2856 613 2894 Alianoram,
632 2857 800 2887 Antenatiim
814 2855 912 2885 Filiam
928 2853 1055 2885 nostram
1071 2855 1175 2886 cariffi-

114 2907 192 2929 mam
201 2921 210 2935 ,
227 2896 409 2927 Excellentiae
423 2894 523 2924 vestrae
538 2895 552 2924 a
567 2896 649 2924 nobis
660 2893 752 2930 miffi)
772 2893 826 2924 fida
840 2894 971 2924 relatione
985 2894 1152 2925 intimarunt
1166 2905 1173 2925 :

114 2936 161 2967 Ac
174 2934 379 2974 postmodum,
397 2933 561 2963 accedentes
574 2932 607 2963 ad
621 2943 689 2971 nos,
706 2932 876 2963 venerabiles
890 2932 960 2969 viri,
979 2932 1104 2963 Andreas
1118 2933 1174 2964 Pe-

113 2977 166 3013 tri,
186 2975 219 3006 &
239 2973 338 3003 Petrus
355 2972 493 3012 Johannis
508 2994 518 3009 ,
539 2970 753 3001 Ambaffiatores
772 2970 874 3009 vestri,
896 2979 966 3001 curn
987 2971 1081 3001 vestris
1101 2971 1173 3003 Cre-

113 3012 218 3044 dentiae
238 3011 354 3049 Literis,
369 3012 447 3050 juxta
468 3009 668 3048 Credentiam,
687 3009 737 3039 fibi
757 3018 806 3047 per
824 3019 877 3039 vos
889 3010 1000 3047 datam,
1019 3010 1175 3041 intimatio-

114 3061 182 3082 nem
204 3050 368 3089 praedictam
391 3049 443 3079 suis
462 3048 654 3078 assertionibus
669 3046 882 3086 confirmantes,
897 3048 1032 3079 ulterioris
1046 3048 1174 3081 desiderii

114 3090 199 3120 vestri
220 3089 416 3126 Propositum,
451 3086 549 3117 rovida
569 3087 602 3117 &
623 3085 826 3122 circumspecta
846 3086 1049 3125 Insinuatione,
1068 3096 1174 3126 propo-

115 3129 235 3166 nebant,
250 3126 397 3157 coniimile
441 3125 584 3162 inculum,
602 3125 673 3154 inter
689 3123 723 3153 E.
739 3123 965 3163 Primogenitum
980 3124 1111 3155 nostrum
1128 3136 1174 3157 ca-

118 3166 272 3203 riffimum,
290 3166 323 3195 &
343 3165 469 3195 inclitam
490 3162 661 3194 Infantissam
681 3162 862 3201 Alianoram‚
880 3163 1015 3194 Sororem
1036 3163 1175 3205 vestram,

118 3204 247 3236 contrahi
264 3213 315 3233 vos
330 3204 403 3233 votis
415 3203 551 3232 omnibus
562 3200 700 3232 affedhare.

154 3242 294 3281 *Quibus
307 3241 391 3271 literis
404 3242 437 3271 &
453 3239 607 3271 Credentia
619 3239 766 3277 diligenter
778 3238 893 3275 auditis,
910 3239 944 3268 ὅ(
957 3238 1083 3270 laetanter
1096 3240 1178 3271 intel-

114 3281 213 3319 leffls,
227 3282 336 3319 quanto
350 3279 494 3317 possumus
507 3288 543 3309 eo
555 3278 693 3317 ampliore
704 3277 879 3314 jocunditate
891 3275 1034 3315 laetamur,
1054 3281 1114 3316 quo
1128 3289 1178 3310 ve-

118 3321 177 3352 stro
196 3319 296 3350 indolis
309 3318 498 3355 teneritatem,
515 3318 630 3355 optimis
643 3316 791 3346 Virtutum
805 3314 903 3352 donis,
919 3314 1057 3352 bonisque
1070 3325 1179 3348 natura—

117 3360 189 3390 libus
207 3359 242 3390 &
279 3358 398 3393 ratuitis,
417 3355 622 3385 habundantius
643 3353 787 3384 illustravit
802 3352 981 3383 Providentia
996 3353 1180 3393 Conditoris·²

121 3404 205 3435 prout
222 3398 250 3426 in
273 3398 289 3426 e
312 3395 413 3432 Fama,
432 3394 518 3432 longe
533 3392 644 3431 lateque
659 3391 774 3430 diffusa,
792 3392 968 3430 percrebuit,
988 3392 1021 3422 &
1034 3394 1092 3430 jam
1105 3395 1135 3424 in
1146 3393 1180 3424 fi-

121 3444 171 3467 nes
182 3434 271 3465 Orbis
283 3434 384 3465 Terrae
399 3433 535 3463 dilatatur.

158 3472 271 3511 Itaque,
291 3472 490 3503 sciscitantibus
509 3470 592 3500 nobis
614 3471 629 3499 a
651 3468 808 3507 supradietis
827 3469 892 3498 viris
912 3467 1081 3507 clarissimis,
1107 3467 1181 3499 Am-

119 3510 312 3542 baffiatoribus
330 3510 445 3547 vestris,
460 3509 480 3539 si
497 3518 584 3548 quam
598 3507 771 3538 Potestatem
785 3507 919 3538 haberent
933 3506 967 3536 ad
982 3506 1180 3538 Tractandum

122 3549 254 3586 ulterius,
270 3549 349 3588 super
369 3548 459 3578 modo
474 3549 509 3580 &
521 3546 633 3585 forma,
650 3548 684 3578 &
703 3547 810 3576 caeteris
822 3544 1059 3582 Conditionibus,
1080 3547 1182 3583 quibus

125 3587 296 3618 Contractus
322 3585 480 3624 hujusmodi
502 3585 599 3626 perfici
620 3585 771 3623 potuiffent
787 3607 798 3623 ,
827 3582 1002 3615 Potestatem
1022 3584 1183 3615 ulteriorem

127 3626 282 3692 niiInIirnese
296 3625 397 3656 habere
411 3625 618 3665 responderunt.

196 3673 228 3692 os
275 3672 327 3693 itur

164 3673 346 3731 Adveffi’ente}
359 3702 387 3731 in
402 3701 508 3740 FaCto,
525 3702 583 3732 tarn
596 3700 684 3731 arduo
697 3700 731 3731 &
745 3698 900 3737 solempni,
915 3697 1097 3736 consensum,
1113 3707 1182 3729 cum

125 3737 300 3776 plenitudine
318 3739 466 3770 Potestatis
499 3739 534 3770 ad
554 3738 691 3769 effeetum
713 3739 750 3767 rei
772 3738 949 3776 praelocutae,
967 3736 1120 3767 necessario
1141 3747 1184 3766 re-

127 3774 318 3818 quirendum:
353 3763 546 3817 intuentgsque
567 3777 709 3808 materiam
733 3776 863 3813 virtutis,
889 3785 974 3814 quarn
992 3775 1073 3806 vobis
1092 3775 1184 3806 intulit

129 3820 216 3853 gratia
233 3814 314 3850 gratis
332 3813 417 3853 data,
438 3825 553 3846 necnon
572 3816 607 3846 ad
626 3813 894 3844 Confoederationes
906 3837 916 3852 ,
940 3813 986 3844 seu
1009 3813 1185 3851 Alligantias,

130 3852 167 3882 ab
183 3850 410 3882 Antecessoribus
423 3853 520 3883 vestris
534 3854 567 3884 &
581 3853 813 3892 Progenitoribus
827 3851 926 3883 nostris
940 3852 1018 3889 prius
1031 3851 1132 3890 sanitas,

171 3887 251 3926 Qias
266 3910 276 3926 ,
302 3897 336 3918 ex
357 3889 527 3926 inspectione
545 3891 687 3921 literarum
707 3890 926 3928 Progenitorum
945 3889 1102 3920 vestrorum
1119 3912 1129 3927 ,
1155 3890 1186 3919 in

132 3926 263 3958 Archivis
285 3925 384 3955 nostris
399 3949 409 3963 ,
430 3928 613 3967 invenimus,
639 3930 707 3959 illius
727 3927 879 3966 praesertim
901 3938 966 3965 quae
985 3928 1039 3957 fuit
1060 3927 1187 3966 Alfonsi,

128 3964 236 4011 ljroavi
251 3963 351 4002 vestri,
367 3963 401 3994 ad
413 3965 531 3996 modurn
547 3965 652 4006 Bullae,
671 3967 752 3998 Auro
764 3965 912 4004 puriffimo
926 3966 1102 4005 consignata,
1122 3975 1188 4005 quas

1198 517 1250 548 dos
1267 530 1278 555 ς

1235 556 1298 595 Ut,
1316 556 1396 596 super
1416 558 1573 597 praemiffis,
1592 558 1728 596 traEtent,
1746 557 1779 588 &
1797 555 1943 595 perficiant
1963 559 2059 597 quod,
2073 560 2145 597 iuxta
2157 562 2265 596 nostrae

1200 597 1303 626 mentis
1318 597 1525 641 intentionem,
1545 598 1578 628 &
1591 597 1712 628 vestram
1724 597 1759 627 &
1772 595 1900 626 Concilii
1914 595 1999 627 vestri
2012 597 2265 643 deliberationem,

1201 633 1320 665 Divinae
1335 633 1521 672 Dispofitiom
1534 635 1669 675 placitum
1682 635 1766 666 fuerit
1776 636 1810 666 &
1824 642 1993 669 acceptum:

1239 671 1273 703 In
1295 673 1398 711 quibus
1413 674 1549 703 omnibus
1560 674 1594 705 &
1606 674 1734 714 singulis,
1750 672 1862 704 dicium
1878 672 2050 706 Tractatum
2061 679 2264 710 concernenti-

1202 709 1271 750 bus,
1287 711 1424 750 praefatis,
1437 710 1580 750 Johanni,
1597 711 1740 752 Arnaldo,
1754 711 1896 750 Johanni,
1914 713 1948 744 &
1968 712 2071 753 Petro,
2088 715 2210 756 Tribus,
2227 719 2264 750 ὃς

1201 747 1467 818 Βιυοὺυεῆἓοῑυω,
1484 759 1533 790 per
1553 760 1605 781 vos
1618 751 1652 782 &
1668 750 1836 782 Concilium
1849 750 1991 791 vestrum,
2008 753 2134 784 adhiberi
2147 757 2268 793 petimus

1201 797 1221 825 p
1231 797 1315 818 enam
1369 797 1427 818 em.

1239 825 1308 857 Dat.
1322 826 1395 866 apud
1407 825 1531 867 Langele
1539 850 1549 866 ,
1566 826 1683 859 decimo
1695 827 1803 859 ottavo
1815 828 1862 859 die
1870 828 2005 867 Januarii.

1202 949 1262 984 Ad
1284 953 1427 985 Tutorem
1455 944 1548 1000 Regis'
1569 950 1696 995 Castellae
1711 979 1722 995 ,
1741 953 1834 999 fhper
1863 956 2071 989 Matrimonio
2086 983 2098 1001 ,
2125 960 2162 997 ὠ·
2181 956 2271 1006 fiper
2328 962 2331 965 “

1533 1001 1666 1035 Auxilio
1687 1001 1834 1035 Militari
1848 1000 1956 1038 oblato.

1277 1084 1364 1130 EX,
1382 1085 1487 1117 Nobili
1509 1085 1583 1117 Viro
1602 1085 1749 1130 Domino
1764 1086 1910 1127 Johanni,
1934 1088 2020 1121 bonae
2035 1094 2190 1125 mumoriae
2224 1094 2273 1125 In-
2290 1087 2366 1119 Ann—
2380 1089 2423 1123 D,

1287 1125 1348 1156 cliti
1367 1125 1500 1164 Infantis,
1515 1124 1640 1156 Domini
1654 1125 1811 1165 Johannis,
1827 1125 1918 1165 Filio,
1936 1127 2043 1159 Tutoti
2061 1130 2171 1162 illustris
2184 1117 2272 1173 Regis
2321 1137 2404 1169 1325.

1206 1163 1338 1195 Castellae
1354 1188 1364 1203 ,
1384 1165 1418 1208 βε
1439 1163 1612 1204 Regnorum
1630 1164 1747 1195 suorum
1769 1163 1890 1196 Custodi
1902 1188 1912 1203 ,
1931 1167 2044 1205 ejusque
2064 1167 2215 1202 Vexillario
2238 1175 2272 1204 &
2290 1171 2343 1196 An.
2362 1170 2403 1198 ¹8-

1205 1202 1363 1273 {ffiepofflo
1381 1213 1412 1233 in
1436 1202 1591 1234 Froncario
1604 1226 1615 1242 ,
1655 1203 1779 1235 Salutem
1791 1225 1801 1243 ,
1837 1203 1872 1236 &
1890 1204 2004 1236 fincerae
2025 1205 2182 1240 dileetionis
2203 1210 2273 1242 affe-
2292 1211 2323 1234 Ε.
2343 1217 2369 1236 2.

1260 1251 1300 1271 m.
2291 1246 2357 1275 Clau
2373 1246 2426 1276 .18.

1247 1280 1349 1311 Gratas
1370 1279 1544 1311 Diled’tionis
1562 1279 1663 1311 vestrae
1684 1280 1808 1319 Literas,
1822 1291 1888 1321 per,
1907 1281 2027 1314 dilestos
2051 1284 2086 1316 &
2107 1281 2202 1316 fideles
2222 1297 2276 1319 no-
2293 1288 2324 1313 Ε·
2346 1247 2377 1312 2s·

1211 1317 1299 1357 stros,
1322 1318 1480 1349 Arnaldum
1499 1317 1659 1352 Guillielmi
1678 1319 1715 1350 de
1736 1319 1826 1351 Beme
1848 1319 2017 1352 Dominum
2035 1321 2071 1353 de
2094 1321 2225 1364 Lescun,
2242 1328 2276 1357 δε
2296 1333 2332 1353 m.
2345 1333 2387 1352 ιι-
2400 1323 2425 1353 d·

1211 1356 1387 1401 Magistrum
1407 1355 1526 1388 Petrum
1543 1357 1580 1389 de
1603 1356 1764 1396 Galiciano,
1789 1369 1879 1397 nuper
1893 1359 2011 1400 delatas,
2026 1360 2093 1393 laeto
2107 1361 2188 1394 vultu
2200 1373 2278 1396 rece-

1232 1405 1313 1426 imus.

1210 1405 1230 1434 p
1250 1435 1366 1474 Qubus
1385 1444 1482 1465 coram
1503 1434 1586 1465 nobis
1607 1434 1727 1466 reseratis
1739 1458 1749 1473 ,
1765 1435 1843 1467 leeris
1854 1459 1866 1476 ,
1883 1437 1918 1469 &
1938 1437 2045 1478 plenius
2065 1438 2279 1480 intelleffls,ex

1209 1472 1330 1511 ipsarum
1347 1481 1462 1517 tenore,
1478 1473 1630 1505 manifesto
1648 1473 1840 1514 cognovimus
1858 1475 1960 1507 vestrae
1981 1476 2153 1516 gratitudinis
2170 1479 2280 1512 habun-

1212 1513 1335 1543 dantiam
1352 1513 1563 1551 praecipitatam.

1253 1550 1340 1581 Dum
1358 1551 1437 1581 enim
1449 1573 1459 1589 ,
1485 1551 1513 1581 in
1534 1550 1683 1591 dirigendo
1703 1551 1837 1592 Negotio
1877 1552 1956 1591 super
1975 1552 2168 1587 Matrimonio
2190 1556 2263 1588 inter

1216 1588 1409 1634 Magnificum
1427 1588 1593 1628 Principem
1632 1589 1817 1634 ¹Dominum
1839 1576 1873 1623 ἐξ
1895 1591 2051 1630 Nepotem
2073 1595 2201 1626 vestrum
2215 1618 2225 1634 ,
2247 1580 2282 1626 6}

1215 1627 1396 1666 Alienoram,
1416 1627 1588 1673 Antenatam
1605 1612 1707 1659 Filiam
1721 1629 1850 1661 nostram
1864 1630 2051 1671 carissimam,
2069 1632 2285 1674 contrahendo,

1217 1666 1649 1750 Psiepfflrsasbesszffi
1663 1676 1939 1746 sinens-tibus,
1956 1708 2007 1747 a,
2026 1708 2064 1740 de
2083 1708 2229 1742 paam
2249 1711 2285 1742 a

1217 1743 1379 1782 Scutiferis,
1402 1743 1516 1775 Decem
1535 1729 1687 1788 Millibus,
1706 1752 1806 1776 contra
1827 1745 2027 1790 quoscunque,
2051 1756 2153 1780 contra
2172 1757 2226 1781 nos
2245 1749 2284 1781 de

1216 1782 1332 1813 Guerra
1343 1783 1466 1813 levantes
1476 1782 1629 1818 (Domino
1641 1782 1736 1813 vestro
1749 1783 1889 1821 praedisto
1901 1783 2043 1816 dumtaxat
2055 1788 2193 1825 excepto)
2210 1797 2284 1826 prae-

1216 1820 1312 1852 habita
1330 1819 1535 1851 certificatione
1557 1820 1652 1851 nostra
1672 1821 1708 1852 de
1729 1821 1815 1853 Loco
1835 1823 1869 1854 &
1882 1823 2030 1862 Tempore
2043 1823 2173 1857 Eventus
2188 1825 2284 1865 hujus-

1217 1859 1315 1898 modi,
1333 1868 1382 1897 per
1397 1858 1519 1890 Annum
1532 1860 1566 1890 &
1579 1859 1715 1899 amplius,
1734 1870 1819 1898 prout
1833 1861 1917 1892 nobis
1932 1863 2073 1894 videbitur
2083 1863 2231 1903 expedire,
2247 1865 2282 1896 δε

1217 1898 1254 1929 de
1267 1897 1358 1929 modo
1370 1897 1467 1929 vestro
1479 1898 1609 1929 veniendi
1621 1897 1668 1928 dis
1700 1899 1848 1938 uentibus,
1864 1902 2029 1941 promittitis
2043 1903 2103 1933 tam
2117 1901 2266 1941 decenter;

1255 1936 1408 1982 Nimirum
1423 1935 1646 1981 propinquitatis
1661 1908 1790 1982 ἳῖοοεᾴυε,
1814 1939 1901 1982 quam
1922 1939 2062 1980 naturale,
2076 1949 2213 1980 gratanter
2234 1951 2282 1972 ex-

1219 1975 1326 2006 solvitis
1346 1976 1380 2007 &
1394 1975 1532 2020 impletis,
1549 1975 1642 2015 unde,
1653 1986 1719 2020 *non
1732 1978 1884 2016 inmerito,
1902 1986 1936 2008 ex
1948 1979 2052 2009 intimo
2067 1978 2160 2010 cordis
2175 1979 2282 2018 nostri,

1220 2013 1324 2046 Grates
1337 2014 1421 2046 vobis
1430 2016 1575 2045 referimus
1585 2014 1733 2052 speciales:

1256 2052 1423 2093 Rogantes,
1440 2053 1475 2083 &
1495 2051 1654 2083 affectuose
1674 2054 1843 2093 requirentes
1863 2053 2010 2092 quatinus,
2025 2055 2055 2085 in
2066 2054 2223 2086 direftione
2235 2066 2286 2087 ne—

1216 2091 1305 2131 gotii,
1320 2091 1400 2131 super
1419 2090 1501 2122 dieto
1522 2089 1725 2122 Matrimonio-
1748 2102 1781 2122 ac
1801 2094 1885 2123 etiarn
1896 2091 1975 2132 super
1987 2093 2119 2132 injuriosa
2131 2093 2287 2126 Turbatio-

1218 2140 1271 2168 ne,
1286 2138 1372 2170 quam
1392 2130 1475 2160 nobis
1496 2130 1590 2161 intulit
1610 2128 1678 2160 Rex
1699 2116 1825 2162 F’ranciae
1845 2131 1876 2161 in
1888 2130 1997 2163 Ducati
2008 2131 2108 2163 nostro
2124 2132 2282 2173 praedisto,

1216 2169 1295 2207 juxta
1309 2167 1531 2213 mentis-nostrae
1543 2169 1749 2207 intentionem,
1808 2207 1814 2214 .
1981 2208 1986 2214 ·

1221 2206 2287 2291 defleffissssgsfflszsffiz0ffss3

1221 2284 1361 2323 Magistro
1378 2284 1502 2324 johanni
1519 2284 1554 2314 de
1570 2284 1680 2314 Bruton
1696 2286 1715 2304 *¹
1731 2284 1884 2315 Canonico
1900 2285 2037 2316 Wellensi
2049 2287 2083 2318 &
2095 2286 2172 2326 Juris
2185 2287 2285 2318 Civilis
2303 2296 2322 2315 ο
2342 2297 2382 2325 lv

1220 2321 1398 2360 professori,
1420 2325 1454 2355 ὃς
1479 2322 1621 2361 Magistro
1640 2322 1727 2353 Petro
1748 2323 1785 2354 de
1806 2322 1959 2354 Galiciano
1978 2323 2166 2356 Thesaurario
2183 2325 2284 2357 nostro
2305 2343 2366 2363 12,-

1219 2360 1350 2400 Agenni,
1367 2361 1477 2401 plenius
1489 2362 1662 2400 aperuimus,
1673 2362 1707 2393 ὃ(
1723 2361 1826 2400 Regiae
1841 2361 2024 2394 Excellentiae
2039 2364 2073 2395 &
2087 2363 2188 2396 vestrae
2201 2364 2285 2396 Ami-

1219 2401 1295 2431 citiae
1314 2400 1506 2431 insinuandam
1520 2399 1734 2438 commisimus,

1254 2437 1388 2470 Elaboret
1404 2438 1514 2475 vestra,
1530 2438 1550 2469 si
1560 2438 1668 2477 placet,
1687 2439 1883 2471 Benivolentia
1894 2440 2041 2478 consueta;
2058 2439 2231 2478 &eisdem
2249 2438 2284 2470 fi-

1216 2476 1325 2508 delibus
1347 2476 1464 2516 nostris,
1482 2477 1610 2517 Tribus,
1626 2478 1661 2510 &
1680 2477 1806 2508 Duobus
1824 2488 1944 2515 eorum,
1962 2479 1992 2508 in
2012 2477 2164 2516 omnibus,
2183 2479 2216 2509 &
2231 2488 2280 2517 per

1217 2518 1330 2555 omnia,
1348 2525 1412 2556 quae
1432 2517 1516 2548 vobis
1533 2515 1629 2547 dicent
1650 2525 1684 2546 ex
1726 2525 1781 2547 arte
1799 2516 1912 2554 nostra,
1928 2525 2062 2556 oenquam
2082 2516 2187 2548 nostrae
2207 2519 2283 2549 vivae

1215 2556 1295 2588 vocis
1314 2554 1446 2593 oraculo,
1463 2553 1595 2586 adhibere
1609 2554 1676 2585 velit
1688 2564 1709 2591 p
1720 2563 1801 2585 enam
1819 2554 1929 2584 Fidem.

1252 2592 1322 2624 Dat.
1335 2592 1408 2631 apud
1424 2592 1567 2630 Langele,
1584 2592 1700 2623 decimo
1711 2593 1818 2623 mstavo
1830 2592 1876 2622 die
1885 2592 2018 2631 Januarii.

1218 2718 1276 2753 Ad
1292 2718 1468 2767 Epiftopum
1486 2718 1666 2767 Brugenstm
1674 2718 1766 2814 fhps‘s
1782 2719 1913 2813 Juxilio
1929 2729 2034 2753 contra
2052 2722 2162 2768 Regem
2179 2722 2280 2754 Fran-

1609 2771 1658 2800 εἰς
1683 2772 1726 2801 Re
1737 2779 1794 2814 pon
1809 2771 1886 2801 oria.

1219 2853 1368 2910 REX,
1385 2852 1546 2898 Venerabili
1565 2853 1596 2884 in
1617 2851 1739 2885 Christo
1764 2851 1859 2892 Patri,
1874 2851 2011 2884 Domino
2031 2851 2073 2884 G.
2095 2852 2283 2898 Dei-gratis,
2299 2855 2375 2887 Arm.
2390 2856 2432 2890 D.

1298 2893 1428 2933 Brugenfi
1451 2892 1595 2932 Episcopo
1608 2914 1619 2931 ,
1646 2891 1771 2923 Salutem
1787 2915 1798 2932 ,
1833 2892 1867 2924 &
1889 2892 2000 2925 sincerae
2025 2892 2182 2924 dilectionis
2210 2892 2281 2923 affe-
2324 2904 2409 2935 1325.

1217 2928 1307 2962 (stum.
2295 2936 2349 2962 An.
2371 2935 2415 2965 18.

1250 2969 1338 3001 Series
1359 2969 1518 3001 Literarum
1532 2968 1705 3009 vestrarum,
1723 2971 1806 3001 nobis
1818 2979 1908 3008 nuper
1920 2969 2093 3007 delatarum,
2130 2968 2218 2999 lenius
2232 2970 2277 2999 in-
2295 2975 2326 3000 Ε.
2347 2981 2374 3001 2.

1215 3007 1341 3049 tellecta,
1360 3008 1530 3039 Aflefflonis
1543 3008 1643 3040 vestrae
1657 3010 1799 3048 gratuitae,
1817 3018 1901 3046 penes
1913 3018 1981 3047 nos,
1993 3007 2100 3047 plenitu
2120 3008 2198 3038 inem
2212 3008 2277 3038 insi-
2292 3012 2360 3048 Vasc.
2372 3010 2416 3040 18.

1212 3057 1319 3087 nuans,
1337 3048 1474 3085 grandem
1488 3047 1572 3078 nobis
1587 3047 1733 3079 Fiduciam
1747 3048 1860 3086 tribuit,
1878 3055 1910 3077 ut
1923 3056 1973 3084 m,
1986 3055 2052 3089 qua}
2065 3045 2217 3085 specialiter
2231 3048 2276 3078 in-
2294 3053 2325 3077 Ε.
2347 3059 2373 3077 2.

1213 3086 1301 3118 fident
1318 3086 1399 3118 cordi
1416 3085 1532 3126 nostro,
1546 3085 1647 3118 vestrae
1661 3085 1888 3117 Confiderationi
1902 3084 2141 3116 communicanda
2153 3085 2280 3123 praeboe-
2298 3097 2335 3116 m.
2355 3088 2430 3123 17.d‚

1216 3133 1287 3155 mus.

1254 3162 1343 3200 Sane,
1362 3162 1477 3200 qualiter
1496 3162 1561 3193 Rex
1580 3162 1709 3193 Franciae
1723 3161 1807 3199 Nos,
1824 3160 1853 3190 in
1869 3159 1988 3192 Ducatu
2003 3160 2104 3192 nostro
2120 3161 2282 3201 Aquitaniae

1218 3201 1315 3236 (nullo
1335 3201 1432 3230 habito
1457 3200 1583 3240 respectu
1599 3200 1632 3230 ad
1649 3200 1752 3230 statum
1768 3207 1815 3229 aut
1833 3199 2031 3230 conditionem
2046 3199 2283 3241 Confinguinita-

1218 3240 1250 3269 tis
1263 3261 1273 3277 ,
1306 3239 1352 3268 vel
1372 3237 1525 3270 Affinitatis
1543 3239 1734 3271 attinentiam)
1762 3236 1856 3268 hostili
1875 3237 1944 3268 Nos
1962 3238 2069 3269 feritate
2091 3240 2282 3280 prosequitur,

1219 3276 1419 3307 Paternitatem
1444 3276 1565 3306 vestram
1590 3276 1674 3306 latere
1694 3285 1755 3306 non
1773 3276 1915 3307 credimus
1936 3277 2025 3310 (esim
2047 3278 2078 3306 in
2101 3278 2182 3308 variis
2201 3289 2281 3309 nunc

1218 3315 1340 3354 partibus
1362 3314 1390 3345 id
1406 3315 1462 3351 jam
1475 3315 1572 3353 patulo
1587 3314 1763 3351 divulgetur)
1780 3316 1873 3354 itaque
1885 3315 2006 3345 cunctos
2013 3315 2088 3354 Juris
2102 3316 2136 3347 ὅτ.
2151 3315 2283 3347 Honoris

1220 3352 1309 3382 nostri
1330 3352 1493 3391 Zelatores,
1511 3353 1546 3383 ad
1565 3361 1650 3383 tantae
1669 3354 1831 3384 temeritatis
1851 3353 2099 3391 praesumptionem
2121 3355 2281 3392 propulsan-

1218 3391 1302 3428 dam,
1321 3401 1378 3459 qng
1394 3391 1543 3460 nobiscum
1554 3392 1750 3430 commoveri,
1765 3392 1799 3424 &
1813 3391 1913 3430 Opem
1927 3392 1960 3423 δε
1974 3391 2104 3432 Operam
2117 3391 2280 3432 impendere

1219 3439 1286 3469 quas
1298 3439 1331 3460 va
1343 3439 1358 3459 e
1380 3439 1416 3459 un
1432 3452 1437 3457 .

1260 3466 1389 3498 Vestram
1404 3468 1490 3505 igitur
1504 3467 1692 3506 Amicitiam,

1258 3506 1338 3545 Qiae
1359 3505 1474 3545 suscepti
1489 3505 1622 3538 Beneficii
1642 3516 1757 3538 mernor
1775 3505 1884 3546 existit,
1901 3515 1984 3548 prout
2005 3505 2172 3539 mrumdem
2190 3504 2282 3536 litera-

1223 3554 1286 3574 rum
1307 3544 1384 3574 series
1403 3545 1593 3583 repraesentat,
1608 3555 1779 3585 quamquam
1801 3546 1894 3576 multo
1914 3547 2008 3577 minus
2025 3545 2109 3576 suem
2127 3543 2216 3581 quam
2238 3553 2282 3574 re-

1222 3584 1343 3622 quireret
1362 3582 1568 3614 Benevolentiae
1587 3582 1688 3615 vestrae
1703 3584 1916 3625 promptitudo,

1259 3621 1443 3658 Requirimus
1462 3622 1495 3652 δε
1516 3631 1647 3661 rogamus
1662 3644 1671 3659 ,
1691 3622 1825 3659 quatenus
1845 3625 1905 3653 tam
1924 3620 2123 3660 praesumptam
2136 3642 2146 3658 ‚
2164 3626 2281 3658 tamque

1222 3659 1378 3695 iniuriosam
1400 3658 1628 3690 Persecutionem
1648 3660 1772 3690 nostram
1785 3684 1795 3699 ,
1821 3662 1850 3690 in
1869 3659 1993 3691 Domini
2011 3657 2097 3688 vestri
2114 3657 2206 3693 Regis
2218 3679 2229 3695 ,
2247 3658 2280 3689 δε

1223 3698 1341 3728 aliorum
1364 3696 1550 3736 Magnarum,
1573 3697 1671 3737 Regni
1691 3698 1748 3736 sui,
1765 3700 1898 3729 notitiam
1921 3695 2075 3735 deducere,
2093 3696 2128 3727 &
2148 3694 2262 3725 eosdem

1225 3744 1256 3765 ut
1274 3735 1308 3765 ad
1326 3736 1527 3766 extenuandam
1548 3736 1772 3776 Turbationem,
1788 3738 1845 3766 tam
1869 3734 2065 3772 indecentem,
2083 3734 2137 3765 suae
2151 3742 2219 3763 com
2267 3752 2282 3758 -

1225 3774 1306 3804 sionis
1325 3774 1414 3803 solatia
1435 3775 1577 3811 praebeant
1612 3773 1762 3807 efficaciter
1783 3774 1916 3805 inducere
1935 3772 2057 3810 laboret,
2074 3771 2094 3801 si
2109 3771 2219 3810 placet,
2234 3782 2284 3804 vex

1228 3812 1281 3842 stra
1300 3812 1450 3855 Paternitas
1467 3813 1554 3851 quam
1572 3798 1682 3843 dileera.
1853 3849 1860 3855 ⁶
2124 3847 2129 3853 ,
2152 3848 2158 3853 1
2190 3848 2196 3854 ,

1264 3849 1385 3880 Dileetis
1405 3851 1439 3881 &
1458 3850 1585 3881 fidelibus
1605 3850 1724 3890 nostris,
1739 3850 1862 3890 Johanni
1876 3848 1912 3879 de
1924 3847 2049 3879 Stonore
2057 3845 2218 3884 Justiciano
2234 3858 2287 3879 no-

1228 3887 1303 3925 stro,
1323 3888 1447 3918 Arnaldo
1467 3887 1614 3919 Gullielmi
1632 3889 1668 3919 de
1683 3889 1772 3919 Berne
1792 3888 1924 3918 Domino
1938 3885 1973 3916 de
1988 3885 2120 3925 Lescun,
2138 3885 2285 3924 Magistro

1222 3925 1349 3964 johanni
1363 3926 1399 3956 de
1411 3925 1518 3956 Bruton
1533 3926 1687 3957 Canonico
1699 3925 1852 3963 Wellensi,
1870 3925 1903 3955 &
1912 3923 1993 3966 *Jun's
2005 3922 2107 3955 Civilis
2120 3923 2286 3965 Profeffori‚

1226 3964 1260 3996 ὃ(
1282 3962 1425 4003 Magistro
1447 3964 1531 3997 Petro
1543 3965 1579 3997 de
1592 3964 1743 3997 Gallicano
1756 3963 1941 3996 Thesaurario
1955 3961 2056 3993 nostro
2070 3962 2197 4004 Agenni,
2216 3963 2286 3995 Tri-

2217 4001 2286 4040 bus,
