2562 4279
11 274 86 306 Αηη.
100 270 142 302 D»

11 319 137 386 ΓᾷξῗζιΔ

41 2991 173 3027 fV.1o3.

726 183 837 225 ET
921 183 1188 224 ACTA

160 269 261 306 cuerit)
284 269 397 300 ulterius
417 268 563 307 obligare,
581 268 668 306 usque
687 267 722 298 ad
745 268 885 299 summam
908 268 1110 306 praerae‘torum
1128 268 1224 307 Qiin-

160 310 293 347 quaginta
307 309 340 338 &
358 309 497 347 Quinque
513 307 631 337 Milium
647 306 855 344 Florenorum,
872 316 986 337 necnon
1003 317 1055 344 pro
1078 306 1219 344 Dampnis

158 349 191 379 ὃ(
208 347 356 383 Interesse,
375 349 393 376 li
409 357 472 385 quze
486 346 576 384 ipsum
590 345 753 375 Dominum
770 345 1024 383 Archiepiscopum
1039 353 1073 374 ex
1087 344 1219 375 retardata

159 386 309 417 Solutione
326 385 471 415 dierorum
492 384 705 422 Qinquaginta
723 384 756 414 δε
781 383 920 421 Qinque
942 383 1060 412 Milium
1082 382 1220 412 Floreno-

159 434 242 463 rum,
269 423 318 462 ipli
340 423 563 461 Archiepiscopo
587 421 728 459 facienda,
753 430 939 459 quocumque
957 419 1047 450 modo
1069 421 1220 459 contigerit

160 463 312 497 sustinere,
327 462 407 500 super
422 462 521 500 quibus
536 460 606 490 diesti
619 458 743 489 Domini
765 457 980 496 Archiepiscopi
998 458 1106 496 verbis,
1122 459 1220 488 secun-

159 502 230 531 dum
249 502 287 532 sui
310 500 509 531 conscientiam
534 499 662 536 prolatis,
681 497 811 527 stabimus
833 497 866 527 ὃ(
886 495 1050 533 credemus;
1069 496 1126 527 hoc
1141 506 1220 527 tanto

160 548 299 579 excepto,
317 540 355 568 ne
371 538 425 576 ipsa
439 537 576 575 Corona,
589 535 785 565 Transsatione
799 534 948 572 Dominii,
965 543 1028 564 ante
1043 534 1146 572 lapsum
1159 536 1220 566 An-

161 579 208 616 ni,
226 576 376 608 inchoandi
391 578 420 606 in
433 576 511 606 dieto
525 574 744 613 beatijohannis
762 572 865 610 Festo,
884 572 1103 610 quomodolibet
1123 573 1221 604 distra—

162 617 198 646 ha
212 626 257 646 tir·

200 625 273 685 tPoi't
295 649 416 683 Annum
438 653 509 682 vero
532 648 691 689 hujusmodi
707 647 863 686 effluxum,
880 657 934 679 ηερ
952 648 1099 686 praeditstus
1114 648 1221 679 Domi-

163 703 215 723 nus
237 691 473 729 Archiepiscopus
488 713 498 727 ,
523 700 577 720 nec
597 688 687 726 quivis
706 686 773 716 alius
787 710 797 724 ,
821 687 901 725 super
920 687 1056 725 praedieta
1078 687 1198 718 Corona
1214 712 1223 725 ,

163 730 333 799 plraedidtum
348 729 521 796 'Dominurtn
543 728 682 794 Regtegilffs
690 733 823 794 rIinghgut
843 726 965 764 aliquem
986 726 1176 764 superiorem,
1194 727 1222 755 in

166 781 180 800 a
193 775 552 837 ifflgcrgggiggrssgerttigniltgi
559 774 642 840 Rqex,
660 812 714 844 nec
728 801 761 831 ali
785 786 824 832 u'is
837 802 986 840 nostrum,
1005 802 1051 833 seu
1075 802 1165 840 quivis
1185 801 1224 832 al-

165 854 224 884 ter,
242 845 309 884 suo,
327 844 371 875 vel
384 842 484 874 nostro
498 841 631 878 nomine,
649 840 759 870 dictum
809 841 941 871 ominum
954 840 1223 880 Archiepiscopum,

166 891 213 914 aut
227 884 355 920 quemvis
370 883 475 918 aliurn,
493 879 571 916 super
587 878 706 909 Corona
721 878 871 916 praedidta,
881 887 979 910 contra
993 879 1168 910 voluntatem
1182 879 1225 918 ip-

166 922 219 952 iius
230 922 357 953 Domini
368 918 595 956 Archiepiscopi,
613 919 751 954 impetere
766 918 869 955 poterit
883 917 928 948 vel
941 917 1066 948 debebit.

205 959 260 997 Et,
278 960 298 990 si
310 969 360 999 per
373 956 531 994 hujusmodi
544 956 672 986 Coronae
686 955 901 994 Obligationem
917 955 997 986 disto
1016 955 1151 986 Domino
1172 954 1226 985 Ar-

167 998 349 1036 chiepiscopo
381 995 416 1025 de
434 995 571 1032 praetactis
596 995 810 1033 Qinquaginta
832 994 971 1032 Quinque
984 993 1113 1024 Millibus
1129 993 1227 1024 Flore-

166 1046 288 1074 norum,
306 1037 339 1066 &
354 1020 496 1073 Dampnis
510 1035 543 1064 ὃ(
560 1032 693 1063 Intereffe
709 1032 848 1070 praedietis
858 1055 868 1070 ,
882 1031 915 1062 ad
930 1032 1046 1070 plenum
1061 1032 1227 1062 satisfaetum

164 1084 227 1106 non
241 1074 342 1111 fuerit,
360 1081 462 1102 exrunc
478 1071 612 1110 quicquid
624 1071 674 1109 ipsi
689 1070 725 1101 de
743 1070 888 1109 praemiffis
903 1070 1039 1108 defuerit,
1057 1070 1093 1100 de
1107 1071 1165 1100 hoc
1185 1070 1228 1099 di-

166 1113 228 1143 <stus
241 1111 390 1142 Dominus
402 1110 484 1148 Rex,
502 1120 534 1140 ac
550 1120 617 1147 nos,
640 1109 784 1147 nostrique
806 1109 1000 1147 Successores,
1017 1110 1050 1140 ὃς
1073 1108 1227 1146 Haeredes,

167 1152 276 1190 integre
291 1150 342 1180 fibi
354 1149 507 1180 satisfacere
522 1148 690 1178 debebimus
703 1150 735 1179 ὅ(
749 1157 886 1177 tenemur.

205 1189 257 1220 Est
282 1196 470 1218 INSUPER
493 1186 675 1217 Condidnim
697 1187 730 1216 &
751 1185 905 1224 Adjeftum
926 1185 1022 1224 quod,
1041 1185 1060 1215 fi
1080 1185 1226 1225 Sexaginta

166 1227 273 1259 Unum
290 1227 373 1257 Milia
387 1227 594 1264 Florenoriim,
607 1225 730 1263 superius
743 1226 839 1261 primo
857 1224 945 1262 ta&a,
960 1233 1023 1254 ante
1039 1223 1226 1255 Dominicam

166 1266 231 1305 Qu
243 1275 303 1296 Ast
325 1273 437 1296 MoDo
461 1264 624 1302 pioedit‘tam
642 1286 651 1300 ,
675 1262 755 1292 dieto
777 1262 911 1292 Domino
931 1262 1153 1300 Archiepiscopo
1172 1262 1228 1292 sol—

166 1305 344 1342 vendorum,
360 1313 424 1335 ante
436 1304 494 1340 jam
508 1302 614 1332 diistam
628 1301 816 1331 Dominicam
830 1301 936 1331 realiter
950 1302 982 1332 ὅ(
1000 1302 1109 1337 integre
1130 1300 1227 1331 tradita

167 1344 200 1374 &
217 1343 304 1373 soluta
317 1353 376 1373 non
388 1342 508 1379 fuerint,
526 1349 557 1371 ut
572 1340 694 1378 superius
710 1338 751 1369 est
765 1339 957 1377 praemissum,
976 1348 1044 1369 tunc
1060 1339 1150 1368 dictus
1165 1338 1232 1368 Do-

167 1383 261 1412 minus
275 1381 507 1419 Areliiepiscopus
520 1379 554 1409 ad
571 1378 717 1409 Auxilium
731 1379 764 1408 &
781 1377 971 1408 Affistentiam
983 1377 1129 1418 praedicihs
1146 1378 1231 1407 mini-

168 1421 218 1450 me
240 1420 395 1456 tenebitur,
414 1429 468 1448 nec
488 1417 568 1448 dieto
590 1417 681 1459 Regi,
699 1417 799 1453 nobis,
817 1417 863 1447 vel
885 1416 985 1454 alicui,
1012 1425 1058 1446 aut
1077 1416 1231 1453 aliquibus,

167 1460 218 1490 suo
231 1459 366 1497 nomine,
383 1459 412 1488 in
425 1457 517 1494 aliquo
535 1456 645 1493 penitus
661 1457 693 1485 iit
706 1454 858 1493 Astrirstus,

209 1496 247 1527 Et
262 1496 464 1527 nichilominus
481 1494 610 1533 praetacta
623 1493 741 1523 Corona
758 1502 918 1523 memorato
934 1491 1068 1523 Domino
1083 1492 1233 1529 Archiepi-

170 1537 275 1575 scopo,
293 1544 346 1573 pro
362 1535 432 1572 suis,
448 1534 482 1564 ὃς
507 1533 638 1570 suorum,
659 1531 835 1570 Laboribus,
853 1532 1035 1569 Sumptibus,
1053 1531 1086 1561 δε
1108 1530 1234 1568 Appara-

171 1575 264 1611 tibus,
283 1573 434 1604 occasione
458 1571 560 1602 Auxilii
583 1571 616 1602 δε
637 1569 806 1601 Affistentiae
828 1569 1052 1608 praemissorum,
1070 1579 1119 1606 per
1143 1568 1232 1606 ipsum

174 1612 433 1649 Archiepiscopum
446 1611 479 1641 &
495 1610 557 1640 suos
570 1611 625 1646 jam
637 1608 734 1647 factis,
753 1619 806 1646 pro
821 1609 972 1647 Viginti&
990 1608 1128 1650 Quinque
1142 1606 1234 1649 Milli-

171 1651 223 1681 bus
237 1651 425 1681 Florenorum
441 1648 659 1687 praermstorum,
679 1657 822 1677 remanere
837 1648 870 1677 ὃς
891 1645 948 1676 esse
967 1645 1082 1676 debebit
1103 1646 1162 1676 tam
1176 1644 1236 1687 ‚diu

171 1699 241 1720 cum
254 1688 380 1719 efficacia
393 1688 532 1727 obligata,
550 1686 645 1724 quous
660 1695 695 1715 ue
709 1685 758 1715 fibi
771 1685 807 1715 de
819 1685 928 1724 Viginti
942 1684 1082 1722 Qinque
1105 1682 1235 1724 Millibus

169 1729 229 1767 jam
250 1726 350 1765 dietis,
366 1736 399 1757 ac
422 1725 563 1763 Dampnis
585 1725 618 1756 &
654 1723 789 1761 ntereffe,
808 1724 827 1753 si
849 1732 913 1761 quae
928 1723 1018 1760 ipsum
1035 1722 1236 1759 Archiepilco-

194 1775 259 1803 um,
279 1774 314 1795 ex
329 1765 412 1796 mora
431 1764 576 1794 solutionis
596 1762 800 1801 praediCtorum
819 1761 930 1798 Viginti
950 1760 1089 1800 Qiinque
1107 1760 1236 1790 Millium

199 1805 382 1842 lorenorum,
399 1802 532 1834 sustinere
544 1802 712 1840 contigerit,
729 1810 778 1838 per
793 1799 904 1830 dictum
922 1798 1089 1828 Dominum
1104 1798 1235 1837 Regem,

174 1849 248 1882 nos,
265 1842 310 1873 vel
323 1842 391 1872 alios
405 1851 439 1872 ex
453 1849 529 1879 parte
543 1839 624 1878 ipsius
636 1839 759 1869 Domini
770 1838 874 1878 Regis,
892 1837 975 1868 fuerit
990 1837 1113 1875 plenarie
1128 1838 1161 1868 &
1177 1847 1236 1867 rea-

174 1881 236 1913 liter
249 1880 426 1911 satisfaetum.

214 1920 315 1958 Qam
342 1918 458 1956 quidem
485 1916 636 1948 Coronam
677 1917 760 1947 oterit
778 1922 950 1947 memoratus
975 1914 1212 1952 Archiepiscopus
1227 1938 1237 1952 ,

175 1958 241 1996 post
253 1957 363 1987 dietum
379 1956 495 1987 Festum
511 1955 654 1994 SanetiJo
676 1956 771 1993 annis,
788 1965 841 1993 pro
856 1953 997 1992 praeditftis
1012 1953 1120 1993 Viginti
1141 1953 1238 1991 Qin-

174 2006 232 2035 que
250 1995 379 2025 Millibus
395 1995 603 2031 Florenorum,
621 1995 654 2025 &
669 1993 810 2030 Dampnis
822 1993 856 2023 &
870 1991 1001 2022 Interesse
1017 1992 1172 2029 praedietis,
1183 1991 1239 2030 alii,

174 2035 222 2065 vel
243 2034 299 2064 aliis
319 2033 532 2069 Crediton'buS,
552 2042 624 2071 quos
644 2033 770 2071 ydoneos
792 2031 976 2069 reputaverit,
993 2031 1132 2070 obligare,
1150 2039 1183 2060 ac
1203 2029 1239 2060 de

175 2072 210 2103 ea
231 2071 375 2109 disponere
395 2071 446 2101 sub
469 2070 584 2109 Modis,
603 2071 636 2101 ὃ(
656 2069 897 2107 ConditionibuS,
915 2079 948 2099 ac
970 2068 1240 2108 Observationibus,

177 2118 264 2149 prout
278 2111 308 2140 in
324 2109 398 2140 Casu
414 2109 566 2147 praeta&o,
586 2119 645 2147 quo
659 2109 759 2139 servire
770 2117 923 2145 teneretur,
941 2107 976 2137 de
990 2107 1174 2146 Obligatione
1187 2107 1241 2137 hu-

173 2148 298 2217 jusnsiffdi
322 2147 469 2186 Coronae,
487 2158 542 2186 pro
563 2148 661 2186 majori
681 2146 803 2178 Summa
824 2145 969 2185 facienda,
986 2146 1108 2184 superius
1129 2145 1170 2176 est
1192 2154 1241 2176 ex-

201 2198 230 2217 re
255 2197 313 2218 um.

179 2198 199 2226 P
218 2226 273 2264 Et,
291 2225 310 2256 fi
324 2225 440 2263 praefato
456 2224 694 2263 Archiepiscopo,
707 2234 756 2262 per
771 2223 927 2262 hujusmodi
941 2222 1110 2262 Coronam,
1127 2223 1173 2254 {eu
1185 2223 1242 2260 ejus

180 2264 253 2294 Obli
273 2264 414 2302 ationem,
426 2264 462 2295 de
477 2264 614 2301 praetadtis
626 2263 733 2302 Viginti
748 2263 886 2301 Qiinque
902 2261 1029 2293 Millibus
1043 2262 1065 2291 F
1067 2263 1243 2300 lorenorurn,

179 2313 213 2334 ac
270 2303 377 2340 ampnis
397 2303 431 2333 ὃς
452 2302 585 2332 Intereffe
604 2302 764 2340 praeditfftis,
789 2300 909 2331 satisfieri
931 2310 991 2331 non
1014 2302 1151 2339 potuerit,
1176 2308 1246 2330 tunc

180 2341 317 2380 quicquid
341 2341 391 2370 sibi
410 2341 447 2372 de
469 2340 568 2371 eadem
590 2340 727 2379 Summa,
744 2350 777 2370 ac
797 2339 938 2377 Dampnis
951 2339 984 2369 &
999 2338 1134 2370 Intereffe
1147 2347 1247 2376 praeta-

182 2381 253 2418 etis,
278 2379 396 2410 defuerit
410 2402 419 2417 ,
446 2379 525 2410 &id
546 2389 605 2417 quo
625 2380 717 2409 minus
740 2378 887 2417 habuerit,
912 2378 1052 2409 tenebitur
1074 2386 1248 2408 memoratus

184 2418 332 2486 Diominus
356 2417 437 2456 Rex,
455 2427 488 2448 ac
505 2427 558 2449 nos
583 2418 758 2455 tenebimur,
775 2417 868 2447 eidem
881 2416 1109 2455 Archiepiscopo
1124 2416 1248 2454 plenarie

184 2467 216 2487 re
226 2467 320 2487 arcire.

223 2495 308 2533 Nec,
327 2495 397 2525 ultra
409 2496 469 2533 jam
486 2495 560 2526 taeta
581 2494 690 2535 Viginti
717 2495 857 2533 Quinque
878 2493 986 2532 Millia,
1003 2503 1035 2524 ac
1057 2493 1192 2531 Darnpna
1216 2492 1249 2523 &

185 2532 322 2564 Interesse
335 2534 482 2571 praetacta,
500 2533 651 2572 praedistus
668 2533 815 2564 Dominus
829 2533 909 2570 Rex,
928 2542 973 2563 aut
987 2543 1056 2571 nOS,
1076 2531 1171 2562 eidem
1196 2530 1252 2561 Ar-

186 2571 385 2640 clssilepiscopo,
398 2573 428 2602 in
447 2572 583 2611 aliquibus
603 2572 661 2603 aliis
674 2572 863 2603 Pecuniarum
883 2572 1022 2610 Summis,
1039 2571 1095 2602 esse
1116 2570 1254 2601 debemus

184 2620 206 2641 o
239 2621 245 2639 i
267 2619 312 2641 ati.

224 2619 265 2680 F}
282 2649 352 2680 cum
373 2648 409 2679 de
429 2648 511 2680 dietis
533 2649 644 2688 Viginti
659 2649 796 2688 Qinque
812 2648 941 2679 Millibus
961 2649 1167 2687 Florenorum,
1185 2657 1254 2678 curn

189 2686 331 2725 Dampnis
342 2688 376 2718 δε
391 2686 526 2718 Interesse
538 2688 694 2726 praedictis,
707 2688 790 2719 fuerit
800 2710 809 2725 ,
822 2688 893 2718 infra
906 2688 1039 2726 Annum,
1056 2689 1072 2717 a
1087 2687 1172 2718 Festo
1189 2687 1255 2717 bea-

190 2727 211 2757 ti
227 2725 364 2764 Johannis
387 2727 541 2764 praetaffto,
559 2727 606 2756 vel
625 2726 725 2764 cititis,
744 2725 882 2765 praedicto
905 2726 1131 2766 Archiepiscopo
1152 2725 1256 2756 satisfa-

190 2764 290 2802 Ctum,
307 2764 447 2794 tenebitur
468 2764 561 2794 dietus
581 2764 728 2795 Dominus
749 2764 984 2803 Archiepiscopus
1004 2765 1169 2803 praedictam
1193 2762 1256 2793 Co-

190 2811 292 2832 ronam
305 2801 572 2845 praefatonDornino
587 2802 683 2840 Regi,
700 2802 787 2834 suove
802 2802 998 2842 Procuratori,
1015 2803 1050 2834 ad
1065 2803 1093 2834 id
1114 2801 1255 2834 sufficiens

190 2839 356 2870 mandatum
372 2840 530 2878 exhibenti,
546 2840 596 2870 sub
611 2840 698 2879 Sigilli
713 2841 897 2872 Testimonio
912 2842 1038 2872 liberare.

230 2877 379 2909 Caeterum
391 2879 420 2907 in
431 2879 567 2921 ‚omnibus
583 2879 616 2909 ὃς
628 2879 738 2918 singulis
753 2880 831 2917 supra
843 2881 876 2911 &
892 2880 1097 2924 infrascriptis,
1113 2880 1141 2924 in
1156 2879 1256 2917 quibus

191 2915 709 2998 Ξῇἷῗῖὲὲῖιξέοὲἐῖἓίιῗῗᾷἷξὶξῗὲιί
719 2917 1257 2993 itris‘35’ffi3¹{{3n¹?3i“iffltr⁴sz

193 2995 213 3016 *³
233 2994 360 3034 Obligati
382 2993 425 3024 Illi
448 2994 494 3025 vel
515 2992 588 3031 Illis,
606 3003 655 3031 qui
673 2992 811 3033 Causam,
835 2995 881 3026 vel
901 2995 1024 3033 Causas,
1043 3003 1090 3024 aut
1109 2995 1257 3032 praesentes

196 3031 316 3065 Litteras
329 3033 366 3063 ab
381 3032 442 3070 ipso
455 3032 676 3071 Archiepiscopo
689 3033 837 3064 habuerint
846 3055 855 3072 ‚
870 3034 948 3072 juxta
970 3033 1199 3063 Declarationem
1223 3034 1257 3063 &

195 3072 473 3103 Determinationem
496 3071 660 3110 praedictas,
675 3071 733 3102 effe
753 3071 887 3102 volumus
904 3073 938 3103 &
963 3071 1111 3102 debemus:
1131 3072 1259 3102 volentes

195 3111 281 3141 etiam
294 3117 325 3140 ut
339 3109 407 3148 ipsi,
424 3111 500 3140 circa
513 3109 728 3148 Obligationem
745 3109 887 3148 praedietae
902 3109 1048 3147 Coronae,
1066 3110 1099 3140 ὅτ
1114 3111 1188 3141 circa
1198 3110 1260 3147 alia,

196 3148 298 3180 eadem
311 3148 404 3179 facere
417 3147 522 3186 poffint
537 3158 601 3186 quae
616 3149 706 3187 potest
721 3148 958 3188 Archiepiscopus
972 3156 1154 3179 memoratus.

235 3186 293 3225 Et,
309 3195 362 3226 pro
382 3185 529 3224 praemiffis
551 3188 584 3218 &
600 3188 775 3225 sequentibus
788 3187 923 3218 omnibus
936 3188 969 3218 &
987 3186 1096 3226 singulis
1111 3186 1260 3217 inviolabi-

197 3225 261 3256 liter
279 3224 475 3263 observandis,
494 3224 692 3256 constituimus
714 3236 781 3263 nOS,
797 3226 831 3256 &
853 3225 1007 3263 quemlibet
1025 3224 1157 3255 nostrum
1172 3227 1202 3255 in
1216 3225 1260 3255 so-

162 3297 167 3301 ,
198 3263 307 3302 lidum,
326 3273 379 3302 pro
390 3262 470 3296 dieto
482 3262 616 3295 Domino
630 3264 716 3303 Rege
731 3264 916 3303 Fidejusiores
930 3265 963 3295 &
978 3263 1147 3302 Principales
1167 3262 1262 3294 Debi-

200 3309 274 3332 tores
283 3313 293 3340 3

241 3339 378 3370 volentes
396 3340 430 3370 &
452 3339 584 3379 eligentes
597 3340 715 3380 sponte,
733 3341 754 3372 fi
768 3352 800 3372 ea
815 3341 897 3379 plene
913 3352 971 3372 non
984 3341 1089 3372 fuerint
1102 3340 1261 3379 observata,

202 3378 285 3447 guod
299 3378 353 3416 ipse
368 3377 513 3408 Dominus
526 3378 762 3418 Archiepiscopus
775 3390 823 3418 per
836 3380 876 3418 se,
891 3381 925 3411 δε
939 3381 1006 3410 alios
1021 3380 1089 3410 ultra
1100 3380 1158 3410 hoc
1167 3380 1262 3418 ,quod

224 3417 314 3447 idtum
329 3415 495 3446 Dominum
509 3416 621 3456 Regem
631 3440 639 3454 ,
658 3418 691 3448 &
706 3428 774 3455 n05‚
793 3418 854 3456 [vel
865 3417 1002 3457 aliquem]
1017 3419 1053 3448 de
1065 3417 1265 3455 nostris,prae-

203 3453 291 3486 missis
313 3464 372 3484 non
391 3455 558 3492 observatis,
576 3465 674 3486 notare
695 3457 727 3488 &
747 3456 889 3493 inculpare
909 3458 1011 3495 valeat,
1030 3457 1141 3487 dietum
1154 3456 1263 3487 Domi-

203 3501 274 3524 num
290 3492 420 3532 Regem,
438 3492 594 3531 NosipsOS,
610 3493 707 3532 Bona,
726 3495 759 3525 &
776 3493 836 3524 Res
849 3494 930 3531 ipsius
943 3496 976 3526 &
990 3495 1112 3533 nostras,
1129 3505 1162 3525 ac
1187 3495 1262 3525 Sub-

202 3532 332 3563 dirorum
346 3530 417 3560 dieti
430 3529 555 3560 Domini
665 3531 771 3569 Regis,
786 3542 819 3563 ac
840 3532 1022 3571 nostrorum,
1040 3533 1264 3570 quibuscumque

201 3570 367 3601 nominibus
379 3577 593 3607 nuncupentur,
611 3568 668 3601 sine
679 3570 761 3609 cujus
777 3580 841 3601 uam
853 3570 961 3608 Judicis
973 3579 1019 3601 aut
1032 3571 1189 3609 Superioris
1202 3570 1264 3601 Re-

203 3608 372 3647 quifitione,
393 3607 582 3645 Audioritate,
605 3607 752 3646 Licentia,
785 3608 887 3647 njuria,
906 3609 951 3639 vel
965 3608 1104 3647 Offensa,
1121 3609 1262 3648 invadere,

207 3657 367 3685 occupare,
385 3646 510 3676 detinere
542 3655 576 3675 ac
595 3645 621 3675 se
644 3646 678 3676 de
700 3648 737 3677 eis
751 3648 954 3685 intromittere,
973 3647 1115 3685 ipsasque,
1133 3646 1210 3685 Res,
1228 3649 1262 3679 &

207 3684 306 3723 Bona,
321 3684 493 3728 obligare&
504 3668 655 3728 distrahere
665 3684 764 3723 poffit,
781 3685 876 3716 donec
892 3685 942 3716 fibi
955 3685 991 3716 de
1002 3687 1135 3715 omnibus
1155 3687 1188 3716 &
1210 3685 1264 3716 fin-

207 3724 298 3763 gulis,
316 3733 380 3761 quae
402 3723 460 3765 iibi¹
471 3722 507 3753 de
522 3721 666 3760 praemiffis
678 3722 833 3763 defuerint,
852 3724 898 3755 seu
914 3733 1037 3763 quorum
1052 3725 1145 3754 minus
1158 3723 1264 3755 habue-

208 3764 244 3793 rit
278 3763 401 3800 plenarie
416 3760 530 3798 satisfiat.

248 3785 355 3838 ῘΤΕΜ,
373 3810 466 3838 neque
479 3799 571 3830 dietus
583 3798 732 3834 Dominus
844 3800 928 3839 Rex,
945 3810 1039 3838 neque
1060 3810 1126 3838 nos,
1145 3810 1200 3831 nec
1219 3801 1267 3831 ali-

212 3839 276 3876 quis
289 3838 418 3869 nostrum
428 3863 435 3875 ,
451 3838 484 3867 ad
500 3838 636 3876 Regnum
651 3838 764 3876 Angliae
777 3848 930 3876 umquam,
948 3839 1049 3876 absque
1062 3838 1150 3868 libera
1163 3840 1196 3870 &
1219 3849 1267 3870 ex-

213 3876 304 3915 pressa
317 3877 430 3907 licentia
441 3876 511 3906 diffl
523 3876 646 3906 Domini
766 3875 996 3915 Archiepiscopi,
1014 3877 1204 3916 transfretare,
1222 3878 1268 3909 vel

215 3914 314 3944 venire
324 3914 508 3953 debebimus,
525 3915 569 3945 seu
584 3915 714 3952 debebit,
733 3914 783 3944 nifi
801 3916 876 3952 prius
896 3915 1062 3945 satisfiiftum
1082 3915 1177 3946 existat
1195 3926 1268 3956 prae-

217 3950 277 3981 fato
297 3951 431 3984 Domino
450 3953 686 3991 Archiepiscopo,
713 3952 866 3983 secundum
889 3952 1146 3984 Determinationes
1169 3963 1270 3992 praeta-

220 3988 294 4026 etas,
310 3990 347 4033 de
360 3992 495 4022 omnibus
508 3993 541 4023 &
557 3991 665 4032 singulis
680 3991 844 4028 supratadiis.

258 4026 294 4056 Et
307 4028 416 4065 insuper
429 4029 609 4061 Condidium
622 4030 772 4068 specialiter
787 4030 820 4060 &
833 4029 984 4067 Adjectum
993 4055 1003 4069 ,
1020 4029 1100 4068 quod
1113 4040 1183 4068 nos,
1197 4030 1271 4069 apud

220 4064 557 4143 PrssvfffntilTl.l}f³ri¹li2um
575 4068 704 4101 nostrum
723 4068 836 4108 Regem
857 4068 988 4108 Angliae,
1005 4068 1139 4102 faciemus
1157 4069 1191 4101 &
1204 4079 1272 4110 pro-

1272 183 1752 229 PUBLICA.
2269 200 2320 241 43

1260 269 1433 307 curabimus,
1453 270 1531 308 quod
1548 270 1613 301 Rex
1627 272 1682 309 ipse
1698 272 1749 302 suis
1760 271 1922 304 Parentibus
1940 271 2070 313 Litteris,
2090 272 2198 311 Maiori
2212 272 2260 304 suo
2274 272 2318 302 Si·
2334 272 2408 304 Ann.
2424 275 2466 305 D.

1263 308 1331 350 gillo
1354 308 1494 344 pendente
1515 309 1657 348 sigillatis,
1676 311 1792 348 praefato
1812 311 1950 341 Domino

2079 311 2303 349 Archiepiscopo
2310 333 2320 349 ,

2364 323 2448 354 1339·

1263 345 1334 374 infra
1347 346 1415 375 hinc
1430 347 1463 376 ὃς
1480 346 1667 378 Dominicam
1685 349 1747 387 Qu
1758 359 1777 379 A
1787 359 1799 379 s
1809 359 1821 379 1
1838 350 1875 379 M
1885 360 1906 379 o
1915 359 1935 380 D
1945 360 1964 380 ο
1980 350 2159 388 saepedidtam
2171 349 2321 387 tradendis,
2337 357 2401 384 Edv.
2422 365 2446 392 3,

1263 384 1358 413 omnia
1380 385 1413 414 &
1437 383 1540 423 singula
1562 386 1638 423 supra
1660 387 1693 417 &
1709 388 1780 417 infra
1795 388 1909 427 scripta,
1929 389 1965 419 de
1978 388 2026 419 suo
2040 388 2180 419 Mandato
2195 388 2320 427 speciali,

1264 420 1341 457 gesta
1356 421 1416 467 fore
1430 423 1629 467 recognoscat,
1648 425 1681 455 ὃς
1694 424 1772 462 quod
1785 436 1816 455 ea
1838 427 1990 465 approbet,
2010 426 2163 466 gratificet,
2181 438 2215 458 ac
2235 425 2322 457 ratifi-

1263 467 1323 489 cet:
1344 459 1442 496 anue
1458 459 1537 491 firma
1552 462 1585 492 &
1597 464 1763 493 inconcussa
1778 464 1882 495 servare
1896 475 1948 502 pro
1960 465 2014 503 Se,
2030 466 2063 496 &
2076 465 2127 496 suis
2141 464 2323 503 Haeredibus‚

1262 507 1295 527 ac
1312 498 1540 537 Succefforibus,
1559 509 1608 537 per
1622 499 1709 531 fidem
1723 501 1798 532 suam
1814 504 1967 539 promittat.

1301 535 1355 579 Et,
1373 535 1523 581 postquam
1543 538 1600 581 hoc
1622 538 1729 569 facturn
1749 539 1848 578 fuerit,
1865 550 1968 571 extunc
1986 541 2101 572 Litterae
2115 542 2184 572 dieti
2197 541 2326 571 Domini.

1263 572 1367 613 Regis,
1385 574 1448 604 alias
1463 575 1631 613 conscriptae
1647 578 1682 608 ὃς
1696 577 1832 615 sigillatae,
1848 578 1954 616 ipsique
1968 579 2103 610 Domino
2125 580 2322 618 Archiepisco-

1264 622 1303 649 po
1326 612 1475 642 occasione
1495 614 1627 650 praeradia
1650 616 1773 653 traditae,
1790 617 1883 653 quoad
1897 618 2085 655 quascumque
2102 618 2233 649 Summas
2254 617 2322 648 Flo-

1264 660 1414 688 renorum,
1434 660 1468 680 ex
1484 660 1560 688 parte
1574 651 1642 681 dieti
1656 652 1781 683 Domini
1798 654 1885 693 Regis
1896 656 1943 692 ipsi
1959 656 2182 697 Archiepiscopo
2205 656 2321 695 quibus-⁶

1265 698 1391 731 cumque
1404 690 1530 719 terminis
1543 690 1751 726 persolvendas:
1769 692 1900 723 Necnon
1919 693 2013 732 quoad
2026 694 2159 732 Dampna
2180 695 2213 726 δε
2231 693 2321 725 Inter-

1266 726 1348 770 essen,
1367 737 1431 765 quae
1454 727 1486 757 ea
1498 728 1663 766 occasione,
1683 729 1775 760 eidem
1789 729 1924 761 Domino
2038 731 2263 772 Archiepiscopo
2281 742 2326 763 re-

1264 765 1404 795 sarcienda
1426 765 1470 796 vel
1485 766 1656 796 refimdenda
1672 767 1727 798 effe
1741 768 1902 807 debebunt,
1923 768 2028 800 viribus
2040 781 2159 802 vacuare
2171 773 2222 810 &,
2237 781 2326 809 quan-

1266 811 1328 846 tum
1350 804 1384 834 ad
1406 803 1480 841 hoc,
1496 814 1549 841 pro
1568 804 1681 835 infetftis
1700 807 1810 845 penitus
1829 807 1998 845 habeantur,
2017 808 2121 840 eisdem
2133 819 2226 841 tamen
2241 810 2325 841 Prio-

1266 841 1342 909 dhus
1364 842 1480 885 Litteris
1501 842 1617 881 Regiis,
1635 844 1729 881 quoad
1750 845 1801 874 alia
1821 846 1850 874 in
1865 846 1926 885 iplis
1941 854 2089 886 contenta,
2107 849 2136 878 in
2148 848 2197 880 suo
2219 849 2325 880 robore

1289 888 1410 910 uraturis.

1303 917 1348 962 .E².³
1364 919 1460 948 omnia
1480 918 1638 962 &nfingula
1659 919 1738 957 supra
1757 920 1791 951 &
1811 920 1981 958 infrascripta
1997 924 2193 963 promisimus,
2213 927 2246 957 &
2259 935 2326 963 pro-

1268 965 1405 986 mittimus
1424 967 1474 994 per
1496 957 1577 987 Fides
1599 957 1704 988 nostras
1752 968 1801 996 per
1820 969 1871 989 nos
1894 960 2026 997 praestitas
2041 964 2225 1000 corporaliter
2258 965 2327 994 loco

1269 994 1303 1025 δεῖ
1318 996 1382 1025 vice
1393 994 1567 1033 juramenti,
1584 995 1694 1027 dictum
1707 982 1873 1027 Dominum
1892 1015 1904 1019 -
1922 1015 1935 1020 —
1953 1016 1966 1021 —
1983 1016 1996 1021 -
2013 998 2130 1036 Regem
2148 1024 2157 1038 ,
2173 1012 2206 1031 ac
2220 987 2328 1039 &onp-

1269 1033 1328 1070 sos,
1347 1032 1433 1071 Rata,
1453 1033 1487 1063 &
1502 1033 1608 1071 Grata,
1625 1043 1658 1064 ac
1674 1034 1784 1073 Firma,
1803 1035 2001 1067 inviolabiliter
2024 1037 2176 1069 servaturos
2189 1041 2222 1070 &
2238 1041 2328 1070 adim-

1270 1071 1411 1115 pleturos,
1429 1071 1463 1102 &
1475 1071 1555 1109 quod
1565 1080 1666 1115 contra
1682 1082 1729 1110 ea,
1748 1083 1797 1110 per
1813 1073 1897 1112 Nos,
1916 1075 1961 1105 vel
1977 1075 2074 1114 Alios,
2092 1077 2207 1108 occulte
2221 1079 2264 1108 vel
2273 1088 2326 1116 pu-

1270 1109 1363 1147 blice,
1381 1109 1487 1139 dircite
1503 1109 1549 1140 vel
1563 1109 1716 1148 indirecte,
1735 1112 1836 1148 quovis
1852 1113 1988 1150 exquisito
2000 1115 2133 1154 ingenio,
2148 1116 2261 1153 colore,
2281 1117 2327 1147 vel

1270 1156 1346 1191 arte,
1364 1158 1423 1178 non
1441 1146 1574 1191 faciemus
1590 1171 1606 1192 ².
1617 1158 1671 1179 ηερ
1684 1150 1845 1187 veniemus,
1865 1160 1920 1181 nec
1933 1161 1948 1182 a
1963 1162 2128 1193 quoquam,
2147 1163 2282 1193 quantum
2297 1156 2327 1184 in

1270 1186 1352 1216 nobis
1366 1185 1424 1224 est,
1442 1185 1501 1216 fieri
1517 1194 1729 1225 permittemus,

1309 1224 1380 1254 Nec
1401 1225 1485 1254 etiam
1515 1225 1660 1261 praefatum
1682 1224 1846 1256 Dominum
1870 1243 1910 1249 —-

1371 1264 1374 1268 Ι
1519 1264 1523 1268 .
1839 1265 1844 1269 η
1924 1244 1937 1250 -
1951 1244 1965 1250 -
1991 1227 2245 1269 Archiepiscopum
2259 1254 2269 1269 ,
2302 1233 2331 1261 in

1272 1261 1434 1293 detentione
1447 1262 1598 1300 praelibatae
1606 1261 1735 1293 Coronae
1744 1264 1806 1301 ‚vel
1820 1273 1877 1302 ejus
1884 1264 2070 1304 Obligatione
2082 1269 2157 1306 juxta
2173 1270 2330 1307 conscripta

1272 1300 1411 1339 superius,
1429 1300 1631 1345 impediemus,
1648 1301 1693 1332 seu
1708 1302 1899 1333 Obstaculum
1910 1303 2025 1342 aliquod
2039 1306 2270 1346 interponemus,
2282 1313 2330 1339 aut

1274 1339 1493 1377 quomodolibet
1506 1348 1690 1377 imperemus:

1311 1377 1543 1422 RenuncianteS,
1567 1388 1620 1416 pro
1640 1378 1720 1409 disto
1739 1377 1873 1410 Domino
1896 1379 1981 1418 Rege
1994 1405 2004 1419 ,
2027 1380 2126 1411 Nobis
2140 1404 2149 1420 ,
2174 1393 2207 1414 ac
2230 1384 2332 1415 nostris

1276 1416 1443 1446 Haeredibus
1460 1439 1469 1453 ,
1493 1417 1526 1447 &
1547 1416 1761 1447 Succefforibus
1773 1441 1783 1456 ,
1810 1419 1944 1448 omnibus
1958 1419 1992 1450 &
2007 1418 2119 1456 singulis
2126 1442 2137 1457 ,
2154 1423 2236 1451 omni
2256 1422 2332 1460 Juris

1275 1454 1414 1497 beneficio
1437 1453 1580 1485 Canonici
1604 1455 1638 1485 &
1651 1454 1768 1494 Civilis,
1787 1466 1903 1487 necnon
1918 1455 2176 1489 Consuetudinibus
2212 1460 2333 1491 Privile-

1274 1502 1343 1536 giis,
1362 1492 1483 1531 Gratiis,
1501 1493 1708 1538 LibertatibuS,
1725 1495 1758 1525 &
1782 1494 1895 1525 Litteris
1915 1496 2140 1534 quibuscumque
2155 1520 2164 1535 ,
2182 1483 2335 1529 Defenfio-

1275 1531 1356 1560 nibus
1370 1541 1485 1569 quoque
1498 1532 1530 1562 &
1544 1530 1780 1571 Exceptionibus,
1799 1543 1863 1571 quae
1878 1533 1957 1564 dieto
1970 1533 2106 1565 Domino
2274 1537 2336 1568 Re-

1275 1570 1320 1612 gi,
1338 1568 1437 1599 Nobis
1451 1569 1497 1614 vel
1511 1569 1612 1599 nostris
1626 1569 1797 1614 Ham—edibus
1812 1594 1821 1609 ,
1840 1580 1886 1602 aut
1898 1571 2127 1611 Successoribus,
2146 1583 2246 1605 contra
2261 1585 2336 1613 prae⁴

1276 1606 1356 1636 missa
1372 1629 1382 1644 ,
1408 1607 1453 1638 vel
1475 1607 1601 1644 ipsorum
1620 1608 1733 1646 aliquod
1748 1632 1758 1647 ,
1774 1610 1886 1646 possent
1895 1610 2047 1648 aliqualiter
2058 1611 2141 1641 suffra
2160 1614 2213 1652 ari,
2234 1613 2337 1653 Dolo,

1278 1644 1385 1690 Fraude
1400 1669 1410 1683 ,
1434 1646 1468 1676 &
1491 1645 1634 1676 violentia
1645 1670 1655 1684 ,
1680 1647 1709 1677 in
1731 1648 1864 1679 omnibus
1879 1648 1913 1679 ὃς
1925 1648 2036 1688 singulis
2049 1659 2136 1687 praeta
2166 1652 2207 1690 is,
2221 1651 2336 1683 semotis

1279 1692 1391 1752 Ρεᾌιὲῑιὲ
1402 1683 1652 1760 ἓηξῗεὲυρῇἓοῦίε,
1668 1721 1812 1768 Episcopo
1827 1724 1861 1755 &
1876 1723 1996 1756 Comite
2010 1725 2118 1756 Gelriae
2133 1750 2143 1766 ,
2160 1728 2337 1768 supradidtis,

1279 1760 1414 1798 praesente
1434 1761 1468 1792 &
1491 1769 1663 1798 cooperante
1679 1761 1813 1792 Domino
1827 1762 2039 1795 Bartholomaeo
2054 1766 2092 1795 de
2105 1765 2259 1805 Burghasssi
2274 1765 2337 1797 Mi-

1278 1800 1328 1830 lite
1342 1809 1395 1837 pro
1409 1808 1486 1836 parte
1500 1799 1569 1829 dieti
1584 1798 1708 1830 Domini
1724 1800 1827 1838 Regis:

1317 1837 1373 1868 Sed
1386 1846 1419 1867 ex
1434 1847 1512 1876 parte
1526 1837 1650 1867 Domini
1814 1838 2027 1881 Archiepiscopi
2046 1841 2202 1882 saepedisti,
2217 1842 2338 1874 Nobili-

1281 1877 1332 1907 bus
1355 1875 1428 1906 Viris
1450 1875 1586 1906 Dominis
1600 1899 1611 1914 ,
1632 1875 1763 1914 Johanne
1784 1877 1819 1908 de
1840 1876 2004 1909 Brunssiorn
2017 1903 2026 1919 ,
2052 1879 2142 1911 Paulo
2160 1881 2197 1912 de
2221 1880 2340 1922 Caych,

1281 1915 1424 1946 Militibus
1441 1924 1446 1944 :
1473 1915 1638 1953 Tylmanno
1658 1914 1694 1944 de
1708 1914 1917 1946 Rodemeratur
1928 1916 2097 1958 Armigero:
2117 1918 2261 1958 Magistro
2276 1920 2341 1951 Co-

1281 1954 1385 1991 quine,
1405 1954 1437 1983 &
1458 1951 1597 1992 Magistris
1608 1975 1619 1991 ,
1636 1953 1758 1992 Wytclo
1773 1955 1809 1984 de
1824 1954 1950 1994 Birgele,
1970 1956 2127 1997 Rudulpho
2141 1958 2223 1989 dicto
2238 1959 2341 1997 Laffe,

1281 1993 1315 2023 &
1329 1990 1424 2022 Teod.
1443 1990 1523 2021 dieto
1549 1990 1652 2021 Hacke
1664 2014 1674 2030 ,
1698 1991 1818 2023 Clericis
1832 1992 1958 2023 Domini
2127 1995 2343 2036 Archiepiscopi

1280 2029 1456 2099 ἷῑενίτεηῑιε
1472 2029 1634 2069 supradisti,
1653 2030 1791 2068 praemiffii
1804 2031 1986 2063 tracitantibus
2002 2033 2036 2064 &
2051 2033 2231 2071 praesentibus
2245 2037 2274 2065 in
2289 2038 2342 2066 eis-

1303 2079 1359 2099 em.

1320 2107 1355 2138 In
1370 2116 1493 2146 quorum
1508 2108 1639 2138 omnium
1655 2106 1825 2139 evidentiam
1840 2118 1874 2140 ac
1887 2109 1976 2140 robur
1990 2109 2075 2148 sigilla
2089 2110 2184 2141 nostra
2199 2112 2343 2150 praesenti-

1283 2146 1336 2176 bus
1350 2146 1412 2176 sunt
1426 2147 1552 2183 appensa.

1324 2184 1343 2204 ²*
1363 2183 1427 2223 Ego
1440 2194 1556 2222 quoque
1568 2183 1791 2215 Bartholomaeus
1805 2185 1988 2224 supradistus,
2007 2187 2210 2226 recognoscens
2224 2198 2273 2219 me
2279 2199 2346 2220 om-

1286 2223 1368 2253 nibus
1388 2226 1421 2254 &
1440 2223 1550 2262 singulis
1571 2223 1717 2261 praemiffis
1737 2224 1891 2255 interfuisse
1904 2247 1915 2263 ,
1940 2235 2028 2261 eaque
2050 2226 2195 2264 tractasse,
2213 2228 2247 2258 ὃς
2263 2229 2345 2267 quia,

1287 2272 1322 2292 ex
1336 2269 1407 2292 voto
1428 2261 1535 2299 speciali
1549 2284 1559 2299 ,
1584 2271 1652 2291 cum
1676 2262 1814 2299 praedidto
1827 2262 1961 2293 Domino
1976 2263 2119 2301 Episcopo
2134 2265 2346 2305 Lincolnienfi,

1289 2300 1385 2330 Fratre
1400 2310 1484 2338 meo,
1499 2310 1552 2330 nec
1570 2299 1732 2337 Principalis
1746 2299 1888 2340 Debitor,
1905 2311 1959 2332 nec
1973 2302 2131 2340 Fidejuffor
2146 2304 2203 2334 esse
2217 2304 2348 2343 polium,

1289 2338 1421 2383 Sigillum
1435 2348 1551 2380 meum,
1570 2340 1600 2368 in
1612 2339 1821 2377 praemifforum
1835 2339 1960 2371 Evidens
1972 2339 2208 2381 Testimonium,
2225 2343 2347 2383 appendi

1290 2386 1377 2408 etiarn
1391 2376 1425 2407 ad
1440 2381 1593 2414 praelentes.

1327 2415 1396 2446 Dat.
1415 2415 1503 2445 Anno
1520 2415 1643 2445 Domini
1660 2415 1816 2446 Millesimo
1831 2439 1840 2455 ,
1865 2416 2085 2449 Trecentesimo
2100 2443 2110 2456 ,
2128 2419 2290 2451 Tricesimo
2307 2420 2352 2450 O-

1294 2454 1379 2484 &avo
1394 2476 1404 2492 ,
1426 2453 1580 2484 secundum
1601 2454 1704 2484 Stilum
1726 2455 1760 2485 &
1774 2453 2018 2486 Consuetudinem
2033 2454 2168 2488 Ecclefiae
2189 2459 2353 2498 Anglicanae

1293 2494 1326 2524 &
1342 2491 1504 2524 Provinciae
1517 2492 1782 2531 Treverenfis-,die
1796 2493 1953 2531 penultima
1966 2494 2074 2525 Mensis
2090 2495 2241 2526 Februarii.

1531 2617 1580 2649 De
1598 2617 1703 2648 Cuneis
1720 2617 1751 2646 in
1769 2612 1953 2648 Hiberniam
1968 2616 2131 2651 mittendis.

1298 2700 1360 2762 R
1370 2700 1394 2731 E
1404 2700 1453 2738 X,
1470 2700 1577 2731 dileeto
1591 2698 1707 2730 Clerieo
1721 2699 1787 2739 suo,
1799 2699 1922 2738 Johanni
1937 2700 1974 2732 de
1991 2701 2085 2741 Flete,
2105 2699 2228 2734 Custodi
2240 2701 2358 2734 Cambii

1380 2739 1467 2769 nostri
1483 2739 1665 2776 Londoniae,
1683 2738 1816 2777 Salutem,

1336 2776 1417 2808 Cum
1442 2788 1493 2816 per
1513 2777 1581 2807 Nos
1595 2801 1606 2816 ,
1629 2778 1663 2807 &
1685 2775 1851 2808 Concilium
1873 2776 2001 2809 nostrum
2017 2803 2026 2816 ,
2055 2779 2218 2811 ordinatum
2238 2780 2335 2812 existat
2349 2804 2359 2820 ,

1300 2816 1380 2854 qued
1401 2816 1525 2847 Moneta
1540 2815 1732 2846 Denariorum
1755 2815 1978 2855 Sterlingorum,
1996 2816 2164 2849 Obolorum
2200 2820 2234 2850 &
2251 2819 2361 2849 Ferlin-

1300 2864 1404 2893 gotum
1420 2877 1431 2892 ,
1453 2855 1487 2884 ad
1508 2852 1666 2884 Cambium
1688 2853 1818 2884 nostrum
1842 2855 1871 2883 in
1893 2853 2035 2886 Hibernia
2048 2880 2057 2895 ,
2084 2858 2156 2895 apud
2173 2844 2340 2889 Dubliniam

1301 2902 1355 2930 pro
1377 2893 1477 2923 nostro
1499 2892 1532 2923 ὃς
1553 2892 1658 2930 Populi
1677 2891 1767 2922 nostri
1785 2892 1905 2930 partium
1918 2892 2028 2925 iliarum
2044 2896 2225 2935 commodo,
2240 2881 2362 2927 fabi-ice3

1301 2939 1365 2967 tur,

1340 2968 1394 2999 Per
1415 2968 1494 3008 quod
1513 2978 1604 3007 nuper
1624 2969 1708 2998 vobis
1726 2968 1938 3008 mandavimus,
1976 2971 2036 3002 uod
2051 2971 2133 3003 Otto
2148 2973 2226 3003 Paria
2241 2972 2360 3004 Cuneo-

1302 3017 1384 3046 rum,
1401 3018 1452 3046 pro
1474 3006 1605 3037 Denariis
1624 3006 1848 3046 Sterlingorum,
1866 3007 1947 3039 Otto
1985 3011 2039 3041 aria
2064 3009 2234 3042 Cuneorum
2249 3022 2302 3049 pro
2317 3011 2363 3042 0-

1303 3047 1375 3076 bolis
1384 3071 1393 3085 ,
1412 3047 1446 3077 &
1459 3045 1540 3076 Octo
1554 3045 1635 3075 Paria
1649 3044 1822 3076 Cuneorum
1834 3056 1887 3084 pro
1896 3047 1987 3078 Ferlin
2008 3049 2046 3087 is,
2065 3050 2136 3087 apud
2151 3049 2263 3081 dictum
2272 3048 2364 3081 Carn-

1302 3085 1382 3114 bium
1398 3084 1529 3115 nostrum
1544 3084 1722 3122 Londoniae,
1741 3084 1798 3114 sine
1814 3083 1962 3124 dilatione,
2000 3088 2058 3125 eri,
2077 3088 2111 3118 &
2134 3086 2175 3118 Ea
2192 3088 2361 3128 Attornato,

1302 3122 1398 3152 dilecti
1418 3121 1525 3153 Clerici
1545 3122 1655 3160 nostri,
1675 3122 1810 3159 Magistri
1820 3122 1958 3161 Johannis
1974 3123 2064 3163 Rees,
2083 3126 2257 3157 Thesaurarii
2270 3126 2361 3157 nostri

1302 3160 1452 3191 Hiberniae
1465 3184 1475 3199 ,
1499 3162 1529 3191 in
1550 3161 1603 3190 hac
1624 3168 1701 3198 parte
1715 3184 1724 3200 ,
1749 3171 1801 3199 pro
1818 3162 2001 3193 fabricatione
2015 3163 2224 3204 Denariorum,
2243 3164 2361 3196 Obolo-

1302 3209 1367 3230 rum
1381 3222 1391 3238 ,
1416 3200 1450 3231 δε
1472 3199 1673 3238 Ferlingorum
1695 3200 1898 3237 praedidtorum
1912 3223 1922 3239 ,
1940 3202 2048 3231 liberari
2063 3202 2208 3241 faceretis,
2228 3203 2261 3233 ad
2276 3203 2363 3234 distas

1303 3245 1393 3276 partes
1415 3237 1565 3268 Hiberniae
1579 3262 1588 3276 ,
1612 3246 1646 3268 ex
1670 3237 1754 3269 causa
1775 3238 1908 3276 praedicta
1924 3262 1935 3277 ,
1951 3240 2043 3270 eidem
2056 3240 2244 3272 Thesaurario
2259 3241 2361 3273 nostro

1303 3275 1470 3316 deferenda,

1343 3315 1434 3345 Vobis
1455 3315 1619 3346 mandamus
1638 3314 1718 3353 quod
1735 3338 1745 3352 ,
1770 3314 1790 3344 fi
1813 3313 1911 3345 Cunea
1927 3313 2061 3354 praeditsta
2096 3316 2193 3349 raefato
2207 3318 2361 3349 Attornato

1304 3353 1434 3384 nondum
1450 3353 1643 3392 liberaveritis,
1662 3362 1730 3383 tunc
1745 3352 1842 3383 eadem
1859 3353 1941 3384 Οίὶο
1956 3353 2035 3385 Paria
2081 3366 2219 3386 uneorum
2235 3366 2287 3393 pro
2298 3356 2360 3387 De-

1305 3393 1384 3422 nariis
1397 3392 1603 3432 Sterlingoium
1612 3414 1622 3429 ,
1642 3391 1724 3421 osto
1739 3390 1818 3422 Paria
1834 3390 2002 3423 Cuneorum
2018 3403 2070 3431 pro
2084 3393 2187 3424 Obolis
2203 3417 2212 3432 ‚
2228 3395 2262 3423 ὃς
2277 3393 2360 3426 Οέὶο

1307 3431 1381 3461 Paria
1394 3429 1563 3460 Cuneorum
1581 3439 1633 3467 pro
1650 3429 1673 3459 F
1674 3430 1800 3468 erlingis,
1817 3430 1937 3461 habeatis
1950 3432 1979 3461 in
1994 3430 2166 3462 Canceiiari'a
2185 3432 2298 3471 nostra,
2314 3434 2362 3464 die

1301 3469 1383 3507 Jovis
1403 3470 1538 3506 proximo
1559 3469 1655 3498 futuro
1668 3492 1677 3505 ,
1694 3468 1868 3506 ubicumque
1879 3477 1947 3499 tunc
1962 3469 2063 3508 fuerit,
2079 3470 2194 3506 praefato
2208 3470 2363 3502 Attornato

1306 3506 1411 3552 ibidem
1424 3508 1454 3551 in
1466 3507 1608 3545 praesentia
1621 3505 1788 3537 Cancellarii
1801 3507 1889 3537 nostri
1901 3507 2059 3546 liberanda,
2078 3508 2117 3538 Et
2137 3509 2194 3539 hoc
2208 3508 2363 3540 nullatenus

1306 3553 1451 3576 omittatis.

1344 3583 1381 3614 Et
1403 3583 1439 3614 de
1460 3582 1605 3613 Custubus
1619 3606 1629 3620 ,
1653 3592 1724 3620 quos
1742 3582 1771 3611 in
1792 3581 1907 3613 Factura
1929 3583 1963 3613 &
1982 3582 2168 3621 Impreffione
2190 3585 2362 3616 eorumdem

1308 3620 1479 3652 Cuneorum
1494 3621 1688 3651 rationabiliter
1704 3620 1894 3659 apposueritis,
1913 3621 1982 3651 cum
1997 3621 2058 3652 illos
2072 3624 2250 3662 sciverimus,
2268 3625 2362 3663 vobis,

1307 3661 1337 3690 in
1351 3659 1504 3698 Compoto
1515 3659 1611 3691 vestro
1620 3683 1629 3697 ,
1647 3659 1773 3689 debitam
1786 3659 1996 3690 Allocationem
2011 3660 2111 3691 habere
2124 3660 2267 3693 faciemus.

1345 3735 1435 3765 Teste
1457 3734 1598 3765 Edwardo
1618 3733 1704 3764 Duce
1729 3733 1928 3765 Cornubiae&
1944 3733 2063 3767 Comite
2078 3736 2215 3777 Cestriae,
2234 3738 2294 3770 fflio
2308 3748 2363 3771 no«

1309 3773 1367 3842 {glo
1380 3773 1528 3843 tcarissimo
1541 3795 1553 3812 ,
1574 3772 1705 3804 Custode
1727 3773 1839 3811 Angliae
1853 3797 1863 3811 ,
1888 3773 1961 3811 apud
1982 3774 2161 3814 Kenyngton
2177 3801 2187 3815 ‚
2205 3778 2303 3815 primo
2318 3778 2365 3809 die

1351 3822 1378 3842 ar
1391 3822 1419 3842 ii.

2015 3891 2067 3920 Per
2083 3889 2234 3923 concilium.

1787 4109 1811 4141 F
1827 4119 1847 4141 2
2291 4111 2374 4151 Supel-

2361 2205 2494 2241 *V.104„

2375 2719 2503 2751 Arm-D.

2401 2768 2487 2799 1339!-

2419 2822 2425 2827 .
2445 2808 2488 2835 ¹3·

2374 2842 2508 2913 {hij-¹3⁸¹

2380 2919 2398 2941 ε
2426 2924 2450 2951 3·

2375 2959 2400 2990 p.
2419 2963 2441 2981 1.
2455 2962 2491 2981 m.

2380 3001 2426 3027 4¹-
2445 2991 2471 3020 d.

2372 2802 2399 2826 A
