2562 4279
36 307 109 337 Ann.
126 302 165 332 D.

58 350 143 383 1335·

38 386 102 411 Ede.
123 390 148 417 3·

41 978 128 1004 *1v.

41 1018 106 1050 677.

46 1709 122 1740 Arm.
135 1708 178 1739 D.

45 1757 157 1822 Λέῗξῗ·

45 1847 159 1898 Scau-9.

45 1906 75 1929 Ε.
93 1911 117 1939 3.
133 1911 169 1929 m.

55 2716 132 2747 Ann.
142 2717 184 2748 D.

54 2764 168 2829 3335·

56 2837 85 2859 Ε,
107 2841 132 2867 3.

55 2870 158 2899 ibidem.

63 3513 139 3543 Ann.
148 3512 190 3544 D.

61 3560 165 3625 Αἲξ·

62 3650 160 3700 Pano.

62 3708 93 3731 Ε.
105 3711 161 3740 3.p.

66 3751 136 3769 2.m.
152 3751 178 3776 7.

61 3778 81 3797 *³
100 3780 151 3807 IV.

65 3817 132 3852 678.

731 190 1199 271 ERT'ACTA

182 305 221 334 ob
242 303 444 334 Reverentiam
466 302 608 340 ipsorum,
626 300 739 332 Summi
761 298 923 335 Pontificis,
941 297 974 328 ὃς
989 295 1094 334 Regis,
1111 292 1242 323 Consan-

184 343 278 382 guinei
291 342 395 380 nostri,
1123 371 1127 375 -
1164 370 1169 374 .

223 379 424 411 Concessirnus
441 379 577 409 omnibus
599 379 633 409 &
655 377 763 415 lingulis
787 375 823 406 de
842 373 955 409 Scotia,
982 372 1041 416 tam
1068 369 1241 408 Majoribus,

185 420 274 457 quam
296 419 475 454 Minoribus,
494 417 527 447 ad
550 416 648 446 Fidem
668 414 792 445 nostram
811 423 870 443 non
888 410 1082 452 existentibus,
1101 408 1242 450 quandam

186 458 347 496 Treugam,
365 457 421 486 sive
440 454 654 491 Sufferentiam,
673 454 751 491 super
772 451 995 490 quibuscumque
1017 446 1242 490 Diisensionibus

187 498 220 528 &
240 495 411 533 Discordiis,
436 494 502 523 hinc
526 494 592 523 inde
610 493 711 529 motis,
732 491 816 532 usque
838 488 872 518 ad
889 488 965 517 diem
984 485 1096 516 Natalis
1117 484 1241 514 Domini

187 536 322 571 proximo
337 534 461 563 futurum
477 531 602 568 (Eodem
616 531 673 560 Die
688 528 811 564 Incluio)
825 527 999 556 duraturam:
1224 561 1228 565 Ι

225 572 369 602 Omnibus
391 572 424 601 &
447 569 557 608 singulis
577 568 677 598 nostris
699 566 839 597 Fidelibus
858 563 1017 594 Inhibentes
1031 584 1041 600 ,
1066 572 1108 606 ne·
1124 560 1243 598 praefatis

189 610 365 641 Hominibus
387 609 423 639 de
443 608 555 645 Scotia,
574 607 618 637 seu
640 614 739 636 eorum
760 603 859 640 alicui,
877 610 923 631 aut
943 600 1179 635 Posseffionibus,
1198 598 1243 628 vel

189 649 290 679 Rebus
307 649 374 684 suis,
399 646 586 683 Dampnum,
613 644 777 674 Gravamen
791 665 800 678 ,
825 640 959 678 Injuriam
976 664 985 678 ,
1010 640 1055 669 seu
1076 637 1243 680 Molestiam

190 688 324 724 inferant,
342 685 388 716 seu
401 685 504 715 faciant
520 683 619 721 quovis
635 680 737 718 modo,
756 678 811 717 ipsa
826 678 940 718 Treuga
950 702 960 718 ,
978 678 1034 709 sive
1057 676 1243 714 Sufferenua,

191 726 227 756 sic
241 725 366 756 durante.

264 762 297 793 ln
310 763 406 800 cuius,
424 762 484 793 &c.
501 769 550 797 per
563 766 672 794 tempus
689 756 857 795 praedietum
872 755 1022 786 duraturas.

226 802 317 832 Teste
333 800 416 839 Rege
429 797 501 836 apud
516 797 641 828 Novum
654 794 787 825 Castrum
803 795 881 832 super
892 795 1006 833 Tyriam
1015 817 1024 831 ,
1037 791 1174 825 vicesimo
1189 799 1244 822 ter—

190 840 232 871 tio
244 840 290 871 die
304 837 487 871 Novembris.

669 874 722 902 Per
733 870 814 911 ’Qfiaem
827 874 922 909 Regem
936 868 973 906 &¹
989 869 1141 900 Concilium.

193 955 212 975 '¹‘
232 955 326 1016 ET
345 952 515 985 Mandatum
538 950 578 980 est
600 950 730 980 Antonio
742 948 779 980 de
803 949 902 988 Lucy,
921 946 1084 985 Justiciario
1107 946 1157 976 suo
1173 945 1248 975 Lau-

254 1030 273 1060 d
314 993 406 1023 doniae
421 1014 431 1030 ,
456 991 489 1021 &
511 989 624 1019 aliarurn
642 989 797 1019 Terrarum
818 988 905 1026 Regis
927 988 956 1016 in
975 986 1097 1025 partibus
1119 984 1224 1015 Scotiae
1238 1007 1248 1021 ,

213 1043 252 1063 uo
277 1053 287 1068 ‚

191 1043 212 1072 q
229 1069 310 1100 Cum
332 1068 383 1099 fibi
405 1067 561 1099 constiterit
572 1066 663 1098 dictos
679 1065 781 1096 Scotos
791 1064 956 1102 Treugam,
972 1063 1018 1094 seu
1034 1062 1230 1093 Sufferentiam
1240 1084 1249 1099 ,

192 1109 267 1139 illam
282 1116 316 1138 ex
329 1115 406 1145 parte
421 1106 466 1137 sua
477 1106 623 1136 observare
637 1105 725 1143 velle,
743 1105 777 1134 ὃς
792 1113 855 1134 eam
877 1104 907 1132 in
926 1102 1015 1139 locis,
1033 1102 1082 1132 ubi
1101 1100 1201 1138 decet,
1220 1101 1250 1129 in

190 1145 281 1177 Terra
296 1145 417 1183 Scotiae,
432 1146 461 1175 in
475 1143 566 1174 forma
578 1142 732 1182 praedieta,
751 1142 915 1180 proclamari
927 1141 1041 1177 secisse,

228 1185 316 1215 Tunc
337 1184 443 1214 disum
465 1183 627 1221 Treugam,
645 1182 702 1212 five
724 1179 939 1217 Sufferentiam,
955 1181 984 1208 in
997 1179 1085 1215 locis,
1104 1179 1132 1207 in
1147 1176 1251 1208 Balliva

190 1223 251 1261 sui,
268 1224 316 1254 ubi
336 1222 465 1260 expedire
483 1221 600 1259 viderit,
618 1219 730 1258 publice
747 1218 930 1257 proclamari,
949 1218 982 1248 ὃ(
1004 1217 1122 1247 firmiter
1144 1217 1251 1254 teneri,

191 1263 291 1299 faciet,
310 1261 379 1291 sicut
394 1259 562 1298 praedietum
578 1259 628 1289 est.

230 1300 318 1330 Teste
330 1299 414 1338 Rege
426 1297 499 1335 apud
515 1297 642 1329 Novum
656 1295 790 1327 Castrum
806 1294 885 1334 super
898 1294 1014 1333 Tynam
1023 1318 1032 1332 ,
1046 1293 1182 1325 vicesimo
1196 1301 1251 1324 ter-

192 1341 233 1370 tio
247 1339 292 1369 die
308 1337 497 1369 Novembris.

665 1375 719 1402 Per
735 1371 816 1411 ipfitm
830 1374 925 1409 Regem
940 1369 976 1405 (ἐν
992 1374 1014 1400 C
1014 1369 1142 1400 omilium.

193 1508 241 1539 Dc
256 1505 435 1540 Protefbione
448 1506 484 1541 0³·
502 1501 674 1542 andusia,
696 1512 750 1546 pro
765 1498 944 1547 quibusdam
972 1500 1103 1545 Perfhnis
1125 1499 1160 1531 de
1180 1503 1250 1532 Sco-

239 1559 304 1597 tia‚
337 1552 380 1585 ad
399 1555 549 1585 Iteratam
575 1550 801 1597 Reqnifitionem
832 1552 913 1595 Papae
942 1551 978 1587 (ῤ’
1008 1552 1095 1595 Regis
1120 1550 1251 1580 Francia

240 1599 375 1645 conccffis.

194 1689 309 1747 REX
327 1687 477 1719 Universis
498 1687 531 1718 δε
545 1686 671 1724 singulis,
689 1683 928 1721 Vicecomitibus,
948 1682 1074 1721 Ballivis,
1095 1680 1252 1719 Ministris,

268 1729 301 1759 &
322 1728 380 1758 aliis
399 1726 538 1757 Fidelibus
557 1726 625 1763 suis,
645 1725 701 1754 [iim
725 1726 753 1753 in
777 1722 893 1761 Anglii,
913 1722 997 1759 quam
1019 1723 1047 1750 in
1063 1719 1176 1757 Scotia,
1192 1720 1252 1750 tam

195 1766 266 1797 infra
280 1767 453 1804 Libertates,
472 1764 557 1802 quam
574 1773 664 1800 exrra,
682 1762 716 1792 ad
731 1772 801 1800 quos
827 1760 970 1799 praesentes
990 1760 1094 1790 Literae
1116 1768 1253 1798 pervene-

194 1806 266 1842 rint,
284 1805 416 1835 Salutem.

227 1844 326 1874 Sciatis
361 1841 438 1880 uod,

232 1882 312 1912 Cum
370 1890 418 1918 os,
433 1879 466 1910 ad
487 1877 640 1908 Instantern
660 1879 693 1910 &
709 1877 854 1908 Solicitam
866 1875 1112 1915 Requisitionem,
1131 1876 1158 1905 V
1161 1886 1253 1907 enera-

195 1921 295 1951 bilium
312 1919 499 1950 Nunciorum
513 1916 683 1948 Sanfflffimi
698 1916 803 1955 Patris,
822 1916 942 1946 Domini
956 1915 986 1946 Β.
1006 1916 1120 1946 Summi
1136 1914 1255 1946 Pontifi-

194 1960 250 1996 ciS,
270 1957 330 1992 ὥς.
346 1964 425 1995 prout
433 1955 517 1994 fizpra
531 1955 609 1995 ulllue
624 1955 679 1985 hiec
697 1954 801 1988 verba,
824 1957 887 1984 viz.

230 1997 315 2034 Nos,
334 1997 367 2025 ad
381 1995 510 2025 lieratani
530 1994 755 2031 Requilitionem
766 1993 953 2023 Nunciorum
970 1992 1256 2030 praedietorumffus-

195 2037 323 2073 cepimus
348 2036 376 2063 in
396 2033 608 2063 Proteitionem
631 2033 665 2062 &
687 2031 891 2062 Defensionem
911 2030 1036 2061 nostram
1050 2056 1058 2068 ,
1085 2041 1201 2061 necnon
1225 2032 1255 2060 in

199 2075 305 2103 {alvum
321 2073 353 2102 ἃ
368 2072 496 2101 securum
511 2070 700 2100 Condufflim
715 2069 842 2101 nostrum
853 2095 860 2107 ‚
879 2069 923 2099 sex
940 2069 1072 2100 Personas
1087 2069 1122 2101 de
1143 2069 1256 2106 Scotii,

197 2111 398 2149 cujuscumque
411 2108 503 2139 Status
514 2108 560 2138 seu
574 2108 743 2138 conditionis
766 2109 884 2145 suerint,
902 2109 1062 2145 veniendo,
1081 2118 1149 2138 cum
1175 2109 1257 2146 Ossla·

196 2150 324 2187 draginta
336 2148 510 2178 Hominibus
526 2147 673 2184 Equitibus
688 2148 716 2177 in
732 2146 881 2177 Comitiva
891 2146 936 2176 sua
946 2148 1037 2184 ,infra
1054 2147 1190 2186 Regnum
1203 2156 1257 2176 no-

197 2188 301 2224 strum,
320 2187 406 2224 usque
421 2184 525 2215 Villam
539 2184 662 2215 nostram
678 2185 763 2214 Novi
778 2183 868 2214 Castri
887 2185 966 2222 super
985 2185 1118 2224 Tyriam,
1136 2186 1169 2216 ὃ(
1192 2195 1257 2214 ean-

195 2227 263 2256 dem
287 2225 393 2256 Villam
415 2223 614 2262 ingrediendo,
633 2223 667 2252 ad
687 2223 861 2254 metandum
882 2233 950 2253 cum
974 2224 1100 2254 Nunciis
1115 2223 1255 2269 praedietis

197 2264 305 2294 ibidem
329 2264 407 2300 super
431 2263 585 2300 aliquibus,
605 2262 676 2301 ipsos
689 2263 721 2293 ὃς
735 2261 801 2291 alios
815 2261 956 2291 Homines
979 2262 1016 2292 de
1030 2263 1127 2293 Scotia
1142 2263 1256 2292 contin-

197 2303 340 2342 gentibuS,
361 2301 524 2339 ibidemque
541 2300 694 2337 inorandO,
713 2301 746 2330 <Sc
760 2300 860 2330 exinde
874 2300 909 2330 ad
924 2302 1034 2339 propria
1050 2300 1211 2331 redeundo:

235 2341 271 2371 Et
288 2340 352 2370 ideo
367 2340 449 2370 vobis
459 2362 468 2377 ,
486 2337 545 2373 dyc,
560 2346 640 2377 prout
656 2342 683 2367 in
699 2338 875 2377 Corfimilvbm
890 2340 994 2369 Literis
1007 2341 1039 2370 de
1053 2340 1201 2370 Conduc‘lu.

274 2378 306 2408 ln
321 2379 415 2415 cujus,
433 2379 491 2408 &o
512 2387 559 2415 per
575 2387 684 2414 tempus
697 2376 863 2415 praediffhim
876 2377 1023 2409 duraturas.

235 2417 324 2447 Teste
343 2417 422 2455 Rege
435 2416 508 2453 apud
523 2416 650 2447 Novum
663 2415 798 2446 Castrum
810 2415 889 2453 fiipcr
905 2415 1037 2456 Tynam,
1049 2416 1187 2448 vicesimo
1203 2422 1259 2446 ter-

198 2456 240 2487 tio
253 2455 298 2485 die
313 2454 502 2487 Novembris.

680 2496 732 2523 Per
745 2491 825 2532 ipfhm
839 2495 934 2530 Regem
950 2491 987 2528 ὠ
1004 2494 1154 2524 Concilium.

223 2621 273 2652 De
291 2617 468 2651 Proteffione
481 2626 536 2662 pro
556 2616 683 2648 Andrea
702 2615 738 2649 de
756 2616 906 2662 Murreff
917 2619 953 2655 (ῤ’
971 2617 1059 2658 aliis,
1084 2626 1117 2648 ut
1127 2617 1234 2663 stapra.

202 2702 321 2759 REX
336 2702 504 2740 Univerfis,
521 2700 580 2736 &a
600 2708 630 2730 ut
636 2699 815 2745 sup-rqnusque
830 2701 885 2739 ibi,

298 2740 436 2782 Nos„ad
450 2740 578 2770 iteratam
594 2740 821 2777 Reqmlitionem
834 2740 1025 2771 Nunciorum
1040 2741 1260 2781 praedffitorum,

201 2778 367 2816 suscepimus
385 2787 414 2806 m
429 2777 644 2807 Protectionem
660 2779 692 2808 &
710 2778 916 2809 Defenfionem
938 2779 1081 2817 nostram,
1101 2790 1213 2811 necnon
1233 2782 1261 2811 in

200 2816 305 2847 salvum
327 2817 359 2847 ὃς
382 2814 511 2846 securum
529 2815 719 2846 Conduetum
739 2816 887 2855 nostrum,
904 2817 1049 2848 Andream
1067 2818 1103 2848 de
1117 2817 1262 2858 Murreff,

202 2854 393 2884 Willielmum
417 2854 452 2884 de
473 2853 572 2898 Redi,
589 2853 751 2884 Robertum
773 2854 809 2884 de
834 2855 1004 2894 Lowerhre,
1022 2858 1055 2888 &
1071 2857 1262 2888 Willielrnum

202 2891 331 2930 Douglas
347 2891 384 2921 de
406 2892 521 2929 Scotia,
539 2892 572 2922 &
591 2901 691 2922 eorum
711 2892 884 2931 quemlibet,
902 2894 948 2924 vel
1008 2904 1124 2933 uatuor,
1139 2905 1186 2927 aut
1207 2896 1262 2927 Sex

200 2931 263 2974 alias
277 2930 408 2961 Personas
423 2930 458 2959 de
471 2929 584 2966 Scotia,
601 2930 800 2968 cuiuscumque
819 2931 912 2962 Status
930 2933 976 2963 seu
1069 2933 1180 2964 ditionis
1202 2935 1263 2965 fue-

202 2978 258 2999 rint
272 2992 282 3007 ,
308 2978 375 2999 cum
397 2968 590 3006 Quadraginta
611 2968 790 2999 Hominibus
814 2969 962 3007 Equitibus
979 2972 1009 3001 in
1029 2971 1179 3003 Comitiva
1201 2973 1245 3003 sua

201 3008 343 3038 veniendo
366 3008 436 3036 infra
460 3005 600 3043 Regnum
625 3006 771 3044 nostrum,
789 3008 862 3044 apud
883 3007 987 3038 Villam
1008 3009 1094 3040 Novi
1108 3010 1202 3041 Castri
1219 2997 1262 3042 su³

203 3055 253 3085 per
270 3046 405 3084 Tynam,
424 3045 457 3075 &
472 3043 590 3074 eandem
605 3044 710 3073 Villam
735 3045 939 3084 ingrediendo,
955 3047 991 3077 ad
1013 3049 1190 3079 traCtandum
1209 3051 1261 3079 ibi-

203 3083 270 3127 dem
284 3094 351 3114 cum
373 3083 500 3113 Nunciis
518 3083 672 3120 praedietis,
690 3083 771 3121 super
793 3084 946 3123 aliquibus,
964 3085 1036 3122 ipsos
1054 3088 1088 3116 δε
1107 3087 1174 3117 alios
1195 3087 1262 3118 Ho-

205 3131 294 3188 mhnes
311 3121 348 3189 c<ile
369 3121 467 3152 Scotia
486 3122 731 3161 contingentibus,
748 3122 911 3161 ibidemque
931 3123 1089 3163 morando,
1106 3126 1140 3155 δε
1161 3127 1262 3157 exinde

206 3170 236 3190 rc
256 3169 309 3189 eun
330 3169 364 3190 o:

241 3197 278 3229 Et
292 3198 356 3229 ideo
369 3199 466 3238 vobis,
484 3197 545 3234 (ἶφι.
556 3205 639 3238 prout
652 3201 680 3229 in
695 3198 875 3240 Confimilibus
888 3201 1002 3230 Literis,

684 3277 737 3305 Per
752 3274 832 3315 {ostem
842 3277 938 3315 Regem
951 3275 989 3313 ῤ’
1004 3277 1157 3309 Concilium.

444 3410 501 3439 Pro
519 3406 643 3452 Cursbre
660 3408 774 3439 Nuntii
792 3411 877 3455 Regis
892 3411 1033 3444 Franciae.

211 3491 329 3550 REX
345 3490 489 3521 Omnibus
505 3490 682 3529 Ballivis,·&
698 3491 837 3523 Fidelibus
857 3491 924 3532 suis,
941 3494 975 3525 ad
998 3505 1086 3535 quos,
1104 3497 1164 3528 &c.
1184 3495 1263 3528 Salu-

228 3540 237 3545 ·
287 3539 354 3560 tem.

246 3569 342 3600 Sciatis
354 3567 433 3606 quod
442 3590 451 3605 ,
1189 3581 1192 3584 ·

249 3607 329 3638 Cum
340 3606 482 3650 Joiiannes
494 3604 530 3635 de
545 3604 673 3644 Calseto,
689 3605 811 3645 Cursor,
830 3606 1002 3640 Venerabilis
1013 3609 1118 3649 Patris,
1136 3611 1175 3641 R.
1194 3611 1264 3650 Epi·

209 3646 286 3683 scopi
309 3645 479 3676 Mormenlis
505 3645 565 3682 (qui
587 3654 675 3684 nuper
695 3645 729 3675 ad
751 3645 819 3675 Nos
836 3646 907 3676 infra
921 3646 1056 3687 Regnum
1071 3649 1199 3681 nostrum
1233 3652 1263 3682 in

210 3684 363 3714 Nuncium
380 3707 389 3721 ,
416 3682 647 3713 Excellentissimi
666 3681 804 3721 Principis
817 3708 826 3720 ,
858 3684 981 3716 Domini
998 3686 1142 3726 Philippi,
1175 3674 1263 3729 Regis

213 3722 338 3752 Francia:
359 3721 490 3760 Illustris,
509 3720 715 3759 Consanguinei
731 3722 751 3741 ²*
771 3722 859 3752 nostri
881 3722 1027 3762 cariffimi,
1047 3726 1136 3761 venit)
1152 3727 1186 3757 ad
1201 3737 1264 3765 par-

211 3768 253 3791 tes
272 3760 480 3790 Transmarinas
494 3782 504 3798 ,
538 3769 590 3797 pro
613 3759 776 3796 quibusdam
797 3761 934 3797 Negotiis
957 3762 1046 3803 ipsum
1066 3763 1239 3803 Episcopum

211 3798 248 3828 de
268 3798 408 3829 Mandato
430 3798 510 3838 ipsius
529 3797 677 3840 Episcopi,
697 3798 731 3827 &
747 3798 859 3829 licentia
877 3799 992 3838 nostra,
1017 3801 1048 3831 sit
1069 3790 1266 3838 profeeturus'

211 3836 245 3866 &
266 3836 368 3867 exinde
386 3836 422 3867 ad
442 3836 566 3868 eundem
583 3835 754 3874 Episcopum
767 3836 838 3866 infra
854 3837 993 3875 Regnum
1005 3838 1136 3870 nostrum
1158 3828 1263 3874 reditu³

209 3883 255 3903 rus
268 3897 278 3911 ,

249 3911 423 3950 Suscepimus
435 3913 526 3952 ipsum
541 3912 719 3952 johannem,
738 3912 814 3950 Res,
832 3914 866 3944 &
886 3913 964 3944 Bona
981 3915 1041 3954 sua,
1059 3924 1246 3957 quaecumque

211 3949 250 3979 slc
261 3950 355 3993 eundo
369 3951 403 3980 ad
422 3960 510 3989 partes
525 3951 686 3991 praediCtas,
704 3953 737 3982 &
752 3950 853 3981 exinde
869 3951 1030 3991 redeundo,
1050 3954 1080 3983 in
1103 3944 1263 3989 Protectioff

211 3996 278 4016 nem
291 3988 324 4018 &
374 3990 547 4020 efensionem
559 3990 683 4020 nostram
696 3989 861 4028 specialem,
876 4000 992 4021 necnon
1004 3992 1034 4021 in
1049 3991 1153 4024 salvum
1165 3996 1200 4027 &
1222 3997 1263 4028 se-

207 4034 311 4055 curum
324 4024 513 4059 Conductum
525 4028 669 4059 nostrum:

209 4062 292 4133 dag}
295 4123 301 4129 .
309 4062 373 4093 ideo
393 4065 475 4095 vobis
491 4066 677 4107 mandamus,
694 4064 759 4106 &⁶-
768 4072 848 4105 prout
869 4069 897 4097 in
919 4069 1025 4099 Literis
1047 4067 1171 4110 defhlvo
1192 4075 1263 4104 Gon·

284 4142 356 4170 Tam.
371 4141 412 4172 11.
426 4141 459 4169 P.
481 4143 541 4178 ΙΙΙἰ

1288 205 1776 252 PUBLICA.
2279 219 2357 266 139

1306 290 1354 334 'In
1372 292 1466 329 cujus,
1482 293 1541 323 &c.
1557 295 1641 332 usque
1654 297 1687 326 ad
1702 289 1817 327 Festum
1833 280 2045 328 Anuriciationis
2058 297 2149 328 Beatae
2166 296 2266 327 Mariae
2279 307 2348 335 pro—
2361 290 2486 327 Ann.D.

1284 337 1363 358 ximo
1378 330 1502 359 futurum
1517 331 1667 363 duraturas.
2379 342 2461 374 1335.

1322 366 1502 411 TestevRege
1516 370 1590 413 apud
1604 371 1730 402 Novum
1748 372 1887 404 Castrum
1901 374 1978 413 super
1993 374 2110 414 Tyriam
2120 374 2275 413 ,vicesimo
2289 373 2348 404 sex-
2359 375 2425 402 Edv.
2447 383 2471 410 3,

1285 412 1316 435 to
1331 404 1378 434 die
1390 405 1579 437 Novembris.

1482 541 1587 573 Litera
1610 543 1760 576 Benediffi
1778 548 1858 591 Papae
1875 546 2144 579 commendatoria.

1340 621 1492 668 EnediQus
1507 623 1677 669 Episcopus,
1693 628 1795 672 Servus
1808 629 1961 660 Servorum
1976 630 2052 669 Dei,
2066 630 2205 661 carissimo
2222 629 2345 660 inChri-
2363 621 2438 657 Ann.
2450 622 2491 656 Di

1346 659 1402 703 ‘sto
1425 662 1512 699 lulio,
1531 664 1666 707 ¹hdvardo
1689 666 1766 704 Regi
1789 667 1899 707 Angliae
1925 668 2046 707 lllustri,
2062 669 2186 700 Salutem
2206 670 2239 700 δε
2264 669 2345 708 Apo-
2389 673 2473 705 1335-

1288 696 1416 742 stolrcam
1434 698 1674 743 Benedictionem.
2360 708 2402 731 ⁴4⁷¹
2428 714 2457 739 9·

1324 735 1454 767 Diledtos
1470 738 1569 778 Filios,
1587 740 1714 784 Nobiles
1727 742 1829 782 Viros,
1849 744 2004 774 Arnaldum
2029 743 2064 775 de
2089 744 2239 775 Duroforti
2263 744 2345 775 Mili-
2359 746 2389 770 Ε·
2409 752 2436 779 3·

1286 780 1362 815 tem,
1381 775 1414 805 &
1437 775 1594 820 Arnaldum
1617 789 1672 817 ejus
1695 780 1815 819 Filium,
1833 782 1867 811 ad
1888 792 1942 813 tuce
1964 782 2140 813 Celsitudinis
2154 783 2344 821 praesentiam,
2361 785 2400 807 Ex
2415 782 2476 814 Aur.

1288 814 1356 843 licut
1377 823 1552 854 accepimus,
1569 817 1749 861 accedenteS,
1768 819 1845 856 super
1864 821 1931 858 hiis,
1948 831 2010 858 que
2032 829 2142 858 recum,
2168 822 2218 851 Fili
2241 820 2344 851 cariffi-
2360 826 2423 856 t“gr-

1288 851 1681 921 {ZefimhssffiiaignexpedirQ-ut
1693 857 1832 895 afferunt,
1852 857 1951 897 Regiae
1966 859 2164 890 benivolentiae
2181 859 2345 898 propensius

1494 903 1533 922 us.
1847 900 1855 905 “

1290 927 1551 997 Ποξειὲ.ωὲνίιιὶοη.
1570 933 1671 971 quinto
1685 932 1750 963 Kal.
1770 933 1959 973 Decembris,
1979 934 2163 965 Pontificatus
2182 935 2270 966 nostri
2287 935 2349 965 An-

1422 1045 1505 1085 Dorfi
2041 1010 2129 1048 sigillo
2142 1011 2242 1050 avulsa.

1330 1082 1465 1122 Carissimo
1478 1088 1507 1113 in
1519 1084 1623 1124 Christo
1638 1086 1705 1117 Filio
1720 1087 1855 1117 Edvardo
1870 1091 1936 1126 Regi
1949 1087 2062 1126 Angliae
2074 1086 2185 1126 Illustri.

1457 1225 1515 1255 Pru
1539 1224 1669 1255 Nunciis
1687 1223 1723 1256 de
1741 1228 1892 1257 Armenia
1903 1250 1912 1266 ,
1937 1225 1972 1258 de
1989 1228 2073 1258 Dono
2093 1228 2189 1272 Regis.

1299 1306 1565 1377 R-ESffii’iErlil&o
1580 1308 1697 1340 Clerico
1710 1310 1759 1342 suo
1768 1335 1778 1348 ,
1792 1309 1938 1349 Magistro
1954 1304 2044 1340 Paulo
2057 1309 2092 1339 de
2107 1309 2211 1340 Monte
2224 1309 2352 1346 Florum,
2372 1309 2505 1388 Αἷιξέςῢ-

1332 1383 1503 1428 Mandamus
1517 1386 1600 1416 vobis
1617 1386 1693 1425 quod
1703 1411 1712 1426 ,
2369 1392 2421 1414 An.
2437 1398 2465 1422 9-

1333 1422 1382 1453 De
1397 1423 1447 1453 illis
1460 1423 1588 1468 Mille&
1606 1425 1732 1456 Centum
1753 1426 1877 1465 Marcis,
1896 1437 1980 1465 quim,
1999 1425 2105 1456 Dileffi
2119 1424 2232 1463 Nobis,
2247 1423 2353 1462 Major,
2372 1430 2402 1452 Ε.
2424 1435 2448 1461 3.

1295 1461 1616 1506 AldermannixCivesu
1634 1475 1667 1495 ac
1684 1464 1771 1495 Probi
1784 1465 1944 1503 Homines,
1963 1466 2094 1496 Civitatis
2108 1463 2212 1494 nostrae
2235 1462 2354 1493 Londo-
2369 1464 2457 1500 Claus.

1295 1509 1367 1543 niae,
1386 1502 1468 1530 nobis
1492 1502 1598 1545 solvere
1618 1504 1817 1534 concesserunt
1839 1514 1891 1541 pro
1907 1502 2143 1543 Qintadecima,
2160 1511 2245 1540 quam
2266 1510 2355 1540 nuper
2375 1506 2438 1537 9.E.
2457 1511 2483 1538 3d

1295 1547 1324 1566 m
1344 1538 1444 1581 eadem
1468 1539 1608 1577 civitate,
1626 1552 1675 1578 per
1697 1552 1790 1572 certos
1812 1542 1919 1572 Fideles
1938 1542 2066 1579 nostros,
2083 1540 2190 1571 assideri
2210 1539 2356 1569 mandavi-
2373 1549 2409 1568 m.
2426 1549 2451 1576 3.

1296 1585 1383 1619 mus,
1392 1586 1468 1620 Juxta
1484 1577 1725 1621 Concessionem,
1743 1581 1825 1610 nobis
1838 1581 1904 1610 inde
1917 1591 1965 1619 per
1988 1579 2235 1610 Communitatem
2257 1577 2357 1615 Regni

1296 1614 1407 1651 nostri,
1439 1625 1467 1644 1n
1491 1615 1681 1648 Parliamento
1701 1617 1800 1648 nostro
1815 1641 1825 1657 ,
1849 1619 1922 1656 apud
1942 1617 2230 1649 Westmonasterium
2253 1616 2357 1647 ultimo

1297 1661 1480 1691 convocato,
1498 1654 1600 1684 factam
1611 1680 1620 1693 ,

1334 1692 1413 1730 Qas
1425 1693 1509 1735 etiam
1524 1692 1607 1723 Mille
1623 1695 1656 1725 &
1670 1694 1796 1724 Centum
1815 1694 1927 1725 Marcas
1942 1695 2041 1733 vobis,
2059 1694 2093 1725 ad
2115 1704 2187 1732 opus
2208 1692 2357 1732 nostrum,

1297 1739 1345 1774 pei·
1367 1730 1534 1773 praedistos,
1550 1731 1713 1771 Majorem,
1728 1733 1953 1771 AldermannOS,
1972 1732 2076 1771 Cives,
2100 1734 2133 1763 &
2155 1733 2266 1762 Probos
2289 1731 2357 1762 Ho-

1298 1778 1403 1806 mines,
1421 1769 1530 1800 liberari
1544 1771 1754 1809 mandavimus,

1336 1806 1529 1846 Qiadraginra
1542 1808 1669 1851 Libras,
1688 1809 1845 1840 Nobilibus
1868 1810 1942 1841 Viris
2108 1808 2234 1839 Nunciis
2251 1809 2287 1839 de
2306 1808 2360 1838 Er-

1299 1855 1422 1889 monye,
1443 1846 1498 1876 fine
1520 1846 1666 1886 dilatione,
1683 1849 1808 1886 solvatis,
1826 1849 1861 1878 de
1884 1849 1977 1879 Dono
2001 1848 2099 1878 nostro
2115 1848 2270 1884 habendas,
2289 1848 2359 1876 reci-

1298 1894 1404 1927 pientes
1424 1894 1439 1913 a
1462 1885 1579 1922 praefatis
1603 1885 1729 1917 Nunciis
1754 1887 1861 1917 Literas
1885 1887 1942 1917 suas
1963 1887 2115 1924 Parentes,
2149 1885 2359 1923 Receptionem

1298 1923 1385 1952 dietae
1406 1922 1524 1953 summa:
1538 1924 1751 1968 Testificantes,
1770 1935 1820 1962 per
1833 1935 1899 1963 quas
1914 1926 1995 1955 vobis
2011 1925 2094 1962 inde,
2113 1925 2142 1953 in
2167 1924 2250 1954 dietis
2274 1921 2358 1954 Mille

1300 1962 1333 1992 ὃς
1346 1960 1472 1992 Centum
1486 1961 1610 1999 Marcis,
1628 1963 1751 1994 debitam
1766 1965 1996 1994 exonerationem
2011 1963 2112 1993 habere
2126 1962 2268 1992 faciemus.

1337 2000 1423 2030 Teste
1437 2000 1518 2039 Rege
1532 2001 1605 2039 apud
1625 2002 1754 2032 Aucland
1763 2025 1772 2039 ,
1789 2002 1966 2034 duodecimo
1978 2001 2023 2032 dic
2038 2001 2220 2032 Decembris.

1413 2150 1473 2181 Pro
1495 2150 1607 2180 Comite
1624 2145 1661 2180 de
1679 2147 1788 2194 Julers
1807 2150 1843 2186 ὠ
1864 2148 1954 2191 aliis,
1979 2146 2015 2180 de
2033 2150 2119 2180 Dono
2138 2149 2235 2192 Regis.

1303 2231 1508 2294 COnfimilia
1530 2231 1665 2263 Mandata
1690 2232 1846 2263 diriffuntur
1863 2234 1980 2269 praefato
2002 2231 2144 2271 Magistro
2166 2231 2255 2262 Paulo
2271 2256 2280 2269 ,
2304 2241 2358 2269 pro

1378 2271 1549 2310 subscriptis,
1564 2271 1601 2301 de
1612 2271 1727 2301 summis
1743 2257 1914 2309 subscriptis,
1929 2272 2072 2310 separatim
2086 2272 2195 2302 mutatis
2208 2270 2359 2309 mutandis,
2377 2250 2453 2329 ‘³3¹3'
2459 2249 2509 2328 ξ’

1300 2309 1448 2347 videlicet,
2381 2333 2433 2357 An.
2446 2339 2475 2364 9.

1338 2385 1444 2430 Nobili
1465 2385 1537 2429 Viro
1557 2385 1669 2417 Comiti
1690 2385 1891 2430 JuliacenfiUde
1905 2385 2045 2418 Ducentis
2059 2386 2092 2417 &
2107 2386 2152 2417 sex
2167 2386 2278 2426 Libris,
2294 2395 2363 2418 tres—
2378 2372 2456 2434 ,egl-33⁴

1301 2424 1397 2455 decim
1414 2423 1541 2462 Solidos,
1560 2426 1593 2455 δε
1608 2435 1726 2462 quatuor
1742 2425 1879 2455 Denarns.
2436 2424 2445 2433 ‘

1339 2463 1429 2494 Teste
1446 2463 1529 2502 Rege
1543 2463 1616 2501 apud
1630 2463 1777 2502 Aucland,
1793 2463 1967 2494 duodecimo
1981 2462 2027 2494 die
2042 2462 2224 2494 Decembris.

1995 2542 2047 2570 Per
2061 2538 2141 2579 ipſsnn
2157 2542 2260 2577 Regem.

1342 2615 1496 2653 Praeposito
1512 2615 1636 2654 Aquensi
1649 2617 1685 2648 de
1700 2617 1826 2648 Centum
1841 2615 1965 2656 Marcis,

1378 2655 1466 2685 Teste
1482 2663 1511 2685 ut
1527 2655 1613 2693 ssipia.

1996 2695 2049 2724 Per
2063 2691 2144 2733 ipsitm
2159 2692 2262 2731 Regem.

1327 2769 1464 2814 *Matheo
1481 2771 1628 2809 Srumble,
1646 2772 1678 2802 ὃς
1693 2771 1782 2802 Socio
1803 2771 1868 2809 suo,
1888 2771 2047 2809 Militibus,
2063 2770 2100 2802 de
2121 2770 2231 2808 Viginti
2254 2768 2366 2807 Libris,

1305 2808 1452 2847 Vldelicet,
1471 2811 1582 2847 utrique
1597 2820 1698 2841 eorum
1713 2809 1827 2841 Decem
1843 2809 1951 2848 Libras.

1341 2847 1430 2878 Teste
1446 2856 1476 2878 ut
1491 2848 1577 2886 (upra.

1998 2886 2051 2916 Per
2063 2885 2145 2926 ipsum
2158 2887 2264 2922 Regem.

1574 3026 1602 3053 ᾖ
1629 3030 1734 3061 Litera
1753 3027 1838 3074 miffiz
1853 3030 1928 3074 Regi
1949 3030 2107 3062 Armenia.
2382 3044 2396 3058 π
2421 3044 2473 3070 IV.

1307 3111 1519 3173 MAgnifico
1540 3112 1688 3152 Principi,
1714 3112 1848 3143 Domino
1871 3113 1987 3152 Leoni,
2012 3112 2070 3143 Dei
2090 3111 2195 3148 gratia,
2219 3109 2363 3141 Armeniae
2381 3083 2456 3149 27119„
2470 3116 2513 3149 De,

1321 3191 1326 3195 ·
1403 3152 1476 3190 Regi
1489 3150 1725 3190 Illustri,Amico
1741 3151 1964 3189 suocairffimo,
1982 3150 2151 3187 Edwardus,
2169 3149 2289 3186 ejusdem
2302 3158 2363 3188 gra-
2409 3166 2491 3196 1335¹

1306 3199 1360 3228 tia,
1379 3189 1442 3220 Rex
1457 3190 1585 3229 Angliae,
1603 3192 1664 3222 ἃς,
1680 3190 1818 3228 Salutem,
1837 3191 1871 3221 ὃ(
1895 3190 1973 3227 super
1996 3188 2173 3226 incredulos,
2192 3187 2265 3218 Bella
2285 3198 2364 3226 pera-
2380 3200 2474 3230 A21.9.

1305 3227 1400 3269 gendo
1414 3228 1588 3267 Dominica,
1608 3228 1758 3270 magnifice
1778 3228 1956 3265 triumphare.
2381 3238 2411 3260 E.
2437 3244 2461 3269 3.

1345 3265 1445 3303 Regiae
1455 3266 1611 3298 Serenitatis
1628 3267 1731 3297 Literae
1745 3277 1807 3304 per,
1825 3266 1973 3296 discretum
1989 3265 2106 3303 Virum,
2123 3262 2286 3301 Georgium
2302 3264 2364 3302 Sig-
2380 3276 2450 3300 Rom.
2465 3282 2491 3307 ς,4

1305 3305 1362 3335 like
1382 3304 1522 3343 Militem,
1548 3305 1649 3336 vestrae
1673 3305 1850 3336 Celsitudinis
1872 3304 2024 3334 Nuncium
2037 3327 2046 3341 ‚
2070 3303 2171 3334 nostris
2194 3303 2361 3340 praetentatae
2380 3320 2450 3338 m‚2,
2466 3311 2496 3339 Α,

1305 3343 1518 3382 conspeffibus,
1537 3345 1671 3381 ipsiusque
1684 3343 1886 3382 circumspeeta
1903 3341 2016 3371 Relatio
2033 3340 2101 3377 (Cui
2125 3341 2210 3371 fidem
2230 3340 2363 3378 petivistis

1306 3382 1414 3450 plenius
1432 3382 1571 3450 Iadhiberi)
1595 3385 1743 3413 mixturam
1765 3380 1963 3412 Amaritudinis
1985 3382 2018 3411 ὃς
2034 3380 2154 3410 Laetitiae
2170 3379 2270 3409 nostris
2282 3379 2362 3408 senfi-

1329 3431 1358 3451 us
1370 3429 1429 3451 intu
1441 3429 1530 3451 erunt.

1344 3458 1521 3489 Amaricabat
1535 3458 1673 3497 siquidem
1690 3457 1776 3487 nostri
1791 3456 1883 3487 cordis
1898 3457 1993 3486 intima
2008 3457 2097 3494 gravis
2114 3453 2272 3484 lnfidclium
2294 3451 2364 3486 Per-

1305 3498 1430 3535 secuti03
1450 3496 1507 3527 Cui
1525 3497 1662 3535 Regnum
1677 3495 1821 3533 vestrum,
1835 3496 1910 3533 juxta
1924 3494 2087 3524 relationem
2101 3493 2272 3530 hujusmodi,
2290 3494 2363 3524 subi-

1306 3535 1379 3567 citur
1390 3535 1526 3566 hostiliter
1539 3535 1590 3565 hiis
1604 3535 1715 3565 diebus:

1344 3574 1405 3612 Set,
1431 3582 1464 3604 ex
1484 3584 1520 3603 eo
1542 3573 1751 3603 Consolationis
1772 3571 1904 3609 Spiritum
1927 3569 2136 3609 resumpsimus,
2162 3568 2241 3606 quod
2264 3577 2364 3602 contra

1306 3613 1466 3651 Prophanae
1488 3611 1590 3642 Gentis
1608 3611 1776 3647 Perfidiam,
1802 3611 1831 3638 in
1854 3608 2058 3638 Defensionem
2079 3606 2246 3636 Christianae
2268 3607 2363 3646 Fidei,

1306 3651 1519 3690 magnanimiter
1534 3659 1585 3680 vos
1600 3650 1740 3688 opponitis
1751 3649 1825 3686 quta
1841 3647 1925 3683 vires,
1943 3654 1977 3675 ex
1994 3656 2052 3683 quo
2074 3644 2172 3674 Boetos
2194 3656 2246 3675 vos
2266 3645 2361 3681 dicent

1307 3699 1405 3720 omnes
1419 3688 1644 3726 Generationes,
1664 3687 1683 3717 si
1708 3687 1761 3723 sie,
1778 3693 1845 3715 curn
1866 3683 2050 3714 Incrementis
2072 3683 2228 3721 Felicibus,
2245 3683 2278 3713 ad
2298 3684 2361 3716 Re-

1306 3727 1476 3766 preffionctn
1490 3726 1629 3757 Hostium
1642 3725 1719 3755 Fidei
1733 3724 1869 3754 laboretis.

1345 3766 1382 3797 Et
1409 3765 1563 3803 profedffi,
1593 3764 1664 3794 dum
1687 3762 1791 3792 nostrae
1816 3760 2054 3790 Considerationis
2072 3761 2197 3789 occurrit
2217 3760 2363 3794 obtutibus

1307 3805 1440 3842 qualiter,
1467 3812 1516 3840 per
1537 3800 1687 3840 Aggreffus
1711 3799 1870 3830 Infidelium
1891 3796 2064 3836 hujusmodi,
2088 3798 2166 3827 Fines
2187 3797 2363 3830 Christiano-

1307 3852 1387 3879 rum,
1406 3843 1434 3870 in
1457 3840 1658 3877 Redemptoris
1678 3837 1766 3869 nostri
1787 3837 2019 3874 Contumeliam,
2038 3846 2096 3866 non
2118 3836 2175 3866 sine
2188 3835 2364 3868 Verecundia

1307 3879 1525 3910 Catholicorum
1546 3878 1711 3915 Principum
1725 3900 1734 3914 ,
1759 3875 1944 3911 invaduntur,
1965 3874 2102 3904 nimirum
2127 3875 2195 3913 ignis
2214 3875 2243 3904 in
2263 3876 2364 3908 nostris

1307 3918 1533 3950 meditationibus
1548 3915 1696 3946 exarddcit
1731 3915 1765 3945 &
1779 3913 1813 3943 ad
1826 3912 1971 3944 relevanda
1984 3921 2058 3943 tanta
2071 3911 2230 3943 discrimina
2251 3914 2364 3954 noster,

1306 3967 1366 3994 prae
1377 3956 1484 3987 caeteris
1496 3954 1650 3992 omnibus,
1665 3937 1775 3990 suspirat
1790 3951 1933 3982 Affestus:
1951 3951 1985 3981 ad
1999 3951 2076 3989 quod
2086 3975 2094 3989 ,
2107 3950 2287 3982 Ceffantihus
2302 3953 2364 3990 qui—

1305 3994 1420 4025 busdam
1437 3992 1649 4030 impedimentis
1664 3990 1834 4027 necessariis,
1854 3998 1918 4028 quae
1932 3999 1985 4019 nos
1996 3989 2088 4020 adhuc
2106 3989 2247 4020 retrahunt
2270 3992 2363 4026 (novit

1306 4032 1472 4067 Altiffimus)
1488 4031 1521 4061 &
1535 4029 1663 4061 Ιηνίᾶοε
1676 4030 1902 4067 interponemus,
1921 4026 2061 4059 Conflatis
2073 4028 2191 4067 viribus,
2209 4035 2296 4066 partes
2306 4037 2360 4058 no‘

1306 4072 1390 4108 stras;
1409 4070 1442 4101 &
1457 4069 1485 4099 id
1500 4070 1551 4099 erit
1565 4070 1594 4098 in
1609 4069 1759 4106 proximo,
1774 4066 1843 4097 Deo
1855 4065 1952 4097 Duce.

1343 4109 1433 4148 Super
1452 4118 1512 4147 quo
1531 4106 1649 4147 praefato
1669 4105 1776 4145 Militi,
1792 4104 1887 4175 {estro
1903 4104 2074 4144 Secretario,
2090 4111 2217 4136 mentem
2234 4099 2359 4144 nostram

1833 4153 1852 4175 2
2302 4148 2359 4178 pie<
