<?xml version="1.0" encoding="UTF-8"?>
<!DOCTYPE html PUBLIC "-//W3C//DTD XHTML 1.0 Transitional//EN"
    "http://www.w3.org/TR/xhtml1/DTD/xhtml1-transitional.dtd">
<html xmlns="http://www.w3.org/1999/xhtml" xml:lang="en" lang="en">
 <head>
  <title>
</title>
<meta http-equiv="Content-Type" content="text/html;charset=utf-8" />
  <meta name='ocr-system' content='tesseract 3.04.00' />
  <meta name='ocr-capabilities' content='ocr_page ocr_carea ocr_par ocr_line ocrx_word'/>
</head>
<body>
  <div class='ocr_page' id='page_1' title='image "./fderaconventione02ryme_0408.png"; bbox 0 0 2562 4279; ppageno 0'>
   <div class='ocr_carea' id='block_1_1' title="bbox 18 249 148 358">
    <p class='ocr_par' dir='ltr' id='par_1_1' title="bbox 18 249 148 358">
     <span class='ocr_line' id='line_1_1' title="bbox 18 249 148 283; baseline -0.023 0"><span class='ocrx_word' id='word_1_1' title='bbox 18 249 98 283; x_wconf 85' lang='lat' dir='ltr'>&#39;Ann.</span> <span class='ocrx_word' id='word_1_2' title='bbox 106 249 148 281; x_wconf 93' lang='lat' dir='ltr'>D.</span> 
     </span>
     <span class='ocr_line' id='line_1_2' title="bbox 19 289 133 358; baseline -0.018 0"><span class='ocrx_word' id='word_1_3' title='bbox 19 289 133 358; x_wconf 46' lang='grc' dir='ltr'>ῑῖιῖῗξῖ</span> 
     </span>
    </p>
   </div>
   <div class='ocr_carea' id='block_1_2' title="bbox 15 411 147 678">
    <p class='ocr_par' dir='ltr' id='par_1_2' title="bbox 15 411 147 678">
     <span class='ocr_line' id='line_1_3' title="bbox 19 411 147 444; baseline 0.008 -1"><span class='ocrx_word' id='word_1_4' title='bbox 19 411 98 443; x_wconf 79' lang='lat' dir='ltr'>Ann.</span> <span class='ocrx_word' id='word_1_5' title='bbox 106 412 147 444; x_wconf 90' lang='lat' dir='ltr'>D.</span> 
     </span>
     <span class='ocr_line' id='line_1_4' title="bbox 17 453 133 519; baseline -0.009 0"><span class='ocrx_word' id='word_1_6' title='bbox 17 453 133 519; x_wconf 52' lang='grc' dir='ltr'><em>Αξιῗῖξ.</em></span> 
     </span>
     <span class='ocr_line' id='line_1_5' title="bbox 16 529 131 557; baseline -0.017 0"><span class='ocrx_word' id='word_1_7' title='bbox 16 529 87 557; x_wconf 74' lang='lat' dir='ltr'>Edv.</span> <span class='ocrx_word' id='word_1_8' title='bbox 106 538 131 556; x_wconf 87' lang='lat'>2.</span> 
     </span>
     <span class='ocr_line' id='line_1_6' title="bbox 15 568 138 595; baseline 0 0"><span class='ocrx_word' id='word_1_9' title='bbox 15 568 72 595; x_wconf 75' lang='lat' dir='ltr'>rin.</span> <span class='ocrx_word' id='word_1_10' title='bbox 92 576 138 595; x_wconf 88' lang='lat'>20.</span> 
     </span>
     <span class='ocr_line' id='line_1_7' title="bbox 16 608 93 632; baseline 0 0"><span class='ocrx_word' id='word_1_11' title='bbox 16 608 48 632; x_wconf 78' lang='grc' dir='ltr'>Ξ.</span> <span class='ocrx_word' id='word_1_12' title='bbox 67 614 93 632; x_wconf 86' lang='lat'>2.</span> 
     </span>
     <span class='ocr_line' id='line_1_8' title="bbox 16 652 95 678; baseline -0.013 -7"><span class='ocrx_word' id='word_1_13' title='bbox 16 652 53 671; x_wconf 83' lang='lat' dir='ltr'>m.</span> <span class='ocrx_word' id='word_1_14' title='bbox 67 652 95 678; x_wconf 93' lang='lat'>9.</span> 
     </span>
    </p>
   </div>
   <div class='ocr_carea' id='block_1_3' title="bbox 170 157 252 206">
    <p class='ocr_par' dir='ltr' id='par_1_3' title="bbox 170 157 252 206">
     <span class='ocr_line' id='line_1_9' title="bbox 170 157 252 206; baseline -0.012 -11"><span class='ocrx_word' id='word_1_15' title='bbox 170 157 252 206; x_wconf 79' lang='lat'>164</span> 
     </span>
    </p>
   </div>
   <div class='ocr_carea' id='block_1_4' title="bbox 239 318 1163 369">
    <p class='ocr_par' dir='ltr' id='par_1_4' title="bbox 239 318 1163 369">
     <span class='ocr_line' id='line_1_10' title="bbox 239 318 1163 369; baseline -0.005 -13"><span class='ocrx_word' id='word_1_16' title='bbox 239 321 389 366; x_wconf 70' lang='lat' dir='ltr'>Cmfimile</span> <span class='ocrx_word' id='word_1_17' title='bbox 408 318 596 352; x_wconf 74' lang='lat' dir='ltr'>Mandatum</span> <span class='ocrx_word' id='word_1_18' title='bbox 612 329 669 365; x_wconf 88' lang='lat' dir='ltr'>pro</span> <span class='ocrx_word' id='word_1_19' title='bbox 687 319 797 365; x_wconf 77' lang='lat' dir='ltr'>Infhlis</span> <span class='ocrx_word' id='word_1_20' title='bbox 818 318 942 369; x_wconf 77' lang='lat' dir='ltr'>Jeresty</span> <span class='ocrx_word' id='word_1_21' title='bbox 960 321 996 358; x_wconf 68' lang='lat'>&amp;³</span> <span class='ocrx_word' id='word_1_22' title='bbox 1014 319 1163 368; x_wconf 67' lang='lat' dir='ltr'>Gernes&#39;ey.</span> 
     </span>
    </p>
   </div>
   <div class='ocr_carea' id='block_1_5' title="bbox 162 401 1231 1064">
    <p class='ocr_par' dir='ltr' id='par_1_5' title="bbox 174 401 1231 483">
     <span class='ocr_line' id='line_1_11' title="bbox 174 401 1230 463; baseline -0.006 -25"><span class='ocrx_word' id='word_1_23' title='bbox 174 408 231 463; x_wconf 79' lang='lat' dir='ltr'>R</span> <span class='ocrx_word' id='word_1_24' title='bbox 240 406 265 438; x_wconf 88' lang='lat' dir='ltr'><strong>E</strong></span> <span class='ocrx_word' id='word_1_25' title='bbox 275 405 325 444; x_wconf 91' lang='lat' dir='ltr'>X,</span> <span class='ocrx_word' id='word_1_26' title='bbox 343 405 449 436; x_wconf 68' lang='lat' dir='ltr'>dilecfto</span> <span class='ocrx_word' id='word_1_27' title='bbox 462 405 496 436; x_wconf 88' lang='lat'>&amp;</span> <span class='ocrx_word' id='word_1_28' title='bbox 510 404 584 435; x_wconf 84' lang='lat' dir='ltr'>fideli</span> <span class='ocrx_word' id='word_1_29' title='bbox 598 405 665 444; x_wconf 90' lang='lat' dir='ltr'>suo,</span> <span class='ocrx_word' id='word_1_30' title='bbox 679 404 802 444; x_wconf 83' lang='lat' dir='ltr'>Johanni</span> <span class='ocrx_word' id='word_1_31' title='bbox 815 404 851 436; x_wconf 89' lang='lat' dir='ltr'>de</span> <span class='ocrx_word' id='word_1_32' title='bbox 864 404 970 435; x_wconf 91' lang='lat' dir='ltr'>Roche</span> <span class='ocrx_word' id='word_1_33' title='bbox 984 429 994 442; x_wconf 81' lang='lat'>,</span> <span class='ocrx_word' id='word_1_34' title='bbox 1012 403 1135 435; x_wconf 88' lang='lat' dir='ltr'>Custodi</span> <span class='ocrx_word' id='word_1_35' title='bbox 1151 401 1230 433; x_wconf 89' lang='lat' dir='ltr'>Insu-</span> 
     </span>
     <span class='ocr_line' id='line_1_12' title="bbox 250 442 1231 483; baseline -0.004 -8"><span class='ocrx_word' id='word_1_36' title='bbox 250 445 339 475; x_wconf 87' lang='lat' dir='ltr'>larum</span> <span class='ocrx_word' id='word_1_37' title='bbox 353 444 388 474; x_wconf 94' lang='lat' dir='ltr'>de</span> <span class='ocrx_word' id='word_1_38' title='bbox 416 443 523 482; x_wconf 87' lang='lat' dir='ltr'>eteseye</span> <span class='ocrx_word' id='word_1_39' title='bbox 555 442 733 483; x_wconf 74' lang='lat' dir='ltr'>Gerneieye,</span> <span class='ocrx_word' id='word_1_40' title='bbox 751 444 822 475; x_wconf 87' lang='lat' dir='ltr'>Scrk</span> <span class='ocrx_word' id='word_1_41' title='bbox 832 466 843 483; x_wconf 89' lang='lat'>,</span> <span class='ocrx_word' id='word_1_42' title='bbox 861 444 895 474; x_wconf 88' lang='lat'>&amp;</span> <span class='ocrx_word' id='word_1_43' title='bbox 911 443 1075 483; x_wconf 83' lang='lat' dir='ltr'>Aureneye,</span> <span class='ocrx_word' id='word_1_44' title='bbox 1097 442 1231 473; x_wconf 84' lang='lat' dir='ltr'>Salutem.</span> 
     </span>
    </p>

    <p class='ocr_par' dir='ltr' id='par_1_6' title="bbox 170 466 1231 561">
     <span class='ocr_line' id='line_1_13' title="bbox 207 466 1231 522; baseline -0.003 -10"><span class='ocrx_word' id='word_1_45' title='bbox 207 482 284 522; x_wconf 82' lang='lat' dir='ltr'>Qia</span> <span class='ocrx_word' id='word_1_46' title='bbox 298 483 360 513; x_wconf 79' lang='lat' dir='ltr'>Rex</span> <span class='ocrx_word' id='word_1_47' title='bbox 401 483 504 513; x_wconf 86' lang='lat' dir='ltr'>ranciae</span> <span class='ocrx_word' id='word_1_48' title='bbox 513 466 654 512; x_wconf 49' lang='lat' dir='ltr'>(inerram</span> <span class='ocrx_word' id='word_1_49' title='bbox 666 492 765 513; x_wconf 91' lang='lat' dir='ltr'>contra</span> <span class='ocrx_word' id='word_1_50' title='bbox 777 492 828 512; x_wconf 88' lang='lat' dir='ltr'>nos</span> <span class='ocrx_word' id='word_1_51' title='bbox 842 484 945 521; x_wconf 87' lang='lat' dir='ltr'>movit,</span> <span class='ocrx_word' id='word_1_52' title='bbox 954 481 1089 513; x_wconf 85' lang='lat' dir='ltr'>Uxorem</span> <span class='ocrx_word' id='word_1_53' title='bbox 1105 481 1231 519; x_wconf 84' lang='lat' dir='ltr'>nostram</span> 
     </span>
     <span class='ocr_line' id='line_1_14' title="bbox 170 519 1229 561; baseline -0.004 -9"><span class='ocrx_word' id='word_1_54' title='bbox 170 521 200 552; x_wconf 87' lang='lat' dir='ltr'>in</span> <span class='ocrx_word' id='word_1_55' title='bbox 217 521 322 560; x_wconf 80' lang='lat' dir='ltr'>Regno</span> <span class='ocrx_word' id='word_1_56' title='bbox 335 521 384 552; x_wconf 87' lang='lat' dir='ltr'>suo</span> <span class='ocrx_word' id='word_1_57' title='bbox 398 521 588 559; x_wconf 78' lang='lat' dir='ltr'>receptando,</span> <span class='ocrx_word' id='word_1_58' title='bbox 605 519 666 555; x_wconf 60' lang='lat' dir='ltr'>&amp;a</span> <span class='ocrx_word' id='word_1_59' title='bbox 678 528 761 559; x_wconf 83' lang='lat' dir='ltr'>prout</span> <span class='ocrx_word' id='word_1_60' title='bbox 768 522 854 561; x_wconf 83' lang='lat' dir='ltr'>supra</span> <span class='ocrx_word' id='word_1_61' title='bbox 869 521 949 560; x_wconf 69' lang='lat' dir='ltr'>usque</span> <span class='ocrx_word' id='word_1_62' title='bbox 970 519 1026 550; x_wconf 85' lang='lat' dir='ltr'>haec</span> <span class='ocrx_word' id='word_1_63' title='bbox 1041 519 1146 556; x_wconf 76' lang='lat' dir='ltr'>verba,-</span> <span class='ocrx_word' id='word_1_64' title='bbox 1166 522 1229 549; x_wconf 82' lang='lat' dir='ltr'>viz.</span> 
     </span>
    </p>

    <p class='ocr_par' dir='ltr' id='par_1_7' title="bbox 162 558 1231 985">
     <span class='ocr_line' id='line_1_15' title="bbox 209 558 1231 599; baseline -0.003 -9"><span class='ocrx_word' id='word_1_65' title='bbox 209 558 300 591; x_wconf 89' lang='lat' dir='ltr'>Vobis</span> <span class='ocrx_word' id='word_1_66' title='bbox 314 558 502 598; x_wconf 80' lang='lat' dir='ltr'>Mandamus,</span> <span class='ocrx_word' id='word_1_67' title='bbox 521 558 638 590; x_wconf 86' lang='lat' dir='ltr'>firmiter</span> <span class='ocrx_word' id='word_1_68' title='bbox 653 561 826 599; x_wconf 82' lang='lat' dir='ltr'>injungentes</span> <span class='ocrx_word' id='word_1_69' title='bbox 840 561 920 599; x_wconf 81' lang='lat' dir='ltr'>quod</span> <span class='ocrx_word' id='word_1_70' title='bbox 939 569 1039 589; x_wconf 87' lang='lat' dir='ltr'>omnes</span> <span class='ocrx_word' id='word_1_71' title='bbox 1060 558 1204 588; x_wconf 81' lang='lat' dir='ltr'><strong>Homines</strong></span> <span class='ocrx_word' id='word_1_72' title='bbox 1220 581 1231 596; x_wconf 88' lang='lat'>,</span> 
     </span>
     <span class='ocr_line' id='line_1_16' title="bbox 169 594 1229 638; baseline -0.002 -10"><span class='ocrx_word' id='word_1_73' title='bbox 169 597 206 628; x_wconf 89' lang='lat' dir='ltr'>de</span> <span class='ocrx_word' id='word_1_74' title='bbox 221 597 364 630; x_wconf 86' lang='lat' dir='ltr'>Dominio</span> <span class='ocrx_word' id='word_1_75' title='bbox 378 599 411 629; x_wconf 85' lang='lat'>&amp;</span> <span class='ocrx_word' id='word_1_76' title='bbox 426 597 568 629; x_wconf 89' lang='lat' dir='ltr'>Potestate</span> <span class='ocrx_word' id='word_1_77' title='bbox 580 598 647 629; x_wconf 71' lang='lat' dir='ltr'>dieti</span> <span class='ocrx_word' id='word_1_78' title='bbox 662 598 749 638; x_wconf 85' lang='lat' dir='ltr'>Regis</span> <span class='ocrx_word' id='word_1_79' title='bbox 762 598 785 628; x_wconf 92' lang='lat' dir='ltr'>F</span> <span class='ocrx_word' id='word_1_80' title='bbox 787 601 904 638; x_wconf 67' lang='lat' dir='ltr'>tanciae,</span> <span class='ocrx_word' id='word_1_81' title='bbox 923 599 1123 636; x_wconf 82' lang='lat' dir='ltr'>cujuicumque</span> <span class='ocrx_word' id='word_1_82' title='bbox 1144 594 1229 626; x_wconf 74' lang='lat' dir='ltr'>statiis</span> 
     </span>
     <span class='ocr_line' id='line_1_17' title="bbox 167 635 1228 676; baseline -0.003 -8"><span class='ocrx_word' id='word_1_83' title='bbox 167 635 213 668; x_wconf 80' lang='lat' dir='ltr'>seu</span> <span class='ocrx_word' id='word_1_84' title='bbox 227 637 399 668; x_wconf 85' lang='lat' dir='ltr'>conditionis</span> <span class='ocrx_word' id='word_1_85' title='bbox 414 636 548 676; x_wconf 87' lang='lat' dir='ltr'>existant,</span> <span class='ocrx_word' id='word_1_86' title='bbox 566 638 596 667; x_wconf 90' lang='lat' dir='ltr'>in</span> <span class='ocrx_word' id='word_1_87' title='bbox 610 636 706 667; x_wconf 81' lang='lat' dir='ltr'><strong>Infulis</strong></span> <span class='ocrx_word' id='word_1_88' title='bbox 721 637 860 676; x_wconf 67' lang='lat' dir='ltr'>praedicTtis</span> <span class='ocrx_word' id='word_1_89' title='bbox 874 639 1022 674; x_wconf 85' lang='lat' dir='ltr'>inventos,</span> <span class='ocrx_word' id='word_1_90' title='bbox 1037 636 1082 666; x_wconf 89' lang='lat' dir='ltr'>seu</span> <span class='ocrx_word' id='word_1_91' title='bbox 1117 645 1167 665; x_wconf 86' lang='lat' dir='ltr'>uos</span> <span class='ocrx_word' id='word_1_92' title='bbox 1181 645 1228 665; x_wconf 84' lang='lat' dir='ltr'>ex-</span> 
     </span>
     <span class='ocr_line' id='line_1_18' title="bbox 167 674 1230 715; baseline -0.004 -9"><span class='ocrx_word' id='word_1_93' title='bbox 167 684 245 706; x_wconf 87' lang='lat' dir='ltr'>nunc</span> <span class='ocrx_word' id='word_1_94' title='bbox 259 677 356 706; x_wconf 90' lang='lat' dir='ltr'>venire</span> <span class='ocrx_word' id='word_1_95' title='bbox 369 677 534 715; x_wconf 87' lang='lat' dir='ltr'>contigerit,</span> <span class='ocrx_word' id='word_1_96' title='bbox 556 677 610 706; x_wconf 68' lang='lat' dir='ltr'>unit</span> <span class='ocrx_word' id='word_1_97' title='bbox 623 685 691 707; x_wconf 87' lang='lat' dir='ltr'>cum</span> <span class='ocrx_word' id='word_1_98' title='bbox 704 675 801 706; x_wconf 85' lang='lat' dir='ltr'>Terris</span> <span class='ocrx_word' id='word_1_99' title='bbox 813 676 846 706; x_wconf 92' lang='lat'>&amp;</span> <span class='ocrx_word' id='word_1_100' title='bbox 860 675 1066 713; x_wconf 88' lang='lat' dir='ltr'>Tenementis,</span> <span class='ocrx_word' id='word_1_101' title='bbox 1121 674 1230 712; x_wconf 85' lang='lat' dir='ltr'>avibus,</span> 
     </span>
     <span class='ocr_line' id='line_1_19' title="bbox 168 713 1228 754; baseline -0.004 -9"><span class='ocrx_word' id='word_1_102' title='bbox 168 713 273 753; x_wconf 89' lang='lat' dir='ltr'>Bonis,</span> <span class='ocrx_word' id='word_1_103' title='bbox 291 714 323 745; x_wconf 89' lang='lat'>&amp;</span> <span class='ocrx_word' id='word_1_104' title='bbox 340 714 422 744; x_wconf 82' lang='lat' dir='ltr'>rebus</span> <span class='ocrx_word' id='word_1_105' title='bbox 443 716 492 745; x_wconf 82' lang='lat' dir='ltr'>iuis</span> <span class='ocrx_word' id='word_1_106' title='bbox 516 713 741 754; x_wconf 84' lang='lat' dir='ltr'>quibuscumque</span> <span class='ocrx_word' id='word_1_107' title='bbox 764 714 998 752; x_wconf 87' lang='lat' dir='ltr'>(Flandrenfibus</span> <span class='ocrx_word' id='word_1_108' title='bbox 1018 713 1160 743; x_wconf 83' lang='lat' dir='ltr'>dumtaxat</span> <span class='ocrx_word' id='word_1_109' title='bbox 1181 722 1228 742; x_wconf 80' lang='lat' dir='ltr'>ex-</span> 
     </span>
     <span class='ocr_line' id='line_1_20' title="bbox 168 751 1227 792; baseline -0.002 -10"><span class='ocrx_word' id='word_1_110' title='bbox 168 754 274 790; x_wconf 89' lang='lat' dir='ltr'>ceptis)</span> <span class='ocrx_word' id='word_1_111' title='bbox 292 752 419 792; x_wconf 83' lang='lat' dir='ltr'>arestari,</span> <span class='ocrx_word' id='word_1_112' title='bbox 438 754 471 784; x_wconf 67' lang='grc' dir='ltr'>ὃς</span> <span class='ocrx_word' id='word_1_113' title='bbox 486 754 556 792; x_wconf 89' lang='lat' dir='ltr'>ipsos</span> <span class='ocrx_word' id='word_1_114' title='bbox 571 753 647 784; x_wconf 78' lang='lat' dir='ltr'>salvo</span> <span class='ocrx_word' id='word_1_115' title='bbox 662 754 695 785; x_wconf 91' lang='lat'>&amp;</span> <span class='ocrx_word' id='word_1_116' title='bbox 710 752 846 792; x_wconf 80' lang='lat' dir='ltr'>honeste,</span> <span class='ocrx_word' id='word_1_117' title='bbox 865 762 980 783; x_wconf 89' lang='lat' dir='ltr'><strong>necnon</strong></span> <span class='ocrx_word' id='word_1_118' title='bbox 994 752 1115 789; x_wconf 88' lang='lat' dir='ltr'>Terras,</span> <span class='ocrx_word' id='word_1_119' title='bbox 1129 751 1227 780; x_wconf 90' lang='lat' dir='ltr'>Tene-</span> 
     </span>
     <span class='ocr_line' id='line_1_21' title="bbox 168 790 1228 831; baseline -0.003 -10"><span class='ocrx_word' id='word_1_120' title='bbox 168 799 279 829; x_wconf 86' lang='lat' dir='ltr'>menta,</span> <span class='ocrx_word' id='word_1_121' title='bbox 298 791 416 830; x_wconf 89' lang='lat' dir='ltr'>Naves,</span> <span class='ocrx_word' id='word_1_122' title='bbox 434 791 528 831; x_wconf 87' lang='lat' dir='ltr'>Bona,</span> <span class='ocrx_word' id='word_1_123' title='bbox 548 792 581 822; x_wconf 89' lang='lat'>&amp;</span> <span class='ocrx_word' id='word_1_124' title='bbox 594 792 670 830; x_wconf 80' lang='lat' dir='ltr'>Res,</span> <span class='ocrx_word' id='word_1_125' title='bbox 685 792 836 830; x_wconf 65' lang='lat' dir='ltr'>praediCta,</span> <span class='ocrx_word' id='word_1_126' title='bbox 855 791 958 829; x_wconf 82' lang='lat' dir='ltr'>absque</span> <span class='ocrx_word' id='word_1_127' title='bbox 969 790 1162 827; x_wconf 59' lang='lat' dir='ltr'>distradtione,</span> <span class='ocrx_word' id='word_1_128' title='bbox 1178 799 1228 826; x_wconf 89' lang='lat' dir='ltr'>per</span> 
     </span>
     <span class='ocr_line' id='line_1_22' title="bbox 165 827 1226 870; baseline -0.003 -10"><span class='ocrx_word' id='word_1_129' title='bbox 165 839 236 869; x_wconf 85' lang='lat' dir='ltr'>vos,</span> <span class='ocrx_word' id='word_1_130' title='bbox 253 829 299 861; x_wconf 91' lang='lat' dir='ltr'>seu</span> <span class='ocrx_word' id='word_1_131' title='bbox 313 831 396 869; x_wconf 85' lang='lat' dir='ltr'>alios,</span> <span class='ocrx_word' id='word_1_132' title='bbox 415 831 448 862; x_wconf 87' lang='lat' dir='ltr'>ad</span> <span class='ocrx_word' id='word_1_133' title='bbox 460 831 516 860; x_wconf 89' lang='lat' dir='ltr'>hoc</span> <span class='ocrx_word' id='word_1_134' title='bbox 532 830 722 870; x_wconf 80' lang='lat' dir='ltr'>deputandos,</span> <span class='ocrx_word' id='word_1_135' title='bbox 740 829 876 861; x_wconf 90' lang='lat' dir='ltr'>custodiri</span> <span class='ocrx_word' id='word_1_136' title='bbox 896 830 1000 860; x_wconf 78' lang='lat' dir='ltr'>faciatis</span> <span class='ocrx_word' id='word_1_137' title='bbox 1013 852 1023 867; x_wconf 84' lang='lat'>‚</span> <span class='ocrx_word' id='word_1_138' title='bbox 1040 829 1136 858; x_wconf 85' lang='lat' dir='ltr'>donec</span> <span class='ocrx_word' id='word_1_139' title='bbox 1153 827 1226 858; x_wconf 83' lang='lat' dir='ltr'>ahud</span> 
     </span>
     <span class='ocr_line' id='line_1_23' title="bbox 164 866 1226 908; baseline -0.002 -10"><span class='ocrx_word' id='word_1_140' title='bbox 164 868 232 899; x_wconf 78' lang='lat' dir='ltr'>inde</span> <span class='ocrx_word' id='word_1_141' title='bbox 244 869 405 900; x_wconf 86' lang='lat' dir='ltr'>duxerimus</span> <span class='ocrx_word' id='word_1_142' title='bbox 425 869 612 900; x_wconf 87' lang='lat' dir='ltr'>ordinandum</span> <span class='ocrx_word' id='word_1_143' title='bbox 625 881 636 908; x_wconf 77' lang='lat'>3</span> <span class='ocrx_word' id='word_1_144' title='bbox 654 868 696 899; x_wconf 90' lang='lat' dir='ltr'>Ita</span> <span class='ocrx_word' id='word_1_145' title='bbox 733 869 791 899; x_wconf 79' lang='lat' dir='ltr'>uod</span> <span class='ocrx_word' id='word_1_146' title='bbox 806 868 841 898; x_wconf 91' lang='lat' dir='ltr'>de</span> <span class='ocrx_word' id='word_1_147' title='bbox 855 868 980 898; x_wconf 82' lang='lat' dir='ltr'>Exitibus</span> <span class='ocrx_word' id='word_1_148' title='bbox 994 867 1149 897; x_wconf 83' lang='lat' dir='ltr'>Terrarum</span> <span class='ocrx_word' id='word_1_149' title='bbox 1164 889 1174 904; x_wconf 96' lang='lat'>,</span> <span class='ocrx_word' id='word_1_150' title='bbox 1192 866 1226 896; x_wconf 92' lang='lat'>&amp;</span> 
     </span>
     <span class='ocr_line' id='line_1_24' title="bbox 162 905 1227 948; baseline -0.003 -10"><span class='ocrx_word' id='word_1_151' title='bbox 162 907 412 938; x_wconf 79' lang='lat' dir='ltr'>Tenementorum</span> <span class='ocrx_word' id='word_1_152' title='bbox 426 908 646 948; x_wconf 62' lang='lat' dir='ltr'>praedidiorum,</span> <span class='ocrx_word' id='word_1_153' title='bbox 664 908 696 938; x_wconf 86' lang='lat'>&amp;</span> <span class='ocrx_word' id='word_1_154' title='bbox 731 917 746 937; x_wconf 92' lang='lat' dir='ltr'>e</span> <span class='ocrx_word' id='word_1_155' title='bbox 760 906 909 945; x_wconf 80' lang='lat' dir='ltr'>Navibus,</span> <span class='ocrx_word' id='word_1_156' title='bbox 927 906 1028 945; x_wconf 83' lang='lat' dir='ltr'>Bonis,</span> <span class='ocrx_word' id='word_1_157' title='bbox 1046 905 1080 936; x_wconf 90' lang='lat'>&amp;</span> <span class='ocrx_word' id='word_1_158' title='bbox 1093 905 1175 935; x_wconf 88' lang='lat' dir='ltr'>rebus</span> <span class='ocrx_word' id='word_1_159' title='bbox 1193 906 1227 935; x_wconf 83' lang='lat' dir='ltr'>il-</span> 
     </span>
     <span class='ocr_line' id='line_1_25' title="bbox 163 945 917 985; baseline -0.001 -9"><span class='ocrx_word' id='word_1_160' title='bbox 163 945 197 976; x_wconf 90' lang='lat' dir='ltr'>lis</span> <span class='ocrx_word' id='word_1_161' title='bbox 231 946 313 977; x_wconf 88' lang='lat' dir='ltr'>nobis</span> <span class='ocrx_word' id='word_1_162' title='bbox 325 947 523 985; x_wconf 84' lang='lat' dir='ltr'>respondeatur</span> <span class='ocrx_word' id='word_1_163' title='bbox 535 946 569 977; x_wconf 87' lang='lat' dir='ltr'>ad</span> <span class='ocrx_word' id='word_1_164' title='bbox 583 947 763 977; x_wconf 85' lang='lat' dir='ltr'>Scaccarium</span> <span class='ocrx_word' id='word_1_165' title='bbox 778 945 917 976; x_wconf 88' lang='lat' dir='ltr'>nostrum.</span> 
     </span>
    </p>

    <p class='ocr_par' dir='ltr' id='par_1_8' title="bbox 163 969 1224 1064">
     <span class='ocr_line' id='line_1_26' title="bbox 203 969 1224 1025; baseline -0.003 -9"><span class='ocrx_word' id='word_1_166' title='bbox 203 969 346 1016; x_wconf 59' lang='lat' dir='ltr'>Volumus</span> <span class='ocrx_word' id='word_1_167' title='bbox 360 985 485 1025; x_wconf 76' lang='lat' dir='ltr'>insuper,</span> <span class='ocrx_word' id='word_1_168' title='bbox 503 986 537 1016; x_wconf 91' lang='lat'>&amp;</span> <span class='ocrx_word' id='word_1_169' title='bbox 550 986 632 1016; x_wconf 90' lang='lat' dir='ltr'>vobis</span> <span class='ocrx_word' id='word_1_170' title='bbox 644 984 830 1022; x_wconf 76' lang='lat' dir='ltr'>MandamuS,</span> <span class='ocrx_word' id='word_1_171' title='bbox 847 983 926 1024; x_wconf 79' lang='lat' dir='ltr'>quod</span> <span class='ocrx_word' id='word_1_172' title='bbox 948 992 1047 1014; x_wconf 84' lang='lat' dir='ltr'>omnes</span> <span class='ocrx_word' id='word_1_173' title='bbox 1066 983 1168 1014; x_wconf 86' lang='lat' dir='ltr'>Terras</span> <span class='ocrx_word' id='word_1_174' title='bbox 1190 982 1224 1013; x_wconf 91' lang='lat'>&amp;</span> 
     </span>
     <span class='ocr_line' id='line_1_27' title="bbox 163 1021 1224 1064; baseline -0.002 -10"><span class='ocrx_word' id='word_1_175' title='bbox 163 1021 350 1054; x_wconf 82' lang='lat' dir='ltr'>Poffeffiones</span> <span class='ocrx_word' id='word_1_176' title='bbox 365 1023 591 1064; x_wconf 75' lang='lat' dir='ltr'>ReHgiosorum,</span> <span class='ocrx_word' id='word_1_177' title='bbox 606 1024 641 1054; x_wconf 92' lang='lat' dir='ltr'>de</span> <span class='ocrx_word' id='word_1_178' title='bbox 661 1023 801 1054; x_wconf 88' lang='lat' dir='ltr'>Potestate</span> <span class='ocrx_word' id='word_1_179' title='bbox 820 1022 889 1054; x_wconf 74' lang='lat' dir='ltr'>dieti</span> <span class='ocrx_word' id='word_1_180' title='bbox 911 1021 999 1061; x_wconf 86' lang='lat' dir='ltr'>Regis</span> <span class='ocrx_word' id='word_1_181' title='bbox 1022 1021 1149 1052; x_wconf 85' lang='lat' dir='ltr'>Franciae</span> <span class='ocrx_word' id='word_1_182' title='bbox 1162 1044 1171 1060; x_wconf 83' lang='lat'>,</span> <span class='ocrx_word' id='word_1_183' title='bbox 1194 1023 1224 1052; x_wconf 91' lang='lat' dir='ltr'>in</span> 
     </span>
    </p>
   </div>
   <div class='ocr_carea' id='block_1_6' title="bbox 143 1060 1222 1104">
    <p class='ocr_par' dir='ltr' id='par_1_9' title="bbox 143 1060 1222 1104">
     <span class='ocr_line' id='line_1_28' title="bbox 143 1060 1222 1104; baseline -0.002 -12"><span class='ocrx_word' id='word_1_184' title='bbox 143 1099 147 1104; x_wconf 37' lang='grc' dir='ltr'>ι</span> <span class='ocrx_word' id='word_1_185' title='bbox 162 1060 259 1093; x_wconf 83' lang='lat' dir='ltr'>Infulis</span> <span class='ocrx_word' id='word_1_186' title='bbox 270 1062 410 1100; x_wconf 68' lang='lat' dir='ltr'>praedictis</span> <span class='ocrx_word' id='word_1_187' title='bbox 426 1063 582 1102; x_wconf 80' lang='lat' dir='ltr'>existentes,</span> <span class='ocrx_word' id='word_1_188' title='bbox 598 1063 678 1093; x_wconf 80' lang='lat' dir='ltr'>simul</span> <span class='ocrx_word' id='word_1_189' title='bbox 694 1073 760 1094; x_wconf 90' lang='lat' dir='ltr'>curn</span> <span class='ocrx_word' id='word_1_190' title='bbox 775 1061 860 1092; x_wconf 89' lang='lat' dir='ltr'>Bonis</span> <span class='ocrx_word' id='word_1_191' title='bbox 876 1062 909 1093; x_wconf 91' lang='lat'>&amp;</span> <span class='ocrx_word' id='word_1_192' title='bbox 921 1061 1032 1092; x_wconf 86' lang='lat' dir='ltr'>Catallis</span> <span class='ocrx_word' id='word_1_193' title='bbox 1046 1060 1222 1098; x_wconf 89' lang='lat' dir='ltr'>eorumdem,</span> 
     </span>
    </p>
   </div>
   <div class='ocr_carea' id='block_1_7' title="bbox 8 1909 104 1990">
    <p class='ocr_par' dir='ltr' id='par_1_10' title="bbox 8 1909 104 1990">
     <span class='ocr_line' id='line_1_29' title="bbox 8 1909 104 1942; baseline -0.021 0"><span class='ocrx_word' id='word_1_194' title='bbox 8 1909 26 1928; x_wconf 73' lang='lat'>⁵</span> <span class='ocrx_word' id='word_1_195' title='bbox 51 1913 104 1942; x_wconf 81' lang='grc' dir='ltr'>ιν.</span> 
     </span>
     <span class='ocr_line' id='line_1_30' title="bbox 25 1960 93 1990; baseline 0.029 -9"><span class='ocrx_word' id='word_1_196' title='bbox 25 1960 93 1990; x_wconf 77' lang='lat'>²24.</span> 
     </span>
    </p>
   </div>
   <div class='ocr_carea' id='block_1_8' title="bbox 157 1099 1225 1992">
    <p class='ocr_par' dir='ltr' id='par_1_11' title="bbox 161 1099 1224 1363">
     <span class='ocr_line' id='line_1_31' title="bbox 163 1099 1224 1140; baseline -0.003 -9"><span class='ocrx_word' id='word_1_197' title='bbox 163 1100 195 1131; x_wconf 84' lang='lat' dir='ltr'>in</span> <span class='ocrx_word' id='word_1_198' title='bbox 206 1101 311 1131; x_wconf 89' lang='lat' dir='ltr'>eisdem</span> <span class='ocrx_word' id='word_1_199' title='bbox 324 1102 461 1140; x_wconf 81' lang='lat' dir='ltr'>inventis,</span> <span class='ocrx_word' id='word_1_200' title='bbox 480 1102 600 1132; x_wconf 82' lang='lat' dir='ltr'>similiter</span> <span class='ocrx_word' id='word_1_201' title='bbox 613 1103 642 1132; x_wconf 88' lang='lat' dir='ltr'>in</span> <span class='ocrx_word' id='word_1_202' title='bbox 658 1110 773 1132; x_wconf 87' lang='lat' dir='ltr'>manum</span> <span class='ocrx_word' id='word_1_203' title='bbox 798 1099 924 1130; x_wconf 87' lang='lat' dir='ltr'>nostram</span> <span class='ocrx_word' id='word_1_204' title='bbox 943 1100 1078 1139; x_wconf 67' lang='lat' dir='ltr'>capiatis,</span> <span class='ocrx_word' id='word_1_205' title='bbox 1095 1100 1128 1130; x_wconf 90' lang='lat'>&amp;</span> <span class='ocrx_word' id='word_1_206' title='bbox 1143 1099 1224 1129; x_wconf 88' lang='lat' dir='ltr'>cuili-</span> 
     </span>
     <span class='ocr_line' id='line_1_32' title="bbox 161 1137 1223 1180; baseline -0.003 -10"><span class='ocrx_word' id='word_1_207' title='bbox 161 1138 211 1170; x_wconf 85' lang='lat' dir='ltr'>bet</span> <span class='ocrx_word' id='word_1_208' title='bbox 225 1140 349 1178; x_wconf 87' lang='lat' dir='ltr'>ipsorum</span> <span class='ocrx_word' id='word_1_209' title='bbox 364 1139 574 1180; x_wconf 87' lang='lat' dir='ltr'>Religiosorum</span> <span class='ocrx_word' id='word_1_210' title='bbox 584 1163 593 1179; x_wconf 94' lang='lat'>,</span> <span class='ocrx_word' id='word_1_211' title='bbox 613 1150 665 1178; x_wconf 90' lang='lat' dir='ltr'>pro</span> <span class='ocrx_word' id='word_1_212' title='bbox 676 1139 869 1170; x_wconf 80' lang='lat' dir='ltr'>sustentatione</span> <span class='ocrx_word' id='word_1_213' title='bbox 879 1138 1063 1176; x_wconf 90' lang='lat' dir='ltr'>eorumdem,</span> <span class='ocrx_word' id='word_1_214' title='bbox 1079 1138 1152 1168; x_wconf 85' lang='lat' dir='ltr'>duos</span> <span class='ocrx_word' id='word_1_215' title='bbox 1161 1137 1223 1168; x_wconf 88' lang='lat' dir='ltr'>De-</span> 
     </span>
     <span class='ocr_line' id='line_1_33' title="bbox 163 1176 1223 1218; baseline -0.001 -11"><span class='ocrx_word' id='word_1_216' title='bbox 163 1179 256 1208; x_wconf 90' lang='lat' dir='ltr'>narios</span> <span class='ocrx_word' id='word_1_217' title='bbox 272 1188 319 1216; x_wconf 86' lang='lat' dir='ltr'>per</span> <span class='ocrx_word' id='word_1_218' title='bbox 329 1177 407 1209; x_wconf 87' lang='lat' dir='ltr'>diem</span> <span class='ocrx_word' id='word_1_219' title='bbox 443 1179 476 1210; x_wconf 91' lang='lat'>&amp;</span> <span class='ocrx_word' id='word_1_220' title='bbox 499 1179 609 1218; x_wconf 80' lang='lat' dir='ltr'>singulis</span> <span class='ocrx_word' id='word_1_221' title='bbox 628 1178 772 1208; x_wconf 79' lang='lat' dir='ltr'>Prioribus</span> <span class='ocrx_word' id='word_1_222' title='bbox 792 1178 960 1207; x_wconf 89' lang='lat' dir='ltr'>eorumdem</span> <span class='ocrx_word' id='word_1_223' title='bbox 972 1200 982 1215; x_wconf 88' lang='lat'>,</span> <span class='ocrx_word' id='word_1_224' title='bbox 1009 1185 1060 1206; x_wconf 84' lang='lat' dir='ltr'>tres</span> <span class='ocrx_word' id='word_1_225' title='bbox 1082 1176 1223 1207; x_wconf 89' lang='lat' dir='ltr'>Denarios</span> 
     </span>
     <span class='ocr_line' id='line_1_34' title="bbox 161 1201 1222 1254; baseline -0.001 -8"><span class='ocrx_word' id='word_1_226' title='bbox 161 1225 211 1254; x_wconf 85' lang='lat' dir='ltr'>per</span> <span class='ocrx_word' id='word_1_227' title='bbox 226 1216 330 1254; x_wconf 87' lang='lat' dir='ltr'>Diem,</span> <span class='ocrx_word' id='word_1_228' title='bbox 348 1216 384 1247; x_wconf 92' lang='lat' dir='ltr'>de</span> <span class='ocrx_word' id='word_1_229' title='bbox 396 1201 524 1247; x_wconf 56' lang='lat' dir='ltr'>&amp;xitibus</span> <span class='ocrx_word' id='word_1_230' title='bbox 537 1217 699 1248; x_wconf 89' lang='lat' dir='ltr'>earumdem</span> <span class='ocrx_word' id='word_1_231' title='bbox 707 1217 862 1246; x_wconf 86' lang='lat' dir='ltr'>Terrarum</span> <span class='ocrx_word' id='word_1_232' title='bbox 878 1217 911 1247; x_wconf 76' lang='grc' dir='ltr'>ὅ(</span> <span class='ocrx_word' id='word_1_233' title='bbox 927 1214 1222 1252; x_wconf 83' lang='lat' dir='ltr'>Posseffionum,dum</span> 
     </span>
     <span class='ocr_line' id='line_1_35' title="bbox 161 1253 1220 1294; baseline -0.001 -10"><span class='ocrx_word' id='word_1_234' title='bbox 161 1254 200 1285; x_wconf 85' lang='lat' dir='ltr'>fic</span> <span class='ocrx_word' id='word_1_235' title='bbox 215 1254 244 1285; x_wconf 89' lang='lat' dir='ltr'>in</span> <span class='ocrx_word' id='word_1_236' title='bbox 259 1264 344 1285; x_wconf 90' lang='lat' dir='ltr'>manu</span> <span class='ocrx_word' id='word_1_237' title='bbox 358 1254 454 1286; x_wconf 75' lang='lat' dir='ltr'>nostra</span> <span class='ocrx_word' id='word_1_238' title='bbox 467 1256 586 1294; x_wconf 87' lang='lat' dir='ltr'>fuerint,</span> <span class='ocrx_word' id='word_1_239' title='bbox 605 1256 727 1293; x_wconf 67' lang='lat' dir='ltr'>solvatis,</span> <span class='ocrx_word' id='word_1_240' title='bbox 747 1255 788 1285; x_wconf 91' lang='lat' dir='ltr'>Ita</span> <span class='ocrx_word' id='word_1_241' title='bbox 801 1256 881 1291; x_wconf 81' lang='lat' dir='ltr'>quod</span> <span class='ocrx_word' id='word_1_242' title='bbox 897 1255 932 1285; x_wconf 92' lang='lat' dir='ltr'>de</span> <span class='ocrx_word' id='word_1_243' title='bbox 953 1253 1062 1283; x_wconf 76' lang='lat' dir='ltr'>reliduo</span> <span class='ocrx_word' id='word_1_244' title='bbox 1084 1253 1220 1283; x_wconf 80' lang='lat' dir='ltr'>Exituum</span> 
     </span>
     <span class='ocr_line' id='line_1_36' title="bbox 162 1291 1222 1332; baseline -0.001 -9"><span class='ocrx_word' id='word_1_245' title='bbox 162 1292 383 1332; x_wconf 66' lang='lat' dir='ltr'>praedieiorum‚</span> <span class='ocrx_word' id='word_1_246' title='bbox 401 1304 433 1324; x_wconf 85' lang='lat' dir='ltr'>ac</span> <span class='ocrx_word' id='word_1_247' title='bbox 449 1294 485 1324; x_wconf 92' lang='lat' dir='ltr'>de</span> <span class='ocrx_word' id='word_1_248' title='bbox 499 1294 601 1331; x_wconf 86' lang='lat' dir='ltr'>Bonis,</span> <span class='ocrx_word' id='word_1_249' title='bbox 618 1295 651 1325; x_wconf 70' lang='grc' dir='ltr'>δε</span> <span class='ocrx_word' id='word_1_250' title='bbox 666 1293 778 1325; x_wconf 81' lang='lat' dir='ltr'>Catallis</span> <span class='ocrx_word' id='word_1_251' title='bbox 793 1293 860 1332; x_wconf 86' lang='lat' dir='ltr'>illis,</span> <span class='ocrx_word' id='word_1_252' title='bbox 879 1293 962 1324; x_wconf 87' lang='lat' dir='ltr'>nobis</span> <span class='ocrx_word' id='word_1_253' title='bbox 981 1291 1164 1330; x_wconf 82' lang='lat' dir='ltr'>respondeatis</span> <span class='ocrx_word' id='word_1_254' title='bbox 1187 1291 1222 1322; x_wconf 92' lang='lat' dir='ltr'>ad</span> 
     </span>
     <span class='ocr_line' id='line_1_37' title="bbox 161 1331 615 1363; baseline -0.002 -1"><span class='ocrx_word' id='word_1_255' title='bbox 161 1331 275 1362; x_wconf 71' lang='lat' dir='ltr'>dietum</span> <span class='ocrx_word' id='word_1_256' title='bbox 287 1332 466 1363; x_wconf 89' lang='lat' dir='ltr'>Scaccarium</span> <span class='ocrx_word' id='word_1_257' title='bbox 478 1332 615 1362; x_wconf 85' lang='lat' dir='ltr'>nostrum.</span> 
     </span>
    </p>

    <p class='ocr_par' dir='ltr' id='par_1_12' title="bbox 157 1368 1223 1679">
     <span class='ocr_line' id='line_1_38' title="bbox 198 1368 1223 1410; baseline -0.001 -10"><span class='ocrx_word' id='word_1_258' title='bbox 198 1369 238 1400; x_wconf 93' lang='lat' dir='ltr'>Et</span> <span class='ocrx_word' id='word_1_259' title='bbox 252 1370 288 1400; x_wconf 91' lang='lat' dir='ltr'>de</span> <span class='ocrx_word' id='word_1_260' title='bbox 300 1381 419 1401; x_wconf 90' lang='lat' dir='ltr'>numero</span> <span class='ocrx_word' id='word_1_261' title='bbox 434 1371 643 1410; x_wconf 87' lang='lat' dir='ltr'>Religiosorum</span> <span class='ocrx_word' id='word_1_262' title='bbox 660 1370 772 1401; x_wconf 88' lang='lat' dir='ltr'>illorum</span> <span class='ocrx_word' id='word_1_263' title='bbox 787 1371 816 1401; x_wconf 92' lang='lat' dir='ltr'>in</span> <span class='ocrx_word' id='word_1_264' title='bbox 830 1370 940 1410; x_wconf 80' lang='lat' dir='ltr'>singulis</span> <span class='ocrx_word' id='word_1_265' title='bbox 958 1368 1115 1399; x_wconf 82' lang='lat' dir='ltr'>Domibus:</span> <span class='ocrx_word' id='word_1_266' title='bbox 1134 1369 1167 1400; x_wconf 92' lang='lat'>&amp;</span> <span class='ocrx_word' id='word_1_267' title='bbox 1185 1368 1223 1399; x_wconf 88' lang='lat' dir='ltr'>de</span> 
     </span>
     <span class='ocr_line' id='line_1_39' title="bbox 158 1407 1221 1440; baseline -0.001 -1"><span class='ocrx_word' id='word_1_268' title='bbox 158 1409 326 1440; x_wconf 82' lang='lat' dir='ltr'>nominibus</span> <span class='ocrx_word' id='word_1_269' title='bbox 343 1409 474 1440; x_wconf 89' lang='lat' dir='ltr'>Priorum</span> <span class='ocrx_word' id='word_1_270' title='bbox 486 1409 671 1439; x_wconf 84' lang='lat' dir='ltr'>eorumdem:</span> <span class='ocrx_word' id='word_1_271' title='bbox 692 1419 724 1439; x_wconf 86' lang='lat' dir='ltr'>ac</span> <span class='ocrx_word' id='word_1_272' title='bbox 738 1409 774 1439; x_wconf 92' lang='lat' dir='ltr'>de</span> <span class='ocrx_word' id='word_1_273' title='bbox 789 1409 884 1440; x_wconf 86' lang='lat' dir='ltr'>valore</span> <span class='ocrx_word' id='word_1_274' title='bbox 896 1409 1051 1439; x_wconf 85' lang='lat' dir='ltr'>Terrarum</span> <span class='ocrx_word' id='word_1_275' title='bbox 1064 1409 1097 1439; x_wconf 66' lang='grc' dir='ltr'>ὃς</span> <span class='ocrx_word' id='word_1_276' title='bbox 1110 1407 1221 1438; x_wconf 79' lang='lat' dir='ltr'>Posses-</span> 
     </span>
     <span class='ocr_line' id='line_1_40' title="bbox 160 1445 1221 1487; baseline -0.001 -10"><span class='ocrx_word' id='word_1_277' title='bbox 160 1447 272 1478; x_wconf 77' lang='lat' dir='ltr'>sionum</span> <span class='ocrx_word' id='word_1_278' title='bbox 285 1448 428 1486; x_wconf 88' lang='lat' dir='ltr'>cujussibet</span> <span class='ocrx_word' id='word_1_279' title='bbox 443 1447 572 1478; x_wconf 73' lang='lat' dir='ltr'>Domfis:</span> <span class='ocrx_word' id='word_1_280' title='bbox 590 1458 704 1478; x_wconf 89' lang='lat' dir='ltr'>necnon</span> <span class='ocrx_word' id='word_1_281' title='bbox 718 1458 782 1487; x_wconf 75' lang='lat' dir='ltr'>quae</span> <span class='ocrx_word' id='word_1_282' title='bbox 796 1447 874 1478; x_wconf 86' lang='lat' dir='ltr'>Bona</span> <span class='ocrx_word' id='word_1_283' title='bbox 887 1447 920 1478; x_wconf 72' lang='grc' dir='ltr'>ὃ(</span> <span class='ocrx_word' id='word_1_284' title='bbox 941 1445 1046 1477; x_wconf 77' lang='lat' dir='ltr'>Catalla</span> <span class='ocrx_word' id='word_1_285' title='bbox 1061 1456 1109 1484; x_wconf 88' lang='lat' dir='ltr'>per</span> <span class='ocrx_word' id='word_1_286' title='bbox 1124 1457 1176 1477; x_wconf 89' lang='lat' dir='ltr'>vos</span> <span class='ocrx_word' id='word_1_287' title='bbox 1191 1447 1221 1476; x_wconf 91' lang='lat' dir='ltr'>in</span> 
     </span>
     <span class='ocr_line' id='line_1_41' title="bbox 159 1485 1221 1517; baseline 0 -1"><span class='ocrx_word' id='word_1_288' title='bbox 159 1485 265 1516; x_wconf 87' lang='lat' dir='ltr'>eisdem</span> <span class='ocrx_word' id='word_1_289' title='bbox 279 1485 380 1517; x_wconf 90' lang='lat' dir='ltr'>fuerint</span> <span class='ocrx_word' id='word_1_290' title='bbox 392 1485 521 1516; x_wconf 83' lang='lat' dir='ltr'>arestata:</span> <span class='ocrx_word' id='word_1_291' title='bbox 541 1496 573 1517; x_wconf 94' lang='lat' dir='ltr'>ac</span> <span class='ocrx_word' id='word_1_292' title='bbox 585 1487 671 1517; x_wconf 88' lang='lat' dir='ltr'>etiam</span> <span class='ocrx_word' id='word_1_293' title='bbox 686 1486 722 1516; x_wconf 92' lang='lat' dir='ltr'>de</span> <span class='ocrx_word' id='word_1_294' title='bbox 744 1487 909 1517; x_wconf 87' lang='lat' dir='ltr'>nominibus</span> <span class='ocrx_word' id='word_1_295' title='bbox 928 1485 1127 1516; x_wconf 88' lang='lat' dir='ltr'>Mercatorum</span> <span class='ocrx_word' id='word_1_296' title='bbox 1143 1485 1176 1516; x_wconf 92' lang='lat'>&amp;</span> <span class='ocrx_word' id='word_1_297' title='bbox 1192 1495 1221 1516; x_wconf 90' lang='lat' dir='ltr'>a-</span> 
     </span>
     <span class='ocr_line' id='line_1_42' title="bbox 158 1523 1222 1564; baseline 0 -10"><span class='ocrx_word' id='word_1_298' title='bbox 158 1523 281 1563; x_wconf 90' lang='lat' dir='ltr'>liorum,</span> <span class='ocrx_word' id='word_1_299' title='bbox 299 1534 369 1564; x_wconf 89' lang='lat' dir='ltr'>quos</span> <span class='ocrx_word' id='word_1_300' title='bbox 384 1525 422 1555; x_wconf 81' lang='lat' dir='ltr'>sic</span> <span class='ocrx_word' id='word_1_301' title='bbox 446 1525 643 1556; x_wconf 86' lang='lat' dir='ltr'>arestaveritis:</span> <span class='ocrx_word' id='word_1_302' title='bbox 667 1535 700 1555; x_wconf 89' lang='lat' dir='ltr'>ac</span> <span class='ocrx_word' id='word_1_303' title='bbox 720 1524 757 1555; x_wconf 87' lang='lat' dir='ltr'>de</span> <span class='ocrx_word' id='word_1_304' title='bbox 777 1524 912 1555; x_wconf 86' lang='lat' dir='ltr'>Navibus</span> <span class='ocrx_word' id='word_1_305' title='bbox 925 1548 935 1563; x_wconf 85' lang='lat'>,</span> <span class='ocrx_word' id='word_1_306' title='bbox 961 1524 1044 1555; x_wconf 88' lang='lat' dir='ltr'>Bonis</span> <span class='ocrx_word' id='word_1_307' title='bbox 1057 1547 1066 1563; x_wconf 87' lang='lat'>,</span> <span class='ocrx_word' id='word_1_308' title='bbox 1085 1525 1118 1555; x_wconf 89' lang='lat'>&amp;</span> <span class='ocrx_word' id='word_1_309' title='bbox 1140 1524 1222 1554; x_wconf 86' lang='lat' dir='ltr'>rebus</span> 
     </span>
     <span class='ocr_line' id='line_1_43' title="bbox 159 1561 1222 1602; baseline -0.001 -9"><span class='ocrx_word' id='word_1_310' title='bbox 159 1561 226 1602; x_wconf 87' lang='lat' dir='ltr'>suis,</span> <span class='ocrx_word' id='word_1_311' title='bbox 244 1564 277 1594; x_wconf 90' lang='lat'>&amp;</span> <span class='ocrx_word' id='word_1_312' title='bbox 290 1563 384 1593; x_wconf 88' lang='lat' dir='ltr'>valore</span> <span class='ocrx_word' id='word_1_313' title='bbox 397 1563 579 1602; x_wconf 86' lang='lat' dir='ltr'>eorumdem;</span> <span class='ocrx_word' id='word_1_314' title='bbox 603 1573 719 1594; x_wconf 90' lang='lat' dir='ltr'>necnon</span> <span class='ocrx_word' id='word_1_315' title='bbox 733 1563 770 1594; x_wconf 90' lang='lat' dir='ltr'>de</span> <span class='ocrx_word' id='word_1_316' title='bbox 789 1572 854 1594; x_wconf 93' lang='lat' dir='ltr'>toto</span> <span class='ocrx_word' id='word_1_317' title='bbox 875 1563 952 1593; x_wconf 72' lang='lat' dir='ltr'>fa&amp;o</span> <span class='ocrx_word' id='word_1_318' title='bbox 974 1562 1068 1593; x_wconf 90' lang='lat' dir='ltr'>vestro</span> <span class='ocrx_word' id='word_1_319' title='bbox 1082 1585 1092 1601; x_wconf 91' lang='lat'>,</span> <span class='ocrx_word' id='word_1_320' title='bbox 1117 1563 1147 1592; x_wconf 90' lang='lat' dir='ltr'>in</span> <span class='ocrx_word' id='word_1_321' title='bbox 1169 1564 1222 1593; x_wconf 87' lang='lat' dir='ltr'>hac</span> 
     </span>
     <span class='ocr_line' id='line_1_44' title="bbox 158 1600 1222 1643; baseline 0 -12"><span class='ocrx_word' id='word_1_322' title='bbox 158 1609 248 1640; x_wconf 88' lang='lat' dir='ltr'>parte,</span> <span class='ocrx_word' id='word_1_323' title='bbox 268 1611 336 1640; x_wconf 92' lang='lat' dir='ltr'>nos,</span> <span class='ocrx_word' id='word_1_324' title='bbox 353 1601 390 1631; x_wconf 90' lang='lat' dir='ltr'>de</span> <span class='ocrx_word' id='word_1_325' title='bbox 402 1611 530 1640; x_wconf 89' lang='lat' dir='ltr'>tempore</span> <span class='ocrx_word' id='word_1_326' title='bbox 545 1603 574 1633; x_wconf 90' lang='lat' dir='ltr'>in</span> <span class='ocrx_word' id='word_1_327' title='bbox 589 1610 715 1643; x_wconf 88' lang='lat' dir='ltr'>tempus,</span> <span class='ocrx_word' id='word_1_328' title='bbox 733 1601 849 1633; x_wconf 79' lang='lat' dir='ltr'>reddatis</span> <span class='ocrx_word' id='word_1_329' title='bbox 864 1601 914 1633; x_wconf 90' lang='lat' dir='ltr'>sub</span> <span class='ocrx_word' id='word_1_330' title='bbox 924 1601 1022 1641; x_wconf 80' lang='lat' dir='ltr'>sigillo</span> <span class='ocrx_word' id='word_1_331' title='bbox 1041 1601 1134 1632; x_wconf 86' lang='lat' dir='ltr'>vestro</span> <span class='ocrx_word' id='word_1_332' title='bbox 1153 1624 1163 1640; x_wconf 87' lang='lat'>,</span> <span class='ocrx_word' id='word_1_333' title='bbox 1178 1600 1222 1632; x_wconf 90' lang='lat' dir='ltr'>di-</span> 
     </span>
     <span class='ocr_line' id='line_1_45' title="bbox 157 1638 592 1679; baseline 0 -9"><span class='ocrx_word' id='word_1_334' title='bbox 157 1638 262 1670; x_wconf 67' lang='lat' dir='ltr'>stinete</span> <span class='ocrx_word' id='word_1_335' title='bbox 276 1641 309 1671; x_wconf 90' lang='lat'>&amp;</span> <span class='ocrx_word' id='word_1_336' title='bbox 324 1642 436 1679; x_wconf 80' lang='lat' dir='ltr'>aperte,</span> <span class='ocrx_word' id='word_1_337' title='bbox 453 1641 592 1672; x_wconf 82' lang='lat' dir='ltr'>certiores.</span> 
     </span>
    </p>

    <p class='ocr_par' dir='ltr' id='par_1_13' title="bbox 159 1677 1225 1992">
     <span class='ocr_line' id='line_1_46' title="bbox 195 1677 1223 1719; baseline 0 -10"><span class='ocrx_word' id='word_1_338' title='bbox 195 1677 235 1710; x_wconf 85' lang='lat' dir='ltr'>Et</span> <span class='ocrx_word' id='word_1_339' title='bbox 252 1688 352 1709; x_wconf 71' lang='lat' dir='ltr'>omnes</span> <span class='ocrx_word' id='word_1_340' title='bbox 366 1678 525 1718; x_wconf 90' lang='lat' dir='ltr'>hujusmodi</span> <span class='ocrx_word' id='word_1_341' title='bbox 538 1679 647 1710; x_wconf 81' lang='lat' dir='ltr'>Priores</span> <span class='ocrx_word' id='word_1_342' title='bbox 661 1680 694 1711; x_wconf 88' lang='lat'>&amp;</span> <span class='ocrx_word' id='word_1_343' title='bbox 708 1678 866 1719; x_wconf 86' lang='lat' dir='ltr'>Religiosos</span> <span class='ocrx_word' id='word_1_344' title='bbox 879 1703 889 1717; x_wconf 79' lang='grc'><em>,</em></span> <span class='ocrx_word' id='word_1_345' title='bbox 915 1679 986 1710; x_wconf 87' lang='lat' dir='ltr'>infra</span> <span class='ocrx_word' id='word_1_346' title='bbox 1008 1677 1091 1718; x_wconf 90' lang='lat' dir='ltr'>Septa</span> <span class='ocrx_word' id='word_1_347' title='bbox 1112 1677 1223 1709; x_wconf 85' lang='lat' dir='ltr'>Priora-</span> 
     </span>
     <span class='ocr_line' id='line_1_47' title="bbox 159 1717 1225 1756; baseline 0.001 -9"><span class='ocrx_word' id='word_1_348' title='bbox 159 1724 240 1747; x_wconf 89' lang='lat' dir='ltr'>tuum</span> <span class='ocrx_word' id='word_1_349' title='bbox 256 1717 288 1748; x_wconf 73' lang='grc' dir='ltr'>δε</span> <span class='ocrx_word' id='word_1_350' title='bbox 302 1717 434 1748; x_wconf 91' lang='lat' dir='ltr'>locorum</span> <span class='ocrx_word' id='word_1_351' title='bbox 446 1717 558 1748; x_wconf 90' lang='lat' dir='ltr'>suorum</span> <span class='ocrx_word' id='word_1_352' title='bbox 572 1719 708 1749; x_wconf 78' lang='lat' dir='ltr'>continue</span> <span class='ocrx_word' id='word_1_353' title='bbox 723 1720 827 1748; x_wconf 88' lang='lat' dir='ltr'>morari</span> <span class='ocrx_word' id='word_1_354' title='bbox 841 1718 961 1756; x_wconf 72' lang='lat' dir='ltr'>faciati53</span> <span class='ocrx_word' id='word_1_355' title='bbox 981 1727 1041 1747; x_wconf 92' lang='lat' dir='ltr'>non</span> <span class='ocrx_word' id='word_1_356' title='bbox 1060 1719 1225 1755; x_wconf 86' lang='lat' dir='ltr'>permitten-</span> 
     </span>
     <span class='ocr_line' id='line_1_48' title="bbox 159 1756 1221 1796; baseline 0.002 -11"><span class='ocrx_word' id='word_1_357' title='bbox 159 1763 200 1786; x_wconf 70' lang='lat' dir='ltr'>tes</span> <span class='ocrx_word' id='word_1_358' title='bbox 213 1765 262 1786; x_wconf 92' lang='lat' dir='ltr'>eos</span> <span class='ocrx_word' id='word_1_359' title='bbox 275 1764 352 1786; x_wconf 77' lang='lat' dir='ltr'>exrra</span> <span class='ocrx_word' id='word_1_360' title='bbox 365 1756 428 1787; x_wconf 86' lang='lat' dir='ltr'>loca</span> <span class='ocrx_word' id='word_1_361' title='bbox 443 1757 486 1787; x_wconf 91' lang='lat' dir='ltr'>sua</span> <span class='ocrx_word' id='word_1_362' title='bbox 498 1757 648 1787; x_wconf 86' lang='lat' dir='ltr'>discurrere</span> <span class='ocrx_word' id='word_1_363' title='bbox 660 1765 706 1787; x_wconf 85' lang='lat' dir='ltr'>aut</span> <span class='ocrx_word' id='word_1_364' title='bbox 722 1758 828 1796; x_wconf 82' lang='lat' dir='ltr'>vagari:</span> <span class='ocrx_word' id='word_1_365' title='bbox 848 1757 881 1788; x_wconf 70' lang='grc' dir='ltr'>ὅ(</span> <span class='ocrx_word' id='word_1_366' title='bbox 896 1757 911 1786; x_wconf 70' lang='lat' dir='ltr'>a</span> <span class='ocrx_word' id='word_1_367' title='bbox 924 1756 1034 1795; x_wconf 81' lang='lat' dir='ltr'>singulis</span> <span class='ocrx_word' id='word_1_368' title='bbox 1055 1765 1156 1786; x_wconf 88' lang='lat' dir='ltr'>eorum</span> <span class='ocrx_word' id='word_1_369' title='bbox 1171 1756 1221 1787; x_wconf 88' lang='lat' dir='ltr'>Se-</span> 
     </span>
     <span class='ocr_line' id='line_1_49' title="bbox 160 1793 1222 1833; baseline 0.002 -9"><span class='ocrx_word' id='word_1_370' title='bbox 160 1794 326 1832; x_wconf 84' lang='lat' dir='ltr'>curitatem,</span> <span class='ocrx_word' id='word_1_371' title='bbox 344 1803 427 1832; x_wconf 89' lang='lat' dir='ltr'>prout</span> <span class='ocrx_word' id='word_1_372' title='bbox 439 1794 569 1833; x_wconf 76' lang='lat' dir='ltr'>expedire</span> <span class='ocrx_word' id='word_1_373' title='bbox 584 1793 720 1832; x_wconf 86' lang='lat' dir='ltr'>videritis,</span> <span class='ocrx_word' id='word_1_374' title='bbox 735 1796 872 1833; x_wconf 87' lang='lat' dir='ltr'>recipiatis</span> <span class='ocrx_word' id='word_1_375' title='bbox 904 1795 963 1825; x_wconf 80' lang='lat' dir='ltr'>uod</span> <span class='ocrx_word' id='word_1_376' title='bbox 975 1795 1025 1833; x_wconf 82' lang='lat' dir='ltr'>ipsl</span> <span class='ocrx_word' id='word_1_377' title='bbox 1038 1795 1141 1832; x_wconf 83' lang='lat' dir='ltr'>aliquas</span> <span class='ocrx_word' id='word_1_378' title='bbox 1159 1794 1222 1826; x_wconf 91' lang='lat' dir='ltr'>Lit-</span> 
     </span>
     <span class='ocr_line' id='line_1_50' title="bbox 160 1832 1224 1873; baseline 0.001 -10"><span class='ocrx_word' id='word_1_379' title='bbox 160 1840 246 1868; x_wconf 58' lang='lat' dir='ltr'>teras,</span> <span class='ocrx_word' id='word_1_380' title='bbox 262 1832 307 1863; x_wconf 89' lang='lat' dir='ltr'>seu</span> <span class='ocrx_word' id='word_1_381' title='bbox 321 1833 498 1873; x_wconf 78' lang='lat' dir='ltr'>Intersignia,</span> <span class='ocrx_word' id='word_1_382' title='bbox 536 1843 566 1863; x_wconf 89' lang='lat' dir='ltr'>er</span> <span class='ocrx_word' id='word_1_383' title='bbox 582 1834 622 1870; x_wconf 77' lang='lat' dir='ltr'>se,</span> <span class='ocrx_word' id='word_1_384' title='bbox 639 1834 684 1864; x_wconf 90' lang='lat' dir='ltr'>vel</span> <span class='ocrx_word' id='word_1_385' title='bbox 705 1832 772 1863; x_wconf 91' lang='lat' dir='ltr'>alios</span> <span class='ocrx_word' id='word_1_386' title='bbox 787 1856 797 1872; x_wconf 88' lang='lat'>,</span> <span class='ocrx_word' id='word_1_387' title='bbox 820 1833 856 1864; x_wconf 85' lang='lat' dir='ltr'>ad</span> <span class='ocrx_word' id='word_1_388' title='bbox 903 1834 983 1872; x_wconf 87' lang='lat' dir='ltr'>iquos</span> <span class='ocrx_word' id='word_1_389' title='bbox 1003 1833 1147 1864; x_wconf 74' lang='lat' dir='ltr'>Homines</span> <span class='ocrx_word' id='word_1_390' title='bbox 1160 1856 1171 1872; x_wconf 90' lang='lat'>,</span> <span class='ocrx_word' id='word_1_391' title='bbox 1188 1833 1224 1864; x_wconf 90' lang='lat' dir='ltr'>de</span> 
     </span>
     <span class='ocr_line' id='line_1_51' title="bbox 161 1869 1225 1911; baseline 0 -9"><span class='ocrx_word' id='word_1_392' title='bbox 161 1869 301 1902; x_wconf 81' lang='lat' dir='ltr'>Potestate</span> <span class='ocrx_word' id='word_1_393' title='bbox 313 1871 346 1902; x_wconf 87' lang='lat'>&amp;</span> <span class='ocrx_word' id='word_1_394' title='bbox 361 1870 503 1902; x_wconf 83' lang='lat' dir='ltr'>Dominio</span> <span class='ocrx_word' id='word_1_395' title='bbox 536 1872 585 1903; x_wconf 68' lang='lat' dir='ltr'>icti</span> <span class='ocrx_word' id='word_1_396' title='bbox 601 1871 691 1911; x_wconf 85' lang='lat' dir='ltr'>Regis</span> <span class='ocrx_word' id='word_1_397' title='bbox 705 1871 729 1901; x_wconf 91' lang='lat' dir='ltr'><strong>F</strong></span> <span class='ocrx_word' id='word_1_398' title='bbox 730 1873 851 1910; x_wconf 83' lang='lat' dir='ltr'>ranciae,</span> <span class='ocrx_word' id='word_1_399' title='bbox 870 1881 929 1902; x_wconf 92' lang='lat' dir='ltr'>non</span> <span class='ocrx_word' id='word_1_400' title='bbox 943 1873 1070 1910; x_wconf 84' lang='lat' dir='ltr'>mittent,</span> <span class='ocrx_word' id='word_1_401' title='bbox 1088 1872 1133 1903; x_wconf 90' lang='lat' dir='ltr'>seu</span> <span class='ocrx_word' id='word_1_402' title='bbox 1148 1873 1225 1903; x_wconf 86' lang='lat' dir='ltr'>mitti</span> 
     </span>
     <span class='ocr_line' id='line_1_52' title="bbox 162 1908 1224 1950; baseline 0.002 -11"><span class='ocrx_word' id='word_1_403' title='bbox 162 1908 281 1948; x_wconf 86' lang='lat' dir='ltr'>facient,</span> <span class='ocrx_word' id='word_1_404' title='bbox 301 1910 376 1940; x_wconf 68' lang='lat' dir='ltr'>clam</span> <span class='ocrx_word' id='word_1_405' title='bbox 390 1910 434 1940; x_wconf 89' lang='lat' dir='ltr'>vel</span> <span class='ocrx_word' id='word_1_406' title='bbox 449 1909 560 1949; x_wconf 67' lang='lat' dir='ltr'>palam,</span> <span class='ocrx_word' id='word_1_407' title='bbox 576 1910 652 1941; x_wconf 82' lang='lat' dir='ltr'>unde</span> <span class='ocrx_word' id='word_1_408' title='bbox 667 1909 768 1941; x_wconf 87' lang='lat' dir='ltr'>Nobis</span> <span class='ocrx_word' id='word_1_409' title='bbox 781 1934 791 1948; x_wconf 81' lang='lat'><em>‚</em></span> <span class='ocrx_word' id='word_1_410' title='bbox 815 1913 831 1928; x_wconf 63' lang='lat'>⁸</span> <span class='ocrx_word' id='word_1_411' title='bbox 857 1911 902 1940; x_wconf 91' lang='lat' dir='ltr'>seu</span> <span class='ocrx_word' id='word_1_412' title='bbox 923 1910 1030 1950; x_wconf 84' lang='lat' dir='ltr'>Regno</span> <span class='ocrx_word' id='word_1_413' title='bbox 1047 1910 1161 1949; x_wconf 85' lang='lat' dir='ltr'>nostro,</span> <span class='ocrx_word' id='word_1_414' title='bbox 1177 1919 1224 1942; x_wconf 89' lang='lat' dir='ltr'>aut</span> 
     </span>
     <span class='ocr_line' id='line_1_53' title="bbox 162 1947 1224 1992; baseline 0.004 -14"><span class='ocrx_word' id='word_1_415' title='bbox 162 1949 298 1992; x_wconf 74' lang='lat' dir='ltr'>aliquibus</span> <span class='ocrx_word' id='word_1_416' title='bbox 310 1947 436 1979; x_wconf 84' lang='lat' dir='ltr'>fidelibus</span> <span class='ocrx_word' id='word_1_417' title='bbox 449 1947 570 1988; x_wconf 84' lang='lat' dir='ltr'>nostris,</span> <span class='ocrx_word' id='word_1_418' title='bbox 587 1950 761 1988; x_wconf 85' lang='lat' dir='ltr'>dampnum,</span> <span class='ocrx_word' id='word_1_419' title='bbox 779 1949 824 1981; x_wconf 90' lang='lat' dir='ltr'>vel</span> <span class='ocrx_word' id='word_1_420' title='bbox 846 1949 1008 1981; x_wconf 87' lang='lat' dir='ltr'>scandalum</span> <span class='ocrx_word' id='word_1_421' title='bbox 1030 1951 1134 1989; x_wconf 90' lang='lat' dir='ltr'>poterit</span> <span class='ocrx_word' id='word_1_422' title='bbox 1158 1959 1224 1982; x_wconf 89' lang='lat' dir='ltr'>eve-</span> 
     </span>
    </p>
   </div>
   <div class='ocr_carea' id='block_1_9' title="bbox 149 1996 229 2020">
    <p class='ocr_par' dir='ltr' id='par_1_14' title="bbox 149 1996 229 2020">
     <span class='ocr_line' id='line_1_54' title="bbox 149 1996 229 2020; baseline -0.025 -3"><span class='ocrx_word' id='word_1_423' title='bbox 149 1996 229 2020; x_wconf 51' lang='lat' dir='ltr'>jure.</span> 
     </span>
    </p>
   </div>
   <div class='ocr_carea' id='block_1_10' title="bbox 8 2325 136 2359">
    <p class='ocr_par' dir='ltr' id='par_1_15' title="bbox 8 2325 136 2359">
     <span class='ocr_line' id='line_1_55' title="bbox 8 2325 136 2359; baseline -0.023 0"><span class='ocrx_word' id='word_1_424' title='bbox 8 2327 85 2359; x_wconf 74' lang='lat' dir='ltr'>Anu.</span> <span class='ocrx_word' id='word_1_425' title='bbox 95 2325 136 2357; x_wconf 89' lang='lat' dir='ltr'>D.</span> 
     </span>
    </p>
   </div>
   <div class='ocr_carea' id='block_1_11' title="bbox 196 2023 1117 2144">
    <p class='ocr_par' dir='ltr' id='par_1_16' title="bbox 196 2023 1117 2144">
     <span class='ocr_line' id='line_1_56' title="bbox 196 2023 1117 2068; baseline 0 -12"><span class='ocrx_word' id='word_1_426' title='bbox 196 2023 286 2056; x_wconf 89' lang='lat' dir='ltr'>Teste</span> <span class='ocrx_word' id='word_1_427' title='bbox 299 2023 382 2066; x_wconf 83' lang='lat' dir='ltr'>Rege</span> <span class='ocrx_word' id='word_1_428' title='bbox 394 2025 468 2064; x_wconf 89' lang='lat' dir='ltr'>apud</span> <span class='ocrx_word' id='word_1_429' title='bbox 483 2024 647 2066; x_wconf 86' lang='lat' dir='ltr'>Claryndon</span> <span class='ocrx_word' id='word_1_430' title='bbox 656 2048 666 2064; x_wconf 88' lang='lat'>,</span> <span class='ocrx_word' id='word_1_431' title='bbox 683 2025 829 2058; x_wconf 81' lang='lat' dir='ltr'>Vicefimo</span> <span class='ocrx_word' id='word_1_432' title='bbox 842 2025 917 2057; x_wconf 85' lang='lat' dir='ltr'>sexto</span> <span class='ocrx_word' id='word_1_433' title='bbox 930 2025 976 2057; x_wconf 86' lang='lat' dir='ltr'>die</span> <span class='ocrx_word' id='word_1_434' title='bbox 988 2025 1117 2068; x_wconf 83' lang='lat' dir='ltr'>Augusti.</span> 
     </span>
     <span class='ocr_line' id='line_1_57' title="bbox 795 2103 1062 2144; baseline 0 -10"><span class='ocrx_word' id='word_1_435' title='bbox 795 2106 849 2134; x_wconf 83' lang='lat' dir='ltr'>Per</span> <span class='ocrx_word' id='word_1_436' title='bbox 864 2103 945 2144; x_wconf 70' lang='lat' dir='ltr'>ipfiaem</span> <span class='ocrx_word' id='word_1_437' title='bbox 958 2107 1062 2143; x_wconf 84' lang='lat' dir='ltr'>Regem.</span> 
     </span>
    </p>
   </div>
   <div class='ocr_carea' id='block_1_12' title="bbox 331 2235 1032 2283">
    <p class='ocr_par' dir='ltr' id='par_1_17' title="bbox 331 2235 1032 2283">
     <span class='ocr_line' id='line_1_58' title="bbox 331 2235 1032 2283; baseline 0 -13"><span class='ocrx_word' id='word_1_438' title='bbox 331 2239 426 2283; x_wconf 85' lang='lat' dir='ltr'>Super</span> <span class='ocrx_word' id='word_1_439' title='bbox 441 2235 645 2280; x_wconf 75' lang='lat' dir='ltr'>Arrestatione</span> <span class='ocrx_word' id='word_1_440' title='bbox 665 2236 851 2271; x_wconf 69' lang='lat' dir='ltr'>Gallicorum</span> <span class='ocrx_word' id='word_1_441' title='bbox 869 2235 1032 2270; x_wconf 50' lang='lat' dir='ltr'>antedicta.</span> 
     </span>
    </p>
   </div>
   <div class='ocr_carea' id='block_1_13' title="bbox 161 2321 1224 2400">
    <p class='ocr_par' dir='ltr' id='par_1_18' title="bbox 161 2321 1224 2400">
     <span class='ocr_line' id='line_1_59' title="bbox 161 2321 1224 2384; baseline 0 -30"><span class='ocrx_word' id='word_1_442' title='bbox 161 2321 295 2384; x_wconf 48' lang='lat' dir='ltr'>REJ}</span> <span class='ocrx_word' id='word_1_443' title='bbox 313 2323 444 2367; x_wconf 80' lang='lat' dir='ltr'>universis</span> <span class='ocrx_word' id='word_1_444' title='bbox 457 2323 491 2367; x_wconf 71' lang='grc' dir='ltr'>ὃς</span> <span class='ocrx_word' id='word_1_445' title='bbox 507 2322 616 2370; x_wconf 80' lang='lat' dir='ltr'>singulis</span> <span class='ocrx_word' id='word_1_446' title='bbox 629 2322 872 2367; x_wconf 85' lang='lat' dir='ltr'>Vicecomitibus‚</span> <span class='ocrx_word' id='word_1_447' title='bbox 888 2322 1013 2369; x_wconf 79' lang='lat' dir='ltr'>Ballivis,</span> <span class='ocrx_word' id='word_1_448' title='bbox 1032 2321 1224 2362; x_wconf 82' lang='lat' dir='ltr'>Ministris‚&amp;</span> 
     </span>
     <span class='ocr_line' id='line_1_60' title="bbox 241 2360 1224 2400; baseline 0.002 -9"><span class='ocrx_word' id='word_1_449' title='bbox 241 2362 298 2391; x_wconf 86' lang='lat' dir='ltr'>alus</span> <span class='ocrx_word' id='word_1_450' title='bbox 311 2360 436 2392; x_wconf 84' lang='lat' dir='ltr'>fidelibus</span> <span class='ocrx_word' id='word_1_451' title='bbox 450 2361 517 2400; x_wconf 79' lang='lat' dir='ltr'>suls,</span> <span class='ocrx_word' id='word_1_452' title='bbox 535 2370 593 2393; x_wconf 86' lang='lat' dir='ltr'>tam</span> <span class='ocrx_word' id='word_1_453' title='bbox 608 2361 680 2393; x_wconf 81' lang='lat' dir='ltr'>infra</span> <span class='ocrx_word' id='word_1_454' title='bbox 694 2362 867 2400; x_wconf 81' lang='lat' dir='ltr'>Libertates,</span> <span class='ocrx_word' id='word_1_455' title='bbox 885 2371 970 2400; x_wconf 86' lang='lat' dir='ltr'>quam</span> <span class='ocrx_word' id='word_1_456' title='bbox 984 2367 1076 2400; x_wconf 84' lang='lat' dir='ltr'>extra,</span> <span class='ocrx_word' id='word_1_457' title='bbox 1095 2361 1128 2392; x_wconf 88' lang='lat' dir='ltr'>ad</span> <span class='ocrx_word' id='word_1_458' title='bbox 1152 2372 1224 2400; x_wconf 89' lang='lat' dir='ltr'>quos</span> 
     </span>
    </p>
   </div>
   <div class='ocr_carea' id='block_1_14' title="bbox 113 2397 376 2433">
    <p class='ocr_par' dir='ltr' id='par_1_19' title="bbox 113 2397 376 2433">
     <span class='ocr_line' id='line_1_61' title="bbox 113 2397 376 2433; baseline 0 -4"><span class='ocrx_word' id='word_1_459' title='bbox 113 2428 119 2433; x_wconf 83' lang='grc'><strong>,</strong></span> <span class='ocrx_word' id='word_1_460' title='bbox 164 2397 225 2429; x_wconf 87' lang='lat' dir='ltr'>&amp;c.</span> <span class='ocrx_word' id='word_1_461' title='bbox 244 2399 376 2430; x_wconf 86' lang='lat' dir='ltr'>Salutem.</span> 
     </span>
    </p>
   </div>
   <div class='ocr_carea' id='block_1_15' title="bbox 201 2436 1225 2477">
    <p class='ocr_par' dir='ltr' id='par_1_20' title="bbox 201 2436 1225 2477">
     <span class='ocr_line' id='line_1_62' title="bbox 201 2436 1225 2477; baseline 0.003 -10"><span class='ocrx_word' id='word_1_462' title='bbox 201 2436 299 2476; x_wconf 79' lang='lat' dir='ltr'>Cum,</span> <span class='ocrx_word' id='word_1_463' title='bbox 317 2439 423 2468; x_wconf 90' lang='lat' dir='ltr'>ratione</span> <span class='ocrx_word' id='word_1_464' title='bbox 437 2437 575 2476; x_wconf 85' lang='lat' dir='ltr'>Guerrae,</span> <span class='ocrx_word' id='word_1_465' title='bbox 591 2448 675 2477; x_wconf 89' lang='lat' dir='ltr'>quam</span> <span class='ocrx_word' id='word_1_466' title='bbox 687 2438 753 2470; x_wconf 77' lang='lat' dir='ltr'>Rex</span> <span class='ocrx_word' id='word_1_467' title='bbox 770 2438 898 2470; x_wconf 76' lang='lat' dir='ltr'>Franciae</span> <span class='ocrx_word' id='word_1_468' title='bbox 910 2446 1009 2469; x_wconf 88' lang='lat' dir='ltr'>contra</span> <span class='ocrx_word' id='word_1_469' title='bbox 1033 2448 1084 2468; x_wconf 86' lang='lat' dir='ltr'>nos</span> <span class='ocrx_word' id='word_1_470' title='bbox 1108 2447 1225 2477; x_wconf 89' lang='lat' dir='ltr'>movet,</span> 
     </span>
    </p>
   </div>
   <div class='ocr_carea' id='block_1_16' title="bbox 118 2475 1225 2520">
    <p class='ocr_par' dir='ltr' id='par_1_21' title="bbox 118 2475 1225 2520">
     <span class='ocr_line' id='line_1_63' title="bbox 118 2475 1225 2520; baseline 0.001 -13"><span class='ocrx_word' id='word_1_471' title='bbox 118 2502 127 2510; x_wconf 84' lang='lat'><strong>.</strong></span> <span class='ocrx_word' id='word_1_472' title='bbox 163 2476 198 2507; x_wconf 88' lang='lat'>&amp;</span> <span class='ocrx_word' id='word_1_473' title='bbox 211 2485 265 2517; x_wconf 89' lang='lat' dir='ltr'>pro</span> <span class='ocrx_word' id='word_1_474' title='bbox 279 2486 317 2506; x_wconf 93' lang='lat' dir='ltr'>eo</span> <span class='ocrx_word' id='word_1_475' title='bbox 329 2475 408 2520; x_wconf 76' lang='lat' dir='ltr'>quod</span> <span class='ocrx_word' id='word_1_476' title='bbox 419 2476 494 2506; x_wconf 90' lang='lat' dir='ltr'>idem</span> <span class='ocrx_word' id='word_1_477' title='bbox 509 2476 574 2507; x_wconf 83' lang='lat' dir='ltr'>Rex</span> <span class='ocrx_word' id='word_1_478' title='bbox 588 2487 690 2508; x_wconf 74' lang='lat' dir='ltr'>omnes</span> <span class='ocrx_word' id='word_1_479' title='bbox 703 2477 861 2516; x_wconf 79' lang='lat' dir='ltr'>Homines,</span> <span class='ocrx_word' id='word_1_480' title='bbox 879 2477 915 2507; x_wconf 91' lang='lat' dir='ltr'>de</span> <span class='ocrx_word' id='word_1_481' title='bbox 927 2476 1038 2514; x_wconf 82' lang='lat' dir='ltr'>Regno</span> <span class='ocrx_word' id='word_1_482' title='bbox 1049 2478 1083 2507; x_wconf 69' lang='grc' dir='ltr'>δε</span> <span class='ocrx_word' id='word_1_483' title='bbox 1098 2475 1225 2508; x_wconf 90' lang='lat' dir='ltr'>Potesta-</span> 
     </span>
    </p>
   </div>
   <div class='ocr_carea' id='block_1_17' title="bbox 158 2513 1228 3555">
    <p class='ocr_par' dir='ltr' id='par_1_22' title="bbox 161 2513 1224 2623">
     <span class='ocr_line' id='line_1_64' title="bbox 163 2513 1223 2555; baseline 0.001 -11"><span class='ocrx_word' id='word_1_484' title='bbox 163 2522 191 2545; x_wconf 90' lang='lat' dir='ltr'>te</span> <span class='ocrx_word' id='word_1_485' title='bbox 203 2513 304 2545; x_wconf 88' lang='lat' dir='ltr'>nostris</span> <span class='ocrx_word' id='word_1_486' title='bbox 315 2514 467 2553; x_wconf 80' lang='lat' dir='ltr'>oriundos,</span> <span class='ocrx_word' id='word_1_487' title='bbox 488 2525 537 2552; x_wconf 88' lang='lat' dir='ltr'>per</span> <span class='ocrx_word' id='word_1_488' title='bbox 559 2515 694 2555; x_wconf 86' lang='lat' dir='ltr'>Regnum</span> <span class='ocrx_word' id='word_1_489' title='bbox 714 2516 794 2546; x_wconf 84' lang='lat' dir='ltr'>suum</span> <span class='ocrx_word' id='word_1_490' title='bbox 815 2515 983 2546; x_wconf 88' lang='lat' dir='ltr'>transeuntes</span> <span class='ocrx_word' id='word_1_491' title='bbox 996 2538 1006 2553; x_wconf 89' lang='lat'>,</span> <span class='ocrx_word' id='word_1_492' title='bbox 1025 2516 1057 2546; x_wconf 91' lang='lat'>&amp;</span> <span class='ocrx_word' id='word_1_493' title='bbox 1075 2516 1104 2545; x_wconf 92' lang='lat' dir='ltr'>in</span> <span class='ocrx_word' id='word_1_494' title='bbox 1118 2517 1223 2546; x_wconf 89' lang='lat' dir='ltr'>eodem</span> 
     </span>
     <span class='ocr_line' id='line_1_65' title="bbox 161 2553 1224 2594; baseline 0.001 -10"><span class='ocrx_word' id='word_1_495' title='bbox 161 2562 387 2590; x_wconf 83' lang='lat' dir='ltr'>commorantes,</span> <span class='ocrx_word' id='word_1_496' title='bbox 405 2554 459 2583; x_wconf 61' lang='lat' dir='ltr'>uni·</span> <span class='ocrx_word' id='word_1_497' title='bbox 472 2563 541 2583; x_wconf 91' lang='lat' dir='ltr'>cum</span> <span class='ocrx_word' id='word_1_498' title='bbox 555 2553 657 2593; x_wconf 87' lang='lat' dir='ltr'>Bonis,</span> <span class='ocrx_word' id='word_1_499' title='bbox 675 2556 708 2586; x_wconf 67' lang='grc' dir='ltr'>ὃς</span> <span class='ocrx_word' id='word_1_500' title='bbox 724 2555 822 2585; x_wconf 87' lang='lat' dir='ltr'>Rebus</span> <span class='ocrx_word' id='word_1_501' title='bbox 838 2554 903 2594; x_wconf 86' lang='lat' dir='ltr'>suis,</span> <span class='ocrx_word' id='word_1_502' title='bbox 922 2553 1030 2585; x_wconf 89' lang='lat' dir='ltr'>arestari</span> <span class='ocrx_word' id='word_1_503' title='bbox 1043 2577 1053 2593; x_wconf 91' lang='lat'>,</span> <span class='ocrx_word' id='word_1_504' title='bbox 1071 2554 1104 2584; x_wconf 75' lang='grc' dir='ltr'>δε</span> <span class='ocrx_word' id='word_1_505' title='bbox 1119 2554 1168 2585; x_wconf 89' lang='lat' dir='ltr'>sub</span> <span class='ocrx_word' id='word_1_506' title='bbox 1183 2555 1224 2585; x_wconf 91' lang='lat' dir='ltr'>A-</span> 
     </span>
     <span class='ocr_line' id='line_1_66' title="bbox 161 2591 689 2623; baseline 0 -1"><span class='ocrx_word' id='word_1_507' title='bbox 161 2593 237 2623; x_wconf 83' lang='lat' dir='ltr'>resto</span> <span class='ocrx_word' id='word_1_508' title='bbox 250 2591 385 2622; x_wconf 88' lang='lat' dir='ltr'>custodiri</span> <span class='ocrx_word' id='word_1_509' title='bbox 399 2591 542 2622; x_wconf 88' lang='lat' dir='ltr'>mandavit</span> <span class='ocrx_word' id='word_1_510' title='bbox 562 2593 595 2623; x_wconf 90' lang='lat'>&amp;</span> <span class='ocrx_word' id='word_1_511' title='bbox 609 2592 689 2623; x_wconf 77' lang='lat' dir='ltr'>facit:</span> 
     </span>
    </p>

    <p class='ocr_par' dir='ltr' id='par_1_23' title="bbox 158 2629 1225 2785">
     <span class='ocr_line' id='line_1_67' title="bbox 198 2629 1225 2670; baseline 0.003 -10"><span class='ocrx_word' id='word_1_512' title='bbox 198 2629 429 2660; x_wconf 88' lang='lat' dir='ltr'>Mandaverimus</span> <span class='ocrx_word' id='word_1_513' title='bbox 444 2630 555 2667; x_wconf 79' lang='lat' dir='ltr'>singulis</span> <span class='ocrx_word' id='word_1_514' title='bbox 570 2630 794 2661; x_wconf 88' lang='lat' dir='ltr'>Vicecomitibus</span> <span class='ocrx_word' id='word_1_515' title='bbox 806 2630 909 2662; x_wconf 89' lang='lat' dir='ltr'>nostris</span> <span class='ocrx_word' id='word_1_516' title='bbox 923 2641 972 2670; x_wconf 83' lang='lat' dir='ltr'>per</span> <span class='ocrx_word' id='word_1_517' title='bbox 985 2629 1130 2669; x_wconf 83' lang='lat' dir='ltr'>Angliam,</span> <span class='ocrx_word' id='word_1_518' title='bbox 1144 2632 1225 2670; x_wconf 84' lang='lat' dir='ltr'>quod</span> 
     </span>
     <span class='ocr_line' id='line_1_68' title="bbox 163 2668 1225 2712; baseline 0 -12"><span class='ocrx_word' id='word_1_519' title='bbox 163 2678 262 2700; x_wconf 88' lang='lat' dir='ltr'>omnes</span> <span class='ocrx_word' id='word_1_520' title='bbox 274 2668 432 2707; x_wconf 86' lang='lat' dir='ltr'>Homines,</span> <span class='ocrx_word' id='word_1_521' title='bbox 448 2668 483 2698; x_wconf 89' lang='lat' dir='ltr'>de</span> <span class='ocrx_word' id='word_1_522' title='bbox 504 2668 646 2699; x_wconf 88' lang='lat' dir='ltr'>Dominio</span> <span class='ocrx_word' id='word_1_523' title='bbox 659 2669 692 2699; x_wconf 84' lang='lat'>&amp;</span> <span class='ocrx_word' id='word_1_524' title='bbox 712 2669 854 2699; x_wconf 86' lang='lat' dir='ltr'>Potestate</span> <span class='ocrx_word' id='word_1_525' title='bbox 874 2670 944 2700; x_wconf 70' lang='lat' dir='ltr'>dieti</span> <span class='ocrx_word' id='word_1_526' title='bbox 965 2668 1053 2712; x_wconf 82' lang='lat' dir='ltr'>Regis</span> <span class='ocrx_word' id='word_1_527' title='bbox 1075 2670 1201 2700; x_wconf 76' lang='lat' dir='ltr'>Franciae</span> <span class='ocrx_word' id='word_1_528' title='bbox 1215 2693 1225 2709; x_wconf 93' lang='lat'>,</span> 
     </span>
     <span class='ocr_line' id='line_1_69' title="bbox 158 2706 1225 2747; baseline 0.001 -9"><span class='ocrx_word' id='word_1_529' title='bbox 158 2707 234 2738; x_wconf 84' lang='lat' dir='ltr'>infra</span> <span class='ocrx_word' id='word_1_530' title='bbox 248 2707 361 2738; x_wconf 64' lang='lat' dir='ltr'>Ballivas</span> <span class='ocrx_word' id='word_1_531' title='bbox 373 2707 429 2737; x_wconf 87' lang='lat' dir='ltr'>suas</span> <span class='ocrx_word' id='word_1_532' title='bbox 443 2708 574 2737; x_wconf 88' lang='lat' dir='ltr'>inventos</span> <span class='ocrx_word' id='word_1_533' title='bbox 588 2731 598 2747; x_wconf 85' lang='lat'>,</span> <span class='ocrx_word' id='word_1_534' title='bbox 618 2709 672 2738; x_wconf 69' lang='lat' dir='ltr'>unit</span> <span class='ocrx_word' id='word_1_535' title='bbox 694 2717 762 2737; x_wconf 88' lang='lat' dir='ltr'>cum</span> <span class='ocrx_word' id='word_1_536' title='bbox 782 2707 914 2739; x_wconf 87' lang='lat' dir='ltr'>Navibus</span> <span class='ocrx_word' id='word_1_537' title='bbox 925 2730 936 2746; x_wconf 81' lang='lat'>,</span> <span class='ocrx_word' id='word_1_538' title='bbox 954 2706 1040 2737; x_wconf 81' lang='lat' dir='ltr'>Bonis</span> <span class='ocrx_word' id='word_1_539' title='bbox 1053 2730 1062 2746; x_wconf 92' lang='lat'>,</span> <span class='ocrx_word' id='word_1_540' title='bbox 1086 2707 1120 2738; x_wconf 71' lang='grc' dir='ltr'>ὃς</span> <span class='ocrx_word' id='word_1_541' title='bbox 1144 2709 1225 2739; x_wconf 88' lang='lat' dir='ltr'>rebus</span> 
     </span>
     <span class='ocr_line' id='line_1_70' title="bbox 162 2746 468 2785; baseline -0.007 -7"><span class='ocrx_word' id='word_1_542' title='bbox 162 2747 216 2778; x_wconf 88' lang='lat' dir='ltr'>suis</span> <span class='ocrx_word' id='word_1_543' title='bbox 229 2746 468 2785; x_wconf 87' lang='lat' dir='ltr'>quibuscumque,</span> 
     </span>
    </p>

    <p class='ocr_par' dir='ltr' id='par_1_24' title="bbox 163 2782 1226 2971">
     <span class='ocr_line' id='line_1_71' title="bbox 199 2782 1224 2823; baseline 0 -9"><span class='ocrx_word' id='word_1_544' title='bbox 199 2783 330 2823; x_wconf 84' lang='lat' dir='ltr'>Exceptis</span> <span class='ocrx_word' id='word_1_545' title='bbox 345 2785 490 2823; x_wconf 75' lang='lat' dir='ltr'>Religioiis</span> <span class='ocrx_word' id='word_1_546' title='bbox 506 2808 515 2822; x_wconf 85' lang='lat'>,</span> <span class='ocrx_word' id='word_1_547' title='bbox 534 2786 567 2815; x_wconf 69' lang='grc' dir='ltr'>ὃς</span> <span class='ocrx_word' id='word_1_548' title='bbox 589 2785 645 2815; x_wconf 86' lang='lat' dir='ltr'>aliis</span> <span class='ocrx_word' id='word_1_549' title='bbox 666 2783 789 2822; x_wconf 86' lang='lat' dir='ltr'>personis</span> <span class='ocrx_word' id='word_1_550' title='bbox 809 2782 1031 2822; x_wconf 73' lang='lat' dir='ltr'>EcclesiasticiS,</span> <span class='ocrx_word' id='word_1_551' title='bbox 1050 2784 1084 2814; x_wconf 89' lang='lat'>&amp;</span> <span class='ocrx_word' id='word_1_552' title='bbox 1105 2784 1155 2814; x_wconf 91' lang='lat' dir='ltr'>illis</span> <span class='ocrx_word' id='word_1_553' title='bbox 1176 2786 1224 2822; x_wconf 91' lang='lat' dir='ltr'>qui</span> 
     </span>
     <span class='ocr_line' id='line_1_72' title="bbox 163 2821 1226 2862; baseline 0 -9"><span class='ocrx_word' id='word_1_554' title='bbox 163 2822 235 2853; x_wconf 87' lang='lat' dir='ltr'>infra</span> <span class='ocrx_word' id='word_1_555' title='bbox 247 2821 382 2862; x_wconf 85' lang='lat' dir='ltr'>Regnum</span> <span class='ocrx_word' id='word_1_556' title='bbox 399 2822 525 2852; x_wconf 87' lang='lat' dir='ltr'>nostrum</span> <span class='ocrx_word' id='word_1_557' title='bbox 537 2833 611 2854; x_wconf 84' lang='lat' dir='ltr'>certa</span> <span class='ocrx_word' id='word_1_558' title='bbox 625 2823 729 2853; x_wconf 78' lang='lat' dir='ltr'>habent</span> <span class='ocrx_word' id='word_1_559' title='bbox 744 2821 917 2860; x_wconf 80' lang='lat' dir='ltr'>Domicilia,</span> <span class='ocrx_word' id='word_1_560' title='bbox 937 2822 1072 2860; x_wconf 85' lang='lat' dir='ltr'>Liberos,</span> <span class='ocrx_word' id='word_1_561' title='bbox 1091 2822 1124 2853; x_wconf 94' lang='lat'>&amp;</span> <span class='ocrx_word' id='word_1_562' title='bbox 1139 2822 1226 2853; x_wconf 82' lang='lat' dir='ltr'>Uxo-</span> 
     </span>
     <span class='ocr_line' id='line_1_73' title="bbox 163 2860 1225 2900; baseline 0 -9"><span class='ocrx_word' id='word_1_563' title='bbox 163 2871 221 2899; x_wconf 85' lang='lat' dir='ltr'>res,</span> <span class='ocrx_word' id='word_1_564' title='bbox 238 2861 271 2892; x_wconf 84' lang='lat'>&amp;</span> <span class='ocrx_word' id='word_1_565' title='bbox 286 2862 315 2890; x_wconf 90' lang='lat' dir='ltr'>in</span> <span class='ocrx_word' id='word_1_566' title='bbox 328 2861 428 2891; x_wconf 88' lang='lat' dir='ltr'>eodem</span> <span class='ocrx_word' id='word_1_567' title='bbox 445 2861 565 2899; x_wconf 81' lang='lat' dir='ltr'>Regno,</span> <span class='ocrx_word' id='word_1_568' title='bbox 582 2870 713 2900; x_wconf 83' lang='lat' dir='ltr'>tanquam</span> <span class='ocrx_word' id='word_1_569' title='bbox 728 2860 872 2900; x_wconf 75' lang='lat' dir='ltr'>Indigenae</span> <span class='ocrx_word' id='word_1_570' title='bbox 887 2883 896 2899; x_wconf 81' lang='lat'>,</span> <span class='ocrx_word' id='word_1_571' title='bbox 925 2871 974 2898; x_wconf 86' lang='lat' dir='ltr'>per</span> <span class='ocrx_word' id='word_1_572' title='bbox 995 2861 1079 2900; x_wconf 87' lang='lat' dir='ltr'>longa</span> <span class='ocrx_word' id='word_1_573' title='bbox 1098 2869 1225 2899; x_wconf 86' lang='lat' dir='ltr'>tempora</span> 
     </span>
     <span class='ocr_line' id='line_1_74' title="bbox 163 2898 1225 2968; baseline 0.001 -38"><span class='ocrx_word' id='word_1_574' title='bbox 163 2899 434 2968; x_wconf 41' lang='lat' dir='ltr'>momgfefesimf}</span> <span class='ocrx_word' id='word_1_575' title='bbox 451 2909 483 2929; x_wconf 90' lang='lat' dir='ltr'>ac</span> <span class='ocrx_word' id='word_1_576' title='bbox 496 2900 580 2929; x_wconf 87' lang='lat' dir='ltr'>etiam</span> <span class='ocrx_word' id='word_1_577' title='bbox 595 2899 816 2937; x_wconf 78' lang='lat' dir='ltr'>FlandrensibuS,</span> <span class='ocrx_word' id='word_1_578' title='bbox 833 2898 991 2930; x_wconf 86' lang='lat' dir='ltr'>durantibus</span> <span class='ocrx_word' id='word_1_579' title='bbox 1004 2899 1136 2939; x_wconf 82' lang='lat' dir='ltr'>Treugis,</span> <span class='ocrx_word' id='word_1_580' title='bbox 1153 2901 1225 2931; x_wconf 86' lang='lat' dir='ltr'>inter</span> 
     </span>
     <span class='ocr_line' id='line_1_75' title="bbox 169 2946 444 2971; baseline -0.004 -3"><span class='ocrx_word' id='word_1_581' title='bbox 169 2948 223 2969; x_wconf 88' lang='lat' dir='ltr'>nos</span> <span class='ocrx_word' id='word_1_582' title='bbox 278 2948 286 2967; x_wconf 89' lang='lat'><em>1</em></span> <span class='ocrx_word' id='word_1_583' title='bbox 322 2946 444 2971; x_wconf 77' lang='lat' dir='ltr'>osmitis</span> 
     </span>
    </p>

    <p class='ocr_par' dir='ltr' id='par_1_25' title="bbox 164 2947 1225 3084">
     <span class='ocr_line' id='line_1_76' title="bbox 203 2947 1224 3017; baseline 0.002 -11"><span class='ocrx_word' id='word_1_584' title='bbox 203 2947 343 3014; x_wconf 50' lang='lat' dir='ltr'>Arestffri,</span> <span class='ocrx_word' id='word_1_585' title='bbox 360 2977 393 3007; x_wconf 66' lang='grc' dir='ltr'>ὃς</span> <span class='ocrx_word' id='word_1_586' title='bbox 407 2960 478 3013; x_wconf 73' lang='lat' dir='ltr'>ipsos</span> <span class='ocrx_word' id='word_1_587' title='bbox 491 2975 569 3005; x_wconf 72' lang='lat' dir='ltr'>salvo</span> <span class='ocrx_word' id='word_1_588' title='bbox 583 2975 616 3005; x_wconf 89' lang='lat'>&amp;</span> <span class='ocrx_word' id='word_1_589' title='bbox 631 2974 767 3014; x_wconf 75' lang='lat' dir='ltr'>honeste3</span> <span class='ocrx_word' id='word_1_590' title='bbox 785 2985 898 3006; x_wconf 90' lang='lat' dir='ltr'>necnon</span> <span class='ocrx_word' id='word_1_591' title='bbox 914 2975 1069 3013; x_wconf 74' lang='lat' dir='ltr'>Naves‚&amp;</span> <span class='ocrx_word' id='word_1_592' title='bbox 1084 2976 1162 3008; x_wconf 82' lang='lat' dir='ltr'>Bona</span> <span class='ocrx_word' id='word_1_593' title='bbox 1170 2978 1224 3017; x_wconf 78' lang='lat' dir='ltr'>sua,</span> 
     </span>
     <span class='ocr_line' id='line_1_77' title="bbox 164 3012 1225 3084; baseline 0.002 -39"><span class='ocrx_word' id='word_1_594' title='bbox 164 3014 266 3084; x_wconf 59' lang='lat' dir='ltr'>abgque</span> <span class='ocrx_word' id='word_1_595' title='bbox 280 3014 474 3084; x_wconf 60' lang='lat' dir='ltr'>‹distmfflone’</span> <span class='ocrx_word' id='word_1_596' title='bbox 493 3013 629 3044; x_wconf 89' lang='lat' dir='ltr'>custodiri</span> <span class='ocrx_word' id='word_1_597' title='bbox 643 3012 764 3052; x_wconf 86' lang='lat' dir='ltr'>faciant,</span> <span class='ocrx_word' id='word_1_598' title='bbox 781 3014 875 3046; x_wconf 92' lang='lat' dir='ltr'>donec</span> <span class='ocrx_word' id='word_1_599' title='bbox 889 3015 963 3046; x_wconf 89' lang='lat' dir='ltr'>aliud</span> <span class='ocrx_word' id='word_1_600' title='bbox 978 3015 1045 3046; x_wconf 80' lang='lat' dir='ltr'>inde</span> <span class='ocrx_word' id='word_1_601' title='bbox 1066 3016 1225 3047; x_wconf 82' lang='lat' dir='ltr'>duxerimus</span> 
     </span>
     <span class='ocr_line' id='line_1_78' title="bbox 164 3063 368 3084; baseline 0 -1"><span class='ocrx_word' id='word_1_602' title='bbox 164 3063 200 3084; x_wconf 87' lang='lat' dir='ltr'>or</span> <span class='ocrx_word' id='word_1_603' title='bbox 220 3063 283 3083; x_wconf 84' lang='lat' dir='ltr'>inan</span> <span class='ocrx_word' id='word_1_604' title='bbox 305 3063 368 3083; x_wconf 92' lang='lat' dir='ltr'>um·</span> 
     </span>
    </p>

    <p class='ocr_par' dir='ltr' id='par_1_26' title="bbox 163 3077 1225 3245">
     <span class='ocr_line' id='line_1_79' title="bbox 202 3077 1222 3131; baseline 0 -8"><span class='ocrx_word' id='word_1_605' title='bbox 202 3092 287 3129; x_wconf 80' lang='lat' dir='ltr'>Nos,</span> <span class='ocrx_word' id='word_1_606' title='bbox 307 3092 343 3122; x_wconf 88' lang='lat' dir='ltr'>de</span> <span class='ocrx_word' id='word_1_607' title='bbox 356 3077 510 3129; x_wconf 67' lang='lat' dir='ltr'>i&#39;ndustrifi,</span> <span class='ocrx_word' id='word_1_608' title='bbox 526 3089 623 3121; x_wconf 67' lang='lat' dir='ltr'>dilecti</span> <span class='ocrx_word' id='word_1_609' title='bbox 636 3091 735 3129; x_wconf 86' lang='lat' dir='ltr'>nobis,</span> <span class='ocrx_word' id='word_1_610' title='bbox 754 3090 829 3122; x_wconf 89' lang='lat' dir='ltr'>Petri</span> <span class='ocrx_word' id='word_1_611' title='bbox 849 3091 886 3122; x_wconf 89' lang='lat' dir='ltr'>de</span> <span class='ocrx_word' id='word_1_612' title='bbox 905 3091 936 3122; x_wconf 91' lang='lat' dir='ltr'>G</span> <span class='ocrx_word' id='word_1_613' title='bbox 973 3100 1024 3123; x_wconf 90' lang='lat' dir='ltr'>ton</span> <span class='ocrx_word' id='word_1_614' title='bbox 1039 3115 1048 3131; x_wconf 89' lang='lat'>‚</span> <span class='ocrx_word' id='word_1_615' title='bbox 1075 3092 1222 3124; x_wconf 87' lang='lat' dir='ltr'>confiden-</span> 
     </span>
     <span class='ocr_line' id='line_1_80' title="bbox 164 3128 1225 3169; baseline 0.001 -8"><span class='ocrx_word' id='word_1_616' title='bbox 164 3138 221 3168; x_wconf 85' lang='lat' dir='ltr'>tes,</span> <span class='ocrx_word' id='word_1_617' title='bbox 241 3130 287 3161; x_wconf 84' lang='lat' dir='ltr'>affi</span> <span class='ocrx_word' id='word_1_618' title='bbox 308 3131 434 3161; x_wconf 88' lang='lat' dir='ltr'>navimus</span> <span class='ocrx_word' id='word_1_619' title='bbox 444 3129 554 3167; x_wconf 75' lang='lat' dir='ltr'>ipsum,</span> <span class='ocrx_word' id='word_1_620' title='bbox 572 3129 607 3159; x_wconf 83' lang='lat' dir='ltr'>ad</span> <span class='ocrx_word' id='word_1_621' title='bbox 620 3128 796 3160; x_wconf 86' lang='lat' dir='ltr'>arestandum</span> <span class='ocrx_word' id='word_1_622' title='bbox 809 3140 910 3161; x_wconf 89' lang='lat' dir='ltr'>omnes</span> <span class='ocrx_word' id='word_1_623' title='bbox 965 3132 1092 3169; x_wconf 87' lang='lat' dir='ltr'>omines,</span> <span class='ocrx_word' id='word_1_624' title='bbox 1110 3131 1146 3162; x_wconf 91' lang='lat' dir='ltr'>de</span> <span class='ocrx_word' id='word_1_625' title='bbox 1167 3131 1225 3162; x_wconf 93' lang='lat' dir='ltr'>Po-</span> 
     </span>
     <span class='ocr_line' id='line_1_81' title="bbox 165 3167 1225 3209; baseline 0.003 -10"><span class='ocrx_word' id='word_1_626' title='bbox 165 3167 263 3200; x_wconf 89' lang='lat' dir='ltr'>testate</span> <span class='ocrx_word' id='word_1_627' title='bbox 300 3170 347 3199; x_wconf 73' lang='lat' dir='ltr'>iffi</span> <span class='ocrx_word' id='word_1_628' title='bbox 360 3168 448 3209; x_wconf 84' lang='lat' dir='ltr'>Regis</span> <span class='ocrx_word' id='word_1_629' title='bbox 461 3168 587 3198; x_wconf 81' lang='lat' dir='ltr'>Franciae</span> <span class='ocrx_word' id='word_1_630' title='bbox 602 3190 611 3206; x_wconf 86' lang='lat'>,</span> <span class='ocrx_word' id='word_1_631' title='bbox 630 3167 651 3197; x_wconf 80' lang='lat' dir='ltr'>si</span> <span class='ocrx_word' id='word_1_632' title='bbox 668 3168 717 3206; x_wconf 90' lang='lat' dir='ltr'>qui</span> <span class='ocrx_word' id='word_1_633' title='bbox 735 3177 784 3208; x_wconf 89' lang='lat' dir='ltr'>per</span> <span class='ocrx_word' id='word_1_634' title='bbox 805 3169 932 3206; x_wconf 87' lang='lat' dir='ltr'>praefatos</span> <span class='ocrx_word' id='word_1_635' title='bbox 952 3168 1160 3208; x_wconf 88' lang='lat' dir='ltr'>Vicecomites,</span> <span class='ocrx_word' id='word_1_636' title='bbox 1177 3180 1225 3202; x_wconf 91' lang='lat' dir='ltr'>aut</span> 
     </span>
     <span class='ocr_line' id='line_1_82' title="bbox 163 3205 833 3245; baseline -0.004 -7"><span class='ocrx_word' id='word_1_637' title='bbox 163 3216 265 3238; x_wconf 89' lang='lat' dir='ltr'>eorum</span> <span class='ocrx_word' id='word_1_638' title='bbox 280 3207 420 3245; x_wconf 85' lang='lat' dir='ltr'>aliquem,</span> <span class='ocrx_word' id='word_1_639' title='bbox 438 3206 513 3244; x_wconf 77' lang='lat' dir='ltr'>prius</span> <span class='ocrx_word' id='word_1_640' title='bbox 528 3216 588 3237; x_wconf 86' lang='lat' dir='ltr'>non</span> <span class='ocrx_word' id='word_1_641' title='bbox 600 3206 702 3237; x_wconf 88' lang='lat' dir='ltr'>fuerint</span> <span class='ocrx_word' id='word_1_642' title='bbox 715 3205 833 3245; x_wconf 78' lang='lat' dir='ltr'>arestari,</span> 
     </span>
    </p>

    <p class='ocr_par' dir='ltr' id='par_1_27' title="bbox 163 3243 1227 3401">
     <span class='ocr_line' id='line_1_83' title="bbox 203 3243 1224 3286; baseline 0.002 -10"><span class='ocrx_word' id='word_1_643' title='bbox 203 3245 337 3284; x_wconf 84' lang='lat' dir='ltr'>Exceptis</span> <span class='ocrx_word' id='word_1_644' title='bbox 350 3245 516 3283; x_wconf 84' lang='lat' dir='ltr'>Religiofis,</span> <span class='ocrx_word' id='word_1_645' title='bbox 535 3245 569 3275; x_wconf 92' lang='lat'>&amp;</span> <span class='ocrx_word' id='word_1_646' title='bbox 583 3245 638 3275; x_wconf 89' lang='lat' dir='ltr'>aliis</span> <span class='ocrx_word' id='word_1_647' title='bbox 651 3244 772 3284; x_wconf 87' lang='lat' dir='ltr'>personis</span> <span class='ocrx_word' id='word_1_648' title='bbox 790 3243 1008 3282; x_wconf 74' lang='lat' dir='ltr'>Ecclesiasticis3</span> <span class='ocrx_word' id='word_1_649' title='bbox 1032 3246 1066 3276; x_wconf 88' lang='lat'>&amp;</span> <span class='ocrx_word' id='word_1_650' title='bbox 1085 3247 1157 3286; x_wconf 87' lang='lat' dir='ltr'>aliis,</span> <span class='ocrx_word' id='word_1_651' title='bbox 1175 3249 1224 3286; x_wconf 85' lang='lat' dir='ltr'>qui</span> 
     </span>
     <span class='ocr_line' id='line_1_84' title="bbox 165 3282 1226 3324; baseline 0.001 -8"><span class='ocrx_word' id='word_1_652' title='bbox 165 3292 242 3316; x_wconf 86' lang='lat' dir='ltr'>certa</span> <span class='ocrx_word' id='word_1_653' title='bbox 253 3284 359 3315; x_wconf 84' lang='lat' dir='ltr'>habent</span> <span class='ocrx_word' id='word_1_654' title='bbox 377 3284 533 3314; x_wconf 91' lang='lat' dir='ltr'>Domicilia</span> <span class='ocrx_word' id='word_1_655' title='bbox 553 3284 582 3313; x_wconf 92' lang='lat' dir='ltr'>in</span> <span class='ocrx_word' id='word_1_656' title='bbox 597 3282 699 3313; x_wconf 86' lang='lat' dir='ltr'>eodem</span> <span class='ocrx_word' id='word_1_657' title='bbox 714 3282 821 3323; x_wconf 84' lang='lat' dir='ltr'>Regno</span> <span class='ocrx_word' id='word_1_658' title='bbox 833 3306 843 3321; x_wconf 93' lang='lat'>,</span> <span class='ocrx_word' id='word_1_659' title='bbox 863 3283 983 3314; x_wconf 91' lang='lat' dir='ltr'>Liberos</span> <span class='ocrx_word' id='word_1_660' title='bbox 995 3284 1027 3315; x_wconf 71' lang='grc' dir='ltr'>ὃ(</span> <span class='ocrx_word' id='word_1_661' title='bbox 1042 3284 1172 3324; x_wconf 85' lang='lat' dir='ltr'>Uxores,</span> <span class='ocrx_word' id='word_1_662' title='bbox 1191 3287 1226 3317; x_wconf 89' lang='lat'>&amp;</span> 
     </span>
     <span class='ocr_line' id='line_1_85' title="bbox 163 3321 1227 3364; baseline 0.001 -10"><span class='ocrx_word' id='word_1_663' title='bbox 163 3324 214 3364; x_wconf 86' lang='lat' dir='ltr'>qui</span> <span class='ocrx_word' id='word_1_664' title='bbox 228 3324 259 3354; x_wconf 90' lang='lat' dir='ltr'>in</span> <span class='ocrx_word' id='word_1_665' title='bbox 274 3322 378 3353; x_wconf 90' lang='lat' dir='ltr'>eodem</span> <span class='ocrx_word' id='word_1_666' title='bbox 391 3322 498 3362; x_wconf 87' lang='lat' dir='ltr'>Regno</span> <span class='ocrx_word' id='word_1_667' title='bbox 511 3332 559 3360; x_wconf 85' lang='lat' dir='ltr'>per</span> <span class='ocrx_word' id='word_1_668' title='bbox 572 3321 656 3362; x_wconf 82' lang='lat' dir='ltr'>longa</span> <span class='ocrx_word' id='word_1_669' title='bbox 671 3330 814 3362; x_wconf 86' lang='lat' dir='ltr'>tempora,</span> <span class='ocrx_word' id='word_1_670' title='bbox 837 3330 969 3360; x_wconf 87' lang='lat' dir='ltr'>tanquam</span> <span class='ocrx_word' id='word_1_671' title='bbox 984 3321 1144 3362; x_wconf 84' lang='lat' dir='ltr'>Indigenae,</span> <span class='ocrx_word' id='word_1_672' title='bbox 1162 3334 1227 3355; x_wconf 89' lang='lat' dir='ltr'>mo—</span> 
     </span>
     <span class='ocr_line' id='line_1_86' title="bbox 166 3360 1149 3401; baseline 0 -9"><span class='ocrx_word' id='word_1_673' title='bbox 166 3371 225 3393; x_wconf 79' lang='lat' dir='ltr'>ram</span> <span class='ocrx_word' id='word_1_674' title='bbox 245 3362 374 3393; x_wconf 87' lang='lat' dir='ltr'>fecerunt</span> <span class='ocrx_word' id='word_1_675' title='bbox 389 3372 398 3399; x_wconf 78' lang='lat'>3</span> <span class='ocrx_word' id='word_1_676' title='bbox 416 3361 450 3392; x_wconf 86' lang='lat'>&amp;</span> <span class='ocrx_word' id='word_1_677' title='bbox 468 3361 552 3391; x_wconf 88' lang='lat' dir='ltr'>etiam</span> <span class='ocrx_word' id='word_1_678' title='bbox 573 3360 785 3391; x_wconf 83' lang='lat' dir='ltr'>Flandrensibus</span> <span class='ocrx_word' id='word_1_679' title='bbox 797 3383 808 3399; x_wconf 80' lang='lat'>,</span> <span class='ocrx_word' id='word_1_680' title='bbox 826 3360 896 3390; x_wconf 82' lang='lat' dir='ltr'>sicut</span> <span class='ocrx_word' id='word_1_681' title='bbox 908 3360 1076 3397; x_wconf 70' lang='lat' dir='ltr'>praedictum</span> <span class='ocrx_word' id='word_1_682' title='bbox 1092 3361 1149 3401; x_wconf 86' lang='lat' dir='ltr'>est,</span> 
     </span>
    </p>

    <p class='ocr_par' dir='ltr' id='par_1_28' title="bbox 167 3397 1228 3555">
     <span class='ocr_line' id='line_1_87' title="bbox 204 3397 1227 3439; baseline -0.001 -8"><span class='ocrx_word' id='word_1_683' title='bbox 204 3399 275 3431; x_wconf 69' lang='lat' dir='ltr'>Un‘a</span> <span class='ocrx_word' id='word_1_684' title='bbox 291 3409 362 3431; x_wconf 88' lang='lat' dir='ltr'>curn</span> <span class='ocrx_word' id='word_1_685' title='bbox 375 3398 509 3430; x_wconf 89' lang='lat' dir='ltr'>Navibus</span> <span class='ocrx_word' id='word_1_686' title='bbox 549 3397 649 3437; x_wconf 84' lang='lat' dir='ltr'>Bonis,</span> <span class='ocrx_word' id='word_1_687' title='bbox 667 3399 700 3429; x_wconf 91' lang='lat'>&amp;</span> <span class='ocrx_word' id='word_1_688' title='bbox 718 3400 799 3429; x_wconf 88' lang='lat' dir='ltr'>rebus</span> <span class='ocrx_word' id='word_1_689' title='bbox 819 3399 872 3428; x_wconf 88' lang='lat' dir='ltr'>suis</span> <span class='ocrx_word' id='word_1_690' title='bbox 890 3399 1125 3439; x_wconf 70' lang='lat' dir='ltr'>quibuscumque,</span> <span class='ocrx_word' id='word_1_691' title='bbox 1141 3401 1174 3433; x_wconf 89' lang='lat'>&amp;</span> <span class='ocrx_word' id='word_1_692' title='bbox 1191 3401 1227 3432; x_wconf 88' lang='lat' dir='ltr'>ad</span> 
     </span>
     <span class='ocr_line' id='line_1_88' title="bbox 167 3436 1226 3478; baseline 0.002 -10"><span class='ocrx_word' id='word_1_693' title='bbox 167 3437 255 3478; x_wconf 81' lang='lat' dir='ltr'>ipsos,</span> <span class='ocrx_word' id='word_1_694' title='bbox 271 3439 309 3470; x_wconf 89' lang='lat' dir='ltr'>fic</span> <span class='ocrx_word' id='word_1_695' title='bbox 323 3438 452 3469; x_wconf 88' lang='lat' dir='ltr'>arestatos</span> <span class='ocrx_word' id='word_1_696' title='bbox 466 3460 476 3476; x_wconf 88' lang='lat'>,</span> <span class='ocrx_word' id='word_1_697' title='bbox 523 3437 718 3468; x_wconf 87' lang='lat' dir='ltr'>icecomitibus</span> <span class='ocrx_word' id='word_1_698' title='bbox 731 3462 740 3475; x_wconf 82' lang='lat'><strong>‚</strong></span> <span class='ocrx_word' id='word_1_699' title='bbox 767 3436 922 3476; x_wconf 73' lang='lat' dir='ltr'>Maioribus</span> <span class='ocrx_word' id='word_1_700' title='bbox 936 3461 946 3474; x_wconf 83' lang='lat'>‚</span> <span class='ocrx_word' id='word_1_701' title='bbox 971 3437 1016 3468; x_wconf 90' lang='lat' dir='ltr'>seu</span> <span class='ocrx_word' id='word_1_702' title='bbox 1037 3437 1147 3470; x_wconf 85' lang='lat' dir='ltr'>Ballivis</span> <span class='ocrx_word' id='word_1_703' title='bbox 1161 3462 1171 3478; x_wconf 93' lang='lat'>,</span> <span class='ocrx_word' id='word_1_704' title='bbox 1195 3441 1226 3470; x_wconf 88' lang='lat' dir='ltr'>in</span> 
     </span>
     <span class='ocr_line' id='line_1_89' title="bbox 168 3474 1228 3517; baseline 0.002 -11"><span class='ocrx_word' id='word_1_705' title='bbox 168 3485 291 3516; x_wconf 86' lang='lat' dir='ltr'>quorum</span> <span class='ocrx_word' id='word_1_706' title='bbox 306 3477 415 3508; x_wconf 85' lang='lat' dir='ltr'>Ballivis</span> <span class='ocrx_word' id='word_1_707' title='bbox 427 3486 476 3517; x_wconf 90' lang='lat' dir='ltr'>per</span> <span class='ocrx_word' id='word_1_708' title='bbox 490 3475 580 3514; x_wconf 86' lang='lat' dir='ltr'>ipsum</span> <span class='ocrx_word' id='word_1_709' title='bbox 596 3474 700 3506; x_wconf 88' lang='lat' dir='ltr'>arestati</span> <span class='ocrx_word' id='word_1_710' title='bbox 713 3476 833 3515; x_wconf 87' lang='lat' dir='ltr'>fuerint,</span> <span class='ocrx_word' id='word_1_711' title='bbox 850 3475 884 3506; x_wconf 89' lang='lat' dir='ltr'>ad</span> <span class='ocrx_word' id='word_1_712' title='bbox 896 3475 1115 3508; x_wconf 88' lang='lat' dir='ltr'>custodiendum</span> <span class='ocrx_word' id='word_1_713' title='bbox 1127 3501 1138 3517; x_wconf 86' lang='lat'>,</span> <span class='ocrx_word' id='word_1_714' title='bbox 1156 3478 1228 3508; x_wconf 88' lang='lat' dir='ltr'>libe-</span> 
     </span>
     <span class='ocr_line' id='line_1_90' title="bbox 167 3514 1226 3555; baseline 0.003 -11"><span class='ocrx_word' id='word_1_715' title='bbox 167 3514 301 3553; x_wconf 90' lang='lat' dir='ltr'>randum,</span> <span class='ocrx_word' id='word_1_716' title='bbox 319 3515 463 3555; x_wconf 89' lang='lat' dir='ltr'>quousque</span> <span class='ocrx_word' id='word_1_717' title='bbox 478 3514 552 3546; x_wconf 89' lang='lat' dir='ltr'>aliud</span> <span class='ocrx_word' id='word_1_718' title='bbox 564 3514 630 3545; x_wconf 80' lang='lat' dir='ltr'>inde</span> <span class='ocrx_word' id='word_1_719' title='bbox 665 3515 876 3554; x_wconf 82' lang='lat' dir='ltr'>raeceperimus‚</span> <span class='ocrx_word' id='word_1_720' title='bbox 893 3514 972 3545; x_wconf 85' lang='lat' dir='ltr'>fimul</span> <span class='ocrx_word' id='word_1_721' title='bbox 984 3525 1053 3545; x_wconf 88' lang='lat' dir='ltr'>curn</span> <span class='ocrx_word' id='word_1_722' title='bbox 1076 3515 1226 3555; x_wconf 80' lang='lat' dir='ltr'>Navibus,</span> 
     </span>
    </p>
   </div>
   <div class='ocr_carea' id='block_1_18' title="bbox 143 3551 1226 3593">
    <p class='ocr_par' dir='ltr' id='par_1_29' title="bbox 143 3551 1226 3593">
     <span class='ocr_line' id='line_1_91' title="bbox 143 3551 1226 3593; baseline 0.002 -10"><span class='ocrx_word' id='word_1_723' title='bbox 143 3586 149 3593; x_wconf 84' lang='lat'>.</span> <span class='ocrx_word' id='word_1_724' title='bbox 168 3551 269 3593; x_wconf 88' lang='lat' dir='ltr'>Bonis,</span> <span class='ocrx_word' id='word_1_725' title='bbox 286 3555 319 3585; x_wconf 91' lang='lat'>&amp;</span> <span class='ocrx_word' id='word_1_726' title='bbox 333 3555 415 3584; x_wconf 85' lang='lat' dir='ltr'>rebus</span> <span class='ocrx_word' id='word_1_727' title='bbox 427 3563 494 3584; x_wconf 89' lang='lat' dir='ltr'>cum</span> <span class='ocrx_word' id='word_1_728' title='bbox 510 3553 572 3592; x_wconf 80' lang='lat' dir='ltr'>ipsis</span> <span class='ocrx_word' id='word_1_729' title='bbox 584 3562 630 3583; x_wconf 89' lang='lat' dir='ltr'>are</span> <span class='ocrx_word' id='word_1_730' title='bbox 671 3554 719 3584; x_wconf 87' lang='lat' dir='ltr'>tis:</span> <span class='ocrx_word' id='word_1_731' title='bbox 739 3554 773 3585; x_wconf 86' lang='lat'>&amp;</span> <span class='ocrx_word' id='word_1_732' title='bbox 785 3553 819 3584; x_wconf 90' lang='lat' dir='ltr'>ad</span> <span class='ocrx_word' id='word_1_733' title='bbox 830 3552 1009 3592; x_wconf 85' lang='lat' dir='ltr'>Indenturas,</span> <span class='ocrx_word' id='word_1_734' title='bbox 1025 3553 1061 3583; x_wconf 91' lang='lat' dir='ltr'>de</span> <span class='ocrx_word' id='word_1_735' title='bbox 1080 3553 1226 3593; x_wconf 86' lang='lat' dir='ltr'>Navibus,</span> 
     </span>
    </p>
   </div>
   <div class='ocr_carea' id='block_1_19' title="bbox 168 3589 1227 3864">
    <p class='ocr_par' dir='ltr' id='par_1_30' title="bbox 168 3589 1226 3632">
     <span class='ocr_line' id='line_1_92' title="bbox 168 3589 1226 3632; baseline 0.002 -11"><span class='ocrx_word' id='word_1_736' title='bbox 168 3589 271 3630; x_wconf 87' lang='lat' dir='ltr'>Bonis,</span> <span class='ocrx_word' id='word_1_737' title='bbox 289 3593 323 3624; x_wconf 91' lang='lat'>&amp;</span> <span class='ocrx_word' id='word_1_738' title='bbox 339 3593 418 3623; x_wconf 88' lang='lat' dir='ltr'>rebus</span> <span class='ocrx_word' id='word_1_739' title='bbox 432 3592 500 3630; x_wconf 89' lang='lat' dir='ltr'>illis,</span> <span class='ocrx_word' id='word_1_740' title='bbox 516 3602 550 3623; x_wconf 92' lang='lat' dir='ltr'>ac</span> <span class='ocrx_word' id='word_1_741' title='bbox 563 3591 599 3622; x_wconf 89' lang='lat' dir='ltr'>de</span> <span class='ocrx_word' id='word_1_742' title='bbox 612 3593 703 3630; x_wconf 84' lang='lat' dir='ltr'>pretio</span> <span class='ocrx_word' id='word_1_743' title='bbox 717 3591 903 3630; x_wconf 87' lang='lat' dir='ltr'>eorumdem,</span> <span class='ocrx_word' id='word_1_744' title='bbox 921 3601 971 3632; x_wconf 88' lang='lat' dir='ltr'>per</span> <span class='ocrx_word' id='word_1_745' title='bbox 989 3591 1080 3622; x_wconf 88' lang='lat' dir='ltr'>visum</span> <span class='ocrx_word' id='word_1_746' title='bbox 1099 3593 1226 3632; x_wconf 86' lang='lat' dir='ltr'>illorum,</span> 
     </span>
    </p>

    <p class='ocr_par' dir='ltr' id='par_1_31' title="bbox 169 3629 1227 3669">
     <span class='ocr_line' id='line_1_93' title="bbox 169 3629 1227 3669; baseline 0.004 -11"><span class='ocrx_word' id='word_1_747' title='bbox 169 3637 291 3665; x_wconf 86' lang='lat' dir='ltr'>quorum</span> <span class='ocrx_word' id='word_1_748' title='bbox 309 3630 409 3661; x_wconf 88' lang='lat' dir='ltr'>Naves</span> <span class='ocrx_word' id='word_1_749' title='bbox 420 3631 453 3662; x_wconf 70' lang='grc' dir='ltr'>ὅ(</span> <span class='ocrx_word' id='word_1_750' title='bbox 467 3630 546 3661; x_wconf 85' lang='lat' dir='ltr'>Bona</span> <span class='ocrx_word' id='word_1_751' title='bbox 562 3630 605 3661; x_wconf 90' lang='lat' dir='ltr'>illa</span> <span class='ocrx_word' id='word_1_752' title='bbox 620 3630 739 3668; x_wconf 80' lang='lat' dir='ltr'>fuerint,</span> <span class='ocrx_word' id='word_1_753' title='bbox 757 3632 829 3661; x_wconf 86' lang='lat' dir='ltr'>inter</span> <span class='ocrx_word' id='word_1_754' title='bbox 844 3630 932 3669; x_wconf 88' lang='lat' dir='ltr'>ipsum</span> <span class='ocrx_word' id='word_1_755' title='bbox 949 3629 1066 3660; x_wconf 88' lang='lat' dir='ltr'>Petrum</span> <span class='ocrx_word' id='word_1_756' title='bbox 1080 3630 1115 3662; x_wconf 89' lang='lat'>&amp;</span> <span class='ocrx_word' id='word_1_757' title='bbox 1138 3630 1227 3662; x_wconf 87' lang='lat' dir='ltr'>Vice-</span> 
     </span>
    </p>

    <p class='ocr_par' dir='ltr' id='par_1_32' title="bbox 170 3668 1226 3733">
     <span class='ocr_line' id='line_1_94' title="bbox 170 3668 1226 3733; baseline 0.006 -38"><span class='ocrx_word' id='word_1_758' title='bbox 170 3669 305 3733; x_wconf 58' lang='lat' dir='ltr'>gomites,</span> <span class='ocrx_word' id='word_1_759' title='bbox 321 3668 463 3708; x_wconf 77' lang='lat' dir='ltr'>Majoree,</span> <span class='ocrx_word' id='word_1_760' title='bbox 480 3669 513 3701; x_wconf 89' lang='lat'>&amp;</span> <span class='ocrx_word' id='word_1_761' title='bbox 525 3668 645 3701; x_wconf 84' lang='lat' dir='ltr'>Ballivos</span> <span class='ocrx_word' id='word_1_762' title='bbox 659 3669 823 3710; x_wconf 50' lang='lat' dir='ltr'>praedicam,</span> <span class='ocrx_word' id='word_1_763' title='bbox 838 3669 928 3700; x_wconf 87' lang='lat' dir='ltr'>modo</span> <span class='ocrx_word' id='word_1_764' title='bbox 951 3668 1051 3699; x_wconf 89' lang='lat' dir='ltr'>debito</span> <span class='ocrx_word' id='word_1_765' title='bbox 1070 3668 1226 3701; x_wconf 87' lang='lat' dir='ltr'>conficien-</span> 
     </span>
     <span class='ocr_line' id='line_1_95' title="bbox 191 3713 255 3733; baseline 0 0"><span class='ocrx_word' id='word_1_766' title='bbox 191 3713 255 3733; x_wconf 88' lang='lat' dir='ltr'>um:</span> 
     </span>
    </p>

    <p class='ocr_par' dir='ltr' id='par_1_33' title="bbox 174 3741 1227 3786">
     <span class='ocr_line' id='line_1_96' title="bbox 174 3741 1227 3786; baseline 0.007 -16"><span class='ocrx_word' id='word_1_767' title='bbox 174 3778 181 3784; x_wconf 48' lang='lat'><em>·</em></span> <span class='ocrx_word' id='word_1_768' title='bbox 208 3741 246 3771; x_wconf 90' lang='lat' dir='ltr'>Et</span> <span class='ocrx_word' id='word_1_769' title='bbox 261 3742 326 3774; x_wconf 76' lang='lat' dir='ltr'>ideo</span> <span class='ocrx_word' id='word_1_770' title='bbox 341 3746 423 3776; x_wconf 84' lang='lat' dir='ltr'>vobis</span> <span class='ocrx_word' id='word_1_771' title='bbox 437 3747 602 3778; x_wconf 88' lang='lat' dir='ltr'>mandamus</span> <span class='ocrx_word' id='word_1_772' title='bbox 615 3747 695 3786; x_wconf 82' lang='lat' dir='ltr'>quod</span> <span class='ocrx_word' id='word_1_773' title='bbox 706 3746 801 3777; x_wconf 84' lang='lat' dir='ltr'>eidem</span> <span class='ocrx_word' id='word_1_774' title='bbox 812 3746 916 3784; x_wconf 87' lang='lat' dir='ltr'>Petro,</span> <span class='ocrx_word' id='word_1_775' title='bbox 936 3746 966 3776; x_wconf 91' lang='lat' dir='ltr'>in</span> <span class='ocrx_word' id='word_1_776' title='bbox 986 3745 1130 3785; x_wconf 85' lang='lat' dir='ltr'>praemiffis</span> <span class='ocrx_word' id='word_1_777' title='bbox 1145 3771 1154 3785; x_wconf 87' lang='lat'>,</span> <span class='ocrx_word' id='word_1_778' title='bbox 1172 3747 1227 3778; x_wconf 83' lang='lat' dir='ltr'>sitis</span> 
     </span>
    </p>

    <p class='ocr_par' dir='ltr' id='par_1_34' title="bbox 172 3780 1225 3825">
     <span class='ocr_line' id='line_1_97' title="bbox 172 3780 1225 3825; baseline 0.009 -18"><span class='ocrx_word' id='word_1_779' title='bbox 172 3780 365 3821; x_wconf 62' lang='lat' dir='ltr'>intendentes,</span> <span class='ocrx_word' id='word_1_780' title='bbox 381 3785 554 3816; x_wconf 77' lang='lat' dir='ltr'>consulentes</span> <span class='ocrx_word' id='word_1_781' title='bbox 575 3785 608 3816; x_wconf 90' lang='lat'>&amp;</span> <span class='ocrx_word' id='word_1_782' title='bbox 631 3785 788 3816; x_wconf 79' lang='lat' dir='ltr'>auxiliantes</span> <span class='ocrx_word' id='word_1_783' title='bbox 803 3807 813 3822; x_wconf 92' lang='lat'>,</span> <span class='ocrx_word' id='word_1_784' title='bbox 837 3786 965 3823; x_wconf 87' lang='lat' dir='ltr'>quotiens</span> <span class='ocrx_word' id='word_1_785' title='bbox 983 3785 1017 3816; x_wconf 90' lang='lat'>&amp;</span> <span class='ocrx_word' id='word_1_786' title='bbox 1041 3785 1156 3825; x_wconf 87' lang='lat' dir='ltr'>quando</span> <span class='ocrx_word' id='word_1_787' title='bbox 1177 3795 1225 3825; x_wconf 85' lang='lat' dir='ltr'>per</span> 
     </span>
    </p>

    <p class='ocr_par' dir='ltr' id='par_1_35' title="bbox 174 3816 1033 3864">
     <span class='ocr_line' id='line_1_98' title="bbox 174 3816 1033 3864; baseline 0.005 -14"><span class='ocrx_word' id='word_1_788' title='bbox 174 3816 280 3857; x_wconf 71' lang='lat' dir='ltr'>ipsum,</span> <span class='ocrx_word' id='word_1_789' title='bbox 298 3818 376 3857; x_wconf 85' lang='lat' dir='ltr'>super</span> <span class='ocrx_word' id='word_1_790' title='bbox 390 3822 447 3854; x_wconf 85' lang='lat' dir='ltr'>hoc</span> <span class='ocrx_word' id='word_1_791' title='bbox 456 3845 465 3862; x_wconf 90' lang='lat'>,</span> <span class='ocrx_word' id='word_1_792' title='bbox 480 3833 514 3854; x_wconf 82' lang='lat' dir='ltr'>ex</span> <span class='ocrx_word' id='word_1_793' title='bbox 529 3832 604 3864; x_wconf 88' lang='lat' dir='ltr'>parte</span> <span class='ocrx_word' id='word_1_794' title='bbox 616 3822 725 3862; x_wconf 66' lang='lat' dir='ltr'>nostrfi,</span> <span class='ocrx_word' id='word_1_795' title='bbox 744 3824 849 3856; x_wconf 87' lang='lat' dir='ltr'>fueritis</span> <span class='ocrx_word' id='word_1_796' title='bbox 861 3824 1033 3862; x_wconf 83' lang='lat' dir='ltr'>praemuniti.</span> 
     </span>
    </p>
   </div>
   <div class='ocr_carea' id='block_1_20' title="bbox 642 137 1914 193">
    <p class='ocr_par' dir='ltr' id='par_1_36' title="bbox 642 137 1914 193">
     <span class='ocr_line' id='line_1_99' title="bbox 642 137 1914 193; baseline -0.008 -4"><span class='ocrx_word' id='word_1_797' title='bbox 642 138 1457 193; x_wconf 87' lang='lat' dir='ltr'>CONVENTIONES,</span> <span class='ocrx_word' id='word_1_798' title='bbox 1512 137 1914 190; x_wconf 89' lang='lat' dir='ltr'>LITERAE,</span> 
     </span>
    </p>
   </div>
   <div class='ocr_carea' id='block_1_21' title="bbox 1276 222 2484 460">
    <p class='ocr_par' dir='ltr' id='par_1_37' title="bbox 1276 222 2484 381">
     <span class='ocr_line' id='line_1_100' title="bbox 1317 222 2484 265; baseline 0 -8"><span class='ocrx_word' id='word_1_799' title='bbox 1317 225 1464 257; x_wconf 88' lang='lat' dir='ltr'>Nolumus</span> <span class='ocrx_word' id='word_1_800' title='bbox 1478 233 1572 257; x_wconf 86' lang='lat' dir='ltr'>tamen</span> <span class='ocrx_word' id='word_1_801' title='bbox 1583 225 1663 265; x_wconf 79' lang='lat' dir='ltr'>quod</span> <span class='ocrx_word' id='word_1_802' title='bbox 1685 224 1794 264; x_wconf 70' lang='lat' dir='ltr'>praefati</span> <span class='ocrx_word' id='word_1_803' title='bbox 1811 222 2005 256; x_wconf 84' lang='lat' dir='ltr'>vicecomites</span> <span class='ocrx_word' id='word_1_804' title='bbox 2023 223 2185 254; x_wconf 80' lang='lat' dir='ltr'>executioni</span> <span class='ocrx_word' id='word_1_805' title='bbox 2205 223 2339 256; x_wconf 67' lang='lat' dir='ltr'>Breriium</span> <span class='ocrx_word' id='word_1_806' title='bbox 2355 223 2484 257; x_wconf 73' lang='lat' dir='ltr'>Ann.D.‚‘</span> 
     </span>
     <span class='ocr_line' id='line_1_101' title="bbox 1278 261 2461 303; baseline 0 -8"><span class='ocrx_word' id='word_1_807' title='bbox 1278 264 1460 303; x_wconf 87' lang='lat' dir='ltr'>nostrorum,</span> <span class='ocrx_word' id='word_1_808' title='bbox 1479 266 1529 295; x_wconf 79' lang='lat' dir='ltr'>sibi</span> <span class='ocrx_word' id='word_1_809' title='bbox 1547 265 1614 295; x_wconf 81' lang='lat' dir='ltr'>inde</span> <span class='ocrx_word' id='word_1_810' title='bbox 1633 264 1808 295; x_wconf 61' lang='lat' dir='ltr'>dimetorum</span> <span class='ocrx_word' id='word_1_811' title='bbox 1822 287 1832 302; x_wconf 89' lang='lat'>,</span> <span class='ocrx_word' id='word_1_812' title='bbox 1851 265 1959 294; x_wconf 88' lang='lat' dir='ltr'>ratione</span> <span class='ocrx_word' id='word_1_813' title='bbox 1980 261 2118 300; x_wconf 87' lang='lat' dir='ltr'>praesentis</span> <span class='ocrx_word' id='word_1_814' title='bbox 2137 262 2337 303; x_wconf 85' lang='lat' dir='ltr'>Affignationis</span> <span class='ocrx_word' id='word_1_815' title='bbox 2376 264 2461 303; x_wconf 85' lang='lat'>1326.</span> 
     </span>
     <span class='ocr_line' id='line_1_102' title="bbox 1277 301 2470 342; baseline -0.003 -8"><span class='ocrx_word' id='word_1_816' title='bbox 1277 303 1398 342; x_wconf 87' lang='lat' dir='ltr'>nostrae,</span> <span class='ocrx_word' id='word_1_817' title='bbox 1416 304 1604 341; x_wconf 86' lang='lat' dir='ltr'>supersedeant</span> <span class='ocrx_word' id='word_1_818' title='bbox 1614 304 1714 342; x_wconf 88' lang='lat' dir='ltr'>quovis</span> <span class='ocrx_word' id='word_1_819' title='bbox 1727 303 1832 341; x_wconf 79' lang='lat' dir='ltr'>modo3</span> <span class='ocrx_word' id='word_1_820' title='bbox 1850 302 1888 332; x_wconf 92' lang='lat' dir='ltr'>set</span> <span class='ocrx_word' id='word_1_821' title='bbox 1906 301 1985 341; x_wconf 81' lang='lat' dir='ltr'>quod</span> <span class='ocrx_word' id='word_1_822' title='bbox 2004 310 2035 331; x_wconf 70' lang='lat' dir='ltr'>m</span> <span class='ocrx_word' id='word_1_823' title='bbox 2049 323 2059 339; x_wconf 91' lang='lat'>,</span> <span class='ocrx_word' id='word_1_824' title='bbox 2083 310 2154 331; x_wconf 89' lang='lat' dir='ltr'>cum</span> <span class='ocrx_word' id='word_1_825' title='bbox 2174 303 2257 333; x_wconf 88' lang='lat' dir='ltr'>omni</span> <span class='ocrx_word' id='word_1_826' title='bbox 2273 303 2336 334; x_wconf 82' lang='lat' dir='ltr'>dili-</span> <span class='ocrx_word' id='word_1_827' title='bbox 2353 304 2422 333; x_wconf 70' lang='lat' dir='ltr'>Edv.</span> <span class='ocrx_word' id='word_1_828' title='bbox 2442 313 2470 331; x_wconf 83' lang='lat'>2.</span> 
     </span>
     <span class='ocr_line' id='line_1_103' title="bbox 1276 342 2403 381; baseline -0.004 -9"><span class='ocrx_word' id='word_1_829' title='bbox 1276 343 1386 381; x_wconf 72' lang='lat' dir='ltr'>gentia,</span> <span class='ocrx_word' id='word_1_830' title='bbox 1404 345 1460 381; x_wconf 70' lang='lat' dir='ltr'>qua</span> <span class='ocrx_word' id='word_1_831' title='bbox 1475 351 1624 381; x_wconf 87' lang='lat' dir='ltr'>poterunt,</span> <span class='ocrx_word' id='word_1_832' title='bbox 1643 342 1825 372; x_wconf 85' lang='lat' dir='ltr'>nihilominus</span> <span class='ocrx_word' id='word_1_833' title='bbox 1835 347 2018 378; x_wconf 84' lang='lat' dir='ltr'>exequantur:</span> <span class='ocrx_word' id='word_1_834' title='bbox 2401 365 2403 367; x_wconf 87' lang='grc'><em>,</em></span> 
     </span>
    </p>

    <p class='ocr_par' dir='ltr' id='par_1_38' title="bbox 1315 379 2088 421">
     <span class='ocr_line' id='line_1_104' title="bbox 1315 379 2088 421; baseline -0.004 -10"><span class='ocrx_word' id='word_1_835' title='bbox 1315 380 1349 411; x_wconf 92' lang='lat' dir='ltr'>In</span> <span class='ocrx_word' id='word_1_836' title='bbox 1360 382 1438 417; x_wconf 86' lang='lat' dir='ltr'>cujus</span> <span class='ocrx_word' id='word_1_837' title='bbox 1452 382 1511 411; x_wconf 89' lang='lat' dir='ltr'>&amp;c.</span> <span class='ocrx_word' id='word_1_838' title='bbox 1530 381 1663 421; x_wconf 89' lang='lat' dir='ltr'>quamdiu</span> <span class='ocrx_word' id='word_1_839' title='bbox 1680 380 1753 419; x_wconf 83' lang='lat' dir='ltr'>Regi</span> <span class='ocrx_word' id='word_1_840' title='bbox 1771 380 1922 417; x_wconf 88' lang='lat' dir='ltr'>placuerit,</span> <span class='ocrx_word' id='word_1_841' title='bbox 1941 379 2088 409; x_wconf 85' lang='lat' dir='ltr'>duraturas.</span> 
     </span>
    </p>

    <p class='ocr_par' dir='ltr' id='par_1_39' title="bbox 1351 415 2248 460">
     <span class='ocr_line' id='line_1_105' title="bbox 1351 415 2248 460; baseline -0.006 -10"><span class='ocrx_word' id='word_1_842' title='bbox 1351 419 1438 450; x_wconf 90' lang='lat' dir='ltr'>Teste</span> <span class='ocrx_word' id='word_1_843' title='bbox 1452 419 1535 460; x_wconf 89' lang='lat' dir='ltr'>Rege</span> <span class='ocrx_word' id='word_1_844' title='bbox 1553 420 1626 458; x_wconf 86' lang='lat' dir='ltr'>apud</span> <span class='ocrx_word' id='word_1_845' title='bbox 1641 420 1782 457; x_wconf 84' lang='lat' dir='ltr'>Fontelie,</span> <span class='ocrx_word' id='word_1_846' title='bbox 1800 418 1952 449; x_wconf 81' lang='lat' dir='ltr'>viecesimo</span> <span class='ocrx_word' id='word_1_847' title='bbox 1964 427 2044 447; x_wconf 94' lang='lat' dir='ltr'>nono</span> <span class='ocrx_word' id='word_1_848' title='bbox 2057 417 2104 447; x_wconf 88' lang='lat' dir='ltr'>die</span> <span class='ocrx_word' id='word_1_849' title='bbox 2117 415 2248 457; x_wconf 82' lang='lat' dir='ltr'>Augusti.</span> 
     </span>
    </p>
   </div>
   <div class='ocr_carea' id='block_1_22' title="bbox 1904 492 2171 533">
    <p class='ocr_par' dir='ltr' id='par_1_40' title="bbox 1904 492 2171 533">
     <span class='ocr_line' id='line_1_106' title="bbox 1904 492 2171 533; baseline -0.004 -9"><span class='ocrx_word' id='word_1_850' title='bbox 1904 496 1957 524; x_wconf 87' lang='lat' dir='ltr'>Per</span> <span class='ocrx_word' id='word_1_851' title='bbox 1970 492 2052 533; x_wconf 74' lang='lat' dir='ltr'>ipfitm</span> <span class='ocrx_word' id='word_1_852' title='bbox 2065 496 2171 531; x_wconf 84' lang='lat' dir='ltr'>Regem.</span> 
     </span>
    </p>
   </div>
   <div class='ocr_carea' id='block_1_23' title="bbox 1272 617 2337 766">
    <p class='ocr_par' dir='ltr' id='par_1_41' title="bbox 1272 617 2337 766">
     <span class='ocr_line' id='line_1_107' title="bbox 1272 617 2336 669; baseline -0.001 -16"><span class='ocrx_word' id='word_1_853' title='bbox 1272 623 1367 666; x_wconf 79' lang='lat' dir='ltr'>Super</span> <span class='ocrx_word' id='word_1_854' title='bbox 1385 617 1565 666; x_wconf 70' lang='lat' dir='ltr'>quibusdam</span> <span class='ocrx_word' id='word_1_855' title='bbox 1577 647 1585 662; x_wconf 87' lang='lat'><strong>‚</strong></span> <span class='ocrx_word' id='word_1_856' title='bbox 1612 635 1692 669; x_wconf 75' lang='lat' dir='ltr'>quae,</span> <span class='ocrx_word' id='word_1_857' title='bbox 1718 634 1787 654; x_wconf 79' lang='lat' dir='ltr'>cum</span> <span class='ocrx_word' id='word_1_858' title='bbox 1798 631 1852 667; x_wconf 87' lang='lat' dir='ltr'>per</span> <span class='ocrx_word' id='word_1_859' title='bbox 1872 619 2006 665; x_wconf 76' lang='lat' dir='ltr'>Custodes</span> <span class='ocrx_word' id='word_1_860' title='bbox 2022 621 2213 667; x_wconf 80' lang='lat' dir='ltr'>Trmgarum</span> <span class='ocrx_word' id='word_1_861' title='bbox 2227 647 2237 663; x_wconf 90' lang='lat'>‚</span> <span class='ocrx_word' id='word_1_862' title='bbox 2257 623 2336 653; x_wconf 84' lang='lat' dir='ltr'>inter</span> 
     </span>
     <span class='ocr_line' id='line_1_108' title="bbox 1321 668 2337 716; baseline 0 -14"><span class='ocrx_word' id='word_1_863' title='bbox 1321 672 1430 715; x_wconf 79' lang='lat' dir='ltr'>Regem</span> <span class='ocrx_word' id='word_1_864' title='bbox 1451 673 1487 706; x_wconf 56' lang='grc' dir='ltr'>ω’*</span> <span class='ocrx_word' id='word_1_865' title='bbox 1510 668 1670 703; x_wconf 76' lang='lat' dir='ltr'>Robermm</span> <span class='ocrx_word' id='word_1_866' title='bbox 1687 671 1724 704; x_wconf 86' lang='lat' dir='ltr'>de</span> <span class='ocrx_word' id='word_1_867' title='bbox 1740 673 1833 703; x_wconf 78' lang='lat' dir='ltr'>Bruce</span> <span class='ocrx_word' id='word_1_868' title='bbox 1848 673 2014 712; x_wconf 73' lang='lat' dir='ltr'>initurum,</span> <span class='ocrx_word' id='word_1_869' title='bbox 2033 680 2179 716; x_wconf 76' lang='lat' dir='ltr'>nequeunt</span> <span class='ocrx_word' id='word_1_870' title='bbox 2197 668 2337 702; x_wconf 83' lang='lat' dir='ltr'>emenda-</span> 
     </span>
     <span class='ocr_line' id='line_1_109' title="bbox 1318 715 2235 766; baseline -0.001 -15"><span class='ocrx_word' id='word_1_871' title='bbox 1318 723 1365 760; x_wconf 82' lang='lat' dir='ltr'>ri,</span> <span class='ocrx_word' id='word_1_872' title='bbox 1391 716 1436 761; x_wconf 72' lang='lat' dir='ltr'>ad</span> <span class='ocrx_word' id='word_1_873' title='bbox 1453 716 1563 761; x_wconf 62' lang='lat' dir='ltr'>amos,</span> <span class='ocrx_word' id='word_1_874' title='bbox 1589 722 1698 766; x_wconf 83' lang='lat' dir='ltr'>Regem</span> <span class='ocrx_word' id='word_1_875' title='bbox 1715 723 1752 758; x_wconf 58' lang='grc' dir='ltr'>(ᾖν</span> <span class='ocrx_word' id='word_1_876' title='bbox 1772 717 1953 762; x_wconf 84' lang='lat' dir='ltr'>Robertum,</span> <span class='ocrx_word' id='word_1_877' title='bbox 1979 718 2088 764; x_wconf 81' lang='lat' dir='ltr'>referri</span> <span class='ocrx_word' id='word_1_878' title='bbox 2101 715 2235 751; x_wconf 83' lang='lat' dir='ltr'>debeant.</span> 
     </span>
    </p>
   </div>
   <div class='ocr_carea' id='block_1_24' title="bbox 1274 800 1953 881">
    <p class='ocr_par' dir='ltr' id='par_1_42' title="bbox 1274 800 1953 881">
     <span class='ocr_line' id='line_1_110' title="bbox 1274 800 1953 870; baseline 0.006 -39"><span class='ocrx_word' id='word_1_879' title='bbox 1274 802 1331 856; x_wconf 79' lang='lat' dir='ltr'>R</span> <span class='ocrx_word' id='word_1_880' title='bbox 1341 800 1409 870; x_wconf 51' lang='lat' dir='ltr'>E}</span> <span class='ocrx_word' id='word_1_881' title='bbox 1426 803 1576 851; x_wconf 78' lang='lat' dir='ltr'>omnibus,</span> <span class='ocrx_word' id='word_1_882' title='bbox 1591 803 1624 834; x_wconf 88' lang='lat' dir='ltr'>ad</span> <span class='ocrx_word' id='word_1_883' title='bbox 1638 814 1726 842; x_wconf 88' lang='lat' dir='ltr'>quos,</span> <span class='ocrx_word' id='word_1_884' title='bbox 1745 805 1804 836; x_wconf 91' lang='lat' dir='ltr'>&amp;c.</span> <span class='ocrx_word' id='word_1_885' title='bbox 1820 804 1953 836; x_wconf 81' lang='lat' dir='ltr'>Salutem.</span> 
     </span>
     <span class='ocr_line' id='line_1_111' title="bbox 1411 843 1602 881; baseline 0.016 -11"><span class='ocrx_word' id='word_1_886' title='bbox 1411 850 1489 871; x_wconf 78' lang='lat' dir='ltr'>cratis</span> <span class='ocrx_word' id='word_1_887' title='bbox 1505 843 1602 881; x_wconf 89' lang='lat' dir='ltr'>quod,</span> 
     </span>
    </p>
   </div>
   <div class='ocr_carea' id='block_1_25' title="bbox 2349 812 2483 844">
    <p class='ocr_par' dir='ltr' id='par_1_43' title="bbox 2349 812 2483 844">
     <span class='ocr_line' id='line_1_112' title="bbox 2349 812 2483 844; baseline 0.007 -1"><span class='ocrx_word' id='word_1_888' title='bbox 2349 812 2426 843; x_wconf 86' lang='lat' dir='ltr'>Ann.</span> <span class='ocrx_word' id='word_1_889' title='bbox 2441 813 2483 844; x_wconf 89' lang='lat' dir='ltr'>D.</span> 
     </span>
    </p>
   </div>
   <div class='ocr_carea' id='block_1_26' title="bbox 1305 853 2466 922">
    <p class='ocr_par' dir='ltr' id='par_1_44' title="bbox 1305 853 2466 922">
     <span class='ocr_line' id='line_1_113' title="bbox 1305 853 2466 922; baseline 0.003 -14"><span class='ocrx_word' id='word_1_890' title='bbox 1305 877 1386 909; x_wconf 79' lang='lat' dir='ltr'>Cum</span> <span class='ocrx_word' id='word_1_891' title='bbox 1403 879 1548 911; x_wconf 90' lang='lat' dir='ltr'>Robertus</span> <span class='ocrx_word' id='word_1_892' title='bbox 1562 882 1597 912; x_wconf 93' lang='lat' dir='ltr'>de</span> <span class='ocrx_word' id='word_1_893' title='bbox 1610 881 1695 920; x_wconf 84' lang='lat' dir='ltr'>Brus,</span> <span class='ocrx_word' id='word_1_894' title='bbox 1711 891 1763 919; x_wconf 86' lang='lat' dir='ltr'>per</span> <span class='ocrx_word' id='word_1_895' title='bbox 1775 880 1882 912; x_wconf 88' lang='lat' dir='ltr'>Literas</span> <span class='ocrx_word' id='word_1_896' title='bbox 1893 881 1948 912; x_wconf 89' lang='lat' dir='ltr'>suas</span> <span class='ocrx_word' id='word_1_897' title='bbox 1963 882 2045 912; x_wconf 85' lang='lat' dir='ltr'>nobis</span> <span class='ocrx_word' id='word_1_898' title='bbox 2058 882 2227 913; x_wconf 86' lang='lat' dir='ltr'>intimaverit</span> <span class='ocrx_word' id='word_1_899' title='bbox 2240 881 2332 922; x_wconf 79' lang='lat' dir='ltr'>quod,</span> <span class='ocrx_word' id='word_1_900' title='bbox 2350 853 2466 919; x_wconf 30' lang='lat'>‘41&#39;33&#39;23</span> 
     </span>
    </p>
   </div>
   <div class='ocr_carea' id='block_1_27' title="bbox 1265 917 2464 1772">
    <p class='ocr_par' dir='ltr' id='par_1_45' title="bbox 1266 917 2464 1114">
     <span class='ocr_line' id='line_1_114' title="bbox 1268 917 2423 960; baseline 0.003 -14"><span class='ocrx_word' id='word_1_901' title='bbox 1268 917 1439 960; x_wconf 24' lang='lat' dir='ltr'>pertGentes</span> <span class='ocrx_word' id='word_1_902' title='bbox 1449 918 1571 958; x_wconf 87' lang='lat' dir='ltr'>nostras,</span> <span class='ocrx_word' id='word_1_903' title='bbox 1588 920 1694 958; x_wconf 85' lang='lat' dir='ltr'>aliqua,</span> <span class='ocrx_word' id='word_1_904' title='bbox 1712 928 1813 950; x_wconf 84' lang='lat' dir='ltr'>contra</span> <span class='ocrx_word' id='word_1_905' title='bbox 1826 920 1947 950; x_wconf 85' lang='lat' dir='ltr'>formam</span> <span class='ocrx_word' id='word_1_906' title='bbox 1960 921 2157 960; x_wconf 80' lang='lat' dir='ltr'>Treugarum,</span> <span class='ocrx_word' id='word_1_907' title='bbox 2176 922 2247 950; x_wconf 89' lang='lat' dir='ltr'>inter</span> <span class='ocrx_word' id='word_1_908' title='bbox 2267 929 2329 958; x_wconf 85' lang='lat' dir='ltr'>nos,</span> <span class='ocrx_word' id='word_1_909' title='bbox 2348 932 2378 955; x_wconf 82' lang='lat' dir='ltr'>E.</span> <span class='ocrx_word' id='word_1_910' title='bbox 2397 939 2423 957; x_wconf 57' lang='lat'>2,</span> 
     </span>
     <span class='ocr_line' id='line_1_115' title="bbox 1269 955 2464 999; baseline 0.005 -15"><span class='ocrx_word' id='word_1_911' title='bbox 1269 955 1302 984; x_wconf 89' lang='lat'>&amp;</span> <span class='ocrx_word' id='word_1_912' title='bbox 1315 956 1422 995; x_wconf 79' lang='lat' dir='ltr'>ipsum,</span> <span class='ocrx_word' id='word_1_913' title='bbox 1440 967 1475 987; x_wconf 82' lang='lat' dir='ltr'>ac</span> <span class='ocrx_word' id='word_1_914' title='bbox 1491 966 1607 988; x_wconf 85' lang='lat' dir='ltr'>caeteros</span> <span class='ocrx_word' id='word_1_915' title='bbox 1622 959 1658 988; x_wconf 84' lang='lat' dir='ltr'>de</span> <span class='ocrx_word' id='word_1_916' title='bbox 1671 957 1783 996; x_wconf 73' lang='lat' dir='ltr'>Scotia,</span> <span class='ocrx_word' id='word_1_917' title='bbox 1809 959 1942 989; x_wconf 86' lang='lat' dir='ltr'>initarum</span> <span class='ocrx_word' id='word_1_918' title='bbox 1956 982 1966 997; x_wconf 86' lang='lat'>,</span> <span class='ocrx_word' id='word_1_919' title='bbox 1986 960 2046 989; x_wconf 89' lang='lat' dir='ltr'>sunt</span> <span class='ocrx_word' id='word_1_920' title='bbox 2067 967 2247 999; x_wconf 79' lang='lat' dir='ltr'>attemptata,</span> <span class='ocrx_word' id='word_1_921' title='bbox 2265 969 2329 997; x_wconf 84' lang='lat' dir='ltr'>quae</span> <span class='ocrx_word' id='word_1_922' title='bbox 2347 970 2407 995; x_wconf 73' lang='lat' dir='ltr'>Par.</span> <span class='ocrx_word' id='word_1_923' title='bbox 2418 977 2464 996; x_wconf 74' lang='lat'>20,</span> 
     </span>
     <span class='ocr_line' id='line_1_116' title="bbox 1266 993 2433 1036; baseline 0.005 -13"><span class='ocrx_word' id='word_1_924' title='bbox 1266 1002 1317 1030; x_wconf 87' lang='lat' dir='ltr'>per</span> <span class='ocrx_word' id='word_1_925' title='bbox 1332 993 1473 1026; x_wconf 86' lang='lat' dir='ltr'>Custodes</span> <span class='ocrx_word' id='word_1_926' title='bbox 1486 995 1664 1035; x_wconf 85' lang='lat' dir='ltr'>Treugarum</span> <span class='ocrx_word' id='word_1_927' title='bbox 1678 997 1788 1026; x_wconf 85' lang='lat' dir='ltr'>illarum</span> <span class='ocrx_word' id='word_1_928' title='bbox 1804 1005 1944 1035; x_wconf 89' lang='lat' dir='ltr'>nequeunt</span> <span class='ocrx_word' id='word_1_929' title='bbox 1959 997 2100 1028; x_wconf 87' lang='lat' dir='ltr'>emendari</span> <span class='ocrx_word' id='word_1_930' title='bbox 2111 998 2160 1036; x_wconf 72' lang='lat' dir='ltr'>,set</span> <span class='ocrx_word' id='word_1_931' title='bbox 2175 997 2328 1029; x_wconf 88' lang='lat' dir='ltr'>secundum</span> <span class='ocrx_word' id='word_1_932' title='bbox 2347 1009 2377 1033; x_wconf 85' lang='lat' dir='ltr'>E.</span> <span class='ocrx_word' id='word_1_933' title='bbox 2405 1015 2433 1033; x_wconf 74' lang='lat'>2.</span> 
     </span>
     <span class='ocr_line' id='line_1_117' title="bbox 1266 1031 2444 1076; baseline 0.008 -15"><span class='ocrx_word' id='word_1_934' title='bbox 1266 1031 1391 1063; x_wconf 86' lang='lat' dir='ltr'>formam</span> <span class='ocrx_word' id='word_1_935' title='bbox 1402 1034 1564 1066; x_wconf 89' lang='lat' dir='ltr'>earumdem</span> <span class='ocrx_word' id='word_1_936' title='bbox 1577 1036 1755 1074; x_wconf 82' lang='lat' dir='ltr'>Treugarum</span> <span class='ocrx_word' id='word_1_937' title='bbox 1770 1034 1804 1064; x_wconf 91' lang='lat' dir='ltr'>ad</span> <span class='ocrx_word' id='word_1_938' title='bbox 1820 1044 1872 1064; x_wconf 92' lang='lat' dir='ltr'>nos</span> <span class='ocrx_word' id='word_1_939' title='bbox 1885 1035 1980 1065; x_wconf 89' lang='lat' dir='ltr'>referri</span> <span class='ocrx_word' id='word_1_940' title='bbox 1995 1035 2116 1074; x_wconf 88' lang='lat' dir='ltr'>debent,</span> <span class='ocrx_word' id='word_1_941' title='bbox 2135 1038 2168 1067; x_wconf 90' lang='lat'>&amp;</span> <span class='ocrx_word' id='word_1_942' title='bbox 2189 1046 2237 1076; x_wconf 91' lang='lat' dir='ltr'>per</span> <span class='ocrx_word' id='word_1_943' title='bbox 2259 1047 2329 1075; x_wconf 90' lang='lat' dir='ltr'>nos,</span> <span class='ocrx_word' id='word_1_944' title='bbox 2344 1053 2380 1072; x_wconf 80' lang='lat' dir='ltr'>m.</span> <span class='ocrx_word' id='word_1_945' title='bbox 2391 1043 2444 1073; x_wconf 49' lang='lat'>48.</span> 
     </span>
     <span class='ocr_line' id='line_1_118' title="bbox 1266 1070 2328 1114; baseline 0.007 -14"><span class='ocrx_word' id='word_1_946' title='bbox 1266 1070 1311 1101; x_wconf 88' lang='lat' dir='ltr'>seu</span> <span class='ocrx_word' id='word_1_947' title='bbox 1325 1071 1511 1110; x_wconf 85' lang='lat' dir='ltr'>Deputandos</span> <span class='ocrx_word' id='word_1_948' title='bbox 1526 1074 1542 1104; x_wconf 80' lang='grc' dir='ltr'>Ξι</span> <span class='ocrx_word' id='word_1_949' title='bbox 1557 1074 1657 1112; x_wconf 87' lang='lat' dir='ltr'>nobis,</span> <span class='ocrx_word' id='word_1_950' title='bbox 1675 1073 1755 1104; x_wconf 82' lang='lat' dir='ltr'>simul</span> <span class='ocrx_word' id='word_1_951' title='bbox 1770 1082 1839 1104; x_wconf 90' lang='lat' dir='ltr'>cum</span> <span class='ocrx_word' id='word_1_952' title='bbox 1852 1073 2015 1112; x_wconf 85' lang='lat' dir='ltr'>deputandis</span> <span class='ocrx_word' id='word_1_953' title='bbox 2029 1083 2076 1114; x_wconf 88' lang='lat' dir='ltr'>per</span> <span class='ocrx_word' id='word_1_954' title='bbox 2098 1075 2188 1113; x_wconf 86' lang='lat' dir='ltr'>ipsum</span> <span class='ocrx_word' id='word_1_955' title='bbox 2210 1075 2328 1107; x_wconf 89' lang='lat' dir='ltr'>Robet-</span> 
     </span>
    </p>

    <p class='ocr_par' dir='ltr' id='par_1_46' title="bbox 1266 1113 1517 1150">
     <span class='ocr_line' id='line_1_119' title="bbox 1266 1113 1517 1150; baseline 0.012 -10"><span class='ocrx_word' id='word_1_956' title='bbox 1266 1117 1345 1150; x_wconf 81' lang='lat' dir='ltr'>tum.,</span> <span class='ocrx_word' id='word_1_957' title='bbox 1362 1113 1517 1143; x_wconf 83' lang='lat' dir='ltr'>terminari:</span> 
     </span>
    </p>

    <p class='ocr_par' dir='ltr' id='par_1_47' title="bbox 1265 1148 2334 1227">
     <span class='ocr_line' id='line_1_120' title="bbox 1305 1148 2334 1190; baseline 0.007 -12"><span class='ocrx_word' id='word_1_958' title='bbox 1305 1148 1349 1179; x_wconf 89' lang='lat' dir='ltr'>Ac</span> <span class='ocrx_word' id='word_1_959' title='bbox 1366 1160 1418 1181; x_wconf 86' lang='lat' dir='ltr'>nos</span> <span class='ocrx_word' id='word_1_960' title='bbox 1431 1174 1441 1190; x_wconf 90' lang='lat'>,</span> <span class='ocrx_word' id='word_1_961' title='bbox 1458 1152 1581 1182; x_wconf 87' lang='lat' dir='ltr'>formam</span> <span class='ocrx_word' id='word_1_962' title='bbox 1596 1150 1775 1189; x_wconf 83' lang='lat' dir='ltr'>Treugarum</span> <span class='ocrx_word' id='word_1_963' title='bbox 1790 1150 1989 1188; x_wconf 59' lang='lat' dir='ltr'>praedffiarum</span> <span class='ocrx_word' id='word_1_964' title='bbox 2002 1150 2031 1180; x_wconf 93' lang='lat' dir='ltr'>in</span> <span class='ocrx_word' id='word_1_965' title='bbox 2044 1149 2114 1190; x_wconf 87' lang='lat' dir='ltr'>hiis,</span> <span class='ocrx_word' id='word_1_966' title='bbox 2139 1161 2203 1190; x_wconf 87' lang='lat' dir='ltr'>quae</span> <span class='ocrx_word' id='word_1_967' title='bbox 2224 1153 2260 1184; x_wconf 94' lang='lat' dir='ltr'>ad</span> <span class='ocrx_word' id='word_1_968' title='bbox 2280 1163 2334 1185; x_wconf 88' lang='lat' dir='ltr'>nos</span> 
     </span>
     <span class='ocr_line' id='line_1_121' title="bbox 1265 1189 1939 1227; baseline 0.001 -10"><span class='ocrx_word' id='word_1_969' title='bbox 1265 1189 1406 1227; x_wconf 84' lang='lat' dir='ltr'>pertinent</span> <span class='ocrx_word' id='word_1_970' title='bbox 1439 1191 1565 1221; x_wconf 88' lang='lat' dir='ltr'>volentes</span> <span class='ocrx_word' id='word_1_971' title='bbox 1576 1191 1772 1220; x_wconf 79' lang='lat' dir='ltr'>inviolabiliter</span> <span class='ocrx_word' id='word_1_972' title='bbox 1786 1190 1939 1219; x_wconf 83' lang='lat' dir='ltr'>observari:</span> 
     </span>
    </p>

    <p class='ocr_par' dir='ltr' id='par_1_48' title="bbox 1265 1213 2440 1380">
     <span class='ocr_line' id='line_1_122' title="bbox 1307 1213 2440 1271; baseline 0.005 -14"><span class='ocrx_word' id='word_1_973' title='bbox 1307 1227 1326 1246; x_wconf 46' lang='grc' dir='ltr'><strong><em>κ</em></strong></span> <span class='ocrx_word' id='word_1_974' title='bbox 1345 1227 1382 1257; x_wconf 91' lang='lat' dir='ltr'>Et</span> <span class='ocrx_word' id='word_1_975' title='bbox 1396 1213 1432 1258; x_wconf 83' lang='lat' dir='ltr'>d’e</span> <span class='ocrx_word' id='word_1_976' title='bbox 1445 1228 1590 1268; x_wconf 67' lang='lat' dir='ltr'>fidelitate,</span> <span class='ocrx_word' id='word_1_977' title='bbox 1606 1229 1701 1259; x_wconf 61' lang='lat' dir='ltr'>diioui</span> <span class='ocrx_word' id='word_1_978' title='bbox 1713 1230 1746 1259; x_wconf 53' lang='grc' dir='ltr'>ες</span> <span class='ocrx_word' id='word_1_979' title='bbox 1759 1228 1845 1259; x_wconf 71' lang='lat' dir='ltr'>fideus</span> <span class='ocrx_word' id='word_1_980' title='bbox 1858 1227 1962 1266; x_wconf 70' lang='lat' dir='ltr'>nostri,</span> <span class='ocrx_word' id='word_1_981' title='bbox 1981 1227 2104 1258; x_wconf 73' lang='lat' dir='ltr'>Roberti</span> <span class='ocrx_word' id='word_1_982' title='bbox 2114 1227 2335 1271; x_wconf 84' lang='lat' dir='ltr'>deWelle,ple-</span> <span class='ocrx_word' id='word_1_983' title='bbox 2350 1233 2369 1254; x_wconf 66' lang='lat'>⁴*</span> <span class='ocrx_word' id='word_1_984' title='bbox 2387 1236 2440 1263; x_wconf 85' lang='lat' dir='ltr'>tv.</span> 
     </span>
     <span class='ocr_line' id='line_1_123' title="bbox 1265 1265 2417 1310; baseline 0.005 -16"><span class='ocrx_word' id='word_1_985' title='bbox 1265 1275 1331 1295; x_wconf 87' lang='lat' dir='ltr'>nam</span> <span class='ocrx_word' id='word_1_986' title='bbox 1347 1265 1479 1298; x_wconf 80' lang='lat' dir='ltr'>fiduciam</span> <span class='ocrx_word' id='word_1_987' title='bbox 1492 1269 1667 1308; x_wconf 71' lang='lat' dir='ltr'>optinentes,</span> <span class='ocrx_word' id='word_1_988' title='bbox 1687 1267 1878 1298; x_wconf 78' lang='lat' dir='ltr'>intentionem</span> <span class='ocrx_word' id='word_1_989' title='bbox 1893 1268 1926 1298; x_wconf 91' lang='lat'>&amp;</span> <span class='ocrx_word' id='word_1_990' title='bbox 1940 1266 2124 1297; x_wconf 88' lang='lat' dir='ltr'>Voluntatem</span> <span class='ocrx_word' id='word_1_991' title='bbox 2137 1266 2333 1310; x_wconf 90' lang='lat' dir='ltr'>nostram,su-</span> <span class='ocrx_word' id='word_1_992' title='bbox 2351 1283 2417 1310; x_wconf 85' lang='lat'>225.</span> 
     </span>
     <span class='ocr_line' id='line_1_124' title="bbox 1267 1305 2334 1374; baseline 0.007 -40"><span class='ocrx_word' id='word_1_993' title='bbox 1267 1314 1316 1344; x_wconf 90' lang='lat' dir='ltr'>per</span> <span class='ocrx_word' id='word_1_994' title='bbox 1326 1305 1492 1374; x_wconf 46' lang='lat' dir='ltr'>ipraeffi&#39;iffis&#39;</span> <span class='ocrx_word' id='word_1_995' title='bbox 1508 1308 1535 1337; x_wconf 90' lang='lat' dir='ltr'>ei</span> <span class='ocrx_word' id='word_1_996' title='bbox 1548 1306 1743 1347; x_wconf 80' lang='lat' dir='ltr'>exposuimus,</span> <span class='ocrx_word' id='word_1_997' title='bbox 1761 1305 1879 1346; x_wconf 77' lang='lat' dir='ltr'>praeFato</span> <span class='ocrx_word' id='word_1_998' title='bbox 1891 1305 2023 1336; x_wconf 86' lang='lat' dir='ltr'>Roberto</span> <span class='ocrx_word' id='word_1_999' title='bbox 2043 1305 2079 1336; x_wconf 88' lang='lat' dir='ltr'>de</span> <span class='ocrx_word' id='word_1_1000' title='bbox 2102 1305 2170 1337; x_wconf 87' lang='lat' dir='ltr'>Brus</span> <span class='ocrx_word' id='word_1_1001' title='bbox 2181 1329 2191 1345; x_wconf 91' lang='lat'>,</span> <span class='ocrx_word' id='word_1_1002' title='bbox 2209 1308 2334 1342; x_wconf 63' lang='lat' dir='ltr'>seriosius</span> 
     </span>
     <span class='ocr_line' id='line_1_125' title="bbox 1268 1352 1462 1380; baseline 0.005 -7"><span class='ocrx_word' id='word_1_1003' title='bbox 1268 1352 1322 1380; x_wconf 77' lang='lat' dir='ltr'>exp</span> <span class='ocrx_word' id='word_1_1004' title='bbox 1336 1353 1399 1374; x_wconf 83' lang='lat' dir='ltr'>ican</span> <span class='ocrx_word' id='word_1_1005' title='bbox 1420 1355 1462 1374; x_wconf 90' lang='lat' dir='ltr'>as·</span> 
     </span>
    </p>

    <p class='ocr_par' dir='ltr' id='par_1_49' title="bbox 1267 1368 2336 1538">
     <span class='ocr_line' id='line_1_126' title="bbox 1306 1368 2336 1423; baseline 0.006 -12"><span class='ocrx_word' id='word_1_1006' title='bbox 1306 1380 1413 1412; x_wconf 84' lang='lat' dir='ltr'>Dantes</span> <span class='ocrx_word' id='word_1_1007' title='bbox 1424 1368 1518 1414; x_wconf 81' lang='lat' dir='ltr'>eidem</span> <span class='ocrx_word' id='word_1_1008' title='bbox 1536 1383 1668 1414; x_wconf 85' lang='lat' dir='ltr'>Roberto</span> <span class='ocrx_word' id='word_1_1009' title='bbox 1679 1382 1716 1414; x_wconf 91' lang='lat' dir='ltr'>de</span> <span class='ocrx_word' id='word_1_1010' title='bbox 1731 1383 1844 1421; x_wconf 78' lang='lat' dir='ltr'>welle,</span> <span class='ocrx_word' id='word_1_1011' title='bbox 1862 1391 1961 1414; x_wconf 88' lang='lat' dir='ltr'>tenore</span> <span class='ocrx_word' id='word_1_1012' title='bbox 1975 1384 2163 1422; x_wconf 67' lang='lat' dir='ltr'>praesenfium,</span> <span class='ocrx_word' id='word_1_1013' title='bbox 2183 1384 2336 1423; x_wconf 88' lang='lat' dir='ltr'>plenariam</span> 
     </span>
     <span class='ocr_line' id='line_1_127' title="bbox 1267 1418 2335 1464; baseline 0.004 -14"><span class='ocrx_word' id='word_1_1014' title='bbox 1267 1418 1440 1451; x_wconf 79' lang='lat' dir='ltr'>Potestatem</span> <span class='ocrx_word' id='word_1_1015' title='bbox 1453 1421 1662 1460; x_wconf 90' lang='lat' dir='ltr'>consentiendi,</span> <span class='ocrx_word' id='word_1_1016' title='bbox 1679 1421 1777 1452; x_wconf 89' lang='lat' dir='ltr'>nostro</span> <span class='ocrx_word' id='word_1_1017' title='bbox 1791 1423 1912 1452; x_wconf 89' lang='lat' dir='ltr'>nomine</span> <span class='ocrx_word' id='word_1_1018' title='bbox 1941 1422 1970 1451; x_wconf 92' lang='lat' dir='ltr'>in</span> <span class='ocrx_word' id='word_1_1019' title='bbox 1984 1431 2076 1452; x_wconf 88' lang='lat' dir='ltr'>certos</span> <span class='ocrx_word' id='word_1_1020' title='bbox 2088 1423 2164 1452; x_wconf 90' lang='lat' dir='ltr'>diem</span> <span class='ocrx_word' id='word_1_1021' title='bbox 2178 1424 2211 1454; x_wconf 93' lang='lat'>&amp;</span> <span class='ocrx_word' id='word_1_1022' title='bbox 2224 1424 2335 1464; x_wconf 86' lang='lat' dir='ltr'>locum,</span> 
     </span>
     <span class='ocr_line' id='line_1_128' title="bbox 1267 1445 2336 1501; baseline 0.005 -12"><span class='ocrx_word' id='word_1_1023' title='bbox 1267 1460 1369 1497; x_wconf 90' lang='lat' dir='ltr'>quibus</span> <span class='ocrx_word' id='word_1_1024' title='bbox 1385 1460 1519 1491; x_wconf 85' lang='lat' dir='ltr'>nostri&amp;</span> <span class='ocrx_word' id='word_1_1025' title='bbox 1533 1461 1613 1501; x_wconf 82' lang='lat' dir='ltr'>ipfius</span> <span class='ocrx_word' id='word_1_1026' title='bbox 1627 1460 1750 1491; x_wconf 88' lang='lat' dir='ltr'>Roberti</span> <span class='ocrx_word' id='word_1_1027' title='bbox 1764 1460 1800 1491; x_wconf 90' lang='lat' dir='ltr'>de</span> <span class='ocrx_word' id='word_1_1028' title='bbox 1813 1460 1880 1491; x_wconf 83' lang='lat' dir='ltr'>Brus</span> <span class='ocrx_word' id='word_1_1029' title='bbox 1894 1445 2008 1490; x_wconf 61' lang='lat' dir='ltr'>Nuncii</span> <span class='ocrx_word' id='word_1_1030' title='bbox 2030 1462 2202 1493; x_wconf 84' lang='lat' dir='ltr'>conveniant</span> <span class='ocrx_word' id='word_1_1031' title='bbox 2225 1462 2261 1493; x_wconf 91' lang='lat' dir='ltr'>ad</span> <span class='ocrx_word' id='word_1_1032' title='bbox 2281 1471 2336 1494; x_wconf 87' lang='lat' dir='ltr'>tra-</span> 
     </span>
     <span class='ocr_line' id='line_1_129' title="bbox 1267 1498 1977 1538; baseline 0 -10"><span class='ocrx_word' id='word_1_1033' title='bbox 1267 1498 1401 1528; x_wconf 63' lang='lat' dir='ltr'>&amp;andum</span> <span class='ocrx_word' id='word_1_1034' title='bbox 1416 1500 1449 1530; x_wconf 87' lang='lat'>&amp;</span> <span class='ocrx_word' id='word_1_1035' title='bbox 1464 1499 1719 1537; x_wconf 84' lang='lat' dir='ltr'>concordandum,</span> <span class='ocrx_word' id='word_1_1036' title='bbox 1732 1499 1811 1538; x_wconf 82' lang='lat' dir='ltr'>super</span> <span class='ocrx_word' id='word_1_1037' title='bbox 1824 1498 1977 1537; x_wconf 73' lang='lat' dir='ltr'>praemlffis.</span> 
     </span>
    </p>

    <p class='ocr_par' dir='ltr' id='par_1_50' title="bbox 1268 1537 2336 1656">
     <span class='ocr_line' id='line_1_130' title="bbox 1305 1537 2336 1577; baseline 0.004 -11"><span class='ocrx_word' id='word_1_1038' title='bbox 1305 1537 1394 1575; x_wconf 84' lang='lat' dir='ltr'>Super</span> <span class='ocrx_word' id='word_1_1039' title='bbox 1407 1538 1509 1576; x_wconf 88' lang='lat' dir='ltr'>quibus</span> <span class='ocrx_word' id='word_1_1040' title='bbox 1518 1561 1527 1576; x_wconf 88' lang='lat'>,</span> <span class='ocrx_word' id='word_1_1041' title='bbox 1542 1540 1676 1568; x_wconf 88' lang='lat' dir='ltr'>omnibus</span> <span class='ocrx_word' id='word_1_1042' title='bbox 1690 1538 1724 1568; x_wconf 73' lang='grc' dir='ltr'>ὃ(</span> <span class='ocrx_word' id='word_1_1043' title='bbox 1738 1538 1863 1577; x_wconf 85' lang='lat' dir='ltr'>singulis,</span> <span class='ocrx_word' id='word_1_1044' title='bbox 1873 1537 2004 1568; x_wconf 90' lang='lat' dir='ltr'>volumus</span> <span class='ocrx_word' id='word_1_1045' title='bbox 2018 1537 2099 1575; x_wconf 82' lang='lat' dir='ltr'>quod</span> <span class='ocrx_word' id='word_1_1046' title='bbox 2112 1537 2206 1569; x_wconf 92' lang='lat' dir='ltr'>eidem</span> <span class='ocrx_word' id='word_1_1047' title='bbox 2218 1538 2336 1570; x_wconf 89' lang='lat' dir='ltr'>Rober-</span> 
     </span>
     <span class='ocr_line' id='line_1_131' title="bbox 1268 1576 2334 1615; baseline 0.003 -10"><span class='ocrx_word' id='word_1_1048' title='bbox 1268 1582 1300 1605; x_wconf 92' lang='lat' dir='ltr'>to</span> <span class='ocrx_word' id='word_1_1049' title='bbox 1314 1576 1348 1606; x_wconf 89' lang='lat' dir='ltr'>de</span> <span class='ocrx_word' id='word_1_1050' title='bbox 1364 1576 1459 1606; x_wconf 57' lang='lat' dir='ltr'>&amp;Velle</span> <span class='ocrx_word' id='word_1_1051' title='bbox 1472 1576 1634 1607; x_wconf 87' lang='lat' dir='ltr'>adhibeatur</span> <span class='ocrx_word' id='word_1_1052' title='bbox 1646 1577 1726 1615; x_wconf 83' lang='lat' dir='ltr'>plena</span> <span class='ocrx_word' id='word_1_1053' title='bbox 1741 1576 1828 1615; x_wconf 74' lang='lat' dir='ltr'>fides,</span> <span class='ocrx_word' id='word_1_1054' title='bbox 1846 1577 2041 1614; x_wconf 77' lang='lat' dir='ltr'>promittentes</span> <span class='ocrx_word' id='word_1_1055' title='bbox 2055 1585 2107 1607; x_wconf 86' lang='lat' dir='ltr'>nos</span> <span class='ocrx_word' id='word_1_1056' title='bbox 2128 1586 2219 1608; x_wconf 86' lang='lat' dir='ltr'>ratum</span> <span class='ocrx_word' id='word_1_1057' title='bbox 2234 1580 2267 1608; x_wconf 72' lang='grc' dir='ltr'>ὃ(</span> <span class='ocrx_word' id='word_1_1058' title='bbox 2286 1578 2334 1608; x_wconf 84' lang='lat' dir='ltr'>fir-</span> 
     </span>
     <span class='ocr_line' id='line_1_132' title="bbox 1268 1614 2336 1656; baseline 0.005 -13"><span class='ocrx_word' id='word_1_1059' title='bbox 1268 1623 1352 1644; x_wconf 89' lang='lat' dir='ltr'>mum</span> <span class='ocrx_word' id='word_1_1060' title='bbox 1366 1614 1509 1645; x_wconf 82' lang='lat' dir='ltr'>habituros</span> <span class='ocrx_word' id='word_1_1061' title='bbox 1524 1625 1573 1654; x_wconf 87' lang='lat' dir='ltr'>ea,</span> <span class='ocrx_word' id='word_1_1062' title='bbox 1591 1626 1655 1654; x_wconf 82' lang='lat' dir='ltr'>quae</span> <span class='ocrx_word' id='word_1_1063' title='bbox 1668 1625 1717 1655; x_wconf 87' lang='lat' dir='ltr'>per</span> <span class='ocrx_word' id='word_1_1064' title='bbox 1731 1615 1838 1656; x_wconf 91' lang='lat' dir='ltr'>ipsum,</span> <span class='ocrx_word' id='word_1_1065' title='bbox 1856 1617 1886 1646; x_wconf 90' lang='lat' dir='ltr'>in</span> <span class='ocrx_word' id='word_1_1066' title='bbox 1900 1614 1952 1645; x_wconf 83' lang='lat' dir='ltr'>hac</span> <span class='ocrx_word' id='word_1_1067' title='bbox 1964 1623 2056 1654; x_wconf 79' lang='lat' dir='ltr'>parte,</span> <span class='ocrx_word' id='word_1_1068' title='bbox 2080 1615 2196 1647; x_wconf 66' lang='lat' dir='ltr'>traetata</span> <span class='ocrx_word' id='word_1_1069' title='bbox 2219 1616 2336 1656; x_wconf 81' lang='lat' dir='ltr'>fuerint,</span> 
     </span>
    </p>

    <p class='ocr_par' dir='ltr' id='par_1_51' title="bbox 1268 1652 1595 1685">
     <span class='ocr_line' id='line_1_133' title="bbox 1268 1652 1595 1685; baseline 0 -2"><span class='ocrx_word' id='word_1_1070' title='bbox 1268 1652 1302 1683; x_wconf 92' lang='lat'>&amp;</span> <span class='ocrx_word' id='word_1_1071' title='bbox 1315 1654 1398 1682; x_wconf 88' lang='lat' dir='ltr'>etiam</span> <span class='ocrx_word' id='word_1_1072' title='bbox 1414 1653 1595 1685; x_wconf 86' lang='lat' dir='ltr'>concordata.</span> 
     </span>
    </p>

    <p class='ocr_par' dir='ltr' id='par_1_52' title="bbox 1307 1690 1526 1729">
     <span class='ocr_line' id='line_1_134' title="bbox 1307 1690 1526 1729; baseline 0.005 -8"><span class='ocrx_word' id='word_1_1073' title='bbox 1307 1690 1339 1721; x_wconf 91' lang='lat' dir='ltr'>In</span> <span class='ocrx_word' id='word_1_1074' title='bbox 1352 1691 1432 1729; x_wconf 85' lang='lat' dir='ltr'>cujus</span> <span class='ocrx_word' id='word_1_1075' title='bbox 1441 1714 1450 1729; x_wconf 95' lang='lat'>,</span> <span class='ocrx_word' id='word_1_1076' title='bbox 1466 1692 1526 1722; x_wconf 87' lang='lat' dir='ltr'>&amp;c.</span> 
     </span>
    </p>

    <p class='ocr_par' dir='ltr' id='par_1_53' title="bbox 1343 1728 2257 1772">
     <span class='ocr_line' id='line_1_135' title="bbox 1343 1728 2257 1772; baseline 0.002 -12"><span class='ocrx_word' id='word_1_1077' title='bbox 1343 1728 1435 1760; x_wconf 88' lang='lat' dir='ltr'>Teste</span> <span class='ocrx_word' id='word_1_1078' title='bbox 1448 1729 1531 1770; x_wconf 88' lang='lat' dir='ltr'>Rege</span> <span class='ocrx_word' id='word_1_1079' title='bbox 1543 1729 1617 1768; x_wconf 86' lang='lat' dir='ltr'>apud</span> <span class='ocrx_word' id='word_1_1080' title='bbox 1631 1730 1655 1761; x_wconf 90' lang='lat' dir='ltr'>F</span> <span class='ocrx_word' id='word_1_1081' title='bbox 1655 1731 1783 1772; x_wconf 86' lang='lat' dir='ltr'>onteleye</span> <span class='ocrx_word' id='word_1_1082' title='bbox 1788 1755 1799 1771; x_wconf 95' lang='lat'>‚</span> <span class='ocrx_word' id='word_1_1083' title='bbox 1816 1731 1952 1763; x_wconf 79' lang='lat' dir='ltr'>vicesimo</span> <span class='ocrx_word' id='word_1_1084' title='bbox 1965 1741 2045 1761; x_wconf 93' lang='lat' dir='ltr'>nono</span> <span class='ocrx_word' id='word_1_1085' title='bbox 2059 1730 2106 1761; x_wconf 90' lang='lat' dir='ltr'>die</span> <span class='ocrx_word' id='word_1_1086' title='bbox 2126 1730 2257 1771; x_wconf 86' lang='lat' dir='ltr'>Augusti.</span> 
     </span>
    </p>
   </div>
   <div class='ocr_carea' id='block_1_28' title="bbox 1905 1807 2168 1847">
    <p class='ocr_par' dir='ltr' id='par_1_54' title="bbox 1905 1807 2168 1847">
     <span class='ocr_line' id='line_1_136' title="bbox 1905 1807 2168 1847; baseline -0.004 -9"><span class='ocrx_word' id='word_1_1087' title='bbox 1905 1810 1959 1838; x_wconf 84' lang='lat' dir='ltr'>Per</span> <span class='ocrx_word' id='word_1_1088' title='bbox 1969 1807 2050 1847; x_wconf 74' lang='lat' dir='ltr'>ipsitm</span> <span class='ocrx_word' id='word_1_1089' title='bbox 2064 1810 2168 1846; x_wconf 83' lang='lat' dir='ltr'>Regem.</span> 
     </span>
    </p>
   </div>
   <div class='ocr_carea' id='block_1_29' title="bbox 1289 1929 2313 1980">
    <p class='ocr_par' dir='ltr' id='par_1_55' title="bbox 1289 1929 2313 1980">
     <span class='ocr_line' id='line_1_137' title="bbox 1289 1929 2313 1980; baseline 0 -14"><span class='ocrx_word' id='word_1_1090' title='bbox 1289 1934 1339 1966; x_wconf 85' lang='lat' dir='ltr'>De</span> <span class='ocrx_word' id='word_1_1091' title='bbox 1363 1929 1512 1965; x_wconf 79' lang='lat' dir='ltr'>Navibus</span> <span class='ocrx_word' id='word_1_1092' title='bbox 1538 1941 1642 1966; x_wconf 83' lang='lat' dir='ltr'>contra</span> <span class='ocrx_word' id='word_1_1093' title='bbox 1671 1932 1833 1980; x_wconf 71' lang='lat' dir='ltr'>Aggreffits</span> <span class='ocrx_word' id='word_1_1094' title='bbox 1861 1933 2049 1967; x_wconf 81' lang='lat' dir='ltr'>Gallicorum</span> <span class='ocrx_word' id='word_1_1095' title='bbox 2068 1932 2313 1980; x_wconf 74' lang='lat' dir='ltr'>supervidendis.</span> 
     </span>
    </p>
   </div>
   <div class='ocr_carea' id='block_1_30' title="bbox 1266 2016 2486 3707">
    <p class='ocr_par' dir='ltr' id='par_1_56' title="bbox 1273 2016 2486 2108">
     <span class='ocr_line' id='line_1_138' title="bbox 1273 2016 2486 2075; baseline 0.002 -27"><span class='ocrx_word' id='word_1_1096' title='bbox 1273 2016 1406 2075; x_wconf 80' lang='lat' dir='ltr'>REX</span> <span class='ocrx_word' id='word_1_1097' title='bbox 1425 2016 1672 2057; x_wconf 81' lang='lat' dir='ltr'>vicecomitibus,</span> <span class='ocrx_word' id='word_1_1098' title='bbox 1691 2017 1819 2058; x_wconf 78' lang='lat' dir='ltr'>Ballivis‚</span> <span class='ocrx_word' id='word_1_1099' title='bbox 1839 2018 1996 2058; x_wconf 81' lang='lat' dir='ltr'>Ministris‚</span> <span class='ocrx_word' id='word_1_1100' title='bbox 2014 2019 2048 2050; x_wconf 89' lang='lat'>&amp;</span> <span class='ocrx_word' id='word_1_1101' title='bbox 2060 2019 2196 2050; x_wconf 90' lang='lat' dir='ltr'>omnibus</span> <span class='ocrx_word' id='word_1_1102' title='bbox 2208 2018 2336 2050; x_wconf 85' lang='lat' dir='ltr'>fidelibus</span> <span class='ocrx_word' id='word_1_1103' title='bbox 2350 2027 2425 2059; x_wconf 53' lang='lat' dir='ltr'>Am,</span> <span class='ocrx_word' id='word_1_1104' title='bbox 2442 2026 2486 2060; x_wconf 60' lang='lat' dir='ltr'>D,</span> 
     </span>
     <span class='ocr_line' id='line_1_139' title="bbox 1350 2055 2458 2108; baseline 0.002 -22"><span class='ocrx_word' id='word_1_1105' title='bbox 1350 2055 1421 2094; x_wconf 90' lang='lat' dir='ltr'>suis,</span> <span class='ocrx_word' id='word_1_1106' title='bbox 1438 2057 1496 2087; x_wconf 74' lang='lat' dir='ltr'>tarn</span> <span class='ocrx_word' id='word_1_1107' title='bbox 1511 2055 1583 2087; x_wconf 81' lang='lat' dir='ltr'>infra</span> <span class='ocrx_word' id='word_1_1108' title='bbox 1597 2056 1768 2097; x_wconf 83' lang='lat' dir='ltr'>Libertates,</span> <span class='ocrx_word' id='word_1_1109' title='bbox 1793 2059 1880 2097; x_wconf 74' lang='lat' dir='ltr'>quam</span> <span class='ocrx_word' id='word_1_1110' title='bbox 1902 2067 1994 2097; x_wconf 73' lang='lat' dir='ltr'>eXtra,</span> <span class='ocrx_word' id='word_1_1111' title='bbox 2018 2058 2053 2089; x_wconf 92' lang='lat' dir='ltr'>ad</span> <span class='ocrx_word' id='word_1_1112' title='bbox 2076 2066 2148 2096; x_wconf 89' lang='lat' dir='ltr'>quos</span> <span class='ocrx_word' id='word_1_1113' title='bbox 2167 2057 2228 2088; x_wconf 88' lang='lat' dir='ltr'>&amp;c.</span> <span class='ocrx_word' id='word_1_1114' title='bbox 2255 2057 2335 2089; x_wconf 91' lang='lat' dir='ltr'>Salu-</span> <span class='ocrx_word' id='word_1_1115' title='bbox 2373 2066 2458 2108; x_wconf 66' lang='lat'>1326,</span> 
     </span>
    </p>

    <p class='ocr_par' dir='ltr' id='par_1_57' title="bbox 1267 2103 2260 2126">
     <span class='ocr_line' id='line_1_140' title="bbox 1267 2103 2260 2126; baseline -0.001 0"><span class='ocrx_word' id='word_1_1116' title='bbox 1267 2103 1335 2126; x_wconf 87' lang='lat' dir='ltr'>tem.</span> <span class='ocrx_word' id='word_1_1117' title='bbox 2254 2115 2260 2120; x_wconf 85' lang='lat'>-</span> 
     </span>
    </p>

    <p class='ocr_par' dir='ltr' id='par_1_58' title="bbox 1303 2109 2466 2174">
     <span class='ocr_line' id='line_1_141' title="bbox 1303 2109 2466 2174; baseline 0.002 -10"><span class='ocrx_word' id='word_1_1118' title='bbox 1303 2133 1402 2165; x_wconf 88' lang='lat' dir='ltr'>Sciatis</span> <span class='ocrx_word' id='word_1_1119' title='bbox 1415 2133 1512 2173; x_wconf 78' lang='lat' dir='ltr'>quod,</span> <span class='ocrx_word' id='word_1_1120' title='bbox 1531 2133 1599 2165; x_wconf 74' lang='lat' dir='ltr'>cum</span> <span class='ocrx_word' id='word_1_1121' title='bbox 1608 2158 1619 2174; x_wconf 90' lang='lat'>,</span> <span class='ocrx_word' id='word_1_1122' title='bbox 1638 2144 1691 2173; x_wconf 90' lang='lat' dir='ltr'>pro</span> <span class='ocrx_word' id='word_1_1123' title='bbox 1702 2133 1866 2166; x_wconf 80' lang='lat' dir='ltr'>defensione</span> <span class='ocrx_word' id='word_1_1124' title='bbox 1879 2135 1975 2167; x_wconf 77' lang='lat' dir='ltr'>Reoni</span> <span class='ocrx_word' id='word_1_1125' title='bbox 1993 2134 2081 2166; x_wconf 90' lang='lat' dir='ltr'>nostri</span> <span class='ocrx_word' id='word_1_1126' title='bbox 2102 2142 2203 2166; x_wconf 87' lang='lat' dir='ltr'>contra</span> <span class='ocrx_word' id='word_1_1127' title='bbox 2222 2134 2337 2166; x_wconf 88' lang='lat' dir='ltr'>hostiles</span> <span class='ocrx_word' id='word_1_1128' title='bbox 2350 2109 2466 2174; x_wconf 41' lang='grc' dir='ltr'>ἔξω</span> 
     </span>
    </p>

    <p class='ocr_par' dir='ltr' id='par_1_59' title="bbox 1268 2160 2467 2214">
     <span class='ocr_line' id='line_1_142' title="bbox 1268 2160 2467 2214; baseline 0.002 -11"><span class='ocrx_word' id='word_1_1129' title='bbox 1268 2173 1418 2213; x_wconf 82' lang='lat' dir='ltr'>Aggreffus</span> <span class='ocrx_word' id='word_1_1130' title='bbox 1432 2172 1627 2213; x_wconf 88' lang='lat' dir='ltr'>Gallicorum,</span> <span class='ocrx_word' id='word_1_1131' title='bbox 1642 2174 1676 2205; x_wconf 90' lang='lat'>&amp;</span> <span class='ocrx_word' id='word_1_1132' title='bbox 1689 2173 1827 2214; x_wconf 87' lang='lat' dir='ltr'>aliorum,</span> <span class='ocrx_word' id='word_1_1133' title='bbox 1841 2176 1891 2214; x_wconf 88' lang='lat' dir='ltr'>qui</span> <span class='ocrx_word' id='word_1_1134' title='bbox 1912 2160 1981 2206; x_wconf 51' lang='lat' dir='ltr'>filos</span> <span class='ocrx_word' id='word_1_1135' title='bbox 1995 2198 2005 2214; x_wconf 87' lang='lat'>,</span> <span class='ocrx_word' id='word_1_1136' title='bbox 2023 2175 2056 2206; x_wconf 89' lang='lat'>&amp;</span> <span class='ocrx_word' id='word_1_1137' title='bbox 2076 2173 2237 2214; x_wconf 84' lang='lat' dir='ltr'>Populum,</span> <span class='ocrx_word' id='word_1_1138' title='bbox 2254 2174 2337 2205; x_wconf 90' lang='lat' dir='ltr'>nobis</span> <span class='ocrx_word' id='word_1_1139' title='bbox 2351 2187 2408 2213; x_wconf 84' lang='lat' dir='ltr'>Pat.</span> <span class='ocrx_word' id='word_1_1140' title='bbox 2419 2187 2467 2212; x_wconf 65' lang='lat'>20:</span> 
     </span>
    </p>

    <p class='ocr_par' dir='ltr' id='par_1_60' title="bbox 1266 2211 2428 2252">
     <span class='ocr_line' id='line_1_143' title="bbox 1266 2211 2428 2252; baseline 0.001 -10"><span class='ocrx_word' id='word_1_1141' title='bbox 1266 2212 1427 2251; x_wconf 89' lang='lat' dir='ltr'>subditum,</span> <span class='ocrx_word' id='word_1_1142' title='bbox 1447 2212 1482 2242; x_wconf 92' lang='lat' dir='ltr'>de</span> <span class='ocrx_word' id='word_1_1143' title='bbox 1496 2211 1609 2243; x_wconf 71' lang='lat' dir='ltr'>Guerra</span> <span class='ocrx_word' id='word_1_1144' title='bbox 1629 2221 1744 2252; x_wconf 87' lang='lat' dir='ltr'>gravare</span> <span class='ocrx_word' id='word_1_1145' title='bbox 1764 2214 1894 2245; x_wconf 87' lang='lat' dir='ltr'>nituntur</span> <span class='ocrx_word' id='word_1_1146' title='bbox 1909 2238 1918 2252; x_wconf 84' lang='grc'>.,</span> <span class='ocrx_word' id='word_1_1147' title='bbox 1938 2214 1999 2245; x_wconf 67' lang='lat' dir='ltr'>tam</span> <span class='ocrx_word' id='word_1_1148' title='bbox 2019 2223 2069 2252; x_wconf 88' lang='lat' dir='ltr'>per</span> <span class='ocrx_word' id='word_1_1149' title='bbox 2088 2213 2232 2252; x_wconf 89' lang='lat' dir='ltr'>Terram,</span> <span class='ocrx_word' id='word_1_1150' title='bbox 2249 2213 2335 2252; x_wconf 73' lang='lat' dir='ltr'>quam</span> <span class='ocrx_word' id='word_1_1151' title='bbox 2350 2226 2380 2250; x_wconf 79' lang='lat' dir='ltr'>E.</span> <span class='ocrx_word' id='word_1_1152' title='bbox 2402 2232 2428 2250; x_wconf 68' lang='lat'>2,</span> 
     </span>
    </p>

    <p class='ocr_par' dir='ltr' id='par_1_61' title="bbox 1268 2250 2452 2331">
     <span class='ocr_line' id='line_1_144' title="bbox 1268 2250 2452 2320; baseline 0.002 -39"><span class='ocrx_word' id='word_1_1153' title='bbox 1268 2260 1317 2320; x_wconf 61' lang='lat' dir='ltr'>per</span> <span class='ocrx_word' id='word_1_1154' title='bbox 1332 2250 1433 2289; x_wconf 87' lang='lat' dir='ltr'>Mare,</span> <span class='ocrx_word' id='word_1_1155' title='bbox 1450 2251 1486 2281; x_wconf 90' lang='lat' dir='ltr'>de</span> <span class='ocrx_word' id='word_1_1156' title='bbox 1499 2251 1618 2281; x_wconf 84' lang='lat' dir='ltr'>consilio</span> <span class='ocrx_word' id='word_1_1157' title='bbox 1639 2251 1741 2282; x_wconf 90' lang='lat' dir='ltr'>nostro</span> <span class='ocrx_word' id='word_1_1158' title='bbox 1760 2252 1981 2283; x_wconf 88' lang='lat' dir='ltr'>ordinaverimus</span> <span class='ocrx_word' id='word_1_1159' title='bbox 2001 2251 2082 2291; x_wconf 85' lang='lat' dir='ltr'>quod</span> <span class='ocrx_word' id='word_1_1160' title='bbox 2101 2262 2203 2283; x_wconf 85' lang='lat' dir='ltr'>omnes</span> <span class='ocrx_word' id='word_1_1161' title='bbox 2221 2251 2388 2291; x_wconf 56' lang='lat' dir='ltr'>Navem„</span> <span class='ocrx_word' id='word_1_1162' title='bbox 2408 2259 2452 2288; x_wconf 74' lang='lat'>18,</span> 
     </span>
     <span class='ocr_line' id='line_1_145' title="bbox 1294 2289 2340 2331; baseline 0.001 -12"><span class='ocrx_word' id='word_1_1163' title='bbox 1294 2289 1384 2320; x_wconf 89' lang='lat' dir='ltr'>ondus</span> <span class='ocrx_word' id='word_1_1164' title='bbox 1398 2290 1530 2329; x_wconf 86' lang='lat' dir='ltr'>Triginta</span> <span class='ocrx_word' id='word_1_1165' title='bbox 1545 2289 1702 2321; x_wconf 88' lang='lat' dir='ltr'>Doliorum</span> <span class='ocrx_word' id='word_1_1166' title='bbox 1719 2290 1753 2321; x_wconf 91' lang='lat'>&amp;</span> <span class='ocrx_word' id='word_1_1167' title='bbox 1765 2291 1834 2322; x_wconf 89' lang='lat' dir='ltr'>ultra</span> <span class='ocrx_word' id='word_1_1168' title='bbox 1848 2300 2004 2329; x_wconf 85' lang='lat' dir='ltr'>portantes,</span> <span class='ocrx_word' id='word_1_1169' title='bbox 2027 2291 2064 2322; x_wconf 87' lang='lat' dir='ltr'>ab</span> <span class='ocrx_word' id='word_1_1170' title='bbox 2084 2301 2135 2322; x_wconf 90' lang='lat' dir='ltr'>ore</span> <span class='ocrx_word' id='word_1_1171' title='bbox 2154 2300 2234 2331; x_wconf 85' lang='lat' dir='ltr'>aquae</span> <span class='ocrx_word' id='word_1_1172' title='bbox 2255 2290 2340 2322; x_wconf 84' lang='lat' dir='ltr'>Tha-</span> 
     </span>
    </p>

    <p class='ocr_par' dir='ltr' id='par_1_62' title="bbox 1269 2327 2336 2369">
     <span class='ocr_line' id='line_1_146' title="bbox 1269 2327 2336 2369; baseline 0.001 -11"><span class='ocrx_word' id='word_1_1173' title='bbox 1269 2329 1373 2368; x_wconf 83' lang='lat' dir='ltr'>misiae,</span> <span class='ocrx_word' id='word_1_1174' title='bbox 1389 2329 1482 2360; x_wconf 86' lang='lat' dir='ltr'>versus</span> <span class='ocrx_word' id='word_1_1175' title='bbox 1495 2336 1582 2368; x_wconf 86' lang='lat' dir='ltr'>partes</span> <span class='ocrx_word' id='word_1_1176' title='bbox 1596 2327 1740 2368; x_wconf 85' lang='lat' dir='ltr'>Boreales,</span> <span class='ocrx_word' id='word_1_1177' title='bbox 1758 2329 1811 2360; x_wconf 78' lang='lat' dir='ltr'>sint</span> <span class='ocrx_word' id='word_1_1178' title='bbox 1824 2330 1896 2369; x_wconf 89' lang='lat' dir='ltr'>apud</span> <span class='ocrx_word' id='word_1_1179' title='bbox 1912 2329 2050 2368; x_wconf 80' lang='lat' dir='ltr'>Erewess,</span> <span class='ocrx_word' id='word_1_1180' title='bbox 2068 2330 2098 2360; x_wconf 92' lang='lat' dir='ltr'>in</span> <span class='ocrx_word' id='word_1_1181' title='bbox 2113 2329 2260 2360; x_wconf 87' lang='lat' dir='ltr'>Comitatu</span> <span class='ocrx_word' id='word_1_1182' title='bbox 2268 2327 2336 2359; x_wconf 81' lang='lat' dir='ltr'>Suf-</span> 
     </span>
    </p>

    <p class='ocr_par' dir='ltr' id='par_1_63' title="bbox 1268 2365 2338 2408">
     <span class='ocr_line' id='line_1_147' title="bbox 1268 2365 2338 2408; baseline -0.001 -11"><span class='ocrx_word' id='word_1_1183' title='bbox 1268 2366 1380 2406; x_wconf 85' lang='lat' dir='ltr'>folciae,</span> <span class='ocrx_word' id='word_1_1184' title='bbox 1398 2367 1444 2397; x_wconf 93' lang='lat' dir='ltr'>die</span> <span class='ocrx_word' id='word_1_1185' title='bbox 1458 2367 1553 2397; x_wconf 72' lang='lat' dir='ltr'>Sanffl</span> <span class='ocrx_word' id='word_1_1186' title='bbox 1567 2366 1678 2398; x_wconf 80' lang='lat' dir='ltr'>Matliei</span> <span class='ocrx_word' id='word_1_1187' title='bbox 1695 2367 1827 2406; x_wconf 87' lang='lat' dir='ltr'>Apostoli</span> <span class='ocrx_word' id='word_1_1188' title='bbox 1841 2369 1977 2408; x_wconf 81' lang='lat' dir='ltr'>proximo</span> <span class='ocrx_word' id='word_1_1189' title='bbox 1991 2369 2086 2400; x_wconf 85' lang='lat' dir='ltr'>futuro</span> <span class='ocrx_word' id='word_1_1190' title='bbox 2099 2391 2110 2407; x_wconf 88' lang='lat'>,</span> <span class='ocrx_word' id='word_1_1191' title='bbox 2128 2369 2200 2399; x_wconf 81' lang='lat' dir='ltr'>bene</span> <span class='ocrx_word' id='word_1_1192' title='bbox 2213 2368 2247 2399; x_wconf 91' lang='lat'>&amp;</span> <span class='ocrx_word' id='word_1_1193' title='bbox 2260 2365 2338 2396; x_wconf 84' lang='lat' dir='ltr'>suffi-</span> 
     </span>
    </p>

    <p class='ocr_par' dir='ltr' id='par_1_64' title="bbox 1269 2404 2339 2446">
     <span class='ocr_line' id='line_1_148' title="bbox 1269 2404 2339 2446; baseline 0 -10"><span class='ocrx_word' id='word_1_1194' title='bbox 1269 2407 1377 2436; x_wconf 88' lang='lat' dir='ltr'>cienter</span> <span class='ocrx_word' id='word_1_1195' title='bbox 1392 2406 1564 2444; x_wconf 85' lang='lat' dir='ltr'>Armaturis,</span> <span class='ocrx_word' id='word_1_1196' title='bbox 1582 2405 1773 2445; x_wconf 63' lang='lat' dir='ltr'>Vkstualibus,</span> <span class='ocrx_word' id='word_1_1197' title='bbox 1792 2408 1826 2438; x_wconf 86' lang='lat'>&amp;</span> <span class='ocrx_word' id='word_1_1198' title='bbox 1840 2408 1895 2438; x_wconf 81' lang='lat' dir='ltr'>aliis</span> <span class='ocrx_word' id='word_1_1199' title='bbox 1907 2407 2063 2439; x_wconf 77' lang='lat' dir='ltr'>neceffariis</span> <span class='ocrx_word' id='word_1_1200' title='bbox 2079 2416 2133 2446; x_wconf 85' lang='lat' dir='ltr'>pro</span> <span class='ocrx_word' id='word_1_1201' title='bbox 2154 2415 2215 2436; x_wconf 91' lang='lat' dir='ltr'>uno</span> <span class='ocrx_word' id='word_1_1202' title='bbox 2235 2404 2339 2436; x_wconf 86' lang='lat' dir='ltr'>Mense</span> 
     </span>
    </p>

    <p class='ocr_par' dir='ltr' id='par_1_65' title="bbox 1269 2443 1847 2485">
     <span class='ocr_line' id='line_1_149' title="bbox 1269 2443 1847 2485; baseline 0.002 -10"><span class='ocrx_word' id='word_1_1203' title='bbox 1269 2445 1386 2475; x_wconf 82' lang='lat' dir='ltr'>munitae</span> <span class='ocrx_word' id='word_1_1204' title='bbox 1396 2468 1405 2484; x_wconf 85' lang='lat'>,</span> <span class='ocrx_word' id='word_1_1205' title='bbox 1420 2445 1456 2475; x_wconf 90' lang='lat' dir='ltr'>de</span> <span class='ocrx_word' id='word_1_1206' title='bbox 1470 2444 1597 2484; x_wconf 89' lang='lat' dir='ltr'>dupplici</span> <span class='ocrx_word' id='word_1_1207' title='bbox 1610 2443 1847 2485; x_wconf 80' lang='lat' dir='ltr'>Eskippamento:</span> 
     </span>
    </p>

    <p class='ocr_par' dir='ltr' id='par_1_66' title="bbox 1268 2482 2341 2599">
     <span class='ocr_line' id='line_1_150' title="bbox 1308 2482 2341 2524; baseline -0.001 -11"><span class='ocrx_word' id='word_1_1208' title='bbox 1308 2483 1345 2514; x_wconf 80' lang='lat' dir='ltr'>Et</span> <span class='ocrx_word' id='word_1_1209' title='bbox 1356 2483 1436 2523; x_wconf 78' lang='lat' dir='ltr'>quod</span> <span class='ocrx_word' id='word_1_1210' title='bbox 1451 2493 1550 2514; x_wconf 86' lang='lat' dir='ltr'>omnes</span> <span class='ocrx_word' id='word_1_1211' title='bbox 1565 2483 1689 2514; x_wconf 88' lang='lat' dir='ltr'>Domini</span> <span class='ocrx_word' id='word_1_1212' title='bbox 1704 2484 1737 2514; x_wconf 88' lang='lat'>&amp;</span> <span class='ocrx_word' id='word_1_1213' title='bbox 1753 2484 1883 2524; x_wconf 81' lang='lat' dir='ltr'>Magistri</span> <span class='ocrx_word' id='word_1_1214' title='bbox 1902 2484 2033 2515; x_wconf 85' lang='lat' dir='ltr'>Navium</span> <span class='ocrx_word' id='word_1_1215' title='bbox 2062 2482 2171 2513; x_wconf 84' lang='lat' dir='ltr'>illarum</span> <span class='ocrx_word' id='word_1_1216' title='bbox 2190 2505 2201 2521; x_wconf 87' lang='lat'>,</span> <span class='ocrx_word' id='word_1_1217' title='bbox 2218 2483 2248 2513; x_wconf 88' lang='lat' dir='ltr'>in</span> <span class='ocrx_word' id='word_1_1218' title='bbox 2272 2492 2341 2522; x_wconf 84' lang='lat' dir='ltr'>pro-</span> 
     </span>
     <span class='ocr_line' id='line_1_151' title="bbox 1268 2520 2339 2561; baseline 0.001 -9"><span class='ocrx_word' id='word_1_1219' title='bbox 1268 2522 1335 2560; x_wconf 87' lang='lat' dir='ltr'>priis</span> <span class='ocrx_word' id='word_1_1220' title='bbox 1350 2521 1471 2561; x_wconf 87' lang='lat' dir='ltr'>personis</span> <span class='ocrx_word' id='word_1_1221' title='bbox 1482 2522 1549 2560; x_wconf 89' lang='lat' dir='ltr'>suis,</span> <span class='ocrx_word' id='word_1_1222' title='bbox 1568 2530 1637 2553; x_wconf 89' lang='lat' dir='ltr'>tunc</span> <span class='ocrx_word' id='word_1_1223' title='bbox 1653 2522 1706 2552; x_wconf 80' lang='lat' dir='ltr'>sint</span> <span class='ocrx_word' id='word_1_1224' title='bbox 1720 2523 1830 2553; x_wconf 88' lang='lat' dir='ltr'>ibidem</span> <span class='ocrx_word' id='word_1_1225' title='bbox 1843 2525 1872 2553; x_wconf 94' lang='lat' dir='ltr'>in</span> <span class='ocrx_word' id='word_1_1226' title='bbox 1887 2522 2021 2553; x_wconf 56' lang='lat' dir='ltr'>Naribus</span> <span class='ocrx_word' id='word_1_1227' title='bbox 2036 2520 2102 2559; x_wconf 82' lang='lat' dir='ltr'>illis,</span> <span class='ocrx_word' id='word_1_1228' title='bbox 2122 2521 2158 2551; x_wconf 84' lang='lat' dir='ltr'>iic</span> <span class='ocrx_word' id='word_1_1229' title='bbox 2175 2522 2290 2552; x_wconf 89' lang='lat' dir='ltr'>munitis</span> <span class='ocrx_word' id='word_1_1230' title='bbox 2303 2521 2339 2553; x_wconf 75' lang='grc' dir='ltr'>δε</span> 
     </span>
     <span class='ocr_line' id='line_1_152' title="bbox 1268 2559 2308 2599; baseline -0.002 -9"><span class='ocrx_word' id='word_1_1231' title='bbox 1268 2562 1382 2599; x_wconf 85' lang='lat' dir='ltr'>paratis,</span> <span class='ocrx_word' id='word_1_1232' title='bbox 1401 2560 1434 2590; x_wconf 83' lang='lat' dir='ltr'>ad</span> <span class='ocrx_word' id='word_1_1233' title='bbox 1449 2560 1611 2591; x_wconf 85' lang='lat' dir='ltr'>faciendum</span> <span class='ocrx_word' id='word_1_1234' title='bbox 1627 2561 1704 2598; x_wconf 88' lang='lat' dir='ltr'>quod</span> <span class='ocrx_word' id='word_1_1235' title='bbox 1718 2562 1756 2590; x_wconf 87' lang='lat' dir='ltr'>eis</span> <span class='ocrx_word' id='word_1_1236' title='bbox 1772 2569 1840 2591; x_wconf 89' lang='lat' dir='ltr'>tunc</span> <span class='ocrx_word' id='word_1_1237' title='bbox 1854 2561 2011 2599; x_wconf 79' lang='lat' dir='ltr'>injungetur</span> <span class='ocrx_word' id='word_1_1238' title='bbox 2028 2569 2062 2589; x_wconf 77' lang='lat' dir='ltr'>ex</span> <span class='ocrx_word' id='word_1_1239' title='bbox 2082 2568 2158 2597; x_wconf 64' lang='lat' dir='ltr'>parte</span> <span class='ocrx_word' id='word_1_1240' title='bbox 2178 2559 2277 2590; x_wconf 62' lang='lat' dir='ltr'>nostis.</span> <span class='ocrx_word' id='word_1_1241' title='bbox 2301 2568 2308 2588; x_wconf 79' lang='lat' dir='ltr'>t</span> 
     </span>
    </p>

    <p class='ocr_par' dir='ltr' id='par_1_67' title="bbox 1268 2597 2341 2868">
     <span class='ocr_line' id='line_1_153' title="bbox 1307 2597 2338 2638; baseline 0 -9"><span class='ocrx_word' id='word_1_1242' title='bbox 1307 2599 1391 2638; x_wconf 87' lang='lat' dir='ltr'>Nos,</span> <span class='ocrx_word' id='word_1_1243' title='bbox 1413 2598 1635 2628; x_wconf 81' lang='lat' dir='ltr'>Ordinationem</span> <span class='ocrx_word' id='word_1_1244' title='bbox 1651 2599 1834 2635; x_wconf 59' lang='lat' dir='ltr'>praeditftam,</span> <span class='ocrx_word' id='word_1_1245' title='bbox 1855 2609 1906 2636; x_wconf 87' lang='lat' dir='ltr'>pro</span> <span class='ocrx_word' id='word_1_1246' title='bbox 1927 2598 2079 2628; x_wconf 73' lang='lat' dir='ltr'>communi</span> <span class='ocrx_word' id='word_1_1247' title='bbox 2100 2599 2216 2628; x_wconf 76' lang='lat' dir='ltr'>utilitate</span> <span class='ocrx_word' id='word_1_1248' title='bbox 2238 2598 2271 2629; x_wconf 87' lang='lat'>&amp;</span> <span class='ocrx_word' id='word_1_1249' title='bbox 2288 2597 2338 2629; x_wconf 84' lang='lat' dir='ltr'>de-</span> 
     </span>
     <span class='ocr_line' id='line_1_154' title="bbox 1271 2635 2341 2675; baseline 0 -8"><span class='ocrx_word' id='word_1_1250' title='bbox 1271 2637 1395 2668; x_wconf 83' lang='lat' dir='ltr'>fensione</span> <span class='ocrx_word' id='word_1_1251' title='bbox 1411 2637 1480 2667; x_wconf 64' lang='lat' dir='ltr'>dicti</span> <span class='ocrx_word' id='word_1_1252' title='bbox 1492 2636 1604 2675; x_wconf 85' lang='lat' dir='ltr'>Regni,</span> <span class='ocrx_word' id='word_1_1253' title='bbox 1624 2635 1766 2667; x_wconf 85' lang='lat' dir='ltr'>observari</span> <span class='ocrx_word' id='word_1_1254' title='bbox 1780 2637 1924 2675; x_wconf 82' lang='lat' dir='ltr'>volentes,</span> <span class='ocrx_word' id='word_1_1255' title='bbox 1943 2647 1976 2667; x_wconf 86' lang='lat' dir='ltr'>ac</span> <span class='ocrx_word' id='word_1_1256' title='bbox 1997 2639 2032 2666; x_wconf 83' lang='lat' dir='ltr'>de</span> <span class='ocrx_word' id='word_1_1257' title='bbox 2050 2635 2197 2674; x_wconf 73' lang='lat' dir='ltr'>fidelitate,</span> <span class='ocrx_word' id='word_1_1258' title='bbox 2220 2636 2341 2667; x_wconf 70' lang='lat' dir='ltr'>dilcisto-</span> 
     </span>
     <span class='ocr_line' id='line_1_155' title="bbox 1268 2674 2339 2714; baseline 0 -9"><span class='ocrx_word' id='word_1_1259' title='bbox 1268 2685 1331 2705; x_wconf 92' lang='lat' dir='ltr'>rum</span> <span class='ocrx_word' id='word_1_1260' title='bbox 1350 2676 1383 2705; x_wconf 65' lang='grc' dir='ltr'>ὃς</span> <span class='ocrx_word' id='word_1_1261' title='bbox 1397 2674 1522 2704; x_wconf 86' lang='lat' dir='ltr'>fidelium</span> <span class='ocrx_word' id='word_1_1262' title='bbox 1538 2674 1721 2713; x_wconf 88' lang='lat' dir='ltr'>nostrorum,</span> <span class='ocrx_word' id='word_1_1263' title='bbox 1739 2675 1864 2706; x_wconf 82' lang='lat' dir='ltr'>Roberti</span> <span class='ocrx_word' id='word_1_1264' title='bbox 1880 2676 1905 2705; x_wconf 87' lang='lat' dir='ltr'>le</span> <span class='ocrx_word' id='word_1_1265' title='bbox 1922 2676 1985 2705; x_wconf 63' lang='lat' dir='ltr'>fitz.</span> <span class='ocrx_word' id='word_1_1266' title='bbox 1998 2675 2142 2714; x_wconf 53' lang='lat' dir='ltr'>Vfautier,</span> <span class='ocrx_word' id='word_1_1267' title='bbox 2163 2674 2286 2706; x_wconf 84' lang='lat' dir='ltr'>Roberti</span> <span class='ocrx_word' id='word_1_1268' title='bbox 2301 2675 2339 2705; x_wconf 91' lang='lat' dir='ltr'>de</span> 
     </span>
     <span class='ocr_line' id='line_1_156' title="bbox 1268 2712 2339 2754; baseline 0 -10"><span class='ocrx_word' id='word_1_1269' title='bbox 1268 2712 1456 2751; x_wconf 82' lang='lat' dir='ltr'>Rocheford,</span> <span class='ocrx_word' id='word_1_1270' title='bbox 1471 2712 1617 2751; x_wconf 85' lang='lat' dir='ltr'>Johannes</span> <span class='ocrx_word' id='word_1_1271' title='bbox 1632 2713 1732 2751; x_wconf 88' lang='lat' dir='ltr'>Fillol,</span> <span class='ocrx_word' id='word_1_1272' title='bbox 1751 2714 1918 2752; x_wconf 80' lang='lat' dir='ltr'>&amp;Philippi</span> <span class='ocrx_word' id='word_1_1273' title='bbox 1932 2714 1966 2744; x_wconf 83' lang='lat' dir='ltr'>de</span> <span class='ocrx_word' id='word_1_1274' title='bbox 1988 2712 2089 2754; x_wconf 77' lang='lat' dir='ltr'>Verley</span> <span class='ocrx_word' id='word_1_1275' title='bbox 2108 2737 2118 2752; x_wconf 88' lang='lat'>,</span> <span class='ocrx_word' id='word_1_1276' title='bbox 2144 2713 2339 2751; x_wconf 74' lang='lat' dir='ltr'>confidentes,</span> 
     </span>
     <span class='ocr_line' id='line_1_157' title="bbox 1269 2751 2340 2820; baseline 0.001 -39"><span class='ocrx_word' id='word_1_1277' title='bbox 1269 2751 1463 2791; x_wconf 79' lang='lat' dir='ltr'>assignavimus</span> <span class='ocrx_word' id='word_1_1278' title='bbox 1477 2751 1549 2820; x_wconf 56' lang='lat' dir='ltr'>ilgsos</span> <span class='ocrx_word' id='word_1_1279' title='bbox 1563 2774 1573 2789; x_wconf 92' lang='lat'>,</span> <span class='ocrx_word' id='word_1_1280' title='bbox 1598 2752 1774 2788; x_wconf 62' lang='lat' dir='ltr'>conjunC&#39;tim</span> <span class='ocrx_word' id='word_1_1281' title='bbox 1792 2776 1800 2791; x_wconf 83' lang='lat'>,</span> <span class='ocrx_word' id='word_1_1282' title='bbox 1827 2754 1860 2783; x_wconf 63' lang='grc' dir='ltr'>ὅ(</span> <span class='ocrx_word' id='word_1_1283' title='bbox 1880 2753 1991 2783; x_wconf 68' lang='lat' dir='ltr'>divisim</span> <span class='ocrx_word' id='word_1_1284' title='bbox 2018 2776 2027 2790; x_wconf 84' lang='lat'>,</span> <span class='ocrx_word' id='word_1_1285' title='bbox 2053 2752 2087 2782; x_wconf 82' lang='lat' dir='ltr'>ad</span> <span class='ocrx_word' id='word_1_1286' title='bbox 2105 2751 2340 2789; x_wconf 82' lang='lat' dir='ltr'>supervidendum</span> 
     </span>
     <span class='ocr_line' id='line_1_158' title="bbox 1268 2790 2340 2830; baseline 0.002 -10"><span class='ocrx_word' id='word_1_1287' title='bbox 1268 2790 1347 2829; x_wconf 84' lang='lat' dir='ltr'>quod</span> <span class='ocrx_word' id='word_1_1288' title='bbox 1363 2800 1463 2820; x_wconf 89' lang='lat' dir='ltr'>omnes</span> <span class='ocrx_word' id='word_1_1289' title='bbox 1509 2792 1601 2820; x_wconf 86' lang='lat' dir='ltr'>omini</span> <span class='ocrx_word' id='word_1_1290' title='bbox 1615 2790 1647 2820; x_wconf 89' lang='lat'>&amp;</span> <span class='ocrx_word' id='word_1_1291' title='bbox 1662 2790 1791 2830; x_wconf 76' lang='lat' dir='ltr'>Magistri</span> <span class='ocrx_word' id='word_1_1292' title='bbox 1805 2792 1935 2821; x_wconf 65' lang='lat' dir='ltr'>Navium</span> <span class='ocrx_word' id='word_1_1293' title='bbox 1951 2815 1960 2828; x_wconf 75' lang='grc'><em>,</em></span> <span class='ocrx_word' id='word_1_1294' title='bbox 1980 2790 2095 2820; x_wconf 85' lang='lat' dir='ltr'>Pondus</span> <span class='ocrx_word' id='word_1_1295' title='bbox 2115 2791 2285 2829; x_wconf 51' lang='lat' dir='ltr'>pandit-lum</span> <span class='ocrx_word' id='word_1_1296' title='bbox 2304 2792 2340 2822; x_wconf 73' lang='grc' dir='ltr'>δε</span> 
     </span>
     <span class='ocr_line' id='line_1_159' title="bbox 1270 2828 2340 2868; baseline 0.001 -10"><span class='ocrx_word' id='word_1_1297' title='bbox 1270 2829 1337 2859; x_wconf 87' lang='lat' dir='ltr'>ultra</span> <span class='ocrx_word' id='word_1_1298' title='bbox 1353 2829 1542 2868; x_wconf 84' lang='lat' dir='ltr'>portantium,</span> <span class='ocrx_word' id='word_1_1299' title='bbox 1560 2829 1596 2859; x_wconf 91' lang='lat' dir='ltr'>de</span> <span class='ocrx_word' id='word_1_1300' title='bbox 1611 2828 1755 2860; x_wconf 87' lang='lat' dir='ltr'>Portubus</span> <span class='ocrx_word' id='word_1_1301' title='bbox 1772 2831 1804 2860; x_wconf 59' lang='grc' dir='ltr'>ἃ</span> <span class='ocrx_word' id='word_1_1302' title='bbox 1819 2830 1899 2860; x_wconf 72' lang='lat' dir='ltr'>Villis</span> <span class='ocrx_word' id='word_1_1303' title='bbox 1915 2830 1951 2860; x_wconf 91' lang='lat' dir='ltr'>de</span> <span class='ocrx_word' id='word_1_1304' title='bbox 1967 2829 2101 2860; x_wconf 73' lang='lat' dir='ltr'>llerewiz</span> <span class='ocrx_word' id='word_1_1305' title='bbox 2112 2853 2120 2868; x_wconf 88' lang='lat'>,</span> <span class='ocrx_word' id='word_1_1306' title='bbox 2145 2828 2340 2868; x_wconf 65' lang='lat' dir='ltr'>Colecestriit,</span> 
     </span>
    </p>

    <p class='ocr_par' dir='ltr' id='par_1_68' title="bbox 1267 2867 2383 3023">
     <span class='ocr_line' id='line_1_160' title="bbox 1269 2867 2383 2908; baseline 0 -11"><span class='ocrx_word' id='word_1_1307' title='bbox 1269 2867 1387 2898; x_wconf 87' lang='lat' dir='ltr'>Maintr.</span> <span class='ocrx_word' id='word_1_1308' title='bbox 1408 2867 1539 2898; x_wconf 89' lang='lat' dir='ltr'>Maldon.</span> <span class='ocrx_word' id='word_1_1309' title='bbox 1556 2867 1681 2899; x_wconf 88' lang='lat' dir='ltr'>Saltcote</span> <span class='ocrx_word' id='word_1_1310' title='bbox 1702 2891 1712 2907; x_wconf 86' lang='lat'>,</span> <span class='ocrx_word' id='word_1_1311' title='bbox 1744 2868 1915 2908; x_wconf 83' lang='lat' dir='ltr'>Tollesbnry</span> <span class='ocrx_word' id='word_1_1312' title='bbox 1932 2892 1940 2906; x_wconf 79' lang='grc'><em>,</em></span> <span class='ocrx_word' id='word_1_1313' title='bbox 1967 2868 2095 2907; x_wconf 81' lang='lat' dir='ltr'>Merseye</span> <span class='ocrx_word' id='word_1_1314' title='bbox 2109 2892 2119 2907; x_wconf 78' lang='grc'>,</span> <span class='ocrx_word' id='word_1_1315' title='bbox 2144 2868 2338 2908; x_wconf 83' lang='lat' dir='ltr'>FingringhO,</span> <span class='ocrx_word' id='word_1_1316' title='bbox 2373 2895 2383 2904; x_wconf 32' lang='lat' dir='ltr'>x</span> 
     </span>
     <span class='ocr_line' id='line_1_161' title="bbox 1269 2905 2340 2945; baseline -0.002 -9"><span class='ocrx_word' id='word_1_1317' title='bbox 1269 2906 1367 2937; x_wconf 83' lang='lat' dir='ltr'>Seintb</span> <span class='ocrx_word' id='word_1_1318' title='bbox 1383 2906 1483 2945; x_wconf 80' lang='lat' dir='ltr'>Osith,</span> <span class='ocrx_word' id='word_1_1319' title='bbox 1503 2905 1650 2945; x_wconf 85' lang='lat' dir='ltr'>Foulness,</span> <span class='ocrx_word' id='word_1_1320' title='bbox 1668 2908 1695 2936; x_wconf 86' lang='lat' dir='ltr'>in</span> <span class='ocrx_word' id='word_1_1321' title='bbox 1710 2906 1858 2938; x_wconf 78' lang='lat' dir='ltr'>Comitatu</span> <span class='ocrx_word' id='word_1_1322' title='bbox 1875 2907 2007 2944; x_wconf 54' lang='lat' dir='ltr'>Ess‘exiae,</span> <span class='ocrx_word' id='word_1_1323' title='bbox 2027 2917 2059 2937; x_wconf 78' lang='lat' dir='ltr'>ac</span> <span class='ocrx_word' id='word_1_1324' title='bbox 2077 2907 2272 2936; x_wconf 82' lang='lat' dir='ltr'>membrorum</span> <span class='ocrx_word' id='word_1_1325' title='bbox 2289 2915 2340 2935; x_wconf 87' lang='lat' dir='ltr'>eo-</span> 
     </span>
     <span class='ocr_line' id='line_1_162' title="bbox 1267 2944 2338 2985; baseline -0.002 -10"><span class='ocrx_word' id='word_1_1326' title='bbox 1267 2945 1398 2975; x_wconf 83' lang='lat' dir='ltr'>rumdem</span> <span class='ocrx_word' id='word_1_1327' title='bbox 1414 2944 1553 2976; x_wconf 89' lang='lat' dir='ltr'>Portuum</span> <span class='ocrx_word' id='word_1_1328' title='bbox 1568 2946 1601 2976; x_wconf 63' lang='grc' dir='ltr'>ὃ(</span> <span class='ocrx_word' id='word_1_1329' title='bbox 1617 2945 1754 2976; x_wconf 72' lang='lat' dir='ltr'>Villarum</span> <span class='ocrx_word' id='word_1_1330' title='bbox 1764 2971 1774 2985; x_wconf 80' lang='lat'>,</span> <span class='ocrx_word' id='word_1_1331' title='bbox 1794 2947 1847 2977; x_wconf 70' lang='lat' dir='ltr'>unii</span> <span class='ocrx_word' id='word_1_1332' title='bbox 1861 2956 1931 2977; x_wconf 86' lang='lat' dir='ltr'>cum</span> <span class='ocrx_word' id='word_1_1333' title='bbox 1946 2945 2078 2976; x_wconf 78' lang='lat' dir='ltr'>Navibus</span> <span class='ocrx_word' id='word_1_1334' title='bbox 2091 2945 2159 2983; x_wconf 84' lang='lat' dir='ltr'>illis,</span> <span class='ocrx_word' id='word_1_1335' title='bbox 2177 2945 2210 2974; x_wconf 86' lang='lat' dir='ltr'>ad</span> <span class='ocrx_word' id='word_1_1336' title='bbox 2226 2944 2338 2974; x_wconf 68' lang='lat' dir='ltr'>dietum</span> 
     </span>
     <span class='ocr_line' id='line_1_163' title="bbox 1268 2983 1777 3023; baseline 0.004 -9"><span class='ocrx_word' id='word_1_1337' title='bbox 1268 2984 1365 3014; x_wconf 92' lang='lat' dir='ltr'>locum</span> <span class='ocrx_word' id='word_1_1338' title='bbox 1380 2984 1415 3014; x_wconf 92' lang='lat' dir='ltr'>de</span> <span class='ocrx_word' id='word_1_1339' title='bbox 1429 2983 1538 3015; x_wconf 85' lang='lat' dir='ltr'>Erewel</span> <span class='ocrx_word' id='word_1_1340' title='bbox 1554 2984 1777 3023; x_wconf 78' lang='lat' dir='ltr'>proficiscantur:</span> 
     </span>
    </p>

    <p class='ocr_par' dir='ltr' id='par_1_69' title="bbox 1269 3019 2366 3139">
     <span class='ocr_line' id='line_1_164' title="bbox 1307 3019 2340 3061; baseline -0.001 -9"><span class='ocrx_word' id='word_1_1341' title='bbox 1307 3022 1343 3052; x_wconf 85' lang='lat' dir='ltr'>Et</span> <span class='ocrx_word' id='word_1_1342' title='bbox 1357 3022 1391 3053; x_wconf 87' lang='lat' dir='ltr'>ad</span> <span class='ocrx_word' id='word_1_1343' title='bbox 1414 3023 1597 3054; x_wconf 81' lang='lat' dir='ltr'>excitandum</span> <span class='ocrx_word' id='word_1_1344' title='bbox 1622 3023 1746 3061; x_wconf 77' lang='lat' dir='ltr'>Majores</span> <span class='ocrx_word' id='word_1_1345' title='bbox 1766 3025 1799 3056; x_wconf 88' lang='lat'>&amp;</span> <span class='ocrx_word' id='word_1_1346' title='bbox 1817 3023 1938 3055; x_wconf 85' lang='lat' dir='ltr'>Ballivos</span> <span class='ocrx_word' id='word_1_1347' title='bbox 1957 3023 2098 3053; x_wconf 88' lang='lat' dir='ltr'>Portuum</span> <span class='ocrx_word' id='word_1_1348' title='bbox 2121 3021 2154 3052; x_wconf 91' lang='lat'>&amp;</span> <span class='ocrx_word' id='word_1_1349' title='bbox 2179 3019 2340 3060; x_wconf 67' lang='lat' dir='ltr'>Villarum,</span> 
     </span>
     <span class='ocr_line' id='line_1_165' title="bbox 1269 3059 2366 3102; baseline 0.001 -11"><span class='ocrx_word' id='word_1_1350' title='bbox 1269 3061 1488 3100; x_wconf 61' lang='lat' dir='ltr'>praedic‘torum,</span> <span class='ocrx_word' id='word_1_1351' title='bbox 1527 3061 1586 3092; x_wconf 79' lang='lat' dir='ltr'>uod</span> <span class='ocrx_word' id='word_1_1352' title='bbox 1601 3063 1650 3102; x_wconf 79' lang='lat' dir='ltr'>ipsi</span> <span class='ocrx_word' id='word_1_1353' title='bbox 1665 3063 1817 3101; x_wconf 77' lang='lat' dir='ltr'>praemissa,</span> <span class='ocrx_word' id='word_1_1354' title='bbox 1834 3063 1933 3093; x_wconf 86' lang='lat' dir='ltr'>omnia</span> <span class='ocrx_word' id='word_1_1355' title='bbox 1947 3062 1980 3092; x_wconf 93' lang='lat'>&amp;</span> <span class='ocrx_word' id='word_1_1356' title='bbox 1995 3059 2117 3099; x_wconf 82' lang='lat' dir='ltr'>singula,</span> <span class='ocrx_word' id='word_1_1357' title='bbox 2138 3059 2242 3092; x_wconf 89' lang='lat' dir='ltr'>faciant</span> <span class='ocrx_word' id='word_1_1358' title='bbox 2264 3062 2338 3098; x_wconf 87' lang='lat' dir='ltr'>iuxta</span> <span class='ocrx_word' id='word_1_1359' title='bbox 2363 3096 2366 3097; x_wconf 15' lang='lat'><em>⁷</em></span> 
     </span>
     <span class='ocr_line' id='line_1_166' title="bbox 1269 3098 2170 3139; baseline -0.004 -8"><span class='ocrx_word' id='word_1_1360' title='bbox 1269 3100 1487 3131; x_wconf 86' lang='lat' dir='ltr'>Ordinationem</span> <span class='ocrx_word' id='word_1_1361' title='bbox 1502 3101 1506 3106; x_wconf 91' lang='lat'>&#39;</span> <span class='ocrx_word' id='word_1_1362' title='bbox 1530 3111 1593 3139; x_wconf 89' lang='lat' dir='ltr'>am,</span> <span class='ocrx_word' id='word_1_1363' title='bbox 1612 3102 1645 3132; x_wconf 69' lang='grc' dir='ltr'>ὃς</span> <span class='ocrx_word' id='word_1_1364' title='bbox 1660 3101 1789 3132; x_wconf 87' lang='lat' dir='ltr'>mandata</span> <span class='ocrx_word' id='word_1_1365' title='bbox 1803 3100 1896 3132; x_wconf 84' lang='lat' dir='ltr'>nostra</span> <span class='ocrx_word' id='word_1_1366' title='bbox 1911 3100 1948 3129; x_wconf 86' lang='lat' dir='ltr'>eis</span> <span class='ocrx_word' id='word_1_1367' title='bbox 1962 3098 2027 3129; x_wconf 77' lang='lat' dir='ltr'>inde</span> <span class='ocrx_word' id='word_1_1368' title='bbox 2049 3098 2170 3128; x_wconf 64' lang='lat' dir='ltr'>diretfila:</span> 
     </span>
    </p>

    <p class='ocr_par' dir='ltr' id='par_1_70' title="bbox 1268 3136 2339 3254">
     <span class='ocr_line' id='line_1_167' title="bbox 1305 3136 2339 3175; baseline -0.003 -6"><span class='ocrx_word' id='word_1_1369' title='bbox 1305 3138 1436 3170; x_wconf 89' lang='lat' dir='ltr'>Necnon</span> <span class='ocrx_word' id='word_1_1370' title='bbox 1451 3139 1486 3170; x_wconf 90' lang='lat' dir='ltr'>ad</span> <span class='ocrx_word' id='word_1_1371' title='bbox 1499 3149 1599 3170; x_wconf 90' lang='lat' dir='ltr'>omnes</span> <span class='ocrx_word' id='word_1_1372' title='bbox 1615 3139 1761 3170; x_wconf 88' lang='lat' dir='ltr'>Dominos</span> <span class='ocrx_word' id='word_1_1373' title='bbox 1775 3139 1809 3170; x_wconf 91' lang='lat'>&amp;</span> <span class='ocrx_word' id='word_1_1374' title='bbox 1823 3137 1875 3168; x_wconf 86' lang='lat' dir='ltr'>Ma</span> <span class='ocrx_word' id='word_1_1375' title='bbox 1897 3137 1976 3168; x_wconf 88' lang='lat' dir='ltr'>istros</span> <span class='ocrx_word' id='word_1_1376' title='bbox 1991 3136 2122 3168; x_wconf 89' lang='lat' dir='ltr'>Navium</span> <span class='ocrx_word' id='word_1_1377' title='bbox 2137 3137 2260 3175; x_wconf 86' lang='lat' dir='ltr'>illarum,</span> <span class='ocrx_word' id='word_1_1378' title='bbox 2267 3145 2339 3175; x_wconf 86' lang='lat' dir='ltr'>quos</span> 
     </span>
     <span class='ocr_line' id='line_1_168' title="bbox 1268 3173 2336 3216; baseline -0.003 -8"><span class='ocrx_word' id='word_1_1379' title='bbox 1268 3178 1298 3207; x_wconf 88' lang='lat' dir='ltr'>in</span> <span class='ocrx_word' id='word_1_1380' title='bbox 1316 3177 1369 3208; x_wconf 90' lang='lat' dir='ltr'>hac</span> <span class='ocrx_word' id='word_1_1381' title='bbox 1380 3186 1456 3216; x_wconf 85' lang='lat' dir='ltr'>parte</span> <span class='ocrx_word' id='word_1_1382' title='bbox 1471 3177 1637 3208; x_wconf 88' lang='lat' dir='ltr'>Contrarios</span> <span class='ocrx_word' id='word_1_1383' title='bbox 1648 3178 1808 3207; x_wconf 87' lang='lat' dir='ltr'>invenerint</span> <span class='ocrx_word' id='word_1_1384' title='bbox 1820 3176 1853 3207; x_wconf 91' lang='lat'>&amp;</span> <span class='ocrx_word' id='word_1_1385' title='bbox 1906 3176 2021 3214; x_wconf 87' lang='lat' dir='ltr'>ebelles,</span> <span class='ocrx_word' id='word_1_1386' title='bbox 2045 3175 2235 3214; x_wconf 85' lang='lat' dir='ltr'>capiendum,</span> <span class='ocrx_word' id='word_1_1387' title='bbox 2251 3176 2286 3206; x_wconf 89' lang='lat'>&amp;</span> <span class='ocrx_word' id='word_1_1388' title='bbox 2300 3173 2336 3206; x_wconf 89' lang='lat' dir='ltr'>ad</span> 
     </span>
     <span class='ocr_line' id='line_1_169' title="bbox 1269 3214 1866 3254; baseline -0.002 -8"><span class='ocrx_word' id='word_1_1389' title='bbox 1269 3225 1322 3246; x_wconf 88' lang='lat' dir='ltr'>nos</span> <span class='ocrx_word' id='word_1_1390' title='bbox 1352 3216 1529 3254; x_wconf 87' lang='lat' dir='ltr'>ubicumque</span> <span class='ocrx_word' id='word_1_1391' title='bbox 1541 3216 1677 3246; x_wconf 88' lang='lat' dir='ltr'>fuerimus</span> <span class='ocrx_word' id='word_1_1392' title='bbox 1689 3214 1866 3246; x_wconf 87' lang='lat' dir='ltr'>ducendum:</span> 
     </span>
    </p>

    <p class='ocr_par' dir='ltr' id='par_1_71' title="bbox 1269 3238 2338 3332">
     <span class='ocr_line' id='line_1_170' title="bbox 1305 3238 2338 3292; baseline -0.001 -8"><span class='ocrx_word' id='word_1_1393' title='bbox 1305 3238 1376 3284; x_wconf 62' lang='lat' dir='ltr'>blec</span> <span class='ocrx_word' id='word_1_1394' title='bbox 1395 3263 1458 3284; x_wconf 91' lang='lat' dir='ltr'>non</span> <span class='ocrx_word' id='word_1_1395' title='bbox 1477 3254 1512 3284; x_wconf 90' lang='lat' dir='ltr'>ad</span> <span class='ocrx_word' id='word_1_1396' title='bbox 1534 3253 1634 3284; x_wconf 89' lang='lat' dir='ltr'>Naves</span> <span class='ocrx_word' id='word_1_1397' title='bbox 1651 3252 1773 3291; x_wconf 89' lang='lat' dir='ltr'>ipsorum</span> <span class='ocrx_word' id='word_1_1398' title='bbox 1787 3276 1796 3292; x_wconf 87' lang='lat'>‚</span> <span class='ocrx_word' id='word_1_1399' title='bbox 1822 3253 1859 3284; x_wconf 83' lang='lat' dir='ltr'>fic</span> <span class='ocrx_word' id='word_1_1400' title='bbox 1878 3254 2127 3292; x_wconf 84' lang='lat' dir='ltr'>contrariantium,</span> <span class='ocrx_word' id='word_1_1401' title='bbox 2142 3252 2338 3290; x_wconf 71' lang='lat' dir='ltr'>arestandum,</span> 
     </span>
     <span class='ocr_line' id='line_1_171' title="bbox 1269 3291 2008 3332; baseline 0 -10"><span class='ocrx_word' id='word_1_1402' title='bbox 1269 3292 1410 3332; x_wconf 89' lang='lat' dir='ltr'>quousque</span> <span class='ocrx_word' id='word_1_1403' title='bbox 1422 3291 1495 3322; x_wconf 86' lang='lat' dir='ltr'>aliud</span> <span class='ocrx_word' id='word_1_1404' title='bbox 1508 3292 1575 3322; x_wconf 77' lang='lat' dir='ltr'>inde</span> <span class='ocrx_word' id='word_1_1405' title='bbox 1589 3292 1751 3323; x_wconf 84' lang='lat' dir='ltr'>duxerimus</span> <span class='ocrx_word' id='word_1_1406' title='bbox 1762 3292 2008 3324; x_wconf 84' lang='lat' dir='ltr'>demandandum·</span> 
     </span>
    </p>

    <p class='ocr_par' dir='ltr' id='par_1_72' title="bbox 1270 3316 2336 3446">
     <span class='ocr_line' id='line_1_172' title="bbox 1308 3316 2333 3374; baseline -0.001 -14"><span class='ocrx_word' id='word_1_1407' title='bbox 1308 3329 1346 3360; x_wconf 85' lang='lat' dir='ltr'>Et</span> <span class='ocrx_word' id='word_1_1408' title='bbox 1359 3331 1394 3361; x_wconf 89' lang='lat' dir='ltr'>ad</span> <span class='ocrx_word' id='word_1_1409' title='bbox 1408 3330 1619 3362; x_wconf 85' lang='lat' dir='ltr'>certificandum</span> <span class='ocrx_word' id='word_1_1410' title='bbox 1632 3340 1684 3361; x_wconf 89' lang='lat' dir='ltr'>nos</span> <span class='ocrx_word' id='word_1_1411' title='bbox 1697 3341 1763 3369; x_wconf 81' lang='lat' dir='ltr'>quas</span> <span class='ocrx_word' id='word_1_1412' title='bbox 1777 3331 1877 3362; x_wconf 89' lang='lat' dir='ltr'>Naves</span> <span class='ocrx_word' id='word_1_1413' title='bbox 1892 3332 1928 3363; x_wconf 79' lang='lat' dir='ltr'>sic</span> <span class='ocrx_word' id='word_1_1414' title='bbox 1941 3316 2135 3370; x_wconf 60' lang='lat' dir='ltr'>arefiaverint,</span> <span class='ocrx_word' id='word_1_1415' title='bbox 2154 3331 2188 3362; x_wconf 87' lang='lat'>&amp;</span> <span class='ocrx_word' id='word_1_1416' title='bbox 2200 3330 2241 3374; x_wconf 76' lang='lat' dir='ltr'>ob</span> <span class='ocrx_word' id='word_1_1417' title='bbox 2247 3337 2333 3369; x_wconf 86' lang='lat' dir='ltr'>quam</span> 
     </span>
     <span class='ocr_line' id='line_1_173' title="bbox 1270 3367 2336 3408; baseline -0.001 -10"><span class='ocrx_word' id='word_1_1418' title='bbox 1270 3368 1397 3408; x_wconf 85' lang='lat' dir='ltr'>causam,</span> <span class='ocrx_word' id='word_1_1419' title='bbox 1412 3369 1446 3400; x_wconf 87' lang='lat'>&amp;</span> <span class='ocrx_word' id='word_1_1420' title='bbox 1467 3378 1590 3408; x_wconf 89' lang='lat' dir='ltr'>quorum</span> <span class='ocrx_word' id='word_1_1421' title='bbox 1609 3368 1737 3408; x_wconf 87' lang='lat' dir='ltr'>fuerint,</span> <span class='ocrx_word' id='word_1_1422' title='bbox 1761 3379 1816 3400; x_wconf 90' lang='lat' dir='ltr'>nec</span> <span class='ocrx_word' id='word_1_1423' title='bbox 1838 3380 1899 3401; x_wconf 90' lang='lat' dir='ltr'>non</span> <span class='ocrx_word' id='word_1_1424' title='bbox 1922 3370 1959 3401; x_wconf 90' lang='lat' dir='ltr'>de</span> <span class='ocrx_word' id='word_1_1425' title='bbox 1979 3378 2042 3401; x_wconf 93' lang='lat' dir='ltr'>toto</span> <span class='ocrx_word' id='word_1_1426' title='bbox 2062 3369 2142 3401; x_wconf 70' lang='lat' dir='ltr'>faeto</span> <span class='ocrx_word' id='word_1_1427' title='bbox 2162 3369 2213 3401; x_wconf 89' lang='lat' dir='ltr'>suo</span> <span class='ocrx_word' id='word_1_1428' title='bbox 2232 3378 2269 3403; x_wconf 14' lang='lat' dir='ltr'>in,</span> <span class='ocrx_word' id='word_1_1429' title='bbox 2281 3367 2336 3397; x_wconf 84' lang='lat' dir='ltr'>hac</span> 
     </span>
     <span class='ocr_line' id='line_1_174' title="bbox 1271 3416 1365 3446; baseline 0 -9"><span class='ocrx_word' id='word_1_1430' title='bbox 1271 3416 1365 3446; x_wconf 69' lang='lat' dir='ltr'>parte,</span> 
     </span>
    </p>

    <p class='ocr_par' dir='ltr' id='par_1_73' title="bbox 1267 3444 2338 3641">
     <span class='ocr_line' id='line_1_175' title="bbox 1307 3444 2337 3482; baseline 0.002 -6"><span class='ocrx_word' id='word_1_1431' title='bbox 1307 3444 1344 3476; x_wconf 91' lang='lat' dir='ltr'>Et</span> <span class='ocrx_word' id='word_1_1432' title='bbox 1359 3445 1427 3476; x_wconf 83' lang='lat' dir='ltr'>ideo</span> <span class='ocrx_word' id='word_1_1433' title='bbox 1441 3446 1522 3477; x_wconf 90' lang='lat' dir='ltr'>vobis</span> <span class='ocrx_word' id='word_1_1434' title='bbox 1534 3446 1568 3477; x_wconf 87' lang='lat'>&amp;</span> <span class='ocrx_word' id='word_1_1435' title='bbox 1581 3446 1696 3478; x_wconf 89' lang='lat' dir='ltr'>cuilibet</span> <span class='ocrx_word' id='word_1_1436' title='bbox 1709 3446 1838 3478; x_wconf 70' lang='lat' dir='ltr'>vestrum</span> <span class='ocrx_word' id='word_1_1437' title='bbox 1860 3446 2031 3478; x_wconf 87' lang='lat' dir='ltr'>Mandamus</span> <span class='ocrx_word' id='word_1_1438' title='bbox 2051 3447 2169 3478; x_wconf 85' lang='lat' dir='ltr'>firmiter</span> <span class='ocrx_word' id='word_1_1439' title='bbox 2187 3444 2337 3482; x_wconf 76' lang='lat' dir='ltr'>iniungen-</span> 
     </span>
     <span class='ocr_line' id='line_1_176' title="bbox 1267 3481 2338 3525; baseline 0.006 -11"><span class='ocrx_word' id='word_1_1440' title='bbox 1267 3491 1327 3523; x_wconf 79' lang='lat' dir='ltr'>teS,</span> <span class='ocrx_word' id='word_1_1441' title='bbox 1347 3484 1427 3522; x_wconf 82' lang='lat' dir='ltr'>quod</span> <span class='ocrx_word' id='word_1_1442' title='bbox 1441 3485 1562 3524; x_wconf 82' lang='lat' dir='ltr'>eisdem,</span> <span class='ocrx_word' id='word_1_1443' title='bbox 1581 3484 1730 3524; x_wconf 88' lang='lat' dir='ltr'>Roberto,</span> <span class='ocrx_word' id='word_1_1444' title='bbox 1749 3485 1900 3525; x_wconf 75' lang='lat' dir='ltr'>Roberm,</span> <span class='ocrx_word' id='word_1_1445' title='bbox 1916 3486 2061 3525; x_wconf 80' lang='lat' dir='ltr'>johanni,</span> <span class='ocrx_word' id='word_1_1446' title='bbox 2079 3486 2113 3516; x_wconf 92' lang='lat'>&amp;</span> <span class='ocrx_word' id='word_1_1447' title='bbox 2134 3482 2285 3521; x_wconf 74' lang='lat' dir='ltr'>Philippo,</span> <span class='ocrx_word' id='word_1_1448' title='bbox 2302 3481 2338 3512; x_wconf 65' lang='grc' dir='ltr'>δῖ</span> 
     </span>
     <span class='ocr_line' id='line_1_177' title="bbox 1268 3519 2338 3564; baseline -0.003 -12"><span class='ocrx_word' id='word_1_1449' title='bbox 1268 3532 1370 3552; x_wconf 90' lang='lat' dir='ltr'>eorum</span> <span class='ocrx_word' id='word_1_1450' title='bbox 1387 3523 1518 3562; x_wconf 88' lang='lat' dir='ltr'>cuilibet,</span> <span class='ocrx_word' id='word_1_1451' title='bbox 1537 3525 1565 3554; x_wconf 88' lang='lat' dir='ltr'>in</span> <span class='ocrx_word' id='word_1_1452' title='bbox 1580 3524 1742 3562; x_wconf 84' lang='lat' dir='ltr'>praemiffis,</span> <span class='ocrx_word' id='word_1_1453' title='bbox 1756 3526 1891 3555; x_wconf 90' lang='lat' dir='ltr'>omnibus</span> <span class='ocrx_word' id='word_1_1454' title='bbox 1905 3526 1939 3557; x_wconf 73' lang='grc' dir='ltr'>ὃ(</span> <span class='ocrx_word' id='word_1_1455' title='bbox 1953 3524 2082 3564; x_wconf 81' lang='lat' dir='ltr'>singulis,</span> <span class='ocrx_word' id='word_1_1456' title='bbox 2105 3519 2282 3553; x_wconf 78' lang='lat' dir='ltr'>intendentes</span> <span class='ocrx_word' id='word_1_1457' title='bbox 2301 3519 2338 3549; x_wconf 89' lang='lat' dir='ltr'>fi-</span> 
     </span>
     <span class='ocr_line' id='line_1_178' title="bbox 1269 3555 2336 3605; baseline 0.007 -15"><span class='ocrx_word' id='word_1_1458' title='bbox 1269 3562 1319 3599; x_wconf 87' lang='lat' dir='ltr'>tis,</span> <span class='ocrx_word' id='word_1_1459' title='bbox 1337 3561 1512 3592; x_wconf 85' lang='lat' dir='ltr'>consulentes</span> <span class='ocrx_word' id='word_1_1460' title='bbox 1525 3563 1559 3593; x_wconf 92' lang='lat'>&amp;</span> <span class='ocrx_word' id='word_1_1461' title='bbox 1573 3563 1747 3601; x_wconf 70' lang='lat' dir='ltr'>auxiliantes,</span> <span class='ocrx_word' id='word_1_1462' title='bbox 1764 3564 1894 3601; x_wconf 84' lang='lat' dir='ltr'>quotiens</span> <span class='ocrx_word' id='word_1_1463' title='bbox 1913 3564 1946 3595; x_wconf 90' lang='lat'>&amp;</span> <span class='ocrx_word' id='word_1_1464' title='bbox 1970 3562 2152 3605; x_wconf 68' lang='lat' dir='ltr'>quandoper</span> <span class='ocrx_word' id='word_1_1465' title='bbox 2171 3559 2243 3596; x_wconf 77' lang='lat' dir='ltr'>iPsOS</span> <span class='ocrx_word' id='word_1_1466' title='bbox 2260 3555 2336 3602; x_wconf 55' lang='lat' dir='ltr'>pseu</span> 
     </span>
     <span class='ocr_line' id='line_1_179' title="bbox 1269 3600 2298 3641; baseline -0.001 -12"><span class='ocrx_word' id='word_1_1467' title='bbox 1269 3609 1370 3629; x_wconf 89' lang='lat' dir='ltr'>eorum</span> <span class='ocrx_word' id='word_1_1468' title='bbox 1385 3600 1522 3638; x_wconf 83' lang='lat' dir='ltr'>aliquem,</span> <span class='ocrx_word' id='word_1_1469' title='bbox 1543 3600 1620 3638; x_wconf 89' lang='lat' dir='ltr'>super</span> <span class='ocrx_word' id='word_1_1470' title='bbox 1636 3601 1713 3641; x_wconf 90' lang='lat' dir='ltr'>hoe,</span> <span class='ocrx_word' id='word_1_1471' title='bbox 1730 3611 1764 3632; x_wconf 86' lang='lat' dir='ltr'>ex</span> <span class='ocrx_word' id='word_1_1472' title='bbox 1779 3610 1856 3639; x_wconf 86' lang='lat' dir='ltr'>parte</span> <span class='ocrx_word' id='word_1_1473' title='bbox 1870 3601 1986 3640; x_wconf 69' lang='lat' dir='ltr'>nostra,</span> <span class='ocrx_word' id='word_1_1474' title='bbox 2002 3601 2106 3631; x_wconf 66' lang='lat' dir='ltr'>fisenus</span> <span class='ocrx_word' id='word_1_1475' title='bbox 2126 3604 2298 3637; x_wconf 78' lang='lat' dir='ltr'>praemumtl-</span> 
     </span>
    </p>

    <p class='ocr_par' dir='ltr' id='par_1_74' title="bbox 1268 3633 2333 3707">
     <span class='ocr_line' id='line_1_180' title="bbox 1307 3633 2333 3676; baseline -0.002 -8"><span class='ocrx_word' id='word_1_1476' title='bbox 1307 3636 1341 3668; x_wconf 92' lang='lat' dir='ltr'>In</span> <span class='ocrx_word' id='word_1_1477' title='bbox 1356 3639 1434 3676; x_wconf 83' lang='lat' dir='ltr'>cujus</span> <span class='ocrx_word' id='word_1_1478' title='bbox 1448 3640 1488 3669; x_wconf 87' lang='lat' dir='ltr'>rei</span> <span class='ocrx_word' id='word_1_1479' title='bbox 1502 3637 1701 3671; x_wconf 86' lang='lat' dir='ltr'>testimonium</span> <span class='ocrx_word' id='word_1_1480' title='bbox 1715 3639 1762 3671; x_wconf 81' lang='lat' dir='ltr'>has</span> <span class='ocrx_word' id='word_1_1481' title='bbox 1773 3640 1867 3672; x_wconf 85' lang='lat' dir='ltr'>literas</span> <span class='ocrx_word' id='word_1_1482' title='bbox 1882 3639 1989 3671; x_wconf 85' lang='lat' dir='ltr'>nostras</span> <span class='ocrx_word' id='word_1_1483' title='bbox 2014 3637 2073 3667; x_wconf 87' lang='lat' dir='ltr'>fieri</span> <span class='ocrx_word' id='word_1_1484' title='bbox 2094 3637 2214 3667; x_wconf 88' lang='lat' dir='ltr'>fecimus</span> <span class='ocrx_word' id='word_1_1485' title='bbox 2231 3633 2333 3666; x_wconf 83' lang='lat' dir='ltr'>Paten-</span> 
     </span>
     <span class='ocr_line' id='line_1_181' title="bbox 1268 3683 1308 3707; baseline 0.025 -1"><span class='ocrx_word' id='word_1_1486' title='bbox 1268 3683 1308 3707; x_wconf 88' lang='lat' dir='ltr'>tes</span> 
     </span>
    </p>
   </div>
   <div class='ocr_carea' id='block_1_31' title="bbox 1310 3698 2199 3830">
    <p class='ocr_par' dir='ltr' id='par_1_75' title="bbox 1310 3698 2199 3830">
     <span class='ocr_line' id='line_1_182' title="bbox 1310 3698 2193 3757; baseline -0.002 -12"><span class='ocrx_word' id='word_1_1487' title='bbox 1310 3698 1316 3705; x_wconf 43' lang='lat'><em>⁶</em></span> <span class='ocrx_word' id='word_1_1488' title='bbox 1343 3712 1432 3746; x_wconf 88' lang='lat' dir='ltr'>Teste</span> <span class='ocrx_word' id='word_1_1489' title='bbox 1447 3714 1528 3755; x_wconf 82' lang='lat' dir='ltr'>Rege</span> <span class='ocrx_word' id='word_1_1490' title='bbox 1541 3715 1616 3757; x_wconf 87' lang='lat' dir='ltr'>apud</span> <span class='ocrx_word' id='word_1_1491' title='bbox 1631 3715 1820 3749; x_wconf 86' lang='lat' dir='ltr'>Porcestriam</span> <span class='ocrx_word' id='word_1_1492' title='bbox 1829 3742 1839 3757; x_wconf 89' lang='lat'>,</span> <span class='ocrx_word' id='word_1_1493' title='bbox 1854 3717 1940 3750; x_wconf 84' lang='lat' dir='ltr'>tertio</span> <span class='ocrx_word' id='word_1_1494' title='bbox 1951 3715 1998 3745; x_wconf 83' lang='lat' dir='ltr'>die</span> <span class='ocrx_word' id='word_1_1495' title='bbox 2011 3713 2193 3751; x_wconf 87' lang='lat' dir='ltr'>Septembris.</span> 
     </span>
     <span class='ocr_line' id='line_1_183' title="bbox 1931 3789 2199 3830; baseline -0.015 -7"><span class='ocrx_word' id='word_1_1496' title='bbox 1931 3793 1987 3823; x_wconf 80' lang='lat' dir='ltr'>Per</span> <span class='ocrx_word' id='word_1_1497' title='bbox 1997 3789 2081 3830; x_wconf 77' lang='lat' dir='ltr'>ipsum</span> <span class='ocrx_word' id='word_1_1498' title='bbox 2092 3791 2199 3828; x_wconf 67' lang='lat' dir='ltr'>Regem:</span> 
     </span>
    </p>
   </div>
  </div>
 </body>
</html>
