2562 4279
720 107 831 147 ET
914 105 1182 146 ACTA

0 194 71 224 Ann.
84 188 127 220 D·
139 195 302 233 Airialium,
318 195 352 226 &
374 194 485 225 duobus
505 192 623 224 Milibus
631 191 809 231 Jornaliutn,
826 200 858 222 ut
873 192 903 221 in
921 190 1108 228 possessione,
1125 199 1194 233 pro-

16 238 99 270 1320.
136 237 266 274 prietate,
285 236 317 265 &-
333 234 416 263 omni
427 233 512 272 Jure,
531 232 695 261 haberemus
710 232 848 273 perpetuo
864 230 1042 274 medietatem
1055 239 1108 267 pro
1123 228 1195 271 indi-

0 267 60 300 Elv-
79 277 107 294 2·
134 274 193 305 viso
209 282 216 302 2
243 273 278 304 ὃς
298 273 353 312 ipse
373 271 487 309 Petrus,
506 270 539 301 &
558 270 598 300 sui
618 269 795 300 Succeiiores
813 268 945 300 haberent
963 270 1045 298 aliam
1060 267 1196 297 medieta-

0 1375 10 1392 '
27 1374 82 1402 111.

130 322 212 382 1enli'it
225 349 303 394 quod
316 347 448 390 praedieta
462 346 573 377 Airialia
586 346 619 377 &
629 345 754 382 jornalia
766 345 865 375 Terrae
878 344 1051 375 traderentur
1062 367 1070 382 ,
1079 344 1108 372 in
1122 342 1195 372 Feu-

132 389 204 421 dum
214 412 224 428 ,
242 390 342 420 Vicinis
356 389 389 419 ὃς
404 386 602 417 Habitantibus
613 384 700 415 <112stae
713 383 901 421 Bistrdaessub
915 385 1003 426 certis·
1012 383 1122 413 Annuis
1136 381 1197 411 De-

135 430 235 467 nariis,
254 426 337 457 nobis
351 427 386 458 &
396 425 512 465 praefato
525 423 609 453 Petro
623 424 815 453 communiter
827 422 979 457 solvendis,
997 430 1033 451 ita
1048 420 1125 460 quod
1143 429 1194 463 nos

136 468 318 498 medietatem
333 465 465 496 omnium
485 462 762 500 emolumentorum,
781 460 846 490 inde
861 461 1106 498 provenientium,
1125 468 1197 488 reci-

136 508 243 545 piamus
256 504 290 535 &
303 504 451 534 habeamus
467 510 473 530 ι
559 539 564 544 θ
801 538 806 543 ·
942 538 945 542 .
1068 538 1073 543 η
1163 537 1172 544 κ

175 544 211 576 Et
231 543 321 575 dictus
342 541 455 577 Petrus,
472 540 505 570 &
527 539 566 569 sui
585 538 762 569 Successores
773 537 855 568 aliam
870 536 1051 568 medietatem
1066 544 1197 574 integre,

139 584 173 615 &
190 583 247 613 sine
259 581 353 611 fiaude
368 579 517 618 recipiant,
535 579 568 608 ὃς
582 578 630 607 sibi
645 577 781 614 habeant,
801 576 834 606 ὃς
853 575 978 618 Feodarii
993 576 1120 613 praediffi
1135 576 1196 605 Te-

139 630 235 653 nentes
251 619 299 649 sibi
331 618 365 649 &
379 617 445 655 suis,
465 617 500 646 de
511 615 588 646 dieta
602 614 767 652 medietate,
786 614 951 654 respondere
964 615 1136 644 Teneantur.

177 660 213 689 Et
232 641 328 696 qubd’,
347 655 396 685 nisi
413 655 545 693 praedicta
567 654 675 683 Airialia
696 653 865 691 &jornalia
879 653 999 690 Terrae,
1016 654 1045 682 in
1060 650 1198 692 praedicta

137 695 273 730 Parochizi
287 694 400 734 possent
410 693 562 731 compleri,
577 692 612 722 de
626 692 682 722 aliis
696 693 776 722 certis
786 692 882 722 Terris
896 692 929 722 &
945 691 1033 722 Locis
1047 692 1128 730 iplius
1142 689 1197 720 Pe-

134 739 170 769 ω
186 733 404 771 complerentur.

176 772 323 811 Quodque
344 779 442 800 omnes
461 768 548 799 Furni
562 791 572 806 ,
596 769 630 800 δε
651 770 748 799 omnia
765 768 937 800 Molendina
957 769 990 800 &
1012 768 1114 808 singula
1132 790 1141 805 ,
1161 767 1197 797 de

138 812 233 843 Novo
254 808 450 840 Construenda
469 809 499 837 in
511 807 588 838 dieta
602 807 726 845 Bastida,
746 809 779 839 δε
799 808 885 839 Locis
901 809 935 839 &
950 808 1111 838 Territoriis
1125 816 1198 844 prae-

137 850 233 888 dietis,
247 848 334 879 effent
356 846 533 876 Communia
554 847 586 877 &
609 857 662 884 pro
684 847 802 877 indiviso
824 848 896 877 inter
916 856 967 876 nos
989 847 1023 877 &
1046 847 1197 885 praefatum

138 888 272 925 Petrum,
291 887 325 917 &
343 885 443 915 nostris
461 886 582 923 expensis
602 887 809 916 communibus
829 885 1066 916 construerentur.

178 925 344 957 Molendina
361 933 454 954 tamen
470 946 479 960 ,
504 932 571 953 tunc
591 924 697 954 ibidem
716 924 852 955 aedificata
868 947 877 961 ,
900 925 954 954 una
973 933 1042 954 cnm
1062 923 1199 961 decimis,

140 975 207 1004 quas
224 964 300 994 idem
323 962 419 992 Petrus
439 963 534 992 habuit
553 963 582 992 in
598 962 762 994 Territoriis
781 964 814 994 ὃς
834 963 920 993 Locis
938 962 1079 1010 praediffls
1093 985 1102 1000 ,
1131 971 1198 1002 pro-

138 1004 195 1043 pria
214 1003 247 1033 δε
267 1003 295 1031 in
313 1001 433 1031 solidum
448 1001 500 1031 sint
516 1000 643 1038 praediffl
658 1001 734 1032 Petri
754 1002 787 1032 &
804 1003 916 1032 suorum
936 1000 1145 1032 successorum.

169 1041 206 1072 Et
220 1039 300 1081 quod
323 1049 434 1070 merum
448 1040 480 1070 &
496 1041 616 1070 mixtum
633 1041 785 1079 imperium
796 1064 804 1079 ,
821 1042 852 1071 ὃ(
866 1041 917 1070 alta
931 1041 964 1072 &
978 1039 1054 1070 Baffa
1065 1039 1200 1077 Justicia,

135 1090 168 1112 ac
184 1078 353 1110 omnimoda
362 1077 538 1117 Jurisdifflo,
556 1089 621 1117 quae
636 1080 712 1110 idem
728 1079 826 1110 Petrus
840 1080 935 1110 habuit
950 1080 981 1109 in
998 1079 1077 1109 dieto
1094 1077 1198 1109 Castro

135 1118 170 1149 de
190 1117 294 1149 Castro
314 1117 426 1156 Novo,
444 1118 478 1148 &
499 1117 619 1155 ejusdem
634 1118 848 1158 Jurisdie‘tione,
864 1118 1039 1155 Terrirorio,
1057 1117 1091 1147 &
1114 1117 1198 1154 perti-

137 1159 238 1188 nentiis
255 1157 404 1194 universis·⁷
422 1166 538 1186 necnon
552 1166 666 1187 merum
682 1158 715 1188 &
732 1159 851 1187 mixtum
866 1156 1036 1194 imperium,
1053 1156 1086 1186 &c
1099 1156 1150 1185 alta
1166 1155 1200 1185 δε

137 1195 213 1227 Basia
230 1195 364 1234 Justicia,
380 1205 412 1225 ac
435 1195 604 1226 omnimoda
620 1196 780 1234 jurisdictio
800 1197 829 1225 iri
850 1194 976 1232 Bastida,
994 1195 1027 1224 &
1045 1194 1098 1224 suis
1118 1194 1203 1231 perti-

135 1235 252 1273 nentiis,
270 1244 334 1274 quse
349 1233 440 1264 dietus
455 1232 552 1264 Petrus
564 1235 638 1272 prius
653 1234 748 1265 habuit
763 1234 792 1263 in
808 1233 896 1264 Locis
909 1233 943 1264 &
959 1232 1138 1270 Territoriis,
1151 1232 1199 1262 ubi

137 1273 236 1303 eadem
257 1272 363 1303 Bastida
381 1273 440 1311 jam
461 1271 628 1311 aedificatur,
644 1273 678 1304 &
698 1273 795 1303 omnia
814 1274 847 1303 δε
868 1271 973 1311 singula
993 1272 1203 1313 emolumenta,

137 1313 145 1342 i
168 1312 261 1342 sorum
278 1312 427 1342 occasione
440 1312 622 1349 provenienta
658 1313 686 1341 in
700 1311 780 1342 dieto
796 1310 917 1348 Castro,
936 1311 969 1341 ὃ(
985 1310 1107 1348 ejusdem
1118 1309 1201 1347 Juril-

138 1323 280 1388 dictione,
298 1349 425 1389 Bastida,
444 1349 532 1380 Locis
553 1351 587 1382 ὅ(
601 1335 761 1381 T'erritcriis
777 1349 933 1390 praedietis,
953 1348 1065 1387 *Fori,
1084 1348 1203 1379 Nundi-

141 1399 205 1428 nae,
224 1389 362 1428 Pedagia,
381 1388 504 1427 Leudae,
522 1387 665 1428 Mercata,
686 1389 790 1429 Leges,
808 1388 919 1419 Incursa
936 1389 968 1419 δε
984 1386 1074 1425 Vera,
1091 1388 1124 1418 &
1137 1397 1203 1418 om-

142 1430 188 1459 nia
208 1429 274 1467 alia,
288 1437 479 1467 quaecumque
500 1427 569 1466 sint,
587 1429 620 1459 ὃς
642 1427 698 1458 esse
719 1427 825 1467 possint
847 1427 1032 1459 obventiones
1047 1426 1080 1457 &
1093 1425 1204 1456 emolu-

140 1475 252 1505 menta,
269 1474 430 1497 remaneant
450 1475 588 1504 perpetuo
607 1476 705 1498 coram
745 1476 777 1496 ro
795 1465 932 1504 indiviso,
949 1466 1021 1496 inter
1035 1475 1086 1495 nos
1101 1465 1133 1495 ὅ(
1150 1474 1203 1494 no-

139 1505 226 1543 strOS,
245 1506 279 1537 &
300 1505 381 1543 ipsius
402 1504 478 1535 Petri
497 1506 530 1536 ὃς
550 1505 607 1544 ejus
619 1505 712 1537 Succe
737 1514 815 1543 oreS,
833 1505 920 1543 aequis
934 1503 1117 1534 Portionibus
1129 1502 1202 1533 divi-

137 1545 253 1576 dantur:
273 1544 395 1582 exceptis
418 1543 516 1574 Furnis
535 1544 569 1575 &
590 1544 776 1582 molendinis,
796 1554 861 1581 quae
876 1543 954 1580 sunt,
971 1542 1003 1572 &
1017 1541 1203 1572 remanebunt

137 1583 266 1623 propria,
285 1583 314 1612 in
331 1581 530 1621 jurisdictione
544 1583 578 1614 &
591 1584 752 1614 Territorio
765 1581 834 1612 dieti
850 1581 944 1612 Castri
958 1580 1061 1624 Novi,
1080 1581 1203 1623 &prae-

135 1622 207 1653 diffi
231 1621 306 1651 Petri
328 1621 362 1651 δε
381 1620 510 1658 suorum;
525 1621 558 1652 δε
575 1623 700 1660 exceptis
715 1621 848 1651 omnibus
863 1620 896 1651 &
912 1619 1021 1659 singulis
1031 1618 1151 1655 Feodis,
1167 1619 1201 1649 &-

135 1660 269 1691 Deveriis
289 1659 468 1698 Feodorum,
483 1659 583 1690 debitis
603 1662 636 1692 &
657 1659 792 1690 debendis
812 1659 892 1688 dieto
907 1658 1010 1695 Petro,
1029 1667 1093 1696 quae
1107 1656 1202 1687 Feoda

136 1699 280 1768 &exceptis
296 1698 417 1736 superius
436 1698 603 1736 nominatis)
622 1699 734 1738 propria
753 1705 913 1734 remanent,
933 1698 965 1727 ὃῑ
987 1705 1148 1740 remaneant
1171 1696 1201 1725 in

136 1747 249 1808 dircisslro,
259 1736 397 1778 praedieto
409 1736 513 1775 Petro,
522 1737 577 1767 una
590 1747 659 1768 cum
673 1737 791 1768 decimis
804 1736 854 1766 sibi
866 1735 1069 1774 pertinentibus
1085 1745 1114 1764 in
1129 1744 1202 1775 prae-

158 1787 168 1807 1
208 1787 229 1807 s.

174 1814 214 1845 Et
232 1812 308 1854 quod
320 1813 396 1845 idem
409 1812 506 1844 Petrus
518 1812 612 1852 daret,
630 1812 663 1844 δε
677 1812 822 1854 assignaret
835 1813 935 1851 nobis,
952 1814 981 1842 in
998 1812 1084 1843 Loco
1098 1812 1203 1843 decen-

134 1855 175 1892 ti,
192 1855 220 1883 in
242 1852 321 1883 dieto
343 1852 411 1884 loco
432 1851 526 1883 Castri
539 1852 644 1890 Novi,
660 1852 751 1883 solum
762 1854 795 1883 ὅς
810 1852 937 1892 placeam
953 1851 1140 1882 sufficientem
1157 1852 1203 1881 fo-

134 1902 194 1931 ras,
212 1892 245 1922 &
265 1892 355 1929 prope
377 1891 528 1922 clausuram
549 1891 671 1929 ejusdem
692 1889 804 1930 Castri,
828 1890 863 1922 ad
880 1889 1099 1921 AEdiricandum
1119 1891 1202 1921 nobis

135 1929 287 1968 Castrum,
306 1930 363 1961 five
378 1930 524 1961 Domum.

177 1968 325 2008 Quodque
344 1969 373 1999 in
390 1968 488 2008 dietis,
507 1968 624 2007 Castro,
640 1969 726 2000 Loco
745 1969 778 2000 ὃ(
799 1967 924 2007 Bastida,
941 1968 975 1999 ὃ(
996 1978 1097 1999 eorum
1118 1968 1206 2006 perti-

135 2010 256 2046 nentiis,
281 2008 332 2038 lint
351 2006 410 2038 duo
428 2016 537 2039 tantum
560 2007 665 2046 Bajuli,
683 2018 754 2038 unus
772 2017 826 2047 pro
848 2017 924 2046 parte
945 2006 1062 2046 nostra,
1079 2008 1112 2038 &
1133 2008 1205 2037 alter

136 2056 191 2086 pro
210 2055 289 2085 parte
301 2046 371 2076 dicti
384 2045 476 2085 Petri,
496 2048 560 2085 qui,
578 2056 654 2076 anno
667 2046 812 2086 quolibet,
830 2047 989 2077 adinvicem
1000 2045 1107 2084 Jurati,
1124 2045 1202 2084 quod

136 2085 207 2116 alter
226 2085 304 2116 alteri
322 2084 453 2124 fideliter,
467 2085 503 2115 de
521 2086 656 2115 omnibus
674 2085 789 2115 exitibus
801 2085 834 2115 ὃς
851 2085 1032 2123 proventibus
1044 2083 1204 2122 praemiffo-

137 2133 215 2160 rum,
235 2123 458 2161 respondebunt:
477 2125 511 2155 &
534 2124 612 2163 quod
631 2134 718 2161 unus,
738 2123 795 2153 {ine
815 2123 886 2160 alio,
902 2123 1044 2161 judicare,
1062 2123 1204 2153 condem-

138 2172 243 2201 pnare,
260 2162 377 2201 punire,
395 2162 441 2192 vel
462 2162 607 2193 absolvere
627 2172 687 2192 non
702 2160 786 2200 poffit
798 2162 827 2191 in
839 2162 909 2193 locis
923 2161 1085 2200 praedietis,
1101 2161 1152 2192 nifi
1167 2161 1204 2192 de

137 2201 286 2232 voluntate
295 2200 404 2231 alterius
421 2201 587 2231 eorumdem
596 2224 607 2240 ,

176 2239 323 2279 Qiodque
337 2239 415 2269 simul
429 2248 539 2277 ponent
552 2239 691 2270 Notarios
704 2239 732 2269 in
746 2238 836 2269 Curia
850 2238 898 2269 sua
908 2262 918 2278 ,
936 2239 970 2270 &
986 2238 1144 2270 Servientes
1155 2239 1205 2269 eli-

137 2287 221 2317 gent,
233 2277 467 2317 JurisdiCtionem
487 2278 688 2308 omnimodam
702 2276 908 2308 Communiter
920 2286 1085 2308 excerceant
1098 2279 1126 2307 in
1143 2277 1203 2308 Lo-

137 2319 178 2347 cis
199 2316 378 2387 sigpradiffis3
395 2317 446 2355 ὃς,
462 2316 483 2347 si
503 2316 580 2347 aliter
596 2316 694 2348 adium
710 2316 779 2347 effet
800 2316 845 2347 vel
864 2316 960 2356 fieret,
979 2316 1048 2346 illud
1061 2315 1129 2347 effet
1140 2318 1202 2347 irri-

135 2363 197 2387 tum
260 2366 351 2386 inane.

173 2393 212 2424 Et
235 2393 314 2432 quod
336 2395 365 2424 in
378 2392 455 2424 diist&
470 2392 579 2424 Bastida
595 2392 701 2424 Carcer
715 2393 892 2424 Communis
906 2394 1000 2432 fieret,
1014 2394 1048 2424 δί
1062 2401 1207 2425 teneretur

157 2442 187 2462 er
207 2431 386 2471 Custodem,
401 2432 526 2463 eletftum
543 2441 592 2470 per
611 2431 720 2470 Bajulos
739 2433 925 2472 supradictos,
941 2434 974 2464 &
986 2431 1063 2470 quod
1082 2434 1200 2471 quilibet

134 2442 297 2509 bajulorum
312 2471 482 2502 eorumdem
498 2480 588 2500 unam
602 2470 725 2502 Clavem
740 2472 839 2502 habeat
851 2472 920 2502 dieti
937 2471 1074 2501 Carceris.

169 2509 326 2579 ἓιὲὶρἀςυε
344 2509 419 2540 idem
438 2509 618 2549 observetur,
633 2510 663 2540 in
685 2510 798 2549 futuro,
816 2510 848 2540 in
870 2510 939 2541 loco
952 2508 1045 2540 Castri
1060 2509 1146 2541 Novi
1159 2509 1204 2541 su-

155 2558 169 2579 r
243 2559 260 2579 i.

133 2558 156 2589 P
177 2586 214 2618 Et
235 2586 314 2626 quod
333 2586 425 2619 dietus
441 2585 540 2617 Petrus
562 2586 664 2618 Terras
682 2587 716 2618 &
737 2586 925 2618 Poffeffiones
938 2610 951 2626 ³
969 2597 1035 2627 quas
1052 2587 1151 2618 habui-t
1173 2588 1202 2618 in

134 2623 299 2657 Territoriis
318 2625 609 2665 &jurisdictionibus
650 2626 770 2657 raeditstis
792 2626 902 2664 (praeter
923 2627 968 2656 illa
979 2636 1044 2664 quae
1054 2626 1117 2657 sunt
1128 2627 1202 2657 inter

135 2674 191 2695 nos
213 2665 246 2695 &
265 2666 275 2695 i
295 2664 355 2696 sum
376 2664 566 2701 Communia)
584 2673 624 2695 tra
645 2674 702 2696 eret
713 2666 744 2695 in
758 2664 889 2696 Feudum
903 2664 1104 2695 Habitantibus
1116 2666 1146 2695 in
1161 2665 1203 2695 di-

137 2702 185 2734 cta
199 2674 323 2742 Barkaia,
342 2703 485 2742 videlicet,
492 2703 638 2744 quodlibet
647 2703 762 2742 Jornale
777 2713 831 2744 pro
843 2712 964 2743 quatuor
978 2703 1108 2735 Denariis
1117 2703 1204 2734 Mor-

135 2741 270 2787 lanorurn
291 2744 376 2773 annui
395 2742 513 2781 census,
538 2743 572 2774 ὃς
591 2742 703 2773 duobus
724 2742 833 2782 solidis,
851 2742 976 2781 ejusdem
996 2751 1141 2782 monetae,
1166 2743 1202 2774 de

135 2788 278 2818 antragns·

175 2817 213 2848 Et
224 2804 306 2858 qugd
317 2818 471 2850 habitantes
483 2820 512 2850 in
524 2819 593 2850 loco
608 2818 644 2851 de
657 2819 761 2851 Castro
773 2820 870 2851 Novo
884 2820 918 2852 δε
930 2819 1040 2851 Bastida
1052 2820 1208 2860 praediffis,

137 2855 173 2887 &
191 2865 294 2888 eorum
314 2859 503 2896 pertinentiis,
518 2859 638 2889 habeant
653 2869 706 2897 pro
721 2860 886 2890 animalibus
898 2859 949 2890 suis
963 2858 1102 2896 paodenta
1115 2860 1202 2891 libere

135 2896 167 2925 in
177 2896 314 2926 omnibus
326 2896 359 2926 &
373 2896 486 2933 singulis
497 2897 661 2928 Territoriis
673 2897 801 2936 incultis,
814 2898 885 2928 infra
894 2897 1125 2936 Jurisdiffionem
1140 2898 1203 2929 Lo-

137 2934 166 2964 ci
180 2934 214 2964 &
227 2933 344 2965 Bastidae
356 2934 557 2978 praedictorum
565 2947 579 2974 3
594 2937 717 2975 exceptis
730 2936 838 2977 praediis
854 2937 936 2968 cultis
949 2936 996 2967 vel
1008 2936 1132 2968 colendis
1141 2960 1151 2976 ,
1168 2939 1202 2969 &

138 2972 290 3012 viridariis,
307 2980 392 3011 ortis,
409 2973 443 3003 &
454 2974 549 3004 vineis.

180 3010 329 3051 Qu6dque
348 3010 458 3051 Bajulus
478 3011 574 3056 noi'ter
587 3012 753 3053 praedictus,
776 3014 825 3058 qui
849 3024 902 3052 pro
920 3021 1050 3052 tempore
1069 3013 1151 3045 fuerit
1172 3015 1203 3045 iri

140 3046 255 3081 Bastida
270 3050 304 3082 &
319 3050 390 3081 locis
404 3050 561 3089 praediffls,
575 3052 683 3082 nullam
713 3052 924 3083 urisdiCtionem
938 3052 982 3083 vel
995 3053 1201 3083 cohercionem

140 3087 242 3119 habeat
261 3089 290 3119 in
302 3087 450 3127 personam
465 3089 535 3120 dieti
551 3088 672 3121 Petri&
708 3090 886 3121 uccessorum
899 3091 1030 3126 suorum,
1048 3091 1093 3121 vel
1108 3091 1203 3122 Fami-

138 3126 186 3156 liae
208 3126 350 3166 ipsorum,
367 3129 504 3158 continue
525 3137 596 3158 cum
616 3129 652 3159 eis
668 3128 838 3167 Residentis,
855 3130 900 3159 vel
913 3131 998 3160 etiarn
1013 3129 1142 3159 Fratrum
1156 3130 1202 3161 vel

140 3164 315 3196 Liberorum
333 3166 516 3205 eorumdem,
534 3168 584 3197 nisi
601 3167 637 3198 de
652 3166 792 3199 Mandato
802 3168 912 3206 speciali
926 3168 1099 3207 superiorum
1114 3168 1201 3207 Bajuli

135 3202 303 3243 supradidti3
317 3203 388 3243 Jure
399 3205 496 3236 resorti
509 3205 542 3236 δε
553 3205 746 3245 superioritatis
759 3207 961 3238 nichilominus
970 3207 1071 3246 nobis,
1089 3207 1122 3238 &
1139 3207 1202 3238 Mi-

139 3241 232 3273 nistris
245 3243 362 3280 nostris,
381 3243 576 3284 Superioribus
587 3244 654 3284 suis,
671 3246 701 3275 in
716 3246 852 3276 omnibus
866 3246 973 3284 semper
988 3246 1071 3277 salvo.

177 3280 216 3311 Et
236 3282 316 3321 quod
336 3292 390 3312 nos
422 3283 468 3313 vel
483 3282 660 3314 Succeffores
671 3284 777 3323 nostri,
791 3293 901 3322 partem
913 3284 1038 3316 nostram
1050 3285 1137 3316 dietae
1149 3284 1202 3316 Ba-

137 3318 235 3365 stidae,
255 3320 288 3350 &
306 3320 364 3353 loci
380 3305 471 3351 Castri
489 3321 592 3360 Novi,
607 3322 641 3354 &
659 3322 863 3361 Jurisdiffionis
879 3324 1046 3362 Teriitorii,
1065 3325 1098 3355 δε
1139 3326 1202 3355 erti-

137 3365 299 3389 nentiarum
319 3359 499 3398 earumdem,
515 3364 654 3400 perpetuo
675 3361 826 3393 habeamus
840 3363 873 3393 &
888 3364 1055 3393 retineamus
1070 3365 1099 3393 in
1139 3365 1202 3394 atri-

139 3398 260 3435 monio,
278 3398 315 3428 ita
336 3397 415 3434 quod
429 3398 498 3428 nulli
510 3407 621 3438 partem
631 3399 795 3439 praediCtam
806 3400 943 3438 possimus
958 3401 1040 3440 dare,
1060 3403 1201 3441 vendere,

138 3435 292 3474 affignare,
311 3437 357 3466 vel
374 3436 506 3474 alienare,
522 3437 581 3468 hoc
601 3438 802 3469 tantummodo
824 3448 960 3478 excepto,
978 3440 1057 3479 quod
1071 3451 1134 3479 pars
1148 3451 1202 3471 no-

138 3473 194 3505 stra
214 3475 367 3514 praedicta,
385 3484 454 3506 cum
474 3474 525 3505 suis
543 3477 733 3516 pertinentiis,
747 3486 797 3515 per
812 3487 882 3516 nos,
899 3478 1052 3517 Haeredes,
1069 3480 1114 3510 seu
1129 3479 1202 3511 Suc-

140 3513 262 3544 ceffores
281 3513 412 3553 nostros,
429 3512 546 3550 nostre,
562 3515 597 3545 ὃς
616 3513 743 3552 ipsorum
757 3514 934 3555 Haeredum,
951 3518 984 3548 δε
997 3517 1201 3549 successorum

139 3549 338 3592 Primogenitis
359 3553 504 3590 (tanquam
524 3552 624 3583 futuris
643 3552 812 3585 Haeredibus
824 3553 920 3595 Regni
933 3555 1044 3596 Angliae
1055 3557 1088 3588 δε
1102 3556 1202 3589 Duca-

137 3589 186 3622 tfis
201 3591 372 3639 Aquitaniae)
386 3590 444 3622 dari
458 3590 545 3621 valeat
557 3591 592 3622 &
608 3592 739 3624 concedi.

177 3629 324 3670 Qiodque
340 3630 457 3669 quilibet
468 3628 635 3660 Senescallus
645 3640 735 3662 novus
746 3629 876 3664 Ducatfis
889 3631 1036 3673 praedicti,
1055 3635 1084 3665 in
1096 3634 1202 3666 adven-

138 3675 172 3699 'tu
193 3670 260 3709 suo,
277 3669 312 3700 ad
326 3669 539 3708 requisitionem
553 3668 621 3699 dieti
636 3668 713 3700 Petri
727 3670 773 3702 vel
787 3671 919 3711 suorum,
933 3671 1030 3710 Jurare
1039 3673 1203 3713 Teneatur,

139 3705 270 3746 Tenere,
290 3707 467 3748 Complere,
484 3708 518 3739 Sc
540 3706 688 3738 observare
706 3709 803 3739 omnia
824 3710 858 3741 &
880 3711 999 3750 singula,
1023 3712 1053 3741 in
1073 3711 1203 3752 Pariagio

136 3746 278 3783 'praedicto
300 3755 452 3778 contenta:
482 3744 628 3786 dictusque
641 3745 755 3786 Petrus,
771 3748 805 3779 &
818 3748 857 3778 sui
870 3748 1047 3780 Succesiores
1061 3749 1203 3782 senescal-

136 3784 172 3814 do
192 3785 331 3822 praedieto
350 3785 418 3816 illud
437 3785 515 3817 idem
534 3785 656 3815 similiter
675 3785 767 3816 facere
782 3786 962 3826 Teneamur,
980 3797 1063 3828 prout
1085 3790 1115 3819 in
1130 3800 1205 3829 quo—

141 3821 210 3853 dam
230 3822 578 3865 instrumento,pubiico,
592 3823 671 3862 super
690 3823 769 3855 dieto
788 3823 920 3863 Pariagio
932 3827 1086 3866 confeeto,
1103 3828 1137 3859 &
1152 3838 1205 3859 co-

139 3867 203 3905 ram
219 3863 302 3893 nobis
322 3864 356 3895 ὅτ.
376 3861 518 3894 Concilio
535 3861 636 3894 nostro
657 3862 786 3894 exhibito
798 3885 810 3902 ,
839 3864 963 3896 vidimus
984 3865 1093 3904 plenius
1111 3869 1205 3898 conti-

140 3906 210 3929 nen.
1010 3907 1023 3918 ·

181 3936 218 3967 N
218 3948 266 3977 οε,
277 3938 390 3986 diffitum
405 3939 564 3981 Pariagium
573 3964 584 3980 ,
601 3940 651 3972 sub
663 3939 761 3972 Modis
773 3941 808 3972 &
821 3939 1046 3973 Conditionibus
1057 3943 1209 3985 praediEtis,

141 3981 177 4006 ut
194 3974 315 4015 superius
331 3979 542 4019 exprimuntur,
559 3987 753 4020 acceptantes,
769 3979 838 4012 illud
858 3990 913 4020 pro
931 3981 1015 4014 nobis
1027 3982 1062 4015 &
1074 3981 1206 4015 Haeredi-

1262 105 1736 149 PUBLICA.
2283 116 2307 160 ς

1235 189 1287 219 bus
1307 188 1408 220 nostris
1420 191 1603 232 ratificamus,
1618 194 1824 233 approbamus,
1840 194 1874 225 &
1888 193 2105 232 confirmamus,
2122 194 2300 234 praesentium
2323 192 2400 223 Ann.
2414 188 2459 225 15,-

1238 237 1288 265 pei·
1302 235 1442 258 tenorem.

1274 265 1308 295 In
1324 267 1416 304 cujus,
1434 268 1493 298 ἃς.

1275 340 1343 371 Dat.
1356 342 1429 380 apud
1445 343 1750 386 Westmonasterium,
1768 348 1843 380 sexto
1857 348 1904 379 die
1920 342 2051 386 Augusti.

1756 426 1810 454 Per
1824 427 1984 456 Petitionem
1998 425 2031 455 de
2045 424 2166 455 concilim

1339 559 1365 586 *ἓ
1389 561 1552 594 Ordinatio
1565 589 1575 604 ,
1601 562 1637 595 de
1656 563 1797 606 custodiis
1817 565 1988 609 Castrorum
2004 572 2035 601 in
2052 569 2207 615 Vaftonia.

2341 240 2425 271 1320,

2325 276 2393 300 Eav.
2413 282 2439 298 21

2322 582 2339 599 ³*
2362 584 2417 611 111.

2322 622 2387 656 844.

1241 660 1302 724 R
1316 655 1339 685 E
1349 655 1380 686 X
1399 655 1559 687 Senescallo
1574 657 1621 687 suo
1634 656 1799 698 Vasconiae,
1818 661 1850 691 ὅ(
1866 660 2084 694 Constabulario
2097 658 2147 695 suo
2163 664 2302 705 Burdega-
2322 658 2399 689 ΑΠΠ·
2414 655 2455 688 D>

1324 695 1384 734 liae,
1403 695 1452 733 qui
1467 705 1544 725 nunc
1561 695 1638 734 sunt,
1657 697 1699 727 vel
1719 698 1767 736 qui
1783 708 1833 735 pro
1845 707 1972 737 tempore
1988 711 2084 734 erunt.
2100 703 2228 734 salutem.

2348 707 2432 738 1320.

1279 732 1371 777 Qiia,
1387 743 1440 772 pro
1461 734 1657 778 emendatione
1671 736 1703 765 &
1717 736 1858 767 securitate
1872 738 1954 768 status
1969 738 2097 771 Ducatsis
2110 742 2251 781 praedieci,
2267 743 2301 773 δί
2319 740 2371 763 Aa,
2391 747 2433 771 14·

1241 772 1425 815 tranquilitate
1439 773 1574 817 &quiete
1589 773 1774 804 Subdiromm
1790 775 1951 806 nostrorum
1965 777 1994 806 in
2011 780 2128 814 partibus
2141 781 2207 820 illis,
2226 782 2304 812 ordi-
2321 778 2351 801 Ε·
2378 785 2403 803 2·

1242 819 1370 840 naVimus
1383 811 1419 840 de
1430 810 1569 841 Custodia
1583 810 1750 842 Castrorum
1764 812 1945 853 nostrorum,
1960 816 1987 844 in
2005 817 2108 847 eodem
2120 818 2237 851 Ducatu
2246 844 2256 859 ,
2274 820 2303 850 in
2324 814 2390 851 Vasc.
2414 821 2458 848 ¹4³

1243 848 1338 880 forma
1352 849 1522 890 subscripta,
1536 850 1665 880 videlicet
1673 873 1682 888 ,

1281 887 1371 926 Qod
1393 888 1529 919 Castrum
1549 888 1677 919 nostrum
1697 887 1732 918 de
1755 887 1922 919 Xari&oni{i
1941 890 2096 923 Senescallo
2110 895 2207 927 nostro
2222 896 2308 927 Xan-

1243 926 1349 970 Qoniae
1363 950 1373 965 ,
1399 937 1452 967 pro
1473 927 1573 958 Feodo
1589 950 1600 966 ,
1623 927 1772 967 antiquitus
1792 928 1851 958 dari
1874 929 2027 968 consueto,
2049 932 2148 971 absque
2169 936 2225 965 aliis
2245 936 2308 967 Ga-

1263 975 1293 994 ris
1313 975 1318 994 :

1242 974 1260 1004 g
1281 1003 1319 1033 Et
1339 1002 1475 1033 Castrum
1491 1003 1620 1034 nostrum
1635 1003 1736 1035 Blaviae
1750 1004 1847 1043 alicui,
1867 1005 1948 1035 bono
1961 1006 2034 1037 Viro
2049 1008 2082 1038 &
2094 1013 2219 1050 potenti,
2237 1014 2311 1048 iuxta

1244 1041 1441 1072 discretionem
1461 1042 1601 1080 vestram,
1618 1053 1680 1072 non
1702 1051 1797 1073 tamen
1817 1043 1972 1075 Senescallo
1986 1044 2160 1087 Xantoniae,
2179 1051 2213 1080 ad
2227 1051 2307 1082 vadia

1243 1079 1345 1111 decem
1357 1079 1518 1111 Solidorum
1535 1081 1746 1111 Turonensium
1756 1105 1766 1120 ,
1783 1080 1818 1111 ad
1833 1082 1908 1119 plus:

1281 1118 1319 1149 Et
1347 1118 1482 1149 Castrum
1504 1119 1635 1150 nostrum
1655 1120 1691 1150 de
1713 1119 1823 1158 Regula
1846 1119 2003 1152 senescallo
2025 1123 2124 1154 nostro
2144 1124 2311 1165 Vaseoniae,

1243 1158 1291 1197 qui
1309 1167 1362 1196 pro
1376 1166 1507 1195 tempore
1521 1158 1622 1197 fuerit,
1639 1158 1717 1199 super
1732 1157 1831 1189 Feodo
1845 1158 1894 1188 suo
1909 1169 1960 1196 pro
1976 1160 2055 1191 mora
2069 1162 2114 1193 sua
2132 1173 2137 1191 τ

1281 1195 1320 1226 Et
1334 1194 1467 1227 Castrum
1483 1196 1613 1227 nostrum
1628 1197 1664 1227 de
1679 1197 1786 1228 Saneto
1803 1195 1954 1227 Machario
1967 1199 2065 1238 alicui,
2079 1203 2173 1240 probo
2185 1203 2220 1233 «Sc
2235 1202 2310 1233 suffi-

1245 1235 1332 1266 cienti
1351 1234 1438 1273 Viro,
1454 1235 1487 1266 ad
1509 1236 1566 1265 hoc
1587 1246 1637 1273 per
1655 1235 1764 1266 dietum
1787 1235 1974 1266 Senescallum
1999 1236 2163 1279 Vaseoniae,
2189 1243 2237 1279 qui
2258 1251 2311 1281 pro

1247 1282 1376 1312 tempore
1392 1274 1489 1312 fuerit,
1506 1276 1539 1305 ὃς
1556 1274 1717 1305 Consilium
1732 1274 1862 1305 nostrum
1880 1275 1906 1304 in
1923 1274 2048 1312 partibus
2064 1278 2285 1317 illis‚eligendo:

1285 1310 1322 1342 Et
1345 1311 1479 1342 Castrum
1497 1313 1534 1343 de
1554 1312 1726 1344 Marmande
1747 1314 1802 1352 illi,
1821 1314 1869 1351 qui
1890 1319 1924 1344 ad
1946 1312 2100 1355 Pedagium
2115 1318 2243 1348 nostrum
2256 1320 2312 1351 ibi·

1247 1350 1313 1382 dem
1327 1351 1522 1390 colligendum
1535 1352 1619 1382 fuerit
1631 1352 1777 1390 deputatus
1792 1362 1798 1381 z

1282 1390 1321 1420 Et
1341 1389 1475 1420 Castrum
1497 1390 1626 1420 nostrum
1649 1391 1685 1421 de
1708 1391 1808 1422 Ponne
1826 1389 1983 1422 Senescallo
2001 1391 2100 1424 nostro
2120 1393 2252 1434 Agenni,
2277 1397 2312 1428 ad

1246 1428 1416 1459 morandum
1432 1429 1539 1459 ibidem
1559 1429 1639 1467 super
1654 1430 1752 1460 Feodo
1767 1430 1815 1460 suo
1831 1429 1950 1467 ejufflem
1966 1430 2146 1463 Senescalciae
2162 1443 2168 1462 :

1281 1467 1319 1498 Et
1339 1466 1472 1498 Castrum
1493 1467 1623 1498 nostrum
1645 1469 1681 1498 de
1700 1468 1850 1499 Turnonia
1866 1469 2051 1501 'shesaurario
2066 1470 2168 1502 nostro
2181 1471 2313 1512 Agenni,

1246 1506 1326 1546 super
1340 1506 1438 1536 Feodo
1451 1507 1499 1536 suo
1511 1507 1614 1544 absque
1628 1507 1685 1537 aliis
1698 1506 1796 1547 Gagiis
1811 1520 1821 1546 3

1283 1545 1512 1575 Committantur
1526 1545 1722 1586 custodienda,
1739 1546 1874 1586 quamdiu
1887 1546 1992 1577 nostrie
2006 1547 2139 1585 placuerit
2152 1547 2290 1580 voluntati
2308 1559 2313 1577 :

1284 1582 1321 1613 Et
1338 1583 1414 1622 quod
1435 1583 1531 1613 Castra
1551 1584 1647 1614 nostra
1666 1585 1701 1615 de
1717 1584 1848 1624 Senpuy,
1867 1587 1901 1616 ὃς
1914 1587 1950 1616 de
1964 1586 2046 1617 Salva
2061 1596 2147 1625 terra,
2165 1598 2215 1627 per
2230 1589 2315 1619 avisa-

1247 1630 1378 1652 mentum
1399 1621 1543 1659 vestrum,
1561 1623 1595 1652 ὅ(
1614 1622 1732 1653 aliorum
1753 1623 1790 1653 de
1810 1623 1950 1654 Concilio
1967 1624 2083 1664 nostro,
2101 1627 2158 1656 aliis
2171 1627 2314 1667 personis,

1246 1661 1332 1699 quam
1348 1660 1398 1690 illis
1411 1662 1458 1699 qui
1473 1671 1504 1691 ea
1518 1660 1684 1691 custodiunt
1699 1662 1729 1691 in
1740 1661 1885 1700 praesenti,
1899 1663 1932 1693 ὃ(
1948 1662 1982 1693 ad
1998 1664 2109 1694 minora
2124 1664 2234 1704 Gagia,
2253 1668 2314 1706 qui-

1247 1700 1299 1729 bus
1317 1698 1375 1730 fieri
1396 1700 1519 1737 poterit,
1539 1700 1619 1730 bono
1641 1700 1732 1730 modo
1753 1700 1878 1731 fimiliter
1891 1702 2128 1741 committantur,
2144 1703 2248 1735 Castro
2260 1715 2315 1735 no-

1247 1737 1307 1768 stro
1328 1738 1364 1768 de
1386 1737 1518 1768 Maulion
1540 1739 1570 1767 in
1589 1739 1644 1776 ejus
1663 1738 1791 1770 custodia
1804 1763 1814 1778 ,
1838 1742 1916 1778 cujus
1936 1750 2014 1771 nunc
2037 1741 2142 1780 existit,
2165 1743 2199 1773 ad
2224 1743 2316 1782 Gagia

1247 1777 1438 1815 competentia
1458 1785 1619 1807 remanente
1638 1777 1792 1809 secundum
1814 1780 2018 1809 avisamentum
2039 1781 2182 1820 vestrum,
2201 1781 2234 1812 &
2247 1783 2317 1813 alio-

1247 1825 1311 1846 rum
1332 1816 1367 1846 de
1389 1815 1528 1846 Concilio
1551 1815 1665 1853 nostro,
1683 1817 1721 1847 ita
1743 1817 1821 1855 quod
1842 1817 1877 1847 de
1895 1818 2110 1855 exitibus-,inde
2126 1821 2316 1859 provenienti-

1246 1855 1299 1923 Βίης
1312 1878 1322 1891 ,
1352 1854 1515 1894 respondeat
1543 1853 1764 1885 constabulario
1787 1855 1887 1886 nostro
1912 1856 2083 1897 Burdegaliae
2109 1858 2145 1889 ad
2170 1869 2241 1897 opus
2263 1870 2317 1890 no-

1273 1902 1337 1923 rum
1353 1902 1360 1922 ι

1287 1931 1381 1962 Vobis
1403 1932 1609 1962 committimus
1624 1934 1657 1963 ὅ(
1671 1932 1836 1963 mandamus
1845 1956 1855 1972 ,
1873 1935 2003 1972 quatinus
2017 1934 2158 1969 custodias
2172 1935 2317 1968 <Heiorum

1247 1969 1416 2001 Castrorum
1438 1970 1582 2008 Personis,
1598 1971 1720 2008 superius
1733 1972 1903 2011 nominaris,
1919 1973 1953 2005 ὃς
1968 1974 2024 2003 aliis
2039 1972 2113 2004 Viris
2127 1975 2251 2014 idoneis,
2267 1986 2315 2013 per

1248 2009 1354 2039 Literas
1373 2008 1480 2038 nostras
1494 2033 1503 2046 ,
1528 2009 1616 2047 sigillo
1639 2009 1738 2039 nostro
1757 2009 1909 2040 Vaseoniae
1932 2011 2046 2050 signatas
2053 2034 2063 2050 ,
2086 2012 2119 2042 ad
2138 2013 2315 2044 voluntatem

1246 2047 1374 2093 nostram
1392 2048 1591 2087 committatis,
1609 2047 1654 2077 seu
1675 2048 1821 2079 committi
1839 2048 1944 2080 faciatis
1964 2051 1993 2080 in
2016 2050 2109 2081 forma
2132 2051 2253 2091 superius
2264 2063 2314 2083 an*

1247 2094 1351 2116 notata.

1286 2162 1355 2195 Dat.
1371 2162 1446 2202 apud
1460 2163 1770 2202 Westmonasterium,
1787 2164 1906 2205 septimo
1922 2164 1967 2195 die
1978 2163 2108 2206 Augusti.

1721 2244 1775 2272 Per
1789 2241 1871 2282 ipficm
1887 2245 1983 2281 Regem
2001 2240 2040 2278 ό
2056 2241 2210 2275 concilium.

1294 2382 1431 2427 Concefflo
1450 2412 1460 2428 ‚
1485 2384 1528 2417 ad
1553 2383 1727 2428 instanriam
1753 2388 1841 2432 Regis
1863 2387 1996 2419 Francia
2012 2413 2023 2430 ,
2042 2398 2099 2434 pro
2123 2390 2269 2423 Homini-

1659 2432 1712 2467 bus
1730 2433 1892 2468 Ambiani.

1248 2517 1381 2580 REX
1400 2518 1647 2557 Vicecomitibus,
1673 2520 1706 2550 &
1727 2521 1862 2550 omnibus
1880 2520 1937 2551 aliis
1955 2519 2083 2561 Ballivis,
2103 2520 2260 2562 Ministris‚
2277 2523 2311 2555 &

1328 2558 1466 2589 Fidelibus
1480 2560 1548 2598 suis,
1565 2560 1624 2589 tam
1637 2558 1708 2589 infra
1723 2558 1991 2600 Libertates,quam
2005 2570 2098 2600 extra,
2116 2562 2150 2592 ad
2165 2572 2235 2602 quos
2250 2563 2314 2597 &C.

1242 2597 1365 2628 salutem.

1283 2636 1380 2666 Sciatis
1403 2636 1484 2674 quod
1500 2659 1510 2674 ,
1536 2636 1571 2666 ad
1594 2635 1803 2675 requisitionem
1827 2635 1979 2676 Magnifici
1997 2637 2135 2678 Principis
2150 2661 2160 2677 ,
2186 2637 2312 2670 Domini

1246 2673 1387 2714 Philippi,
1403 2675 1433 2705 R
1452 2676 1491 2704 σίε
1504 2675 1526 2705 F
1528 2676 1632 2706 ranciae
1645 2676 1678 2705 &
1694 2674 1836 2706 Navarrae
1851 2675 1977 2715 illustris,
1996 2675 2095 2707 Fratris
2109 2677 2195 2708 nostri
2210 2678 2314 2709 cariffi-

1247 2714 1288 2743 mi
1301 2736 1314 2752 7
1345 2723 1440 2744 conce
1464 2724 1537 2744 imus
1568 2713 1745 2744 Hominibus
1773 2715 1806 2745 &
1829 2713 2037 2745 Mercatoribus
2060 2715 2142 2746 Villae
2163 2716 2315 2756 Ambiani,

1268 2751 1329 2782 uod
1348 2753 1416 2791 ipsi,
1437 2762 1506 2783 cum
1528 2752 1613 2783 Bonis
1632 2753 1666 2784 ὃ(
1687 2751 1888 2782 Mercimoniis
1901 2752 1968 2792 suis,
1982 2754 2014 2798 ‘in
2027 2753 2168 2792 Regnum
2182 2755 2314 2787 nostrum

1233 2810 1248 2817 v·
1258 2791 1328 2821 alvo
1345 2791 1379 2822 &
1398 2792 1493 2822 secure
1512 2793 1608 2822 venire
1623 2790 1748 2831 possint*⁷
1763 2792 1797 2822 &
1812 2791 1848 2821 de
1860 2791 1964 2821 eisdem
1980 2802 2009 2822 in
2023 2793 2126 2824 eodem
2143 2793 2250 2833 Regno
2265 2805 2316 2825 ne-

1248 2830 1364 2869 gotiari,
1383 2831 1416 2861 &
1438 2830 1630 2861 commodum
1649 2829 1728 2859 suum
1752 2829 1844 2860 facere
1867 2830 1949 2867 (dum
1968 2840 2062 2862 tamen
2087 2832 2201 2872 Legales
2217 2843 2317 2865 excer-

1247 2877 1329 2900 ceant
1343 2868 1549 2906 Mercandisas,
1568 2869 1600 2899 &
1616 2868 1683 2898 inde
1696 2868 1800 2899 faciant
1813 2867 2036 2900 Consuetudines
2048 2870 2169 2909 debitas,
2188 2872 2222 2902 &
2236 2873 2317 2903 usita-

1247 2915 1286 2938 tas
1308 2908 1338 2937 in
1358 2908 1460 2938 eodem
1482 2906 1601 2947 Regno)
1628 2908 1661 2938 ὃς
1683 2907 1762 2945 quod
1776 2906 1868 2945 Bona,
1886 2908 1932 2938 seu
1956 2907 2150 2940 Mercimonia
2171 2910 2216 2940 illa
2230 2933 2240 2950 ,
2264 2921 2317 2942 oc-

1247 2945 1358 2976 cafione
1376 2946 1534 2985 aliquorum
1556 2945 1734 2983 debitorum,
1750 2947 1779 2975 in
1799 2946 1899 2985 quibus
1917 2946 1994 2977 idem
2017 2947 2162 2979 Dominus
2182 2949 2247 2980 Rex
2268 2950 2317 2980 ali-

1247 2985 1348 3054 Ruibus
1366 2983 1575 3016 Mercatoribus
1595 2984 1630 3015 de
1652 2983 1759 3024 Regno
1781 2984 1880 3015 nostro
1900 2993 2011 3016 tenetur
2031 3010 2042 3025 ,
2075 2988 2230 3018 nullatenus
2257 2998 2317 3019 are-

1273 3032 1362 3054 entur.

1285 3062 1322 3092 Et
1341 3061 1407 3092 ideo
1428 3063 1513 3093 vobis
1527 3061 1694 3092 mandamus
1705 3061 1785 3102 quod
1803 3062 1940 3102 praefatis,
1959 3063 2136 3094 Hominibus
2149 3064 2183 3095 &
2199 3063 2315 3096 Merca-

1246 3102 1353 3132 toribus
1367 3100 1403 3131 de
1417 3100 1492 3131 Villa
1507 3101 1639 3131 Ambiani
1654 3100 1805 3140 praedidta,
1825 3110 1871 3132 aut
1886 3111 1985 3133 eorum
2000 3102 2204 3140 Servientibus,
2220 3104 2249 3132 in
2266 3114 2314 3135 ve·-

1246 3139 1354 3171 niendo
1374 3143 1404 3171 in
1421 3139 1559 3179 Regnum
1573 3138 1701 3170 nostrum
1716 3140 1901 3179 praedidmm,
1921 3151 1987 3171 curn
2004 3140 2088 3171 Bonis
2101 3142 2135 3172 &
2150 3140 2312 3173 Mercimo-

1246 3180 1297 3210 niis
1318 3178 1370 3209 suis
1387 3178 1539 3217 praedietis,
1565 3179 1673 3209 ibidem
1693 3178 1852 3218 morando,
1877 3182 1911 3210 &
1932 3180 1968 3210 de
1992 3179 2097 3209 eisdem
2119 3181 2314 3219 negotiando,

1245 3228 1280 3248 ac
1293 3217 1486 3249 commodum
1500 3218 1582 3248 suum
1593 3217 1740 3256 faciendO,
1759 3227 1819 3248 non
1832 3218 1969 3256 inferatis,
1988 3218 2032 3247 seu
2042 3241 2050 3255 ,
2066 3227 2200 3257 quantum
2217 3220 2246 3249 in
2261 3229 2314 3250 vo-

1247 3257 1289 3287 bis
1300 3256 1357 3294 est,
1371 3257 1407 3286 ab
1422 3257 1478 3286 aliis
1493 3256 1588 3286 inferri
1605 3257 1767 3294 permittatis
1782 3257 1927 3295 injuriam,
1946 3256 2103 3286 molestiam
2114 3281 2123 3295 ,
2138 3258 2311 3297 dampnum,

1246 3295 1484 3336 impedimentum
1496 3295 1609 3333 aliquod
1624 3295 1669 3325 seu
1683 3304 1834 3334 gravamen
1850 3305 1855 3324 :
1882 3294 1953 3324 Nec
1966 3305 2065 3326 eorum
2082 3295 2161 3327 Bona
2175 3297 2219 3326 seu
2233 3296 2315 3326 Mer·-

1246 3335 1374 3365 cimonia
1393 3334 1578 3372 eorumdem,
1600 3334 1768 3364 Hominum
1790 3335 1824 3365 δε
1845 3332 2040 3364 Mercatorum
2063 3334 2313 3373 Ambianenlium,

1245 3373 1280 3404 ad
1301 3373 1416 3403 Sectam
1434 3373 1549 3410 alicujus
1562 3395 1573 3411 ,
1596 3373 1744 3403 occasione
1766 3371 1925 3403 debitorum
1947 3372 2166 3412 praediistorum,
2191 3372 2313 3403 arcstetis

2322 856 2352 879 E.
2374 861 2399 877 2.

2327 898 2400 925 m.5.

2332 2515 2407 2546 Ann.
2425 2514 2468 2547 D,-

2358 2564 2443 2596 1320.

2330 2598 2383 2622 Aa.
2406 2603 2449 2630 ¹4·

2332 2637 2361 2661 E.
2382 2643 2408 2660 22

2331 2675 2389 2700 Par.
2402 2679 2444 2707 ¹4⁴

2332 2714 2362 2737 Ε.
2383 2719 2410 2738 2.

2331 2755 2355 2786 p.
2379 2757 2402 2776 i.

2331 2796 2366 2816 m.
2389 2790 2436 2815 21ss

1244 3411 1457 3451 quoquomodo
1471 3421 1478 3441 ι
1504 3411 1557 3450 Et,
1576 3411 1595 3441 si
1611 3411 1679 3454 quid
1693 3411 1712 3430 '¹‘
1727 3411 1765 3441 eis
1776 3410 1951 3441 forisfactum
1966 3411 2065 3449 fuerit,
2083 3412 2112 3442 id
2128 3414 2181 3450 eis,
2198 3410 2255 3441 {ine
2268 3411 2311 3443 di·
2328 3408 2344 3425 ¹*
2367 3408 2424 3446 1112'

1244 3451 1365 3489 latione,
1386 3451 1489 3481 faciatis
1503 3449 1657 3480 emendari.

1286 3488 1439 3558 indcujus‚
1453 3490 1514 3520 ἃς.
1533 3488 1620 3527 usque
1641 3487 1676 3519 ad
1691 3487 1808 3519 Festum
1823 3487 1937 3518 Natalis
1950 3487 2074 3518 Domini
2087 3487 2223 3527 proximo
2234 3486 2310 3521 futu-

1246 3536 1310 3559 rum
1345 3537 1475 3558 uratur-as.

1280 3603 1368 3637 Teste
1383 3604 1466 3645 Rege
1477 3604 1551 3646 apud
1566 3602 1874 3640 westmonasterium,
1891 3602 2013 3644 septimo
2027 3602 2073 3634 die
2086 3601 2216 3645 Augusti.

1456 3684 1509 3713 Per
1528 3684 1621 3713 Breve
1635 3680 1667 3712 de
1673 3683 1788 3720 privato
1801 3677 1898 3718 Sigillo.

1283 3757 1385 3799 Duppl.

2327 3447 2394 3483 845,
