2562 4279
726 192 841 234 ET
924 191 1195 232 ACTA

27 277 102 310 Anu.
113 274 155 305 D.
204 276 403 309 promittimus
424 279 499 309 enim
521 288 575 309 nos
595 277 651 310 aliis
671 278 848 309 Hominibus
896 276 932 307 de
953 276 1084 306 Mestero
1104 276 1173 315 illo,
1197 286 1229 307 ac

51 322 133 355 1331.
169 314 374 355 Tinstoribus,
393 318 425 348 δε
444 317 626 356 Fullonibus,
643 319 738 348 venire
755 301 913 347 volentibus
926 314 962 344 de
984 314 1104 352 partibus
1122 314 1230 345 Trans-

25 356 90 383 Ξάν-
112 362 138 389 3·
170 355 301 393 marinis,
318 355 352 386 ad
365 355 538 386 morandum
553 356 622 386 infra
638 356 713 386 idem
728 355 861 394 Regnum
877 352 1006 383 nostrum
1022 362 1055 382 ex
1069 354 1152 384 causa
1159 363 1232 391 prae-

170 392 265 432 missa,
284 393 443 424 consimiles
459 394 548 424 literas
563 394 600 424 de
613 394 798 424 Proteuione
811 393 870 424 fieri
886 392 979 422 facere
994 390 1106 421 debere.

208 468 243 500 In
261 470 353 508 cujus,
364 471 424 501 διε.
445 469 577 508 quamdiu
591 469 666 509 Regi
681 469 812 507 placuerit
823 468 972 498 duraturas.

209 544 300 576 Teste
313 545 395 585 Rege
408 544 480 583 apud
496 545 679 576 Lincolniam
688 569 698 583 ,
713 543 850 576 vicesimo
863 543 945 573 tertio
958 541 1003 571 die
1012 540 1089 580 Julii.

177 667 237 702 Ad
261 667 452 712 cadwala,
474 680 532 716 pro
558 671 675 700 Simone
702 664 925 711 Archiepiftopo
951 665 1175 708 Cantuarienst‚
1200 663 1235 696 de

500 720 580 762 Papae
597 718 698 747 animo
713 713 891 761 mitigando.

26 794 103 827 Ann-
114 793 157 824 D·
173 800 378 862 VEnerabili
394 803 423 832 in
439 799 554 831 Christo
568 798 663 836 Patri,
682 796 816 828 Domino
840 796 873 827 P.
893 796 952 827 Dei
972 797 1073 837 gratia,
1092 797 1236 838 Episcopo

49 842 132 873 1331·
256 838 446 877 Penestrenfi,
463 838 573 868 Sanetae
590 836 730 867 Romanae
744 835 878 867 Ecclesiae
892 835 1032 867 Cardinali
1042 861 1051 875 ,
1064 837 1171 867 Amico
1185 836 1235 865 suo

27 876 80 901 Aa.
94 882 123 908 5·
173 876 330 945 grimmo,
353 877 526 914 Edwardus,
545 875 606 906 &a
630 874 771 913 Salutem,
800 876 833 906 &
854 874 966 905 fincerae
984 875 1144 906 dilefflonis
1165 873 1237 905 affe-

29 915 59 938 E.
80 919 106 947 3·
207 925 264 945 um.

28 953 99 977 Rom.
115 957 132 983 5
135 968 142 975 ·
214 953 294 984 Cum
306 952 477 984 pontificalis
491 951 654 983 Αυᾶοῑίῑεε
669 953 702 983 &
716 951 829 990 Regalis
843 951 968 981 Potestas
982 951 1017 982 ad
1030 951 1105 982 istius
1127 949 1235 981 Mundi

29 991 162 1023 E-3·'²⁷·3·
177 991 209 1022 R
245 994 320 1022 imeri
334 991 386 1021 sint
399 990 534 1023 divinitus
548 991 701 1029 ordinatae,
719 1000 882 1027 congruum
897 998 1055 1028 reputamus
1077 990 1110 1020 ὅτ
1131 990 1235 1019 decens

177 1038 209 1061 ut
266 1028 417 1068 olestiam,
448 1029 514 1060 Uni
535 1029 640 1060 factam
656 1053 666 1068 ,
689 1029 782 1060 Altera
798 1029 899 1059 nitatur
923 1029 1072 1069 oportunis
1090 1027 1237 1059 Remediis

176 1078 230 1106 pro
251 1066 342 1098 uliare.

244 1106 292 1136 inc
305 1105 347 1136 est
361 1105 458 1145 quod,

210 1142 289 1183 Pro,
308 1143 469 1175 Venerabili
483 1146 512 1175 in
526 1144 644 1176 Christo
656 1144 757 1182 Patre,
775 1143 892 1174 Simone
906 1143 1098 1174 Cantuarienfi
1116 1142 1238 1173 Archie-

171 1182 304 1220 piscop0,
322 1184 406 1214 totius
429 1184 542 1223 Angli-se
561 1184 700 1220 Priinate,
720 1193 835 1212 morum
858 1181 1003 1212 honestate
1017 1182 1168 1220 praeclaro,
1185 1181 1236 1211 suis

172 1221 345 1251 exitrentibus
361 1224 481 1259 meritis,
501 1223 595 1262 dignae
611 1222 698 1253 laudis
712 1221 865 1252 Ptaeconiis
884 1220 1061 1258 extollendo,

213 1244 323 1290 Vestrae
337 1259 541 1291 Benivolentia:
554 1271 622 1291 cum
636 1259 784 1298 instantia,
799 1259 855 1297 qua
868 1258 1237 1298 poffumus‚supplicamus,

174 1299 311 1337 quatenus
319 1321 328 1337 ,
346 1298 439 1329 eidem
458 1299 682 1336 Arcliiepiscopo
690 1321 700 1336 ,

213 1336 274 1376 Qui
297 1337 369 1374 apud
390 1336 496 1367 Sedem
517 1337 715 1375 Apostolicam
729 1358 740 1374 ,
774 1344 808 1365 ex
833 1334 1022 1373 quorumdam
1048 1334 1237 1366 AEmulorum

174 1374 289 1406 suorum
304 1375 409 1406 callidis
426 1376 707 1412 Machinationibus‚
725 1374 828 1412 absque
847 1375 929 1405 causa
951 1374 1123 1412 rationabili,
1143 1374 1239 1404 multi-

173 1413 300 1481 pheioedr'
316 1423 346 1445 ut
358 1414 543 1444 intelleximus
552 1437 563 1453 ,
575 1413 735 1452 infestatur,
748 1412 849 1444 vestrae
865 1413 1067 1444 Subventionis
1081 1412 1240 1443 DeXteram

176 1461 259 1482 eitten
282 1460 357 1482 entes

214 1489 352 1521 Animum
365 1475 499 1521 ²Domini
521 1490 634 1521 Summi
654 1489 816 1526 Pontificis,
834 1488 1024 1528 quorumdam
1046 1488 1240 1528 Suggestioni-

176 1529 246 1567 bus,
258 1530 351 1560 mincis
365 1531 500 1560 veraciter
517 1530 566 1559 sibi
582 1530 661 1560 factis
670 1537 750 1567 ,erga
763 1528 873 1559 dietum
892 1528 1147 1566 Archiepiscopum
1163 1536 1240 1556 exas-

180 1576 309 1636 fieratum
329 1568 476 1606 plusquam
500 1568 603 1598 mei-uit
621 1592 631 1606 ,
651 1568 778 1606 mitigare
798 1567 888 1599 velitis
910 1567 1028 1597 caritatis
1049 1566 1169 1603 intuitu,
1186 1575 1242 1595 no-

209 1615 365 1645 rorumque
378 1615 556 1646 rogammum
569 1614 746 1638 interventu:

214 1644 319 1676 Scituri
332 1645 414 1683 quod
427 1647 456 1676 in
472 1646 542 1683 hiis,
1213 1680 1228 1685 Ν

218 1683 296 1722 Quae
314 1683 464 1715 occasione
511 1683 672 1714 uarumdam
697 1681 864 1719 Iniuriarum
879 1704 889 1719 ,
922 1680 1086 1719 quibusdam
1117 1679 1243 1710 Nunciis

178 1718 313 1759 Magistri
325 1720 428 1753 leherii
439 1723 476 1753 de
539 1729 678 1759 ncoreto,
694 1720 799 1750 Clerici
813 1720 893 1757 ipiius
906 1718 1028 1749 Domini
1044 1718 1244 1749 SummiPon-

178 1758 278 1798 tificis,
297 1769 327 1793 ut
348 1761 546 1800 praetendituf,
563 1760 715 1797 illatarum,
734 1757 857 1796 ejusdem
876 1757 989 1788 Summi
1008 1756 1156 1788 Pontificis
1171 1758 1245 1787 auti-

177 1796 231 1828 bus
246 1800 410 1832 intimantur
419 1822 430 1837 ,

212 1835 294 1868 Idem
307 1837 560 1875 Archiepiscopus,
575 1844 606 1867 ut
620 1835 779 1872 credimus,
795 1834 916 1865 totaliter
929 1833 972 1864 est
985 1835 1129 1865 immunis.

223 1876 244 1896 ὃ*
261 1876 392 1914 Affurgat
414 1877 508 1913 itaque
527 1874 619 1905 vestra
641 1874 772 1910 Dilefflo
791 1874 820 1903 in
838 1873 892 1903 hac
906 1882 999 1911 parte,
1018 1872 1100 1911 quod
1111 1872 1244 1912 praefatus

181 1909 344 1952 Archiepisc
403 1924 434 1952 s,
451 1914 500 1952 qui
523 1915 553 1943 in
575 1912 733 1943 commisso
755 1912 806 1942 fibi
819 1910 977 1949 Regimine
987 1913 1090 1951 jugiter
1104 1911 1245 1950 elaborat,

179 1959 317 1990 praeteittu
336 1960 362 1982 ta
374 1953 434 1982 ium
458 1951 687 1989 infestationum,
703 1952 739 1981 ab
761 1951 875 1987 incepto
889 1950 1019 1980 desistere
1033 1960 1094 1980 nori
1108 1958 1243 1989 cogatur:

180 1990 221 2021 set
236 1991 346 2029 potiiss,
363 1990 440 2021 Sedis
462 1990 638 2028 Apostolicae
659 1989 787 2020 suffultus
808 1988 958 2026 Praesidio,
975 1990 1051 2019 circa
1065 1988 1244 2025 Delinquen-

179 2030 253 2060 tium
271 2028 433 2060 Insolentias
455 2028 642 2066 reprimendas
667 2029 746 2067 (quas
766 2029 896 2065 praeteriti
917 2028 1053 2064 temporis
1080 2026 1194 2064 qualitas
1216 2027 1247 2057 in

181 2064 288 2106 Anglii
305 2067 440 2099 haetenus
460 2068 608 2104 impunitas
629 2066 749 2103 reliquit)
774 2075 842 2096 cum
859 2066 970 2096 honore
983 2064 1058 2103 Dei,
1076 2066 1247 2097 animarum-

182 2115 240 2143 que
256 2104 367 2144 Salute,
383 2104 474 2136 officii
488 2105 528 2139 sui
542 2104 670 2136 debitum
683 2104 795 2135 liberius
809 2112 970 2142 exequatur.

32 1863 51 1882 ⁸
70 1863 124 1892 iv.

33 1910 100 1938 497·

223 2179 292 2215 Dat.
308 2180 382 2219 apud
394 2180 536 2220 Clipston.
554 2180 768 2213 decimotertio
782 2180 827 2211 die
842 2179 970 2219 Augusti.

315 2256 485 2290 Consimiles
499 2256 603 2291 Literae
617 2257 772 2298 diriguntur
785 2257 958 2297 subscriptis3
976 2256 1123 2298 videlicet,

221 2333 337 2363 Domino
352 2338 387 2364 G.
403 2337 458 2365 Dei
469 2333 580 2373 gratia,
599 2334 723 2375 Epifiopo
737 2333 891 2375 Albanenfi
910 2335 1017 2366 Sanblae
1040 2338 1168 2365 Romanae
1192 2334 1249 2363 Ec-

258 2371 338 2414 clefiae
363 2372 515 2404 cardinali.

222 2450 339 2479 Domino
361 2452 392 2479 P.
421 2453 476 2480 Dei
488 2449 587 2488 gratia*
603 2473 613 2489 ,
638 2449 715 2480 tituli
734 2452 829 2481 Sanffl
848 2449 978 2490 Stephani
996 2452 1027 2481 in
1047 2448 1129 2480 Caelio
1150 2451 1248 2480 Monte

259 2487 415 2518 Presbitero
429 2488 582 2519 Cardinali.
831 2506 834 2511 ·

222 2563 340 2594 Domino
352 2565 396 2594 N.
414 2566 470 2593 Dei
482 2564 596 2604 gratias,
613 2566 706 2596 Sanffi
719 2566 845 2596 Adriani
861 2567 976 2595 Diacom'
989 2564 1141 2596 Car-dinali.

222 2686 272 2721 De
290 2685 433 2720 Navibus
446 2686 642 2734 providendis
659 2698 715 2735 pro
732 2687 864 2734 Paffizgio
883 2686 1030 2732 Comitiffie
1049 2686 1228 2720 Hollandiae.

45 2769 172 2801 Anti-D.
190 2769 325 2827 REX,
344 2770 464 2801 Dilecto
483 2773 516 2804 ὃ(
538 2771 628 2802 Fideli
647 2772 715 2811 suo,
732 2771 897 2803 Willielmo
918 2772 955 2803 de
966 2772 1111 2812 Clynton,
1130 2770 1255 2802 Consta-

71 2818 156 2848 1331.
263 2809 373 2840 bulario
395 2809 489 2853 Castri
507 2810 546 2840 sui
564 2810 739 2856 Dovorriqe,
756 2811 789 2841 ὃς
812 2811 935 2842 Custodi
955 2812 1094 2850 Quinque
1112 2810 1254 2842 Portuum

43 2852 96 2877 An.
113 2858 141 2884 5.
193 2843 324 2886 suorum,
339 2847 385 2878 vel
399 2858 457 2887 ejus
473 2849 588 2879 Locum
606 2858 730 2888 tenenti,
748 2849 883 2880 Salutem.

43 2891 73 2915 Ε.
93 2896 119 2923 3.
231 2883 317 2916 Cum
348 2886 467 2918 Nobilis
482 2887 612 2919 Domina
629 2905 643 2910 -
661 2905 674 2911 -
691 2905 706 2910 -
722 2905 737 2910 -
752 2887 916 2920 Hollandiae
939 2889 973 2919 &
994 2887 1132 2919 Selandiae
1152 2886 1255 2918 Comi-

42 2925 130 2960 Claus.
149 2933 176 2960 5.
194 2922 271 2967 uffa,
290 2909 386 2954 Mater
407 2924 519 2964 nostra,
537 2925 572 2956 ad
593 2924 662 2956 Nos
680 2926 711 2955 in
732 2925 867 2963 Angliam
887 2928 918 2957 in
931 2927 1064 2965 proximo
1075 2927 1106 2957 sit
1119 2936 1256 2965 ventura,

46 2967 77 2992 Ε.
95 2973 119 3001 3.
193 2960 284 2992 Vobis
307 2962 471 2994 mandamus
494 2963 574 3001 quod
594 2963 704 3001 statim,
722 2964 785 2995 vifis
798 2965 995 3003 praesentibus,
1009 2974 1055 2996 tot
1067 2964 1183 3003 Naves,
1202 2975 1255 3003 pro

43 3008 69 3040 p.
86 3012 110 3030 i.
124 3011 158 3030 m.
194 2998 321 3039 Paffagio
339 3001 423 3031 dietae
437 3001 622 3041 Comitissae,
637 3004 670 3034 &
685 3003 808 3035 Familiae
822 3002 896 3041 suae,
912 3013 945 3035 ac
962 3003 1115 3041 Equorum
1127 3004 1161 3034 ὅ(
1177 3003 1255 3034 Het-

47 3040 75 3066 6.
93 3039 119 3068 d.
192 3038 336 3069 nesiorum
355 3039 487 3078 suorum,
506 3049 578 3078 quot
600 3050 671 3077 opus
689 3041 788 3079 fuerit,
806 3042 835 3070 in
856 3040 962 3072 Balliva
979 3041 1072 3072 vestra
1092 3042 1253 3081 provideri,

193 3077 228 3108 &
244 3077 372 3120 frenati,
386 3078 420 3111 &
440 3089 484 3109 eas
503 3079 590 3117 usque
611 3079 782 3117 Whitsand,
801 3089 854 3116 pro
875 3079 1001 3118 Passagio
1017 3080 1171 3118 praedieto,
1189 3081 1256 3112 duci

194 3114 318 3153 faciatis,
336 3125 438 3155 prout,
457 3116 588 3151 Diletfitus
602 3117 732 3149 Serviens
746 3118 841 3148 noster
852 3118 886 3149 ad
906 3127 999 3156 arma,
1013 3117 1158 3157 johannes
1182 3119 1255 3149 Mo-

214 3152 377 3196 ardiquem
389 3155 425 3185 ad
438 3166 491 3186 vos
506 3157 642 3187 mittimus
657 3165 692 3187 ex
704 3155 759 3187 hfic
775 3156 869 3194 causa)
884 3157 981 3195 vobis,
999 3166 1032 3187 ac
1048 3156 1155 3195 Magist
1171 3158 1206 3194 is,
1220 3158 1254 3189 &-

251 3192 372 3229 nnariis,
388 3192 519 3227 Navium
539 3194 755 3234 praedffitarutn,
770 3195 805 3225 ad
826 3195 938 3226 diuitum
956 3195 1055 3226 locum
1078 3195 1116 3226 sic
1138 3198 1255 3230 mirien-

193 3229 311 3266 darum,
328 3229 395 3260 scire
409 3232 491 3262 faciet
503 3241 538 3263 ex
551 3241 629 3271 parte
640 3233 745 3264 nostra.
1177 3263 1181 3271 .

231 3267 270 3299 Et
284 3267 406 3312 Gustu-«i,
423 3280 494 3309 quos
510 3271 583 3303 circa
596 3272 737 3312 praeniissa
756 3271 951 3310 apposueritis,
971 3280 1039 3302 cum
1060 3272 1122 3302 illos
1141 3272 1259 3305 sciveri-

194 3316 275 3351 mus,
289 3306 394 3351 vobis„
406 3308 439 3341 in
455 3307 607 3348 compoto
627 3310 740 3348 vestro,
758 3310 793 3342 ad
813 3310 998 3342 Scaccarium
1019 3310 1168 3350 nostrum,
1185 3313 1258 3344 ailo-

193 3354 251 3377 can
262 3344 404 3377 faciemus.

230 3420 322 3456 Teste
333 3420 419 3459 Rege
432 3422 506 3462 apud
516 3422 675 3457 Asheburn.
695 3424 724 3455 in
737 3423 834 3457 Pecco
852 3434 950 3463 quarto
963 3425 1010 3457 die
1023 3426 1205 3465 Septembris.

882 3494 936 3523 Per
949 3494 1031 3533 ipsum
1045 3498 1149 3533 Regem.

192 3616 252 3648 Pro
278 3612 399 3651 Thema
425 3616 554 3657 Priour,
571 3611 661 3661 fhper
681 3616 860 3653 Nativitate
877 3614 1032 3650 Edwardi
1058 3620 1254 3664 Primogem'ti

47 3697 125 3728 Ann.
138 3696 179 3730 D.
681 3666 779 3711 ΧΨ·

44 3744 154 3810 Αἱῗῖἶί
223 3810 228 3811 ff
261 3745 523 3816 Εἱῖἓζΐῒῗὲ
533 3744 812 3817 ᾕὲςὲῧίῗᾚέὲἒ
824 3749 971 3818 ssia,
990 3786 1103 3819 vareno
1130 3787 1231 3819 nostr„

45 3815 150 3879 ῗιςῇἔνὶπ
197 3820 325 3871 Thornae
343 3809 456 3868 Ptiout⁷
464 3817 578 3867 Viginti.
596 3823 723 3892 Marcas(5
746 3824 782 3868 de
802 3812 947 3870 Termino
969 3825 1064 3856 Sancti
1086 3813 1255 3872 Michaelis:

153 3874 159 3880 ·
194 3869 328 3897 proximo
343 3871 502 3901 praeterito,
521 3861 557 3891 de
571 3862 621 3892 illis
637 3863 703 3900 Qua
725 3872 829 3902 raginta
845 3863 970 3902 Marcis,
989 3874 1056 3902 quas
1079 3874 1122 3902 ei,
1140 3875 1190 3903 per
1207 3866 1252 3896 lit-

47 3892 158 3964 {n-ZJ·
194 3905 263 3928 teras
275 3900 380 3930 nosti-as
395 3900 522 3931 Patentes
532 3923 542 3938 ,
560 3901 766 3939 conceffimuS,
784 3911 837 3945 pro
850 3910 930 3940 grato
944 3903 978 3933 ὃς
1000 3902 1172 3934 desiderabili
1187 3903 1252 3934 Ru-

194 3945 276 3979 mqre
288 3960 298 3974 ,
322 3948 408 3983 quem
427 3941 517 3984 nobis
529 3939 633 3982 detulit·
656 3939 691 3969 de
708 3939 872 3984 ‘Nativitate
893 3939 1026 3985 Edward'i
1042 3964 1052 3980 ,
1082 3940 1143 3971 Filii
1164 3943 1252 3973 nostri

194 3972 400 4021 Primogenm,
412 3977 728 4021 percipiendas—singulis
742 3979 831 4009 Annis
845 3977 879 4009 ad
894 3978 1075 4023 Scaccanum
1087 3980 1217 4012 nostrum
1225 4005 1236 4019 ‚

231 4011 350 4050 Unam,
364 4014 512 4054 videlicet,
531 4015 716 4047 Medietatem
731 4016 765 4047 ad
778 4017 961 4047 Scaccarium
975 4016 1106 4047 nostrum
1124 4018 1253 4057 Paschae,

192 4048 269 4127 list
288 4050 369 4082 aliam
390 4051 576 4085 Medietatem
599 4054 633 4086 ad
652 4055 832 4087 Scaccaxium
853 4054 984 4086 nostrum
1004 4055 1104 4088 Sancti
1124 4056 1256 4090 Michae-

1276 190 1758 237 PUBLICA.
2275 203 2330 247 69

1304 276 1350 307 Ad
1364 284 1454 308 totam
1470 279 1557 308 vitam
1569 280 1650 317 ipsius
1662 280 1807 320 Thomae,
1826 280 1871 313 vel
1883 283 2027 322 quousque
2038 283 2065 314 ei
2076 281 2114 313 de
2135 281 2325 322 Qadraginta
2345 269 2472 311 Anno.

1270 313 1404 358 Marcaris
1424 315 1527 360 Terrae
1548 320 1592 347 vel
1613 318 1754 350 Redditus
1767 344 1777 358 ‚
1800 319 1835 351 ad
1854 329 1945 353 totam
1964 324 2054 355 vitam
2073 321 2149 353 suam
2166 321 2301 353 habendis
2313 345 2324 360 ,
2361 326 2447 358 1331·

1269 352 1430 384 duxerimus
1444 354 1661 392 providendum.
2339 360 2406 387 Edv.
2428 366 2454 394 3.

1304 428 1391 460 Teste
1405 429 1487 469 Rege
1501 431 1574 471 apud
1587 431 1892 475 Westmmastertum,
1910 438 2004 475 primo
2019 437 2064 468 die
2079 435 2226 468 Octobris.

1269 560 1329 591 Pro
1343 556 1487 604 Johanne
1502 560 1602 593 Ele-tio
1621 561 1788 607 Cafflzlenst,
1814 564 1873 597 Ad
1888 569 2000 612 Papam
2017 565 2053 599 de
2077 565 2188 610 Censtt,
2214 568 2326 599 Roma·

1527 621 1567 640 nae
1581 610 1711 652 Ecclcssae
1727 609 1822 644 debito
1834 639 1843 655 ‚
1869 613 2054 648 remittendo.

1271 688 1416 750 PAPAE
1432 692 1499 723 Rex
1513 692 1616 724 devota
1628 692 1738 725 Pedum
1751 695 2012 741 osculabeatorum.
2168 738 2173 744 ι
2188 737 2194 743 ¹
2346 691 2422 724 Ann-
2434 691 2477 725 D·

1358 730 1543 762 Attendentes
1566 732 1706 763 fructuosa
1726 734 1870 773 Obsequia
1884 760 1893 773 ,
1919 747 1983 774 quae
2000 759 2010 774 ,
2035 735 2208 768 Venerabilis
2228 735 2327 783 Pater,
2366 740 2451 772 1331.

1267 766 1426 806 johannes,
1453 769 1568 800 Blestus
1586 769 1775 810 Cassellensis,
1799 774 1832 803 ὃς
1855 774 2053 812 confirmatus,
2079 776 2162 806 nobis
2183 777 2212 805 in
2232 775 2326 805 Terra
2344 773 2395 799 An.
2410 778 2440 808 5·

1271 805 1366 849 nostra
1382 807 1533 850 Hiberniae
1553 808 1742 846 multipliciter
1762 812 1900 848 impendit
1914 837 1923 850 ,
1951 812 2111 851 Justiciariis
2132 815 2165 844 δε
2186 813 2327 843 Ministris
2345 813 2371 836 E.
2391 817 2416 845 3·

1272 843 1374 888 nostris
1388 845 1495 876 ibidem
1508 848 1537 876 iri
1547 847 1623 890 hiis,
1638 857 1702 885 quae
1714 848 1749 878 ad
1764 848 1877 880 Bonum
1889 851 1908 869 ²*
1926 850 2071 886 Regimen
2085 851 2203 889 ejusdcm
2227 850 2328 881 Terrae
2347 852 2416 875 Rom.
2431 854 2450 882 5
2454 868 2460 873 ·

1270 892 1428 927 pertinent,
1443 884 1575 915 Consiliis
1596 886 1630 916 &
1652 885 1768 917 Auxiliis
1787 887 1905 918 fideliter
1926 888 2091 926 affistendo,
2111 899 2164 920 nec
2177 900 2236 920 non
2249 890 2330 928 ipsius
2346 889 2375 913 Ε·
2393 895 2419 922 3·
2442 893 2479 912 'n‘

1271 920 1364 951 Eleen
1381 922 1487 966 Merita
1503 923 1670 962 Probitatis,
2135 965 2141 971 ⁴
2348 934 2377 981 ᾗ·

1272 959 1535 1030 εωξέὶέῖέΡὲἓῑοῗὲ
1547 961 2218 1042 ἒξὲἓῖἶξξῗίὲἓῗὲῗὲἔὲζέἑῗὲἒῑὦῗῖἷὲἓῖὲῖἷὲἓ,
2228 965 2330 1035 ἔὲἷῖἑὲῗ
2345 963 2437 1037 49ἒῩ·

1273 1044 1383 1076 tantur,
1401 1048 1498 1077 preces
1511 1038 1685 1069 effundimus
1697 1039 1842 1071 cordiales.

1312 1074 1513 1113 Qiamobrem
1535 1077 1659 1107 eundem
1679 1076 1812 1108 Eled‘mm
1837 1079 1941 1118 (virum
1961 1081 2057 1118 utique
2077 1079 2136 1111 vita
2159 1081 2193 1111 &
2208 1081 2334 1111 moribus

1274 1112 1444 1153 Decorum,
1460 1115 1488 1144 in
1502 1115 1621 1145 consiliis
1636 1115 1788 1153 providum
1797 1116 1847 1154 ,ὃς
1862 1118 1890 1147 in
1905 1117 2017 1157 agendis
2031 1117 2199 1156 quibussibet
2213 1119 2335 1148 circum-

1273 1152 1413 1190 spedtum)
1430 1152 1531 1183 vestrae
1545 1152 1712 1184 Beatitudini
1726 1153 1834 1186 devoto
1848 1156 2112 1187 recommendamus
2125 1155 2245 1195 affeetu,

1313 1190 1458 1222 Attentii‘is
1478 1191 1661 1231 supplicantes
1683 1193 1812 1230 quatinus
1832 1193 1962 1233 Negotia
1976 1219 1985 1232 ,
2017 1196 2105 1235 ipsum
2126 1196 2160 1226 ὃς
2181 1193 2338 1225 Ecclesiam

1272 1227 1581 1298 sinet-augpraedfflffin·
1604 1231 1796 1270 contingentia
1810 1254 1821 1270 ,
1847 1233 1947 1271 jubere
1968 1233 2125 1273 dignemini
2144 1242 2213 1264 cum
2230 1232 2335 1264 favoris

1304 1277 1380 1298 enitu
1401 1278 1447 1298 ine
1461 1277 1494 1298 ex
1515 1279 1530 1299 e
1551 1279 1592 1298 iri.

1274 1276 1293 1306 p
1313 1278 1513 1345 Attentequef
1523 1307 1542 1337 fi
1556 1307 1664 1347 placet,
1682 1306 1801 1338 Paterna
1813 1308 2037 1340 consideratione
2051 1309 2132 1347 quod
2146 1309 2221 1339 dieta
2235 1308 2339 1340 Eccle-

1275 1344 1311 1374 fia
1326 1344 1500 1375 Cassellenfis
1513 1345 1559 1376 sita
1574 1345 1616 1376 est
1631 1347 1702 1376 inter
1718 1345 1809 1378 Putos
1822 1347 2015 1386 Hibernicos,
2034 1347 2110 1386 quasi
2124 1349 2155 1377 in
2176 1347 2270 1378 medio
2286 1347 2340 1378 IN-

1276 1391 1422 1414 DoMiTAE
1436 1383 1631 1423 NATIONIS,
1648 1394 1681 1415 ac
1692 1384 1833 1416 destructa
1843 1387 1874 1416 in
1890 1385 2077 1417 Facultatibus
2114 1395 2164 1424 per
2183 1386 2343 1423 repentinos

1277 1422 1401 1459 ipsorum
1421 1421 1648 1453 Hibernicorum
1673 1423 1822 1463 Aggreffus
1858 1425 1893 1456 ὃς
1915 1424 2034 1463 vastata,
2052 1410 2137 1455 tasem
2154 1424 2180 1453 ei
2193 1423 2320 1454 Gratiam

1277 1469 1337 1498 quo
1350 1460 1385 1490 ad
1398 1459 1527 1491 Censum
1543 1461 1656 1491 San<5tae
1669 1461 1812 1492 Romanae
1825 1447 1958 1494 Ecclesiae
1972 1463 2118 1500 debitum,
2129 1461 2184 1492 elar
2204 1446 2342 1500 iri,quod

1277 1498 1370 1529 vestra
1390 1498 1557 1536 Apostolica
1576 1499 1737 1530 liberalitate
1756 1510 1934 1540 praeventus,
1951 1501 2071 1532 securius
2092 1500 2127 1530 ad
2149 1500 2179 1531 di
2211 1510 2258 1530 am
2272 1498 2341 1530 Cas·

1277 1536 1416 1567 sellensem
1429 1536 1585 1568 Ecclesiam
1594 1537 1728 1568 accedere
1745 1539 1852 1578 valeat,
1869 1539 2014 1579 ipsamque
2032 1541 2068 1571 ab
2087 1538 2257 1570 Incursubus
2276 1547 2341 1569 om-

1277 1575 1360 1606 nium
1374 1574 1557 1607 Insolentium
1572 1576 1671 1606 melius
1683 1576 1833 1608 defensare.

1317 1650 1386 1682 Dat.
1404 1650 1477 1689 apud
1491 1651 1799 1692 Westmonasterium,
1817 1652 1941 1684 secundo
1953 1653 2000 1685 die
2012 1653 2160 1685 O&obris.

1499 1779 1557 1809 Pro
1576 1773 1699 1809 Abbate
1717 1779 1754 1814 ὠ·
1778 1779 1931 1810 Conventa
1952 1775 2129 1821 Glastoniae..

1330 1858 1426 1892 APAE
1441 1859 1504 1891 Rex
1520 1860 1623 1892 devota
1635 1860 1747 1892 Pedum
1761 1861 1856 1893 oscula
1869 1862 2028 1893 beatorum.
2363 1855 2439 1887 Ann-
2449 1857 2489 1888 D·

1367 1900 1440 1938 Qio
1461 1900 1616 1930 intentioris
1637 1899 1761 1930 desiderii
1781 1900 1874 1930 studio
1886 1923 1896 1938 ‚
1925 1899 1992 1930 Reli
2016 1899 2139 1933 'osorum
2160 1901 2291 1933 virorum
2311 1903 2344 1934 &
2384 1905 2469 1936 1331·

1279 1939 1362 1968 nobis
1383 1939 1413 1968 in
1434 1937 1551 1968 Christo
1569 1938 1766 1977 Diledtorum,
1786 1938 1904 1969 Abbatis
1922 1940 1956 1970 ὃ(
2008 1939 2152 1970 onventsis
2165 1939 2342 1979 Glastoniae,
2360 1939 2412 1963 An.
2429 1945 2448 1971 5
2451 1956 2458 1962 ·

1280 1976 1449 2008 Bathonensi
1462 1978 1495 2009 &
1508 1976 1646 2009 Wellenfi
1660 1976 2034 2016 Dioecese,tranquilitatem
2047 1979 2203 2017 appetimus
2215 1979 2250 2010 &
2265 1981 2344 2018 quie-
2360 1979 2389 2041 ξι
2411 1984 2438 2011 3·

1281 2024 1341 2046 tem
2379 2022 2429 2042 om.
2445 2021 2474 2048 5.

1319 2039 1395 2084 dei
1408 2053 1479 2084 illius
1494 2053 1736 2093 Sanffltudinem,
1749 2055 1799 2093 qui
1809 2054 1845 2085 ab
1857 2055 1976 2093 antiquis
1988 2053 2204 2085 SANcToRUM
2218 2054 2344 2086 TUMu-
2361 2057 2389 2079 E.
2405 2060 2476 2088 3-m·

1283 2098 1346 2123 1.th
1364 2092 1536 2130 vocabatur,
1554 2102 1670 2131 propter
1685 2092 1893 2124 multitudinem
1904 2092 2072 2132 Martirum,
2090 2103 2215 2132 quorum
2224 2104 2346 2132 corpora
2363 2099 2389 2118 2-

1281 2130 1388 2161 ibidem
1402 2131 1516 2161 humata
1529 2131 1702 2170 referuntur,
1724 2131 1963 2170 contemplantes,

1320 2169 1429 2201 Vestrae
1441 2170 1604 2209 benignitati
1616 2171 1645 2199 in
1659 2170 1798 2210 hiis,quae
1812 2180 1912 2200 eorum
1918 2169 2100 2201 Profeetibus
2112 2172 2288 2202 conveniunt
2296 2171 2346 2210 ,86

1281 2206 1462 2238 Detrimenta
1474 2208 1651 2248 propellunt,
1667 2208 1797 2239 devotius
1811 2218 1908 2246 preces
1920 2208 2109 2248 effundimus,
2118 2210 2153 2240 &
2165 2209 2200 2240 ad
2214 2210 2242 2240 id
2250 2210 2346 2241 Pater-

1283 2256 1329 2277 nae
1343 2246 1534 2277 Solicitudinis
1546 2247 1717 2286 vigilantiam
1729 2246 1875 2278 instantius
1887 2247 2059 2286 excitamus,

1321 2285 1521 2325 Quamobrem
1543 2285 1675 2325 eosdem,
1690 2285 1834 2316 Abbatem
1854 2285 1888 2316 &
1906 2284 2111 2324 Conventum,
2129 2286 2163 2317 &
2177 2297 2197 2317 n
2233 2288 2291 2318 otia
2304 2287 2347 2327 ip·

1283 2323 1327 2355 sos
1342 2324 1485 2361 tangentia
1493 2346 1503 2361 ‚
1521 2322 1666 2354 Sanstitati
1679 2323 1782 2355 vestrae
1792 2325 1894 2356 votivo
1907 2324 2175 2356 recommendamus
2186 2335 2202 2355 a
2227 2326 2310 2364 eeiu,

1323 2362 1465 2393 Attentius
1477 2362 1659 2400 supplicantes
1676 2363 1807 2400 quatinus
1822 2362 2045 2400 Supplicationes
2060 2373 2162 2394 eorum
2184 2363 2276 2402 (super
2298 2362 2348 2394 ali·

1284 2400 1401 2439 quibus,
1419 2400 1529 2431 Statum
1550 2401 1584 2431 ὃς
1604 2400 1757 2431 Libertates
1778 2400 1913 2432 Ecclesiae
1933 2401 1989 2432 suae
2006 2401 2212 2432 Glastoniensis
2236 2403 2350 2433 contin-

1284 2439 1430 2478 gentibus,
1448 2438 1548 2470 vestrae
1561 2438 1744 2477 Beatitudini,
1762 2439 1782 2469 si
1795 2440 1896 2477 libeat,
1913 2439 2110 2477 porrigendas)
2128 2440 2252 2479 benigne
2274 2439 2352 2471 audi.-

1285 2488 1333 2515 re,
1350 2478 1384 2509 ὃς
1405 2479 1434 2508 in
1455 2476 1575 2515 gratiosa
1596 2477 1773 2507 exauditione
1788 2477 1953 2508 earumdem
1966 2477 2005 2508 fic
2019 2479 2058 2508 eis
2071 2477 2249 2516 Apostolicae
2263 2477 2352 2509 Libe-

1285 2516 1396 2547 ralitatis
1415 2515 1534 2554 Sinum,
1549 2516 1626 2554 juxca
1644 2516 1778 2554 speratam
1799 2515 1947 2554 fiduciam,
1962 2517 2085 2555 aperire,
2125 2516 2199 2555 uod,
2224 2516 2351 2554 Aposto-

1285 2555 1347 2585 licis
1360 2555 1463 2585 muniti
1475 2553 1604 2592 praesidiis
1613 2577 1623 2593 ,
1637 2564 1673 2584 eo
1688 2554 1819 2584 devotius
1830 2554 1931 2585 divinis
1944 2564 2043 2585 vacare
2062 2565 2101 2593 po
2124 2562 2165 2585 int
2184 2555 2352 2593 Obsequiis,

1286 2603 1348 2663 'quo
1360 2617 1370 2637 ,
1401 2604 1417 2623 a
1438 2592 1634 2662 {dafleigssorum
1652 2592 1820 2625 Incursubus
1831 2616 1842 2631 ,
1870 2592 1967 2625 vestris
1986 2593 2090 2625 fuerint
2108 2592 2294 2625 Protectione
2313 2593 2349 2625 ὃς

1319 2641 1425 2663 uitione
1463 2642 1479 2661 e
1509 2641 1526 2661 n
1539 2643 1559 2661 ι.

1325 2707 1502 2747 conservet,
1518 2708 1579 2739 &c.

1325 2784 1392 2816 Dat.
1409 2785 1485 2824 apud
1496 2783 1803 2824 westmonasterium,
1821 2791 1921 2824 quarto
1931 2783 1978 2815 die
1994 2783 2143 2815 Octobris.

1443 2911 1492 2943 De
1506 2907 1674 2943 Hollandiae
1691 2909 1841 2955 Comitifflz
1857 2912 1890 2941 in
1907 2908 2026 2956 Anglia
2044 2906 2193 2952 existente.

1353 2994 1410 3025 EX
1424 2992 1610 3025 Thesaurario
1624 2995 1658 3025 δε
1672 2993 1839 3025 Camerariis
1851 2993 1903 3025 suis
1915 2994 2048 3026 Salutem.
2366 3001 2442 3034 Ann-
2452 3002 2495 3034 Di

1391 3033 1581 3070 Liberate,ele
1594 3032 1741 3067 Thesauro
1754 3033 1870 3071 nostro,
1889 3032 1997 3065 dileeto
2010 3032 2128 3064 Clerico
2142 3031 2256 3070 nostro,
2270 3030 2348 3062 Wil-
2393 3026 2495 3083 1331,q

1287 3071 1385 3102 lielmo
1401 3072 1437 3102 de
1451 3071 1578 3112 Coleby,
1593 3071 1779 3102 Thesaurario
1793 3071 1918 3110 Hospitii
1933 3071 2070 3112 Philippae
2083 3070 2114 3101 R
2152 3071 2157 3076 ‘
2180 3080 2205 3100 ae
2219 3069 2346 3109 Anghae,
2365 3085 2416 3110 An.
2432 3091 2461 3116 5,

1288 3109 1435 3140 Consortis
1457 3110 1563 3140 nostrae
1583 3109 1730 3140 cariffimae
1743 3133 1754 3149 ,
1777 3109 1924 3141 Ducentas
1946 3110 2043 3140 Libras
2060 3119 2113 3153 pro
2157 3108 2263 3146 xpensis
2283 3107 2348 3140 Co·
2364 3124 2394 3148 E.
2416 3129 2441 3156 3,

1289 3148 1400 3217 gnitiffae
1415 3146 1573 3187 Hanoniae,
1591 3147 1663 3179 infra
1683 3148 1820 3188 Regnum
1839 3148 1969 3179 nostrum
1988 3147 2141 3185 existentis,
2158 3146 2225 3177 inde
2243 3146 2349 3178 facien-
2364 3158 2476 3187 Liberat.

1310 3197 1340 3217 is.

1327 3262 1418 3295 Teste
1429 3263 1514 3303 Rege
1525 3263 1599 3303 apud
1614 3262 1903 3295 Westmonasterium
1911 3286 1922 3302 ,
1939 3263 2046 3294 ostavo
2058 3261 2105 3293 die
2119 3261 2268 3294 octobris.

2366 3201 2493 3234 5.E.3.m‚

2366 3244 2391 3270 3.

1977 3341 2031 3369 Per
2045 3338 2126 3379 ipficm
2138 3341 2244 3377 Regem.

1316 3468 1375 3501 Pro
1393 3464 1540 3500 Nicholao
1560 3463 1597 3499 de
1616 3462 1832 3558 Aubriciscpy-rt
1844 3491 1854 3507 ‚
1879 3462 1915 3497 de
1939 3462 2041 3496 ordine
2054 3464 2196 3497 Militari
2210 3473 2232 3495 a
2249 3464 2327 3509 Rege

1757 3525 1778 3545 u
1791 3523 1878 3559 cepto.

1289 3597 1406 3658 REX
1416 3598 1605 3643 'Thesaurario
1621 3598 1654 3628 &
1667 3596 1833 3627 Camerariis
1846 3596 1897 3626 suis
1912 3594 2046 3639 Salutem.
2143 3633 2147 3638 Π
2198 3633 2203 3638 ·
2363 3609 2491 3646 Man·

1386 3638 1517 3668 Liberate
1530 3660 1540 3675 ,
1563 3637 1601 3667 de
1617 3636 1762 3666 Thesauro
1783 3634 1897 3672 nostro,
1923 3633 2041 3664 Dilecsto
2063 3633 2096 3664 ὃς
2117 3630 2205 3662 Fideli
2225 3631 2343 3672 nostro,

1287 3674 1436 3706 Nicholao
1455 3676 1492 3706 de
1514 3675 1729 3711 Aubricicourt,
1748 3673 1852 3711 Viginti
1875 3671 2002 3708 Marcas,
2027 3670 2064 3701 de
2081 3670 2224 3701 Termino
2244 3671 2341 3702 Sancti
2360 3659 2467 3717 ,423'31‘

1286 3713 1450 3752 Michaelis,
1467 3715 1599 3752 proximo
1618 3713 1778 3750 praeterito,
1792 3711 1828 3741 de
1846 3711 1898 3741 illis
1917 3709 2109 3749 Quadraginta
2132 3708 2260 3748 Marcis,
2274 3719 2341 3748 quas
2358 3732 2390 3755 E.
2406 3699 2456 3764 ’ξ’

1287 3751 1356 3782 Nos
1370 3763 1406 3782 nu
1429 3761 1474 3789 et,
2388 3768 2392 3772 -

1324 3790 1383 3820 Pto
1394 3763 1476 3820 BIono
1489 3789 1626 3826 Servitio,
1645 3787 1723 3825 quod
1735 3787 1812 3818 idem
1827 3785 1988 3817 Nicholaus
2001 3785 2102 3824 nobis,
2118 3784 2189 3816 dum
2205 3786 2236 3816 in
2257 3783 2341 3824 barti-
2354 3766 2458 3795 ὕψη

1286 3828 1338 3859 bus
1353 3828 1373 3848 ²*
1395 3828 1598 3858 Transmarinis
1618 3835 1741 3861 eramus,
1766 3826 1898 3855 &etiam
1915 3826 1944 3854 in
1964 3824 2108 3855 veniendo
2127 3833 2196 3855 cum
2210 3823 2344 3865 Isabella,
2364 3832 2380 3849 *ἰ
2394 3833 2446 3859 lv,

1285 3866 1399 3903 Regina
1419 3863 1662 3932 Angliae‚dMat-re
1679 3863 1776 3894 nostra
1796 3862 1952 3901 cariffinffi,
1977 3863 2011 3893 &
2030 3863 2128 3900 nobis,
2154 3864 2184 3893 in
2202 3862 2340 3903 Regnum
2359 3879 2426 3906 499·

1285 3905 1415 3936 nostrum
1448 3905 1487 3933 im
1509 3913 1543 3933 en
1566 3904 1600 3939 it,

1324 3943 1360 3974 Et
1373 3952 1404 3972 ut
1420 3928 1477 3980 i’pse
1488 3913 1517 3971 iii
1534 3940 1646 3970 Ordine
1658 3939 1792 3978 Militari,
1803 3949 1890 3978 quem
1904 3939 1921 3969 a
1933 3939 2017 3970 nobis
2029 3938 2065 3971 de
2076 3938 2228 3979 Praecepto
2243 3940 2344 3971 nostro

1286 3981 1420 4019 suscepit,
1439 3980 1583 4010 decentius
1595 3979 1622 4009 se
1634 3979 1724 4010 valeat
1743 3979 1909 4015 continere,

1325 4017 1525 4050 concessimus
1536 4017 1727 4055 percipiendas
1742 4017 1782 4048 fin
1803 4017 1852 4048 ulis
1868 4018 1946 4046 annis
1959 4016 1995 4048 ad
2008 4016 2188 4049 scaccarium
2203 4017 2343 4055 nostrum,

1287 4058 1322 4089 ad
1336 4057 1492 4099 Terminos
1507 4056 1622 4087 Paschae
1636 4055 1670 4086 &
1683 4026 1944 4100 Sanfflquichaeiis
1978 4065 2028 4094 pei·
2040 4055 2159 4095 aequaies
2179 4055 2343 4100 Portiones,

1287 4096 1438 4135 quousque
1452 4096 1503 4126 nbi
1519 4094 1557 4125 de
1576 4094 1766 4134 Qadraginta
1788 4092 1924 4163 Maicatis
1967 4103 2047 4126 -errae
2063 4094 2110 4128 vel
2121 4093 2277 4131 Redditus,
2282 4100 2350 4161 Xer>

1877 4142 1892 4172 3
2311 4139 2344 4166 Π·-
